2528 3918
196 127 360 173 XVIIH
395 130 429 169 1.
447 129 472 168 2

194 251 247 288 sic
264 248 460 295 receperis:
482 245 756 282 ‘habitatoribus
775 247 861 282 aut¹
890 257 997 292 quam
1023 246 1172 299 quisque
1192 245 1283 282 diem

195 295 425 333 ‘conductum
448 291 580 334 habet',
609 302 739 344 parum
769 291 905 328 caveris
938 295 1158 334 (nominatim
1189 291 1283 326 enim

195 341 241 377 de
265 341 321 376 his
344 338 454 383 recipi
478 340 648 390 oportuit)
671 337 793 383 itaque
817 347 877 372 eos
900 337 1119 372 habitatores
1144 340 1284 382 emptor

194 386 332 422 insulae
354 384 578 418 habitatione
599 382 744 427 impune
766 382 980 435 prohibebit.

241 429 294 468 54
318 429 423 464 Imm
444 428 535 463 libro
558 427 715 463 secundo
734 426 916 480 pzthanon
964 426 1001 462 Si
1033 437 1156 462 servus
1179 437 1283 472 quem

194 474 403 511 vendideras
433 473 533 508 iussu
555 475 619 508 tuo
643 472 777 518 aliqu1d
799 472 886 507 fecit
910 475 945 507 et
969 482 1013 507 ex
1037 482 1079 507 eo
1105 482 1188 507 crus
1211 471 1282 507 fre-

193 520 262 573 git,
287 520 339 554 ita
361 518 503 554 demum
526 528 570 554 ea
598 527 657 553 res
687 522 750 553 tuo
783 517 942 563 periculo
974 527 1046 553 non
1077 520 1152 560 est,
1184 517 1215 552 si
1246 516 1283 552 id

193 564 396 644 ιιιιρὲτιιείςί,
429 562 526 644 qugd
548 562 688 643 εοΙεὶἆιιῐ
704 567 795 643 tsinte
817 562 1067 643 νειιᾱὶιίοιιὲιίιο
1076 561 1196 598 facere
1206 588 1227 615 ,ο
1249 565 1285 598 et

195 621 269 646 sir
323 619 478 645 imeras
515 635 524 652 ,
580 618 626 644 uo
684 618 790 644 eam
822 618 894 643 non
925 618 1029 643 venl
1091 617 1281 643 servoim-

194 619 396 701 peraturusp
408 664 500 690 eras.
580 663 723 690 Amos:
752 653 911 688 minime:
945 662 1027 688 nam
1051 652 1082 687 si
1105 652 1282 698 periculo-

195 711 271 736 sam
294 710 369 735 rem
393 702 477 735 ante
499 698 736 735 venditionem
760 698 881 733 facere
914 697 1038 733 solitus
1071 702 1143 740 est,
1178 697 1284 742 culpa

193 750 259 781 tua
281 745 318 781 id
341 745 478 781 factum
502 754 580 780 esse
602 744 796 779 videbitur:
847 747 910 778 uta
933 743 1024 778 enim
1050 753 1130 778 eum
1147 742 1283 778 fuisse²

194 801 345 834 servum,
370 790 431 843 qui
451 799 518 857 per
541 790 786 825 catadromum
834 788 1024 823 escendere
1047 791 1111 839 aut
1128 788 1166 823 in
1186 788 1282 823 cloa-

195 846 272 872 cam
305 835 442 872 demitti
488 835 614 871 solitus
646 838 748 870 esset.
785 834 878 869 idem
908 833 995 869 iuris
1028 833 1112 879 erit,
1143 833 1174 868 si
1206 843 1283 868 eam

194 892 270 918 rem
292 881 468 927 imperare
491 880 616 916 solitus
647 879 776 922 fueris,
809 889 916 924 quam
948 878 1106 924 prudens
1139 882 1174 914 et
1205 878 1282 913 dili-

193 937 280 973 gens
305 930 409 973 pater
430 925 583 961 familias
606 925 845 970 imperaturus
869 924 901 960 ei
925 934 1026 959 servo
1058 934 1131 959 non
1161 922 1281 959 fuerit.

194 971 279 1018 quid
303 972 335 1008 si
356 972 427 1008 hoc
452 974 640 1016 exceptum
662 970 795 1005 fuerit?
831 973 951 1005 tamen
981 972 1101 1014 potest
1126 968 1158 1004 ei
1182 979 1282 1004 servo

195 1027 322 1054 novam
344 1027 420 1053 rem
439 1017 613 1062 imperare
623 1016 649 1058 ⁴,
674 1025 779 1061 quam
798 1015 1036 1060 imperaturus
1056 1025 1128 1050 non
1146 1013 1283 1056 fuisset,

194 1063 225 1099 si
247 1064 346 1099 n0n¹⁵
366 1062 535 1098 venisset:
560 1061 668 1097 veluti
692 1061 723 1096 si
747 1060 779 1096 ei
802 1060 1002 1106 imperasti,
1034 1063 1075 1095 ut
1106 1059 1152 1095 ad
1186 1069 1283 1104 emp-

193 1113 307 1144 torem
329 1108 416 1150 iret,
449 1107 510 1153 qui
532 1116 680 1152 peregre
704 1108 815 1141 esset:
847 1115 930 1140 nam
955 1108 1050 1141 certe
1074 1115 1116 1140 ea
1139 1115 1197 1140 res
1220 1109 1283 1140 tuo

219 1153 351 1190 ericulo
383 1163 462 1189 esse
492 1163 564 1188 non
598 1151 714 1187 debet.
748 1151 869 1196 itaque
900 1154 978 1186 tota
1002 1160 1044 1185 ea
1066 1160 1123 1186 res
1148 1149 1195 1185 ad
1220 1149 1283 1185 do-

207 1210 268 1235 um
290 1198 423 1234 malum
447 1197 635 1233 dumtaxat
658 1200 694 1231 et
717 1195 859 1241 culpam
882 1195 1076 1231 venditoris
1100 1194 1284 1240 dirigenda

197 1248 211 1279 1
263 1248 328 1280 est.
376 1243 415 1279 Si
439 1242 534 1278 dolia
557 1241 737 1287 octoginta
761 1241 932 1276 accedere
954 1240 1086 1283 fundo,
1113 1250 1204 1286 quae
1228 1241 1282 1275 in-

193 1289 293 1326 fossa
325 1291 461 1331 essent,
495 1287 629 1322 dictum
660 1286 747 1329 erit,
779 1289 815 1321 et
846 1286 951 1331 plura
981 1289 1087 1321 erunt
1109 1296 1215 1331 quam
1240 1285 1286 1320 ad

194 1345 274 1371 eum
297 1344 493 1375 nnmerum,
518 1332 618 1367 dabit
641 1331 815 1376 emptori⁰
839 1341 882 1366 ex
901 1331 1065 1366 omnibus
1085 1341 1177 1376 quae
1196 1330 1284 1373 vult,

194 1380 279 1415 dum
302 1380 442 1424 integra
466 1377 542 1413 det:
575 1377 607 1412 si
630 1376 708 1412 sola
730 1376 913 1422 octoginta
936 1380 1039 1419 sunt,
1064 1376 1284 1422 qualiacum-

194 1435 263 1471 que
286 1428 479 1477 emptorem
503 1426 696 1468 sequentur
718 1431 785 1457 nec
807 1432 872 1467 pro
905 1432 979 1457 non
1009 1421 1154 1467 integris
1187 1421 1283 1467 quic-

193 1480 300 1516 quam
324 1480 356 1505 e1
377 1468 540 1505 venditor
562 1467 771 1513 praestabit.

239 1514 292 1553 55
320 1515 548 1550 Poupomvs
576 1512 667 1548 libro
699 1512 835 1548 decimo
859 1512 1095 1559 epistularum
1141 1512 1180 1547 Si
1209 1522 1284 1548 ser-

193 1571 278 1604 vus,
303 1560 363 1606 qui
387 1562 562 1599 emeretur
584 1557 639 1593 vel
662 1557 948 1603 promitteretur,
979 1557 1016 1592 in
1041 1557 1197 1593 hostium
1219 1567 1283 1603 po-

193 1609 323 1642 testate
347 1605 413 1647 sit,
439 1604 641 1640 Octavenus
665 1603 776 1648 magis
799 1603 953 1648 putabat
982 1602 1100 1638 valere
1134 1603 1283 1648 emptio-

193 1662 273 1687 nem
298 1654 335 1686 et
358 1649 634 1695 stipulationem,
659 1649 743 1693 quia
765 1648 859 1683 inter
882 1651 1055 1684 ementem
1077 1651 1113 1683 et
1130 1648 1283 1683 venden-

193 1701 265 1732 tem
289 1699 384 1732 esset
407 1694 676 1730 commercium:
709 1693 829 1738 potius
861 1693 955 1728 enim
979 1692 1225 1728 difficultatem
1246 1693 1285 1728 in

193 1740 408 1787 praestando
434 1750 476 1776 eo
499 1739 628 1782 inesse,
654 1748 761 1784 quam
783 1738 821 1773 in
844 1740 1017 1782 natura⁷‚
1043 1738 1180 1774 etiamsi
1204 1737 1283 1774 offi-

194 1787 249 1822 cio
283 1786 411 1822 iudicis
446 1784 657 1821 sustinenda
687 1787 783 1819 esset
813 1783 890 1820 eius
920 1784 1136 1830 praestatio,
1169 1783 1284 1819 donec

193 1831 370 1877 praestari
392 1830 518 1876 possit.
696 1875 759 1915 Π,

526 1942 691 1976 LOCATI
716 1942 957 1976 GONDUCTI.

242 2010 261 2049 1
289 2010 450 2046 Panos
470 2010 561 2046 libro
586 2010 769 2056 triqesimo
794 2011 925 2055 quarto
949 2008 1001 2045 ad
1021 2009 1176 2045 edictum
1210 2008 1283 2045 Lo-

194 2056 287 2093 catio
313 2059 348 2091 et
372 2055 562 2091 conductio
588 2065 669 2090 cum
691 2054 865 2090 naturalis
890 2054 937 2090 sit
960 2057 996 2089 et
1019 2054 1174 2090 omnium
1197 2063 1283 2099 gen-

192 2102 299 2144 tium,
330 2112 403 2137 non
435 2100 572 2143 verbis,
609 2099 672 2135 sed
708 2109 884 2135 consensu
915 2100 1156 2143 contrahitur,
1192 2100 1285 2136 sicut

194 2157 249 2183 em
275 2147 325 2182 tio
351 2150 387 2182 et
408 2145 576 2181 venditio.

292 2191 415 2228 GAIUS
435 2191 525 2227 libro
548 2190 707 2227 secundo
729 2201 852 2225 rerum
872 2189 1177 2226 cottidianarum⁹
1209 2190 1282 2226 Lo-

194 2237 288 2274 catio
313 2241 350 2272 et
372 2236 562 2272 conductio
586 2236 749 2281 proxima
771 2239 828 2271 est
846 2235 1015 2280 emptioni
1036 2239 1071 2270 et
1089 2235 1283 2272 venditioni

192 2283 376 2335 isdemque
406 2281 493 2317 iuris
524 2290 564 2316 re
612 2281 656 2317 lis
688 2281 865 2317 constitit:
898 2291 981 2315 nam
1013 2283 1055 2315 ut
1085 2281 1215 2326 emptio
1248 2285 1285 2317 et

192 2328 347 2364 vendit10
370 2327 422 2362 ita
446 2330 572 2362 contra
598 2326 688 2369 itur,
721 2326 752 2362 si
775 2325 820 2361 de
867 2325 958 2361 retio
983 2326 1205 2368 convenerit,
1229 2326 1282 2362 sic

193 2378 228 2409 et
260 2372 391 2409 locatio
423 2375 460 2407 et
491 2371 682 2407 conductio
715 2374 840 2407 contra
868 2371 875 2378 “
908 2371 1141 2416 intellegitur,
1177 2372 1208 2407 si
1239 2371 1283 2406 de

195 2422 210 2454 1
260 2417 424 2453 mercede
457 2416 671 2453 convenerit.
719 2416 821 2452 Adeo
857 2419 977 2451 autem
1006 2415 1282 2452 familiaritatem

194 2463 347 2516 aliquam
370 2463 504 2498 habere
526 2461 691 2498 videntur
714 2461 845 2507 emptio
871 2464 907 2497 et
928 2460 1096 2504 venditio,
1120 2462 1205 2497 item
1229 2461 1281 2498 lo-

194 2513 286 2545 catio
320 2512 356 2544 et
386 2507 595 2550 conductio,
626 2510 668 2542 ut
697 2506 735 2542 in
766 2505 978 2552 quibusdam
1009 2507 1133 2552 quaeri
1156 2507 1281 2550 soleat,

192 2558 313 2589 utrum
335 2553 465 2598 emptio
491 2556 527 2588 et
549 2552 704 2588 venditio
728 2552 775 2587 sit
798 2562 844 2587 an
866 2551 999 2587 locatio
1024 2555 1060 2587 et
1078 2552 1280 2588 conductio.

193 2603 234 2635 ut
252 2609 336 2634 ecce
355 2599 387 2634 si
408 2609 489 2633 cum
508 2597 655 2633 aurifice
673 2597 759 2632 mihi
779 2597 995 2640 convenerit,
1018 2600 1061 2632 ut
1078 2597 1110 2632 is
1129 2608 1174 2633 ex
1193 2608 1281 2633 auro

193 2655 257 2680 suo
283 2644 409 2679 anulos
433 2643 519 2678 mihi
542 2643 678 2678 faceret
701 2642 789 2678 certi
811 2641 980 2688 ponderis
1001 2645 1190 2688 certaeque
1207 2643 1281 2679 for-

194 2699 273 2725 mae
285 2693 321 2725 et
333 2689 513 2733 acceperit
526 2690 554 2709 ¹⁰
571 2688 670 2724 verbi
682 2688 797 2733 gratia
814 2691 986 2730 trecenta,
1007 2691 1129 2723 utrum
1148 2689 1280 2734 emptio

193 2738 229 2770 et
259 2734 414 2769 venditio
446 2733 492 2769 sit
523 2744 569 2768 an
600 2733 731 2769 locatio
765 2736 801 2768 et
825 2732 1042 2768 conductio?
1077 2733 1140 2769 sed
1162 2734 1283 2779 placet

192 2790 303 2815 unum
335 2789 414 2814 esse
444 2779 624 2824 negotium
656 2782 691 2814 et
722 2777 833 2824 magis
867 2788 922 2813 em
947 2778 1079 2814 tionem
1103 2782 1140 2814 et
1160 2779 1281 2814 vendi-

191 2825 325 2860 tionem
349 2834 437 2859 esse.
474 2823 571 2869 quod
594 2824 624 2859 si
648 2833 712 2870 ego
731 2833 858 2859 aurum
879 2823 923 2859 de
950 2833 1010 2859 ero
1030 2823 1195 2859 mercede
1213 2835 1279 2870 pro

193 2879 304 2915 opera
334 2869 547 2912 constituta,
580 2868 725 2904 dubium
757 2879 829 2904 non
860 2872 932 2911 est,
965 2868 1049 2914 quin
1080 2869 1211 2905 locatio
1247 2876 1283 2905 et

194 2914 385 2951 conductio
410 2914 466 2949 sit.

239 2957 264 2997 3
290 2958 519 2994 POMPONIUS
545 2959 636 2994 libro
667 2970 763 2995 nono
787 2958 837 2994 ad
860 2957 1033 2995 Sabinum
1080 2958 1170 2995 Cum
1199 2959 1281 2995 fun-

194 3005 260 3041 dus
284 3004 423 3040 locetur
446 3007 482 3039 et
504 3004 728 3039 aestimatum
755 3004 1032 3039 instrumentum
1052 3004 1200 3041 colonus
1220 3015 1280 3041 ac-

194 3050 314 3096 cipiat,
338 3049 513 3085 Proculus
538 3050 589 3084 ait
610 3049 648 3084 id
718 3050 739 3093 ',
762 3053 804 3084 ut
825 3050 1100 3085 instrumentum
1124 3053 1281 3096 emptum

194 3095 326 3133 habeat
355 3095 522 3136 colonus,
555 3094 660 3130 sicuti
671 3060 809 3137 afieret,
843 3105 924 3130 cum
948 3095 1033 3140 quid
1056 3096 1280 3131 aestimatum

191 3141 230 3176 in
253 3140 372 3176 dotem
395 3139 550 3175 daretur.

239 3184 265 3223 4
289 3185 399 3221 Imm
423 3184 514 3220 libro
546 3187 651 3219 sexto
676 3184 811 3220 decimo
835 3185 886 3220 ad
907 3184 1082 3221 Sabinum
1127 3185 1280 3222 Locatio

193 3229 388 3277 precariive
409 3229 546 3275 rogatio
570 3229 622 3264 ita
644 3229 752 3272 facta,
777 3230 895 3275 quoad
917 3230 959 3273 is,
985 3230 1045 3275 qui
1065 3240 1143 3266 eam
1163 3230 1280 3267 locas-

192 3280 249 3356 fiet
279 3275 495 3318 dedissetve‚
525 3274 648 3317 vellet,
682 3278 795 3309 morte
826 3275 901 3311 eius
933 3276 995 3320 qui
1017 3275 1187 3311 locavit¹¹
1211 3277 1279 3312 tol-

238 3365 264 3404 5
296 3365 491 3402 Ummnvs
519 3364 610 3400 libro
634 3365 797 3400 vicesimo
822 3369 947 3401 octavo
971 3365 1022 3401 ad
1042 3365 1196 3402 edictum
1242 3366 1280 3402 Si

191 3411 258 3447 tibi
280 3410 536 3447 habitationem
559 3409 734 3452 locavero,
759 3421 842 3446 mox
863 3410 1070 3455 pensionem
1089 3411 1278 3453 remittam,

193 3467 237 3492 ex
260 3457 379 3492 locato
402 3459 440 3493 et
462 3454 640 3492 conducto
664 3455 839 3500 agendum
863 3455 939 3492 erit.

192 3572 232 3611 (ι)
258 3571 300 3603 ad
315 3570 469 3604 Huschke
537 3572 580 3609 (2)
604 3569 726 3602 fuisses
738 3569 773 3602 F
832 3573 874 3611 (a)
900 3571 1029 3604 dimitti
1040 3573 1075 3605 F
1129 3572 1170 3611 (4)
1195 3571 1276 3613 quid

191 3615 221 3648 si
235 3640 242 3647 .
257 3641 264 3648 .
280 3640 287 3648 .
301 3615 478 3658 imperare]
492 3614 581 3657 quod
593 3614 623 3647 si
635 3614 698 3648 hoc
717 3618 891 3657 exceptum
912 3616 1024 3658 fuerit,
1046 3617 1147 3650 etiam
1167 3619 1278 3658 potest

194 3661 224 3692 ei
237 3671 332 3693 servo
343 3669 463 3694 novam
476 3671 545 3693 rem
558 3660 732 3703 imperare.
758 3659 838 3692 item
850 3663 962 3703 potest
982 3662 1013 3694 ei
1034 3673 1105 3694 eam
1125 3671 1194 3694 rem
1215 3661 1277 3694 im-

194 3715 487 3794 affiaffussafrl'qumn
501 3761 574 3784 cum
588 3761 655 3784 non
670 3761 739 3784 esse
754 3751 788 3783 in
802 3761 908 3783 rerum
925 3755 1046 3784 natura
1057 3764 1119 3784 scr.

1268 119 1351 167 250

455 3707 498 3746 (5)
522 3716 590 3738 non
604 3705 735 3739 om.FS
803 3707 846 3747 (6)
872 3707 1048 3748 emptorF
1111 3707 1153 3748 (7)
1179 3717 1276 3749 quam
1346 3708 1378 3748 3,
1391 3714 1427 3742 2⁴
1436 3719 1490 3751 prs

2461 0 2496 73 ξ

2268 136 2431 170 nocui

1398 242 1423 282 6
1451 245 1575 282 GAlvs
1601 245 1692 283 libro
1724 246 1860 283 decimo
1884 245 1935 282 ad
1956 246 2108 283 edictum
2128 247 2354 300 provinciale
2398 248 2434 284 Is
2481 251 2497 262 “·

1352 290 1413 336 qui
1435 301 1509 326 rem
1541 291 1751 327 conduxerit
1781 303 1854 327 non
1885 291 2023 336 cogitur
2053 295 2240 328 restituere
2269 292 2308 328 id
2339 293 2435 339 quod

1351 336 1403 372 rei
1426 336 1569 372 nomine
1590 336 1678 372 furti
1701 338 1840 373 actione
1864 340 2079 372 consecutus
2103 340 2167 373 est.

1399 380 1422 418 7
1447 381 1606 417 ΡΑυισε
1626 381 1717 418 libro
1742 383 1925 429 triqesimo
1948 382 2105 418 secundo
2129 382 2179 418 ad
2200 382 2352 419 edictum
2398 383 2436 419 Si

1351 427 1416 462 tibi
1450 426 1602 462 alienam
1635 426 1789 462 insulam
1823 427 1988 463 locavero
2030 427 2115 472 quin
2141 428 2286 472 uaginta
2326 431 2437 480 tuque

1352 472 1501 507 eandem
1524 472 1710 517 sexaginta
1732 472 1827 508 Titio
1851 472 2024 508 locaveris
2049 475 2085 507 et
2142 472 2223 508 'tius
2247 482 2270 508 a
2293 472 2435 509 dommo

1351 517 1553 562 prohibitus
1575 516 1685 553 fuerit
1706 517 1888 560 habitare,
1921 521 2084 562 agentem
2114 521 2152 553 te
2181 527 2226 552 ex
2258 517 2435 554 conducto

1352 562 1539 615 sexaginta
1569 562 1739 616 consequi
1774 562 1902 598 debere
1934 563 2072 608 placet,
2113 562 2198 608 quia
2230 562 2309 608 ipse
2343 563 2436 599 Titio

1351 611 1506 643 tenearis
1527 618 1566 642 m
1589 611 1784 653 sexaginta.

1398 649 1422 690 8
1461 652 1739 688 Tarmomiws
1770 652 1860 688 libro
1896 663 1990 688 nono
2026 652 2308 699 disputationum
2361 653 2437 689 Nos

1351 698 1543 740 videamus,
1569 707 1614 733 ne
1638 708 1710 733 non
1734 698 1919 743 sexaginta
1941 697 2159 742 praestanda
2178 708 2244 733 nec
2288 697 2437 744 uinqua-

1351 743 1451 789 ginta
1481 742 1572 786 sint,
1604 741 1668 778 sed
1698 743 1822 788 quanti
1852 743 1999 778 interest
2031 742 2165 788 perfrui
2189 753 2256 778 con
2283 743 2436 786 uctione,

1351 788 1631 833 tantundemque
1666 792 1905 833 consequatur
1938 787 2094 830 medius,
2131 791 2303 837 quantum
2333 799 2437 834 prae-

1351 837 1447 869 stare
1471 833 1600 868 debeat
1622 833 1673 876 ei,
1704 834 1764 879 qui
1788 843 1810 868 a
1833 843 1872 868 se
1896 833 2082 875 conduxit,
2115 833 2282 878 quoniam
2305 834 2437 869 emolu-

1351 882 1510 914 mentum
1531 877 1776 914 conductionis
1789 878 1835 914 ad
1849 878 2149 923 comparationem
2160 878 2335 914 uberioris
2347 889 2437 914 mer-

1353 924 1448 960 cedis
1481 926 1726 969 computatum
1755 923 1925 960 maiorem
1958 922 2068 958 efficit
2098 923 2436 959 condemnationem.

1353 973 1389 1005 et
1419 972 1540 1004 tamen
1563 969 1699 1014 primus
1722 968 1861 1004 locator
1883 968 2144 1013 reputationem
2166 968 2314 1004 habebit
2336 969 2438 1014 quin-

1353 1014 1532 1067 quaginta,
1558 1023 1648 1060 quae
1671 1014 1717 1049 ab
1740 1014 1800 1049 illo
1825 1014 2035 1059 perciperet,
2060 1013 2090 1049 si
2114 1013 2277 1049 dominus
2299 1014 2439 1050 insulae

1352 1060 1515 1095 habitare
1538 1059 1766 1095 novissimum
1789 1059 2044 1094 conductorem
2064 1069 2137 1095 non
2155 1059 2342 1095 vetuisset:
2367 1070 2438 1105 quo

1351 1105 1428 1140 iure
1451 1105 1595 1140 utimur.

1399 1147 1425 1187 9
1457 1149 1651 1186 Uzmws
1678 1149 1770 1186 libro
1803 1149 1986 1195 triqesimo
2015 1148 2173 1185 secundo
2205 1148 2256 1185 ad
2286 1149 2439 1186 edictum

1353 1195 1391 1230 Si
1415 1195 1493 1241 quis
1518 1195 1661 1231 domum
1684 1194 1781 1230 bona
1804 1194 1874 1230 fide
1898 1198 2052 1247 emptam
2074 1194 2131 1229 vel
2160 1194 2312 1230 fundum
2342 1194 2439 1231 loca-

1352 1240 1443 1276 verit
1472 1240 1559 1275 mihi
1588 1241 1689 1293 isque
1712 1240 1759 1275 sit
1782 1240 1916 1275 evictus
1940 1249 2017 1275 sme
2040 1239 2122 1275 dolo
2145 1239 2239 1275 malo
2264 1239 2441 1286 culpaque

1354 1286 1440 1329 eius,
1465 1285 1683 1331 Pompomus
1707 1285 1759 1320 ait
1781 1285 1891 1320 nihilo
1915 1284 2032 1319 minus
2057 1295 2137 1320 eum
2154 1285 2267 1321 teneri
2288 1295 2333 1320 ex
2352 1296 2437 1321 con-

1354 1331 1460 1367 ducto
1497 1331 1530 1366 ei
1562 1331 1621 1376 qui
1653 1330 1841 1373 conduxit,
1876 1333 1918 1365 ut
1949 1330 1981 1365 ei
2011 1333 2213 1375 praestetur
2241 1330 2315 1366 frui
2344 1330 2440 1376 quod

1354 1376 1527 1412 conduxit
1548 1376 1666 1412 licere.
1700 1376 1806 1421 plane
1830 1376 1861 1411 si
1885 1375 2048 1411 dominus
2071 1386 2144 1411 non
2167 1376 2303 1422 patitur
2326 1380 2362 1411 et
2384 1376 2437 1411 lo·

1354 1426 1456 1458 cator
1478 1425 1624 1468 paratus
1649 1421 1695 1456 sit
1718 1421 1822 1456 aliam
1840 1420 2098 1456 habitationem
2115 1431 2189 1456 non
2207 1421 2323 1456 minus
2343 1432 2439 1457 com-

1352 1467 1496 1503 modam
1518 1470 1712 1512 praestare,
1736 1466 1986 1511 aequissimum
2010 1475 2089 1502 esse
2112 1466 2162 1501 ait
2185 1466 2323 1502 absolvi
2340 1467 2438 1502 loca-

1356 1516 1372 1548 1
1420 1516 1544 1549 torem.
1592 1511 1660 1547 Hic
1684 1511 1847 1557 subiungi
1869 1514 1999 1557 potest,
2047 1511 2120 1547 uod
2138 1511 2332 1547 Marcellus
2348 1512 2440 1548 libro

1353 1561 1454 1594 sexto
1492 1558 1706 1611 digestorum
1741 1556 1902 1602 scripsit:
1945 1556 1976 1592 si
2033 1557 2237 1592 ructuarius
2271 1557 2442 1592 locaverit

1352 1603 1504 1638 fundum
1528 1614 1565 1638 ιιι
1589 1602 1868 1648 quinquennium
1891 1605 1927 1637 et
1950 1601 2151 1645 decesserit,
2175 1601 2341 1638 heredem
2365 1603 2440 1638 eius

1353 1659 1425 1684 non
1449 1648 1581 1691 teneri,
1606 1652 1648 1683 ut
1670 1647 1743 1683 frui
1765 1650 1941 1693 praestet,
1965 1657 2039 1683 non
2061 1647 2172 1693 magis
2220 1657 2303 1682 uam
2325 1647 2442 1683 insula

1353 1697 1480 1729 exusta
1511 1696 1693 1729 teneretur
1722 1692 1861 1728 locator
1892 1692 2112 1728 conductori.
2148 1703 2187 1728 se
2234 1703 2282 1728 an
2313 1703 2358 1728 ex
2387 1692 2439 1728 lo-

1354 1742 1435 1774 cato
1459 1742 1624 1774 teneatur
1648 1738 1864 1780 conductor,
1896 1741 1938 1772 ut
1967 1748 2032 1783 pro
2064 1741 2146 1773 rata
2176 1738 2345 1783 temporis
2369 1748 2439 1783 quo

1351 1783 1482 1820 fruitus
1516 1787 1572 1819 est
1604 1783 1811 1828 pensionem
1845 1786 2022 1828 praestet,
2060 1783 2254 1819 Marcellus
2289 1784 2440 1828 quaerit,

1353 1828 1651 1875 quemadmodum
1674 1832 1891 1873 praestaret,
1923 1828 1954 1863 si
1983 1828 2174 1864 fructuarii
2197 1828 2287 1864 servi
2313 1839 2441 1881 operas

1353 1874 1582 1910 conduxisset
1612 1874 1667 1910 vel
1698 1873 1981 1909 habitationem?
2016 1876 2051 1909 et
2073 1873 2362 1919 magisadmittlt
2385 1877 2438 1909 te-

1352 1919 1430 1955 neri
1443 1930 1541 1955 eum:
1561 1922 1597 1955 et
1610 1922 1664 1954 est
1673 1919 1935 1964 aequissimum.
1967 1918 2061 1954 idem
2074 1919 2222 1964 quaerit,
2235 1919 2265 1954 si
2277 1923 2440 1965 sumptus

1351 1964 1439 2000 fecit
1461 1965 1498 2000 in
1521 1964 1674 2000 fundum
1698 1964 1800 2009 quasi
1824 1964 2064 2009 quinquennio
2088 1963 2282 2006 fruiturus,
2315 1974 2362 1999 an
2383 1975 2439 2000 re-

1354 2010 1486 2055 cipiat?
1529 2013 1566 2045 et
1596 2010 1647 2045 ait
1679 2020 1752 2045 non
1786 2013 2030 2055 recepturum,
2074 2009 2158 2054 quia
2198 2010 2268 2045 hoc
2303 2010 2441 2045 evenire

1378 2065 1459 2091 osse
1489 2055 1694 2100 prospicere
1725 2054 1859 2090 debuit.
1908 2054 1992 2100 quid
2023 2058 2143 2090 tamen
2174 2055 2206 2090 si
2235 2065 2307 2090 non
2339 2055 2441 2100 quasi

1351 2066 1571 2136 fructuarius
1604 2101 1636 2136 ei
1664 2100 1815 2143 locavit,
1847 2099 1911 2136 sed
1940 2100 1971 2135 si
2002 2100 2105 2145 quasi
2127 2099 2230 2135 fundi
2253 2099 2441 2135 dominus?

1351 2146 1515 2182 videlicet
1536 2145 1732 2181 tenebitur:
1758 2145 1899 2191 decepit
1921 2145 2014 2180 enim
2038 2145 2308 2181 conductorem:
2335 2149 2371 2182 et
2389 2146 2441 2181 ita

1351 2191 1547 2237 imperator
1571 2192 1773 2226 Antoninus
1805 2201 1886 2226 cum
1910 2190 1989 2226 divo
2015 2190 2143 2227 Severo
2174 2191 2285 2226 rescri
2311 2191 2366 2226 sit.
2403 2190 2440 2226 in

1354 2237 1488 2272 exustis
1513 2246 1655 2282 quoque
1678 2235 1827 2271 aedibus
1847 2236 1922 2271 eius
1941 2236 2121 2281 temporis,
2146 2246 2215 2289 quo
2241 2246 2284 2271 ae
2311 2236 2318 2243 '
2348 2236 2440 2271 cium

1353 2285 1372 2317 2
1420 2282 1539 2324 stetit,
1564 2281 1762 2317 mercedem
1785 2281 2039 2326 praestandam
2062 2291 2172 2317 rescri
2198 2284 2332 2316 serunt.
2379 2281 2438 2316 Iu·

1351 2327 1468 2363 lianus
1492 2327 1582 2362 libro
1608 2327 1731 2372 quinto
1756 2326 1893 2362 decimo
1918 2326 2133 2371 digestorum
2183 2326 2262 2369 ‘cit,
2297 2326 2328 2362 si
2359 2326 2438 2372 quis

1351 2373 1500 2408 fundum
1531 2372 1718 2414 locaverit,
1751 2376 1792 2406 ut
1823 2372 1930 2407 etiam
1962 2371 1992 2407 si
2024 2371 2110 2417 quid
2139 2371 2174 2407 vi
2195 2371 2321 2408 maiori
2344 2372 2438 2407 acci-

1353 2421 1372 2453 3
1420 2417 1540 2460 disset,
1561 2418 1630 2453 hoc
1653 2417 1684 2452 ei
1702 2420 1957 2462 praestaretur,
1976 2420 2084 2462 pacto
2098 2417 2265 2452 standum
2277 2426 2365 2452 esse.
2402 2416 2440 2452 Si

1354 2463 1490 2499 colonis
1550 2462 1752 2498 raediorum
1786 2462 1863 2515 lege
1896 2461 2102 2505 locationis,
2138 2466 2180 2497 ut
2213 2462 2439 2498 innocentem

1351 2508 1466 2554 ignem
1489 2508 1537 2543 ha
1564 2511 1665 2550 eant,
1690 2508 1937 2543 denuntlatum
1961 2507 2027 2551 sit,
2051 2507 2082 2543 si
2106 2507 2246 2553 quidem
2268 2507 2438 2543 fortuitus

1352 2564 1457 2589 casus
1481 2553 1636 2589 incendii
1660 2563 1807 2588 causam
1828 2552 2005 2595 intulerit,
2030 2563 2102 2588 non
2125 2552 2323 2598 praestabit
2345 2553 2438 2598 peri-
2502 2556 2505 2559 “

1352 2599 1471 2634 culum
1494 2599 1653 2634 locator:
1685 2598 1716 2634 si
1738 2608 1823 2634 vero
1848 2598 1956 2643 culpa
1976 2598 2165 2641 locatoris,
2197 2608 2304 2644 quam
2334 2608 2437 2643 prae-

1351 2647 1372 2679 4
1419 2647 1515 2679 stare
1538 2653 1684 2680 necesse
1706 2647 1772 2686 est,
1797 2643 1964 2678 damnum
1982 2642 2118 2686 fecerit,
2142 2643 2331 2678 tenebitur.
2368 2643 2438 2678 Im-

1350 2692 1496 2735 perator
1518 2689 1722 2725 Antoninus
1755 2699 1835 2724 cum
1865 2692 1987 2735 patre,
2020 2699 2101 2724 cum
2130 2698 2217 2734 grex
2247 2692 2342 2724 esset
2373 2689 2436 2724 ab·

1351 2739 1454 2770 actus
1486 2745 1592 2780 quem
1616 2735 1695 2780 quis
1720 2734 1958 2777 conduxerat,
1989 2733 2042 2769 ita
2071 2733 2270 2778 rescripsit:
2297 2733 2346 2769 ‘Si
2377 2744 2435 2769 ca-

1352 2783 1448 2826 ‘pras
1478 2780 1636 2816 latrones
1669 2780 1760 2815 citra
1788 2783 1888 2814 tuam
1917 2779 2079 2814 fraudem
2110 2779 2271 2823 abegisse
2293 2779 2438 2824 probari

1352 2828 1483 2871 ‘potest
1511 2825 1643 2861 iudicio
1674 2824 1801 2866 locati,
1834 2835 1957 2860 casum
1988 2828 2173 2869 praestare
2205 2835 2277 2860 non
2301 2824 2437 2870 cogeris

1351 2873 1471 2916 ‘atque
1502 2871 1672 2916 temporis
1696 2869 1793 2915 quod
1815 2870 2014 2905 insecutum
2038 2873 2094 2905 est
2115 2869 2295 2905 mercedes
2318 2873 2360 2904 ut
2381 2869 2436 2904 in-
2502 2894 2507 2919 3

1351 2919 1371 2951 5
1419 2915 1570 2952 ‘debitas
1582 2915 1823 2961 reciperabis.’
1871 2914 1995 2950 Celsus
2015 2915 2121 2950 etiam
2138 2914 2350 2960 imperitiam
2361 2914 2435 2950 cul-

1350 2971 1419 3006 pae
1442 2960 1744 2996 adnumerandam
1767 2960 1857 2995 libro
1882 2963 2009 2995 octavo
2035 2959 2251 3012 digestorum
2274 2959 2434 3005 scripsit:

1350 3007 1381 3041 si
1437 3006 1491 3042 uis
1522 3006 1650 3042 vitulos
1681 3005 1882 3051 pascendos
1912 3005 1968 3040 vel
1999 3005 2222 3041 sarciendam
2278 3004 2340 3040 uid
2370 3015 2435 3050 po-

1349 3018 1548 3087 lienffiumve
1572 3051 1752 3093 conduxit,
1777 3050 1917 3095 culpam
1942 3061 2022 3086 eum
2045 3054 2229 3096 praestare
2278 3050 2382 3085 ebere
2400 3053 2436 3084 et

1351 3096 1446 3142 quod
1468 3097 1643 3142 imperitia
1662 3096 1833 3142 peccavit,
1859 3095 1917 3131 cul
1943 3106 2000 3131 am
2020 3106 2114 3132 esse:
2140 3096 2270 3141 quippe
2289 3098 2331 3130 ut
2349 3095 2434 3130 arti-

1351 3145 1371 3178 6
1416 3142 1495 3185 fex,
1527 3142 1659 3187 inquit,
1695 3140 1876 3177 conduxit.
1917 3107 1963 3176 {i
1993 3140 2143 3176 alienam
2179 3141 2320 3176 domum
2350 3139 2435 3175 mihi

1349 3187 1520 3222 locaveris
1545 3197 1587 3222 ea
1611 3196 1656 3222 ue
1679 3187 1765 3221 mihi
1783 3186 1901 3231 legata
1919 3186 1974 3222 vel
1994 3185 2128 3222 donata
2147 3186 2204 3229 sit,
2228 3196 2300 3221 non
2322 3185 2435 3220 teneri

1349 3242 1405 3268 me
1434 3232 1501 3268 tibi
1532 3242 1575 3267 ex
1622 3236 1726 3267 ocato
1762 3232 1808 3267 ob
1840 3231 2067 3277 pensionem:
2102 3230 2166 3267 sed
2199 3230 2243 3266 de
2276 3234 2436 3276 tempore

1348 3277 1539 3323 praeterito
1563 3277 1764 3320 videamus,
1795 3276 1826 3312 si
1856 3276 1942 3322 quid
1972 3280 2057 3312 ante
2087 3275 2195 3321 legati
2223 3275 2317 3311 diem
2346 3285 2433 3321 pen-

1349 3322 1458 3358 sionis
1483 3322 1650 3358 debetur:
1676 3326 1712 3358 et
1760 3325 1821 3358 uto
1846 3321 2071 3358 solvendum:

1397 3365 1447 3403 10
1471 3367 1700 3403 Ieiuno-³¹2
1737 3368 1814 3404 :bro
1946 3367 1997 3402 ad
2017 3367 2189 3402 Ferocem
2234 3369 2274 3402 et
2301 3375 2366 3412 ego
2390 3375 2433 3401 ex

1348 3412 1525 3448 conducto
1548 3416 1646 3448 recte
1714 3423 1771 3448 am
1794 3412 1849 3448 vel
1870 3412 1908 3447 in
1930 3412 2011 3454 hoc,
2035 3415 2077 3447 ut
2099 3421 2156 3447 me
2179 3410 2317 3447 liberes.

1395 3456 1442 3495 11
1478 3457 1672 3494 ULPIANUS
1713 3458 1790 3494 ibro
1823 3458 2004 3504 triqesimo
2026 3456 2183 3493 secundo
2207 3456 2258 3492 ad
2279 3455 2432 3493 edictum

1392 3572 1436 3612 (8)
1463 3571 1544 3605 Sab.
1558 3579 1637 3606 1...7.
1647 3579 1739 3607 omn.
1753 3578 1920 3606 13.15...2o.
1930 3578 1977 3605 22.
1988 3578 2104 3605 κατ.
2119 3577 2239 3606 29...s⁶.
2254 3577 2301 3605 ss.
2315 3577 2361 3604 ιτ.
2376 3576 2430 3613 so:

1346 3617 1411 3650 Ed.
1423 3624 1462 3650 14.
1473 3623 1516 3650 21.
1525 3623 1706 3658 37.39...523
1720 3617 1806 3661 Pap.
1816 3624 1844 3651 s.
1853 3623 1945 3650 1223.
1955 3622 2081 3656 53...5o;
2094 3617 2180 3660 App.
2191 3623 2238 3650 ²8.
2248 3622 2295 3650 ⁵8.
2307 3621 2430 3650 somn.

1346 3680 1389 3685 —
1403 3662 1489 3695 Bas.
1503 3662 1556 3704 20,
1570 3669 1594 3696 1.
1608 3681 1653 3686 —
1668 3662 1718 3707 Cf:
1732 3662 1808 3695 Inst.
1819 3663 1850 3701 3,
1862 3669 1915 3701 2⁴3
1934 3662 2011 3695 Cod.
2026 3662 2057 3702 4,
2068 3668 2104 3695 os

1561 3707 1621 3750 (ιο)
1635 3707 1806 3750 acciperet
1817 3707 1991 3750 Schuleinq
2056 3707 2111 3746 (ιι)
2124 3662 2339 3739 dogma?
2344 3661 2426 3738 119ξῖ

1347 3755 1404 3791 (¹2)
1418 3753 1466 3785 sic
1481 3751 1577 3793 F'B,
1608 3752 1695 3786 idem
1709 3753 1743 3785 F
1749 3752 1772 3794 ¹,
1782 3753 1839 3785 ubi
1850 3764 1870 3785 a
1882 3764 1941 3785 voe.-
1970 3751 2123 3784 Iulianus
2137 3752 2158 3784 I.
2167 3758 2184 3785 9
2197 3755 2212 3791 §
2224 3758 2241 3785 2
2256 3752 2307 3785 lex
2315 3749 2430 3797 incipit
