2528 3918
122 119 199 158 Qui
226 118 327 151 emis
355 120 689 155 mumssmun

120 245 208 280 quas
231 234 269 270 in
317 235 432 271 eculio
454 235 626 278 habebat,
655 234 752 270 bona
779 233 851 269 fide
877 232 1069 270 heredibus
1093 234 1199 271 dede-

119 283 192 323 rat,
225 290 273 315 an
318 280 449 316 ’bertas
475 291 521 316 ex
543 283 754 315 testamento
779 282 969 323 competat.
1017 279 1202 326 respondit

119 328 137 360 2
184 325 274 360 nihil
310 324 482 371 proponi,
519 335 584 360 cur
599 353 602 355 .
616 335 690 360 non
729 327 956 369 competeret.
1010 325 1199 371 Pamphilo

119 371 256 414 liberto,
282 381 384 415 quem
407 369 570 406 heredem
595 378 637 404 ex
660 374 763 415 parte
786 369 1007 413 instituerat,
1038 370 1200 406 Stichum

118 426 258 451 servum
279 416 551 468 praelegaverat
573 418 610 450 et
632 415 664 450 ei
687 415 889 466 libertatem
918 414 975 450 hIs
999 416 1114 451 verbis
1138 415 1199 451 de-

118 460 236 496 derat:
267 462 330 496 ‘ita
352 464 410 502 ut,
440 459 471 494 si
493 459 560 494 tibi
582 470 626 495 ex
650 459 706 495 die
729 463 853 495 mortis
876 470 976 495 meae
1025 471 1065 496 er
1086 471 1199 496 annos

118 506 318 541 ‘continuos
338 505 492 551 quinque
509 508 711 547 menstruos
728 515 924 550 sexagenos
940 505 984 541 de
1010 506 1089 549 erit,
1112 509 1199 541 tunc

117 554 209 586 ‘eum
224 550 474 586 manumittas’.
505 550 714 595 Pamphilus
731 554 814 586 ante
828 550 1107 596 quinquennium
1123 562 1198 587 mo-

120 596 211 632 riens
243 595 433 631 heredibus
463 595 636 630 institutis
671 595 744 630 filio
780 599 816 631 et
850 606 963 631 uxore
997 596 1042 632 de
1075 597 1199 633 eodem

116 640 239 676 Sticho
255 640 307 676 ita
323 640 433 676 cavit:
459 639 614 676 ‘Stichus
639 651 772 683 servus,
797 641 859 686 qui
881 641 968 676 mihi
985 645 1198 678 testamento

115 686 268 731 ‘patroni
291 686 359 721 mei
383 689 483 720 certa
507 685 715 722 condicione
737 686 884 721 relictus
908 690 978 729 est,
1009 687 1114 723 iubeo
1139 687 1201 722 det

116 734 285 776 ‘praestet
312 730 387 766 filio
419 734 456 766 et
486 731 591 766 uxori
621 741 721 766 meae
753 731 829 767 sine
858 731 932 766 ulla
956 732 1200 768 controversia

115 781 162 811 ‘et
189 786 270 811 eum
301 779 370 810 tem
398 786 459 811 ore
489 780 635 821 peracto
667 777 943 812 manumittant'.
999 777 1199 823 quaesitum

114 825 183 865 est,
214 820 246 856 si
260 823 270 843 ¹
295 820 369 856 Stic
397 831 439 856 us
469 831 665 866 sexagenos
696 832 860 857 nummos
891 826 1094 859 menstruos
1125 833 1199 859 non

114 866 348 946 praestiterit,
387 876 434 901 an
466 866 612 912 impleto
651 867 735 912 quin
762 866 891 903 uennio
925 867 1199 904 fideicommissa

125 912 259 947 ibertas
294 911 327 947 ei
361 911 547 947 debeatur.
600 922 731 957 respon
759 913 802 957 ἰ,
842 912 911 948 nisi
948 913 1196 958 praestitisset,

114 961 133 991 3
180 956 488 992 fideicommissam
526 957 728 993 libertatem
766 968 841 993 non
881 958 1013 994 deberi.
1066 958 1197 994 Servus

113 1006 323 1038 testamento
347 1003 399 1037 ita
423 1003 660 1039 manumissus
684 1006 756 1039 est:
783 1003 938 1039 ‘Stichus
956 1014 1079 1040 servus
1095 1014 1197 1039 meus

115 1052 225 1083 ‘actor
248 1047 278 1083 si
301 1048 476 1083 rationem
500 1058 638 1084 omnem
661 1052 765 1084 actus
789 1048 846 1084 sui
867 1049 991 1084 heredi
1013 1059 1092 1085 meo
1116 1049 1196 1084 red-

113 1092 255 1129 ‘diderit
283 1103 397 1138 eoque
425 1093 568 1128 nomine
597 1093 828 1136 satisfecerit,
858 1094 950 1129 liber
979 1099 1054 1130 esto
1084 1094 1196 1139 eique,

113 1141 206 1173 ‘cum
227 1138 318 1174 liber
342 1138 424 1183 erit,
454 1138 534 1174 dari
555 1139 636 1174 volo
659 1139 784 1184 viginti
808 1143 844 1174 et
865 1139 1045 1184 peculium
1069 1140 1196 1175 suum'.

112 1183 311 1229 quaesitum
333 1187 406 1226 est,
430 1193 494 1226 an,
519 1183 552 1220 si
572 1184 747 1228 rationes,
772 1195 862 1230 quas
887 1185 958 1229 egit
979 1195 1044 1230 per
1066 1185 1196 1221 multos

111 1239 224 1264 annos
255 1228 332 1264 sine
361 1228 623 1274 subscriptione
653 1230 857 1272 testatoris,
894 1230 1019 1266 heredi
1048 1230 1198 1267 reddere

111 1278 259 1319 paratus
291 1274 356 1316 sit,
387 1274 478 1310 liber
508 1284 553 1310 ex
582 1277 796 1311 testamento
827 1275 908 1317 fiat,
941 1286 1022 1311 cum
1050 1280 1198 1329 propter

110 1330 252 1365 gravem
275 1319 512 1354 valetudinem
536 1323 691 1355 testator
721 1331 794 1356 non
817 1321 975 1366 potuerit
997 1321 1197 1357 rationibus

110 1364 345 1406 subscribere,
369 1368 582 1400 testamento
606 1369 726 1401 tamen
750 1366 1012 1411 subscripserit.
1047 1376 1196 1412 respon-

110 1409 172 1453 dit,
197 1410 227 1444 si
250 1420 295 1445 ex
316 1408 388 1445 fide
409 1410 502 1445 ratio
526 1409 736 1446 redderetur
757 1411 966 1457 reliquaque
984 1411 1195 1456 inferantur,

109 1460 130 1490 4
176 1455 326 1491 liberum
348 1454 437 1490 fore.
484 1455 575 1491 Item
604 1466 757 1501 quaero,
789 1466 837 1491 an
860 1467 922 1499 ea,
954 1467 1046 1502 quae
1070 1461 1198 1493 exacta

109 1504 193 1536 sunt
215 1510 279 1546 per
303 1500 485 1536 adiutores
509 1501 586 1536 eius
609 1511 725 1547 neque
746 1501 955 1538 kalendario
986 1502 1089 1538 illata
1113 1507 1198 1538 sunt

108 1549 172 1581 aut
186 1545 432 1581 fraudulenter
447 1550 541 1589 acta,
557 1546 643 1582 huic
658 1546 815 1582 adscribi
829 1548 981 1592 possint,
1003 1558 1084 1583 cum
1101 1553 1197 1584 esset

107 1590 163 1626 is’²
185 1590 424 1637 praepositus.
472 1591 674 1645 respondit,
699 1592 730 1628 si
751 1591 789 1627 id
812 1596 924 1636 esset,
948 1593 1045 1638 quod
1068 1594 1127 1629 cul
1154 1604 1196 1630 ae

109 1636 183 1672 eius
203 1636 350 1672 deberet
367 1636 550 1682 imputari,
574 1642 739 1683 spectare
762 1637 809 1673 ad
827 1638 979 1674 rationis
995 1638 1127 1675 redden
1154 1650 1196 1675 ae

109 1685 128 1717 5
174 1681 436 1718 necessitatem.
472 1682 562 1718 Item
583 1692 728 1727 quaero,
753 1693 800 1718 an
823 1693 946 1719 eorum
969 1695 1040 1729 quo
1066 1694 1112 1720 ue
1131 1695 1195 1721 no-

107 1726 202 1762 mine
224 1726 317 1762 ratio
341 1727 467 1763 haberi
490 1727 638 1770 debeat,
664 1727 760 1781 quod
782 1738 899 1774 neque
921 1739 944 1764 a
968 1740 1036 1765 con
1063 1730 1197 1765 uctori-

107 1773 175 1808 bus
198 1771 427 1817 praediorum
449 1782 565 1818 neque
588 1782 611 1808 a
627 1773 743 1808 viheis
793 1774 956 1810 ensiones
980 1775 1138 1820 exegerit
1160 1779 1197 1811 et

107 1818 253 1863 insuper
269 1817 376 1852 etiam
393 1821 625 1863 promutuum
643 1818 694 1854 eis
710 1818 754 1854 de
781 1819 858 1854 erit.
883 1820 1070 1865 respondit
1085 1831 1197 1865 supra

108 1866 128 1898 6
173 1873 386 1908 responsum
409 1866 466 1898 est
474 1863 499 1898 ³.
545 1863 636 1899 Item
659 1874 812 1908 quaero,
837 1874 885 1900 an
907 1875 950 1901 eo
976 1865 1119 1901 nomine
1141 1870 1196 1902 te-

107 1911 244 1952 neatur,
269 1907 363 1960 quod
387 1918 526 1944 omnem
548 1918 624 1945 rem
647 1919 761 1953 suam,
783 1909 822 1945 id
844 1913 900 1945 est
916 1910 1107 1955 peculium,
1131 1921 1194 1947 ex·

106 1957 319 1999 portaverit,
358 1957 551 1999 antequam
586 1953 746 1990 rationes
782 1954 958 1991 redderet.
1010 1956 1196 2002 respondit

107 1998 195 2034 nihil
217 2008 296 2034 eam
319 2009 395 2034 rem
418 1999 466 2034 im
492 1998 589 2035 edire
613 1999 879 2043 condicionem,
911 2000 944 2037 si
971 2000 1076 2037 modo
1100 2001 1194 2038 ratio

107 2047 125 2078 7
173 2043 393 2080 redderetur.
487 2044 572 2080 itius
613 2047 827 2081 testamento
869 2055 990 2082 servos
1029 2047 1194 2083 actores⁴

107 2089 275 2170 &iffi
295 2088 443 2170 {333⁸
458 2089 1195 2182 rssiffl‘issirinifffaissinissmpssffiff⁰359&

105 2180 157 2215 ita
184 2180 347 2226 scripsit:
382 2183 515 2216 ‘omnes
545 2184 705 2223 actores,
737 2191 827 2227 quos
851 2181 966 2226 legavi
988 2182 1044 2217 vel
1066 2192 1193 2218 manu-

107 2225 260 2268 ‘misero‚
283 2225 380 2261 intra
403 2229 569 2271 quartum
593 2236 750 2262 mensem
772 2226 897 2263 mortis
916 2237 1018 2263 meae
1035 2228 1194 2264 rationes

106 2270 265 2307 ‘reddere
296 2270 377 2306 volo
408 2273 445 2306 et
473 2270 644 2315 dominis,
675 2272 805 2317 quibus
837 2282 860 2307 a
887 2282 944 2308 me
974 2273 1083 2317 legati
1111 2273 1193 2316 sint,

106 2315 242 2352 ‘reddi'.
284 2315 380 2351 infra
403 2315 531 2352 deinde
554 2316 644 2352 alios
668 2320 809 2353 actores
832 2317 964 2353 liberos
987 2328 1068 2354 esse
1090 2318 1195 2354 iussit

105 2361 644 2452 {fii-'infuffjuissssffliffii‘iissi
665 2362 1050 2453 ff{„{32¹3‚25221351332
1073 2363 1192 2445 iffi

247 2432 258 2442 ·
437 2433 447 2449 ν

105 2451 316 2496 reddantur,
347 2455 467 2487 utrum
495 2452 698 2488 statuliberi
720 2463 799 2489 esse
823 2453 990 2489 desinant
1012 2464 1060 2490 an
1083 2454 1192 2490 nihilo

105 2497 222 2533 minus
246 2496 460 2549 quandoque
482 2497 622 2543 possint
643 2497 783 2533 reddita
812 2499 954 2535 ratione
984 2502 1021 2535 et
1046 2499 1192 2545 reliquis

104 2542 214 2578 illatis
236 2542 439 2579 libertatem
470 2553 515 2578 ex
537 2546 752 2579 testamento
776 2544 958 2589 consequi.
1005 2545 1193 2591 respondit

104 2587 222 2633 legata
241 2587 383 2633 quidem
399 2591 436 2623 et
449 2587 633 2624 libertates
650 2599 723 2624 non
739 2588 828 2625 alias
847 2592 1060 2635 competere,
1086 2600 1193 2635 quam

105 2633 261 2669 rationes
284 2632 446 2669 redditae
470 2636 591 2669 essent
613 2637 676 2669 aut
698 2644 763 2679 per
786 2634 953 2670 heredem
971 2638 1095 2678 staret,
1121 2646 1191 2680 quo

106 2677 223 2714 minus
252 2678 505 2714 redderentur:
538 2689 659 2714 verum
686 2678 890 2716 iudicaturo
921 2680 1192 2723 aestimandum,

106 2727 226 2758 utrum
255 2728 326 2759 tem
352 2733 395 2759 us
432 2723 633 2758 condicioni
669 2723 868 2769 legatorum
903 2724 1193 2771 libertatiumque

110 2767 266 2805 additum
288 2768 322 2804 vi
348 2771 451 2803 eatur
474 2778 537 2809 an,
566 2768 680 2804 libero
709 2773 869 2814 tempore
897 2770 1047 2806 reddere
1071 2771 1191 2806 volen-

108 2813 203 2850 tibus
234 2813 390 2858 reliqua,
427 2813 619 2849 heredibus
655 2818 825 2859 quattuor
860 2825 999 2851 menses
1037 2816 1193 2861 appositi

105 2859 192 2901 sint,
223 2859 375 2895 sollicito
404 2862 577 2895 testatore
607 2859 826 2896 cunctationi
850 2864 886 2896 et
908 2871 1045 2896 moram
1070 2871 1193 2897 eorum

106 2904 364 2949 proscribente.
409 2904 533 2940 melius
557 2907 676 2940 autem
699 2909 754 2940 est
775 2906 1102 2951 praesumptionem
1125 2917 1191 2951 pro

105 2953 126 2985 8
173 2949 394 2986 statuliberis
418 2959 509 2984 esse.
546 2950 780 2994 Argentarius
805 2955 951 2987 coactor
976 2962 1056 2986 cum
1079 2962 1192 2997 paene

105 2998 218 3030 totam
239 2994 421 3030 fortunam
446 2995 483 3029 in
506 2995 709 3030 nominibus
732 2995 899 3040 haberet,
924 2996 1035 3032 servis
1059 2997 1191 3032 actori-

105 3040 174 3075 bus
197 3040 398 3076 libertatem
421 3039 472 3074 ita
495 3039 609 3074 dedit:
635 3040 806 3086 ‘quisquis
829 3041 916 3077 mihi
934 3042 1038 3077 heres
1057 3042 1137 3085 erit,
1161 3043 1192 3078 si

106 3085 234 3120 ‘Dama
255 3095 379 3121 servus
403 3095 502 3120 meus
526 3088 629 3121 actus
652 3085 720 3127 sui,
745 3086 806 3130 qui
825 3087 942 3132 agitur
955 3086 1099 3123 nomine
1114 3087 1191 3124 eius

106 3132 155 3165 ‘et
171 3129 348 3175 Pamphili
372 3130 534 3166 conservi
557 3130 624 3173 sui,
648 3130 770 3166 heredi
792 3142 870 3167 meo
893 3132 1050 3168 rationes
1074 3132 1190 3168 reddi-

107 3174 211 3210 ‘derit
233 3175 405 3220 pariaque
428 3175 555 3211 fecerit
577 3185 600 3210 a
623 3174 681 3211 die
703 3177 829 3212 mortis
852 3187 951 3213 meae
974 3178 1069 3212 intra
1092 3187 1190 3213 men-

107 3221 193 3256 ‘sem
224 3223 383 3263 sextum,
414 3220 505 3256 liber
535 3220 636 3256 esto’.
685 3221 886 3265 quaesitum
916 3226 991 3265 est,
1023 3232 1070 3257 an
1100 3223 1191 3258 haec

106 3265 215 3301 verba
247 3265 359 3310 ‘paria
384 3275 428 3301 ue
457 3265 553 3301 fecit’
590 3265 638 3301 ad
668 3266 787 3301 omnia
816 3267 961 3302 nomina
989 3267 1192 3312 pertineant

107 3309 265 3355 exceptis
289 3320 352 3355 per
379 3311 447 3353 'tis,
471 3315 512 3346 ut
534 3310 605 3346 hoc
628 3310 829 3355 significent
853 3312 895 3347 ‘si
918 3322 1057 3347 omnem
1079 3322 1190 3357 pecu-

107 3355 214 3391 ‘niam
244 3355 290 3391 ab
321 3355 483 3391 omnibus
515 3355 695 3400 exegerint
725 3359 760 3391 et
789 3356 910 3392 heredi
940 3357 1108 3392 solverint
1135 3357 1191 3393 vel

107 3403 161 3437 ‘eo
184 3399 327 3436 nomine
349 3400 598 3436 satisfecerint’
622 3404 669 3443 et,
695 3401 726 3436 si
748 3401 787 3435 in
806 3401 991 3438 exactione
1010 3402 1192 3438 nominum

108 3444 324 3481 cessaverint
344 3445 440 3481 intra
463 3455 526 3481 sex
548 3455 706 3489 menses,
734 3445 881 3481 libertas
904 3446 973 3482 illis
996 3457 1070 3483 non
1094 3457 1191 3482 com·

107 3493 217 3535 petat.
252 3490 437 3536 respondit
459 3490 683 3526 manifestam
708 3501 785 3526 esse
809 3491 1052 3527 condicionem
1074 3492 1191 3528 verbis

108 3535 309 3572 testamenti
331 3545 442 3582 supra
464 3535 609 3581 scriptis
630 3536 804 3582 positam:
833 3536 942 3582 igitur
968 3537 1021 3573 ita
1051 3537 1191 3573 demum

109 3654 148 3693 (1)
171 3651 201 3684 si
212 3663 270 3684 om.
283 3651 317 3683 F
403 3650 447 3690 (2)
470 3649 513 3682 iis
524 3661 586 3682 scr.
681 3652 722 3691 (3)
749 3652 798 3682 est
810 3650 872 3683 del.
961 3651 1004 3691 (4)
1028 3651 1151 3684 autoris
1161 3652 1196 3684 F

109 3697 153 3737 (5)
176 3706 244 3728 non
256 3697 316 3730 ins.
405 3696 448 3736 (e)
470 3695 587 3736 pareat
597 3695 632 3727 F
712 3695 755 3733 (7)
779 3694 805 3725 si
820 3704 935 3735 operas
946 3694 1075 3729 dederit
1085 3696 1189 3729 trien-

109 3741 166 3773 nio
178 3754 240 3774 scr.
332 3741 376 3783 (8)
402 3749 501 3782 quam
514 3739 549 3772 F

1192 108 1277 156 635

2064 115 2354 160 XXXX7.8

1268 235 1400 271 liberos
1431 235 1526 277 fore,
1563 234 1595 270 si
1628 237 1693 270 aut
1727 236 1760 271 ei
1794 239 1968 282 parcant⁶
1998 241 2062 274 aut
2091 249 2157 285 per
2187 239 2353 276 heredem

1269 283 1351 322 stet,
1376 291 1446 325 quo
1471 280 1587 315 minus
1611 284 1773 324 pareant.

1314 324 1364 362 41
1398 325 1532 360 LABEO
1561 325 1653 360 libro
1681 326 1801 372 primo
1824 327 2006 373 pithanon
2038 341 2061 364 a
2093 329 2210 366 Paulo
2242 331 2353 377 epito-

1268 373 1445 406 matorum
1493 370 1530 405 Si
1559 380 1664 415 quem
1694 380 1834 406 servum
1857 376 1958 407 tuum
1982 373 2028 408 ad
2053 378 2189 410 certum
2213 378 2353 420 tempus

1269 415 1519 452 statuliberum
1542 415 1743 468 relinquere
1766 416 1830 457 vis,
1854 417 1942 452 nihil
1965 418 2121 463 interest,
2147 424 2229 456 utro
2247 420 2354 456 modo

1269 471 1416 504 caveas,
1449 461 1491 496 ‘si
1513 460 1683 496 servierit’
1708 471 1755 495 an
1786 461 1828 496 ‘si
1852 462 2002 498 triennio
2029 475 2155 509 operas
2180 465 2318 501 dederit
2328 467 2353 508 ⁷,

1271 509 1285 540 1
1336 506 1438 542 ‘liber
1467 506 1570 541 esto'.
1617 505 1784 541 PAULvs.
1826 505 1865 541 Si
1896 507 1975 552 quis
2006 509 2096 544 liber
2125 519 2205 546 esse
2233 510 2353 546 iussus

1267 550 1395 594 fuerit,
1426 551 1457 587 si
1480 551 1602 586 decem
1625 550 1748 587 heredi
1770 551 2028 596 promississet,
2052 556 2289 601 quamquam·
2312 566 2354 591 ea

1267 596 1456 641 promissio
1488 596 1622 631 nullam
1649 606 1725 631 rem
1754 596 1923 632 habitura
1954 602 2023 642 est,
2055 602 2174 636 tamen
2205 601 2352 646 promit—

1267 641 1377 677 tendo
1401 641 1626 677 liberabitur.

1313 684 1368 724 42
1392 686 1526 722 LABEO
1554 687 1645 723 libro
1675 687 1780 722 tertio
1797 685 1980 732 pithanon
2027 687 2065 724 Si
2094 689 2173 734 quis
2203 690 2353 726 eundem

1267 731 1445 767 hominem
1468 731 1573 768 uxori
1596 742 1684 767 suae
1706 732 1877 777 legaverit
1900 735 1954 774 et,
1987 743 2068 768 cum
2098 745 2140 769 ea
2162 746 2212 770 nu
2239 735 2353 779 sisset,

1266 776 1420 858 libtlelrum
1440 786 1519 814 esse
1541 777 1685 813 iusserit
1706 780 1744 813 et
1768 787 1810 813 ea
1827 787 1873 813 ex
1893 777 1971 823 lege
1990 780 2161 824 nupserit,
2184 780 2210 816 li
2236 791 2277 817 er
2292 780 2354 817 fiet

1265 833 1297 859 is
1347 833 1441 858 omo.

1742 960 1840 1000 VIII
1852 959 1880 1000 ⁹.

1312 1025 1392 1063 QUI
1415 1025 1522 1059 snm
1545 1026 1897 1060 mumssmmi
1924 1027 1985 1060 AD
2009 1027 2309 1066 LIBERTATEM

1656 1071 1967 1118 maxsumum.

1315 1135 1333 1174 1
1368 1136 1425 1172 ΡΑ
1433 1147 1528 1174 orvs
1558 1138 1651 1174 libro
1682 1139 1808 1184 quinto
1843 1138 1893 1174 ad
1923 1138 2109 1175 Plautium
2160 1138 2198 1175 Si
2232 1149 2355 1176 servus

1266 1182 1431 1219 venditus
1455 1186 1520 1226 est,
1544 1187 1586 1219 ut
1607 1183 1704 1219 intra
1721 1187 1859 1219 certum
1876 1187 2017 1230 tempus
2037 1184 2354 1228 manumitteretur,

1266 1228 1406 1264 etiamsi
1435 1228 1511 1264 sine
1540 1229 1670 1265 herede
1694 1228 1930 1266 decessissent
1954 1233 1990 1265 et
2011 1229 2175 1266 venditor
2198 1233 2234 1265 et
2258 1241 2354 1275 emp-

1265 1278 1340 1318 tor,
1372 1283 1479 1310 servo
1511 1274 1658 1310 libertas
1690 1275 1879 1320 competit:
1912 1278 1948 1310 et
1977 1275 2046 1311 hoc
2078 1274 2178 1311 divus
2207 1275 2354 1310 Marcus

1265 1318 1462 1364 rescripsit.
1516 1319 1580 1355 sed
1611 1323 1648 1355 et
1678 1319 1710 1355 si
1740 1320 1930 1356 mutaverit
1959 1320 2122 1357 venditor
2134 1322 2161 1342 ¹⁰
2191 1321 2354 1357 volunta-

1266 1368 1348 1407 tem,
1373 1364 1483 1400 nihilo
1508 1365 1625 1401 minus
1648 1365 1795 1401 libertas
1821 1365 2002 1411 competit.

1312 1407 1338 1447 2
1362 1409 1618 1446 Moorsmws
1631 1410 1723 1446 libro
1739 1415 1845 1447 sexto
1862 1411 2072 1458 reqularum
2108 1410 2229 1454 Servo,
2250 1421 2354 1457 quem

1290 1466 1332 1491 ro
1365 1455 1536 1491 derelicto
1567 1455 1732 1492 dominus
1762 1456 1809 1492 ob
1838 1466 1986 1502 gravem
2015 1456 2258 1493 infirmitatem
2276 1456 2354 1492 rha-

1290 1500 1353 1544 uit‚
1379 1511 1424 1536 ex
1446 1500 1564 1536 edicto
1589 1501 1659 1537 divi
1683 1501 1823 1537 Claudii
1847 1502 2016 1548 competit
2038 1502 2197 1538 libertas.

1313 1543 1337 1584 3
1367 1546 1652 1582 Csztlsrmws
1668 1547 1759 1583 libro
1777 1548 1883 1582 tertio
1899 1547 1944 1582 de
1959 1548 2226 1594 coqnitionibus
2247 1547 2353 1590 Eum,

1290 1591 1328 1627 ui
1349 1591 1402 1627 ita
1423 1591 1536 1636 venit,
1565 1595 1608 1627 ut
1629 1591 1726 1627 intra
1748 1595 1888 1638 tempus
1911 1592 2240 1635 manumitteretur,
2273 1603 2354 1629 cum

1293 1637 1342 1673 'es
1372 1636 1612 1682 praestandae
1643 1637 1822 1673 libertatis
1853 1638 1988 1674 venerit
2010 1637 2147 1674 vivente
2170 1637 2354 1674 venditore

1266 1686 1302 1718 et
1323 1686 1574 1728 perseverante
1597 1682 1636 1718 in
1659 1682 1783 1718 eadem
1805 1683 2010 1726 voluntate,
2038 1683 2186 1729 perinde
2214 1683 2352 1726 haberi,

1265 1738 1308 1763 ac
1331 1728 1363 1763 si
1385 1728 1431 1764 ab
1459 1738 1520 1772 eo,
1553 1738 1576 1764 a
1605 1738 1676 1773 quo
1709 1728 1832 1764 debuit
1862 1728 2083 1771 manumitti,
2114 1728 2354 1764 manumissus

1265 1777 1377 1808 esset:
1417 1778 1559 1809 mortuo
1597 1777 1717 1809 autem
1755 1773 1939 1810 venditore
1973 1784 2046 1809 non
2076 1784 2154 1810 esse
2183 1773 2354 1810 heredum

1264 1818 1342 1854 eius
1365 1818 1585 1854 voluntatem
1608 1819 1863 1864 explorandam
1888 1819 1988 1855 divus
2003 1819 2150 1854 Marcus
2177 1830 2256 1855 cum
2281 1819 2352 1855 filio

1267 1874 1331 1899 suo
1356 1864 1553 1910 rescripsit.

1310 1908 1336 1946 4
1368 1909 1564 1946 ULPJANUS
1583 1909 1676 1946 libro
1700 1910 1805 1946 tertio
1829 1909 1879 1945 ad
1895 1908 2070 1945 Sabinum
2116 1909 2174 1952 Ei,
2199 1908 2262 1963 qui
2284 1909 2352 1945 hac

1264 1954 1341 1999 lege
1370 1958 1511 2000 emptus
1541 1954 1603 1998 sit,
1643 1958 1685 1990 ut
1713 1965 1736 1990 a
1766 1954 1845 1991 vivo
1877 1957 2038 2000 emptore
2066 1958 2353 1998 manumittatur,

1265 1999 1385 2035 statim
1409 2003 1551 2035 mortuo
1577 2010 1620 2035 eo
1645 2000 1814 2045 competit
1835 2000 1997 2036 libertas.

1309 2043 1334 2082 5
1366 2044 1604 2081 MARGJANUS
1635 2045 1727 2081 libro
1766 2046 1892 2091 quinto
1928 2044 2139 2092 regularum
2201 2044 2270 2090 Qui
2306 2045 2352 2081 ob

1264 2099 1389 2126 necem
1420 2089 1597 2126 detectam
1629 2090 1764 2126 domini
1791 2089 1988 2136 praemium
2019 2090 2194 2126 libertatis
2229 2100 2351 2126 conse-

1264 2135 1395 2180 quitur,
1420 2134 1462 2170 fit
1486 2135 1630 2171 orcinus
1653 2135 1815 2171 libertus.

1309 2177 1334 2218 6
1366 2179 1474 2215 loru
1500 2180 1593 2216 libro
1621 2181 1806 2228 sinqulari
1833 2180 1884 2217 ad
1910 2180 2110 2226 formulam
2133 2178 2353 2227 hypotheca-

1262 2226 1355 2261 riam
1403 2225 1441 2262 Si
1470 2225 1551 2271 quis
1580 2225 1816 2271 obligatum¹¹
1847 2236 1988 2262 servum
2016 2226 2086 2261 hac
2114 2225 2191 2270 lege
2216 2225 2352 2267 emerit,

1262 2274 1304 2305 ut
1325 2271 1564 2315 manumittat,
1590 2271 1761 2316 competit
1775 2271 1923 2307 libertas
1947 2281 1992 2306 ex
2008 2270 2263 2307 constitutione
2281 2270 2353 2306 divi

1261 2316 1388 2359 Marci,
1412 2316 1498 2352 licet
1519 2317 1617 2352 bona
1640 2316 1759 2352 omnia
1806 2317 1862 2352 uis
1886 2315 2104 2361 obligaverit,
2129 2326 2221 2361 quae
2241 2316 2352 2351 habet

1262 2361 1493 2398 habiturusve
1513 2365 1619 2398 esset.
1655 2365 1785 2397 tantun
1811 2372 1866 2398 em
1890 2361 2079 2397 dicendum
2101 2365 2158 2398 est
2178 2364 2214 2397 et
2232 2361 2264 2397 si
2281 2361 2351 2397 hac

1261 2407 1338 2451 lege
1361 2407 1495 2451 emerit,
1519 2417 1566 2443 ne
1614 2407 1838 2450 rostituatur,
1864 2410 1900 2443 et
1922 2406 2156 2452 prostituerit.

1309 2449 1333 2489 7
1366 2451 1526 2488 was
1554 2452 1583 2488 li
1604 2463 1647 2488 ro
1677 2453 1861 2500 sinqulari
1893 2452 1937 2487 de
1968 2451 2193 2488 libertatibus
2220 2450 2352 2487 dandis

1261 2497 1461 2551 Imperator
1492 2500 1615 2534 noster
1644 2508 1725 2533 cum
1755 2501 1858 2543 patre
1881 2507 1946 2533 suo
1971 2496 2158 2533 constituit
2171 2496 2199 2517 ¹²
2225 2495 2265 2532 in
2294 2506 2350 2539 eo,

1262 2553 1339 2587 qm,
1372 2553 1455 2579 cum
1476 2543 1594 2588 possit
1615 2543 1794 2578 abducere
1818 2542 2048 2588 prostitutam
2071 2541 2256 2583 ancillam,
2287 2551 2350 2587 pe-

1263 2588 1370 2624 cunia
1393 2598 1480 2624 acce
1506 2592 1545 2623 ta
1567 2598 1695 2624 manus
1719 2588 1945 2624 iniectionem
1968 2586 2143 2631 vendidit,
2172 2590 2215 2622 ut
2235 2586 2351 2623 libera

1261 2637 1375 2669 esset:
1407 2634 1444 2669 ni
1472 2633 1480 2642 '
1527 2634 1620 2669 enim
1650 2633 1841 2675 interesse,
1873 2633 1951 2678 ipse
1974 2632 2134 2668 abducas
2159 2634 2195 2668 et
2216 2632 2349 2678 prosti-

1260 2683 1342 2715 tuas
1367 2689 1414 2714 an
1438 2679 1587 2724 patiaris
1607 2679 1838 2725 prostitutam
1856 2688 1934 2714 esse
1949 2677 2065 2723 pretio
2082 2680 2243 2723 accepto,
2268 2688 2350 2714 cum

1260 2725 1379 2770 possis
1393 2726 1431 2746 ¹2·
1457 2724 1621 2759 eximere.

1307 2766 1332 2808 8
1358 2769 1603 2805 mmmmm
1625 2770 1716 2806 libro
1741 2779 1836 2804 nono
1858 2778 2115 2815 responsorum
2166 2767 2350 2813 Mancipia

1260 2818 1375 2851 mater
1397 2814 1493 2850 filiae
1516 2814 1726 2857 donaverat,
1751 2817 1793 2849 ut
1814 2812 1891 2849 filia
1914 2817 2058 2850 curaret
2082 2824 2125 2850 ea
2147 2816 2230 2860 post
2252 2823 2347 2848 mor-

1259 2863 1332 2896 tem
1355 2870 1458 2896 suam
1482 2870 1560 2896 esse
1582 2860 1714 2895 libera:
1740 2869 1821 2895 cum
1845 2858 2048 2895 donationis
2071 2859 2142 2905 legi
2160 2869 2232 2895 non
2255 2861 2350 2910 esset

1261 2907 1556 2950 obtemperatum,
1581 2915 1626 2940 ex
1649 2904 1826 2940 sententia
1850 2904 2115 2940 constitutionis
2140 2904 2210 2939 divi
2234 2903 2348 2938 Marci

1259 2950 1445 2986 libertates
1461 2950 1643 2995 optingere
1656 2953 1770 2985 matre
1785 2949 2027 2986 consentiente
2041 2948 2226 2995 respondi:
2251 2947 2347 2994 quod

1260 2996 1292 3032 si
1315 2999 1398 3030 ante
1421 2994 1531 3030 filiam
1555 2998 1669 3030 mater
1691 2995 1765 3031 vita
1787 2994 1952 3037 decessit,
1977 2994 2191 3031 omnimodo.

1307 3038 1332 3078 9
1357 3039 1414 3075 PA
1422 3050 1517 3076 Utus
1538 3040 1627 3076 libro
1652 3041 1778 3092 quinto
1803 3041 2052 3086 quaestionum
2089 3040 2240 3075 Latinus
2255 3037 2346 3073 Lar-

1259 3085 1756 3175 {tisstffssttffssgsiffls
1778 3085 2347 3175 {assumsisse

1576 3156 1583 3164 ·
1745 3157 1754 3173 r

1261 3176 1347 3221 cipit
1372 3175 1404 3210 ei
1427 3175 1575 3211 libertas
1601 3186 1680 3210 com
1705 3179 1802 3211 etere
1827 3180 1989 3211 cessante
2018 3178 2177 3219 emptore
2204 3172 2242 3208 in
2270 3181 2345 3206 ma·

1260 3219 1494 3256 numittendo.
1535 3230 1666 3265 respon
1694 3220 1721 3255 ἐ
1746 3220 2005 3266 inspiciendum
2029 3223 2093 3262 est,
2118 3217 2202 3264 quid
2216 3220 2345 3269 'actum

1260 3267 1317 3309 sit,
1352 3269 1484 3307 utrum,
1516 3276 1598 3300 cum
1620 3266 1774 3310 primum
1795 3266 1982 3311 potuisset,
2007 3268 2047 3300 ut
2069 3264 2343 3303 manumitteret,

1260 3321 1307 3347 an
1330 3314 1372 3346 ut
1393 3310 1431 3345 in
1454 3314 1634 3355 potestate
1658 3314 1753 3347 esset
1775 3311 1955 3356 emptoris,
1981 3307 2121 3354 quando
2146 3307 2253 3358 vellet
2267 3315 2342 3341 ma-

1259 3355 1461 3392 numittere.
1497 3355 1617 3400 priore
1637 3366 1725 3391 casu
1748 3356 1854 3391 facile
1876 3359 2015 3399 tempus
2040 3351 2255 3398 deprehendi
2277 3360 2343 3404 pq·

1259 3401 1364 3436 terit:
1403 3400 1601 3445 posteriore
1631 3401 1756 3446 utique
1786 3401 1956 3435 moriente
1987 3401 2145 3443 emptore
2175 3407 2254 3432 com
2281 3399 2345 3432 etit

1259 3446 1421 3481 libertas.
1467 3445 1499 3482 si
1533 3456 1607 3482 non
1641 3449 1830 3499 appareat,
1867 3444 1951 3489 quid
1985 3442 2203 3484 convenerit,
2259 3451 2344 3476 avor

1260 3491 1415 3536 priorem
1443 3490 1591 3527 inducet
1618 3492 1838 3536 opinionem,
1868 3489 1906 3524 id
1935 3492 1989 3524 est
2018 3492 2058 3523 ut
2071 3488 2099 3508 ¹⁴
2126 3487 2222 3522 intra
2253 3485 2343 3521 duos

1260 3545 1412 3579 menses,
1431 3535 1462 3572 si
1476 3536 1580 3572 ambo
1596 3540 1740 3582 praesto
1758 3539 1841 3571 sunt
1856 3537 1929 3568 tam
1946 3543 2066 3569 servus
2082 3541 2188 3577 quam
2204 3535 2342 3576 emptor

1304 3651 1349 3691 (9)
1367 3650 1525 3690 Ed.1...3;
1539 3652 1620 3685 Sab.
1630 3658 1714 3687 4...7;
1730 3650 1813 3692 Pap.
1825 3656 1852 3682 s.
1864 3646 2125 3687 9.—Bas.48,t
2175 3645 2235 3686 (ιο)
2253 3655 2342 3688 emp-

1259 3696 1313 3728 tor
1323 3707 1386 3728 scr.
1469 3698 1526 3738 (u)
1550 3695 1735 3738 obligatum
1748 3694 1808 3727 del.
1892 3693 1949 3734 (12)
1964 3693 2114 3734 fortasse
2131 3690 2207 3724 C'od.
2221 3691 2253 3731 4,
2267 3696 2315 3731 ⁶6,
2327 3696 2341 3724 1

1259 3741 1331 3782 (12⁸)
1353 3740 1456 3783 possit
1470 3742 1506 3774 F
1566 3740 1624 3784 (13)
1649 3738 1784 3773 vendidi
1794 3750 1855 3771 scr.
1929 3738 1986 3778 (u)
2000 3735 2266 3825 glxassnumimtur
2278 3736 2338 3769 im.
