2528 3918
117 134 403 167 ORNAMENTIS
433 134 688 167 UNGUENTIS

119 250 156 282 13
203 245 430 282 instrumenti
463 249 559 282 sunt.
617 245 870 281 Perveniamus
909 248 946 281 et
975 245 1021 280 ad
1049 255 1207 291 gemmas

114 292 271 328 Inclusas
295 301 337 326 ar
360 295 443 327 ento
469 301 641 335 auroque.
696 295 732 326 61
761 291 812 326 611
842 290 997 326 Sabinus
1029 302 1118 326 auro
1149 301 1204 326 ar·

113 342 260 383 gentove
284 302 427 372 cefere:
453 337 486 372 ei
498 336 593 372 enim
607 335 712 378 cedit,
738 336 841 371 cuius
859 336 972 371 maior
987 341 1042 372 est
1057 336 1206 381 specics.

113 382 207 429 quod
231 387 328 418 recte
352 382 566 427 expressit¹z
598 391 739 426 semper
767 381 860 417 enim
885 392 966 417 cum
992 382 1207 426 quaerimus,

114 427 197 463 ,uid
220 427 279 462 cui
303 427 419 467 cedat,
444 426 532 462 illud
547 432 762 472 spectamus,
788 426 873 480 quid
888 427 991 462 cuius
1006 427 1207 462 1616111611-

113 439 178 508 dae
213 483 324 507 causa
358 472 567 514 adhibetur,
603 476 643 507 ut
672 482 833 508 accessio
870 472 975 507 cedat
1005 472 1206 517 principali.

113 518 239 554 cedent
270 517 378 562 igitur
407 527 582 562 gemmae,
620 517 712 553 fialis
748 517 803 553 vel
841 517 1004 553 lancibus
1035 518 1206 558 inclusae,

120 567 158 599 14
205 573 294 598 6616
330 566 532 608 argentove.
593 562 662 598 Sed
687 568 723 598 et
758 563 795 598 in
831 563 973 598 coronis
1003 573 1207 599 mensarum

117 612 154 644 15
202 618 361 653 gemmae
386 607 529 643 coronis
554 607 682 643 cedent
701 612 738 643 et
761 608 829 643 hae
855 608 998 644 mensis.
1048 609 1089 643 ln
1112 618 1206 643 mar-

111 654 234 698 garitis
260 663 400 733 quoffiie
425 657 461 688 et
484 663 573 688 auro
598 652 691 688 idem
716 656 785 689 est:
817 664 898 688 nam
930 654 961 689 si
992 653 1207 699 margaritae

112 699 191 734 auri
217 709 330 734 ornan
357 698 365 706 ⁹
390 698 506 743 gratia
530 698 712 734 adhibitae
742 703 845 740 sunt,
876 709 966 735 auro
997 699 1144 741 cedunt,
1177 698 1207 734 si

118 749 154 780 16
202 749 339 787 contra,
363 754 492 779 aurum
503 744 705 789 margaritis
727 744 840 780 cedet.
888 745 986 780 ldem
1001 749 1036 780 et
1059 744 1096 780 in
1110 755 1206 789 gem-

118 793 152 825 17
200 789 267 825 11113
299 789 415 825 anulis
450 789 609 825 inclusis.
666 790 835 825 Geminae
864 794 983 825 autem
1013 794 1096 826 suut
1126 800 1206 834 per·

111 834 249 871 lucidae
273 835 477 877 materiae2,
510 845 612 879 quas,
643 839 684 870 ut
707 835 818 871 refert
850 835 1004 871 Sabinus
1035 835 1136 871 libris
1161 834 1207 870 ad

115 880 309 923 Vitellium,
341 879 484 916 Servius
522 890 545 915 a
573 880 704 925 lapillis
742 890 784 916 eo
814 880 1075 925 distinguebat,
1112 880 1207 925 quod

109 935 266 971 gemmae
297 931 417 961 essent
446 925 652 970 perlucidae
680 926 871 968 materiae,
902 926 998 961 velut
1028 926 1206 971 smaragdi

112 971 321 1017 chrysolithi
344 971 546 1017 amethysti,
571 971 684 1016 lapilli
708 976 828 1007 autem
853 972 1054 1007 6061161166
1068 971 1205 1016 superi-

115 1020 153 1051 18
190 1016 313 1052 oribus
329 1021 491 1058 naturae,
507 1022 547 1052 ut
561 1016 739 1052 obsidiani
754 1017 963 1053 1616616613.
988 1017 1205 1062 Margaritas

110 1066 230 1098 autem
253 1072 319 1097 666
342 1062 488 1106 gemmis
513 1072 578 1097 666
604 1063 735 1107 lapillis
761 1063 935 1098 contineri
959 1063 1047 1099 satis
1073 1062 1204 1098 consti-

111 1108 195 1143 tisse
219 1107 350 1143 ibidem
375 1107 530 1143 Sabinus
555 1108 622 1149 ait,
655 1108 738 1153 quia
764 1109 902 1144 concha
934 1108 1031 1153 apud
1055 1109 1203 1143 rubrum

117 1158 153 1188 19
200 1163 298 1188 mare
328 1157 364 1188 et.
395 1153 524 1188 crescit
559 1158 595 1189 et
625 1154 827 1189 6661636114.
888 1154 1052 1189 Murrina
1086 1157 1206 1189 autem

111 1202 153 1233 20
201 1209 287 1234 11636
310 1198 348 1232 16
370 1199 516 1242 gemmis
541 1210 612 1234 non
645 1210 723 1235 esse
749 1199 894 1234 Cassius
924 1200 1058 1235 scribit.
1106 1200 1205 1233 Auro

110 1245 226 1289 legato
259 1254 344 1279 vasa
378 1255 489 1279 aurea
528 1245 755 1280 continentur
798 1250 834 1280 et
867 1245 1012 1289 gemmis
1048 1254 1206 1289 gemmea

111 1300 206 1325 vasa.
258 1289 477 1325 ⁵secundum
509 1290 597 1325 haec
628 1291 700 1325 sive
730 1301 889 1334 gemmae
919 1291 991 1326 sint
1020 1291 1057 1325 in
1087 1289 1206 1325 aureis

110 1335 204 1371 vasis
229 1334 301 1370 sive
325 1334 362 1369 in
386 1336 574 1378 argenteis,
606 1346 694 1370 auro
720 1340 910 1380 argentove
942 1335 1085 1375 cedent,
1117 1346 1204 1378 quo-

110 1381 206 1415 niam
231 1380 299 1415 hoc
329 1384 553 1424 spectamus,
591 1391 681 1424 quae
713 1392 769 1415 res
801 1381 902 1416 cuius
941 1381 992 1416 rei
1024 1380 1205 1416 ornandae

111 1436 221 1461 causa
245 1425 354 1460 fuerit
378 1425 551 1465 adhibita,
576 1437 648 1461 non
673 1436 764 1470 quae
790 1426 835 1461 sit
859 1426 1061 1471 pretiosior.

156 1469 208 1508 20
234 1470 394 1505 Pastas
421 1471 510 1505 libro
543 1472 646 1506 tertio
677 1472 727 1506 ml
755 1471 954 1507 Sabinum-'³
1009 1472 1046 1507 Si
1076 1476 1117 1506 ut
1140 1471 1203 1506 ha-

109 1517 228 1552 biliter
256 1525 414 1560 gemmae
442 1516 518 1561 geri
553 1516 710 1561 possint,
744 1516 905 1552 inclusae
940 1527 1030 1552 auro
1061 1517 1204 1558 fuerint,

109 1567 184 1597 tum
208 1571 335 1596 aurum
357 1561 503 1606 gemmis
529 1561 678 1597 dicimus
703 1562 841 1598 cedere.

156 1605 204 1644 21
234 1606 464 1642 POMPONIUS
484 1607 576 1643 libro
599 1613 704 1642 sexto
730 1607 779 1642 ad
791 1606 963 1643 Sabinum
1001 1609 1043 1642 In
1057 1611 1205 1653 argento

110 1652 250 1697 potorio
276 1656 394 1687 utrum
419 1652 455 1687 id
478 1652 664 1687 dumtaxat
689 1653 745 1694 sit,
771 1654 807 1688 in
832 1665 902 1697 quo
917 1654 991 1689 bibi
1008 1654 1133 1698 possit,
1159 1664 1205 1688 an

109 1699 214 1733 etiam
238 1697 285 1737 id,
317 1697 413 1742 quod
436 1698 482 1733 ad
507 1698 818 1743 praeparationem
850 1699 993 1734 bibendi
1019 1709 1204 1744 compara-

109 1749 184 1779 tum
208 1747 279 1785 est,
311 1743 419 1778 veluti
444 1744 562 1779 colum
592 1744 766 1779 nivarium
796 1749 831 1779 et
862 1745 1016 1786 urceoli,
1048 1744 1206 1780 dubitari

108 1794 238 1834 potest.
298 1788 361 1824 sed
395 1789 544 1833 propius
580 1794 650 1831 est,
699 1794 739 1824 ut
774 1790 862 1825 haec
907 1801 1048 1835 quoque
1084 1790 1204 1826 insint.

115 1840 125 1869 l
178 1834 374 1878 Unguentis
405 1834 530 1879 legatis
555 1846 627 1870 non
656 1838 796 1870 tantum
822 1846 865 1870 ea
888 1835 1006 1880 legata
1030 1835 1204 1875 videntur,

110 1880 239 1924 quibus
258 1879 448 1923 unguimur
464 1880 658 1925 voluptatis
687 1891 809 1922 causa,
840 1881 903 1916 sed
921 1886 956 1916 et
979 1881 1205 1923 valetudinis,

110 1925 230 1970 qualia
260 1930 345 1960 sunt
374 1936 604 1969 commagena
633 1926 801 1970 glaucina
837 1926 937 1961 crina
966 1937 1051 1962 rosa
1086 1937 1204 1961 mura-

110 1971 250 2006 columG
275 1970 427 2005 nardum
451 1982 598 2015 purum:
629 1971 698 2006 hoc
729 1972 869 2015 quidem
901 1972 1007 2007 etiam
1037 1983 1108 2016 quo
1134 1972 1204 2007 ele-

109 2016 288 2061 gantiores
330 2015 402 2051 sint
445 2021 480 2051 et
521 2016 742 2058 mundiores,
792 2023 999 2062 unguuntur
1039 2017 1203 2053 feminae.

110 2067 128 2096 2
179 2061 249 2096 Sed
273 2060 315 2096 de
341 2061 575 2106 aquiminario
601 2062 747 2097 06331113
772 2063 822 2097 611
846 2063 1049 2098 consultum
1067 2073 1105 2098 se
1129 2073 1203 2098 res-

110 2106 289 2152 pondisse,
316 2117 396 2141 cum
420 2107 524 2142 alteri
548 2113 734 2152 argentum
759 2108 951 2152 potorium,
977 2108 1082 2144 alteri
1102 2119 1203 2144 esca-

110 2153 201 2187 rium
226 2152 382 2196 legatum
407 2159 511 2194 esset,
537 2153 675 2189 escario
702 2153 839 2188 cedere.

155 2195 209 2234 22
242 2197 436 2233 ULPIANUS
457 2199 548 2234 libro
575 2199 738 2234 vicesimo
770 2199 927 2234 secundo
958 2199 1008 2234 ad
1030 2198 1203 2234 Sabinum

110 2243 370 2279 Vestimentum
399 2243 436 2278 id
465 2247 520 2279 est
550 2243 645 2288 quod
669 2243 851 2279 detextum
881 2249 952 2286 est,
984 2244 1052 2280 etsi
1081 2244 1204 2280 desec-

109 2294 185 2324 tum
208 2299 280 2323 non
310 2288 447 2331 sit,¹id
477 2293 532 2324 est
561 2289 592 2324 si
622 2289 668 2324 sit
698 2294 994 2325 consummatum.
1044 2290 1138 2334 quod
1168 2290 1205 2324 in

110 2335 181 2369 tela
210 2338 265 2369 est
294 2333 451 2369 nondum
483 2339 685 2379 pertextum
703 2335 757 2370 vel
781 2335 972 2376 detextum,
999 2340 1205 2371 contextum

111 2379 324 2424 appellatur.
380 2379 539 2424 quisquis
569 2380 677 2425 igitur
706 2385 840 2416 vestem
869 2381 1054 2425 legaverit,
1091 2391 1205 2425 neque

112 2430 249 2460 stamen
274 2435 389 2469 neque
414 2425 601 2461 subtemen
625 2426 743 2470 legato
770 2426 1022 2462 continebitur.

156 2468 208 2507 23
233 2468 340 2505 IDEM
362 2470 452 2506 libro
485 2471 765 2515 quadraqesimo
796 2476 928 2517 quarto
958 2472 1007 2506 ad
1030 2471 1203 2508 Sabinum

117 2520 124 2549 1
180 2515 298 2551 Vestis
323 2526 370 2550 66
395 2516 604 2551 vestimenta
628 2510 801 2561 legentur,
832 2517 920 2552 nihil
944 2517 1065 2552 refert.
1115 2517 1203 2553 Ves-

110 2561 337 2596 timentorum
362 2564 446 2596 sunt
476 2561 594 2596 omnia
617 2561 721 2596 lanea
745 2562 908 2606 lineaque
932 2563 987 2597 vel
1011 2563 1127 2597 serica
1149 2563 1205 2598 vel

112 2606 336 2651 bombycina,
363 2616 455 2651 quae
478 2606 648 2642 induendi
673 2607 924 2651 praecingendi
937 2608 1126 2643 amiciendi
1150 2608 1202 2643 in-

111 2651 293 2687 sternendi
321 2651 489 2687 iniciendi
523 2652 784 2687 incubandive⁷
814 2663 925 2687 causa
959 2657 1087 2698 parata
1120 2657 1204 2689 sunt

111 2702 147 2732 et
161 2707 252 2742 quae
265 2697 320 2732 his
334 2697 549 2732 accessionis
569 2697 644 2732 vice
663 2697 804 2740 cedunt,
831 2708 922 2741 quae
943 2703 1027 2733 sunt
1048 2698 1176 2734 insitae
1191 2700 1204 2719 ¹³

112 2746 131 2777 2
178 2742 341 2787 picturae
367 2742 527 2786 clavique
558 2743 618 2786 qui
647 2743 804 2778 vestibus
834 2743 1036 2778 insuuntur.
1087 2744 1202 2779 Vesti-

112 2793 231 2823 menta
256 2787 373 2822 661616
397 2792 461 2822 aut
485 2787 599 2822 virilia
623 2791 707 2823 sunt
730 2792 794 2822 aut
817 2788 969 2832 puerilia
993 2793 1056 2823 aut
1078 2789 1202 2824 mulie-

112 2833 190 2868 bria
214 2837 278 2868 aut
296 2832 497 2868 communia
511 2838 574 2867 aut
593 2832 816 2868 familiai-ica.
864 2833 980 2868 virilia
993 2838 1086 2875 sunt,
1112 2845 1203 2878 quae

112 2878 224 2922 ipsius
248 2878 361 2922 patris
386 2878 542 2913 familiae
567 2889 677 2913 causa
701 2882 829 2923 parata
853 2883 947 2919 sunt,
973 2879 1083 2914 veluti
1101 2883 1204 2924 togae

112 2924 254 2958 tunicae
278 2923 423 2968 palliola
442 2923 649 2959 vestimenta
665 2924 824 2969 stragula
848 2925 1018 2969 amfitapa
1035 2925 1095 2959 et⁹
1119 2935 1204 2970 saga

112 2969 318 3013 reliquaque
350 2969 489 3004 similia.
544 2968 696 3013 puerilia
727 2974 829 3011 sunt,
863 2980 954 3014 quae
986 2969 1033 3004 ad
1065 2970 1204 3005 nullum

112 3014 220 3049 alium
244 3025 349 3049 usum
365 3015 544 3058 pertinent
560 3014 629 3049 nisi
646 3014 829 3059 puerilem,
854 3015 963 3050 veluti
979 3019 1083 3060 togae
1099 3025 1203 3060 prae-

113 3064 230 3094 textae
262 3059 414 3094 aliculae
447 3059 650 3104 chlamydes
690 3060 800 3104 pallia
831 3070 922 3105 quae
958 3060 1039 3096 filiis
1072 3060 1203 3096 nostris

115 3114 372 3148 comparamus.
419 3105 607 3140 muliebria
639 3109 740 3147 sunt,
777 3116 869 3150 quae
893 3105 1017 3141 matris
1049 3106 1204 3141 familiae

116 3160 225 3184 causa
249 3155 332 3185 sunt
357 3154 575 3194 comparata,
600 3150 729 3195 quibus
761 3151 814 3186 vir
838 3162 909 3186 non
933 3151 1039 3186 facile
1064 3151 1115 3185 uti
1140 3162 1203 3195 po-

115 3198 185 3229 test
209 3193 284 3230 sine
314 3195 593 3240 vituperatione,
619 3195 727 3230 veluti
750 3196 864 3232 stolae
889 3196 998 3241 pallia
1021 3196 1165 3231 tunicae
1180 3198 1206 3217 ¹⁰

116 3239 247 3283 capitia
269 3251 380 3275 zonae
396 3240 534 3282 mitrae,
558 3251 651 3285 quae
666 3241 777 3285 magis
796 3241 923 3285 capitis
941 3242 1082 3286 tegendi
1099 3252 1206 3287 quam

116 3284 264 3319 ornandi
300 3295 410 3320 causa
441 3290 525 3321 sunt
556 3291 781 3330 comparata,
819 3287 984 3331 plagulae
1017 3287 1203 3332 paenulae.

117 3329 318 3364 communia
342 3335 437 3373 sunt,
458 3331 587 3375 quibus
611 3332 813 3375 promiscue
838 3332 951 3367 utitur
974 3333 1101 3368 mulier
1125 3344 1206 3367 cum

115 3374 210 3416 viro,
242 3375 352 3409 veluti
374 3375 405 3410 si
427 3375 599 3411 eiusmodi
622 3377 777 3421 paenula
801 3377 989 3422 palliumve
1013 3382 1068 3413 631
1091 3382 1126 3413 61
1149 3388 1205 3413 re-

116 3419 213 3464 liqua
244 3419 464 3465 huiusmodi,
502 3421 631 3466 quibus
664 3422 739 3457 sine
770 3422 1045 3467 reprehensione
1075 3423 1131 3459 vel
1154 3424 1207 3458 vir

1193 118 1278 166 483

2103 120 2317 162 XXXlIll
2351 124 2374 162 2

1277 245 1332 280 vel
1356 255 1447 280 uxor
1472 248 1605 280 utatur.
1654 243 1865 278 familiarica
1894 247 1989 286 sunt,
2015 254 2106 288 quae
2131 243 2177 278 ad
2204 243 2375 279 familiam

1278 290 1498 326 vestiendam
1521 292 1651 335 parata
1674 293 1769 330 sunt,
1796 289 1902 324 sicuti
1926 300 2012 334 saga
2036 289 2179 324 tunicae
2200 290 2376 335 paenulae

1278 339 1296 371 3
1347 336 1458 371 lintea
1490 335 1699 371 vestimenta
1730 335 1892 378 stragula
1925 339 1959 370 et
1992 334 2200 371 consimilia.
2256 335 2376 372 Vestis

1278 381 1385 416 etiam
1410 392 1454 416 ex
1478 381 1631 426 pellibus
1657 379 1849 419 constabit,

1324 424 1374 463 24
1405 427 1562 462 mvnvs
1591 426 1681 462 libro
1714 425 1901 460 undecimo
1933 425 1981 460 ad
2005 425 2177 462 Sabinum
2235 438 2316 462 eum
2340 430 2376 463 et

1276 472 1418 507 tunicas
1443 476 1479 507 et
1503 471 1664 516 stragula
1686 470 1830 515 pellicia
1854 471 2016 505 nonnulli
2038 471 2207 507 habeant.

1323 515 1375 554 25
1409 517 1604 553 ULPIANUS
1626 517 1716 552 libro
1741 516 2019 562 qnudrayesimo
2045 522 2175 562 quarto
2201 518 2250 553 ad
2273 517 2375 554 Sabe·-

1277 574 1362 597 num
1411 564 1630 607 Argumento
1656 565 1741 597 sunt
1766 560 1872 596 ctiam
1897 561 2059 596 nationes
2084 563 2279 607 quaedam,
2316 574 2374 599 ve-

1282 611 1291 643 1
1346 608 1413 643 1611
1437 608 1694 648 Sarmatarum,
1731 617 1822 651 quae
1847 606 2001 651 pellibus
2025 612 2204 659 teguntur.
2252 609 2374 645 Aristo

1276 654 1383 689 etiam
1409 653 1575 688 coactilia
1600 652 1689 688 vesti
1715 651 1840 687 cedere
1866 651 1916 686 ait
1951 657 1986 687 61
2010 657 2201 697 tegimenta
2235 655 2373 699 supscl-

1277 702 1297 733 2
1345 699 1473 734 liorum
1498 698 1582 733 huic
1606 698 1724 742 legato
1751 697 1888 732 cedere.
1938 697 2057 733 Vittae
2088 700 2374 743 margaritarum,

1275 744 1359 780 item
1384 744 1518 779 fibulae
1543 747 1833 779 ornamentorum
1857 742 1970 787 magis
2007 753 2113 788 quam
2147 745 2254 780 vestis
2279 751 2372 781 sunt.

1277 793 1295 823 53
1345 789 1484 834 Tapeta
1508 788 1597 824 vesti
1621 788 1763 829 cedunt,
1790 798 1881 833 quae
1906 794 1969 823 aut
1993 788 2105 824 sterni
2130 795 2192 823 aut
2207 790 2289 825 inici
2315 802 2372 826 so-

1276 835 1367 870 lent:
1394 834 1456 870 sed
1481 834 1661 879 stragulas
1687 840 1722 869 et
1747 834 1971 879 babylonica,
1997 844 2089 878 quae
2106 835 2204 879 equis
2225 836 2373 871 insterni

1276 885 1293 915 4
1344 880 1471 923 solent,
1497 891 1568 915 non
1593 884 1680 924 puto
1696 879 1804 915 vestis
1821 890 1911 915 esse.
1957 879 2108 915 Fasciae
2130 881 2287 916 crurales
2312 892 2373 926 pc-

1276 926 1449 971 dulesque
1474 930 1509 960 et
1532 925 1656 970 inpilia
1672 925 1779 960 vestis
1805 925 1883 959 loco
1910 929 2004 966 sunt,
2031 925 2114 970 quia
2131 930 2269 970 partem
2295 938 2373 962 cor-

1275 971 1374 1017 poris
1398 971 1566 1006 vestiunt.
1615 970 1686 1005 alia
1711 981 1821 1005 causa
1845 974 1900 1005 est
1924 970 2135 1012 udonum¹¹‚
2162 972 2245 1015 quia
2271 983 2375 1008 usum

1276 1021 1294 1051 5
1344 1016 1659 1052 calciamentorum
1677 1020 1875 1060 praestant.
1925 1015 2121 1051 Cervicalia
2141 1027 2280 1061 quoque
2298 1028 2374 1053 ves-

1276 1066 1296 1097 6
1344 1062 1390 1098 113
1417 1062 1558 1098 nomine
1584 1061 1824 1096 continentur.
1875 1060 2008 1105 Siquis
2034 1061 2214 1096 addiderit
2232 1068 2375 1098 ‘vestem

1276 1108 1421 1150 ι366111’,
1455 1112 1606 1152 apparet
1638 1107 1682 1142 de
1714 1117 1756 1142 ea
1781 1117 1861 1141 eum
1893 1106 2067 1147 sensisse,
2101 1117 2206 1151 quam
2239 1108 2375 1153 ipsein

1276 1157 1292 1188 'a'
1343 1164 1430 1189 usus
1464 1164 1550 1189 suos
1581 1152 1719 1188 habuit.
1776 1151 1938 1187 Culcitae
1978 1152 2085 1187 etiam
2118 1153 2226 1188 vestis
2257 1160 2374 1188 erunt.

1276 1202 1295 1234 8
1345 1200 1432 1234 11661
1476 1198 1589 1243 pelles
1637 1197 1806 1242 caprinae
1849 1203 1885 1233 61
1920 1197 2070 1242 agninae
2115 1198 2221 1234 vestis
2258 1205 2374 1234 erunt.

1275 1248 1295 1279 9
1343 1244 1513 1280 Muliebri
1544 1248 1640 1279 veste
1673 1244 1791 1288 legata
1823 1248 1858 1278 et
1894 1243 2093 1278 infantilem
2134 1244 2308 1280 contineri
2340 1250 2375 1280 ct

1275 1290 1475 1335 puellarum
1501 1294 1536 1324 et
1561 1289 1735 1334 virginum
1758 1289 1978 1333 Pomponius
2003 1288 2094 1324 libro
2120 1289 2285 1325 vicesimo
2319 1301 2374 1326 se-

1276 1335 1394 1371 cundo
1413 1335 1459 1370 ad
1476 1335 1650 1370 Sabinum
1669 1339 1766 1370 recte
1786 1334 1928 1370 scribit:
1954 1334 2120 1370 mulieres
2140 1335 2235 1370 enim
2254 1347 2374 1372 omnes

1279 1385 1318 1416 10
1368 1381 1457 1422 (1161,
1496 1390 1743 1425 quaecumque
1775 1390 1882 1415 sexus
1914 1379 2074 1414 feminini
2106 1385 2201 1415 sunt.
2260 1383 2374 1416 Orna-

1275 1430 1395 1462 menta
1426 1426 1615 1462 muliebria
1647 1431 1750 1466 sunt,
1787 1426 1917 1470 quibus
1952 1425 2081 1460 mulier
2111 1431 2282 1466 6166161,
2316 1438 2374 1462 vc-

1275 1472 1340 1507 luti
1376 1472 1522 1507 inaures
1561 1471 1722 1506 armillae
1758 1471 1904 1506 viriolae
1944 1470 2043 1505 anuli
2075 1476 2220 1515 praeter
2258 1472 2375 1516 signa-

1275 1517 1388 1553 torios
1412 1522 1448 1553 et
1472 1517 1607 1558 omnia,
1641 1527 1732 1562 quae
1765 1516 1811 1551 ad
1841 1516 1949 1551 aliam
1981 1526 2055 1552 rem
2080 1517 2215 1551 nullam
2240 1528 2372 1562 paran-

1275 1568 1354 1604 tur,
1386 1562 1455 1598 nisi
1488 1562 1648 1607 corporis
1685 1562 1836 1597 ornandi
1870 1572 1999 1597 causa:
2042 1573 2112 1606 quo
2149 1573 2192 1597 ex
2226 1574 2373 1599 numero

1276 1609 1381 1643 etiam
1407 1609 1496 1643 haec
1521 1613 1623 1644 sunt:
1656 1618 1783 1643 aurum
1808 1618 1967 1652 gemmae
1999 1607 2128 1652 lapilli,
2162 1608 2244 1652 quia
2268 1609 2374 1643 aliam

1274 1654 1410 1689 nullam
1439 1654 1476 1689 in
1500 1664 1539 1689 se
1564 1654 1753 1688 utilitatem
1785 1653 1930 1688 habent.
1984 1652 2139 1688 mundus
2171 1654 2330 1689 mulieris
2350 1656 2375 1675 ¹²

1276 1704 1341 1741 est,
1368 1710 1439 1744 quo
1463 1699 1591 1734 mulier
1614 1699 1781 1734 mundior
1805 1698 1864 1733 fit:
1899 1698 2128 1733 continentur
2160 1709 2201 1733 66
2228 1700 2375 1743 specula

1275 1746 1431 1780 matulae
1458 1748 1638 1789 unguenta
1663 1754 1748 1779 vasa
1773 1743 2011 1787 unguentaria
2035 1748 2070 1778 et
2095 1743 2125 1779 si
2151 1754 2221 1788 qua
2246 1744 2375 1780 similia

1276 1791 1346 1826 dici
1377 1796 1547 1835 possunt,
1589 1790 1699 1825 veluti
1730 1789 1859 1824 lavatio
1896 1789 2023 1824 riscus,
2084 1794 2374 1825 ornamentorum

1275 1837 1382 1871 haec:
1416 1835 1524 1871 vittae
1556 1836 1682 1870 mitrae
1714 1835 1929 1870 semimitrae
1962 1834 2141 1869 calantica
2172 1845 2261 1871 acus
2294 1847 2375 1870 cum

1275 1881 1479 1926 margarita,
1505 1891 1611 1926 quam
1635 1880 1801 1915 mulieres
1825 1880 1957 1915 habere
1973 1879 2099 1920 solent,
2125 1880 2278 1915 reticula
2296 1892 2373 1916 cro-

1276 1927 1444 1972 cyfantia.
1501 1927 1595 1961 sicut
1627 1931 1662 1961 et
1692 1925 1820 1961 mulier
1852 1930 1971 1970 potest
2003 1935 2082 1960 esse
2119 1926 2270 1968 munda,
2302 1938 2373 1961 non

1275 1978 1394 2007 tamen
1418 1976 1565 2013 ornata,
1599 1976 1639 2006 ut
1671 1971 1764 2007 solet
1797 1971 2002 2015 contingere
2034 1970 2072 2005 in
2104 1970 2178 2012 his,
2212 1982 2303 2015 quae
2335 1983 2375 2007 se

1275 2017 1544 2053 emundaverInt
1567 2017 1663 2052 lotae
1687 2017 1724 2051 in
1748 2016 1875 2052 balneo
1896 2026 2010 2060 neque
2034 2026 2073 2051 se
2091 2017 2313 2051 ornaverint:
2339 2023 2375 2052 et

1275 2068 1402 2098 contra
1426 2067 1481 2098 est
1504 2063 1626 2108 aliqua
1649 2073 1693 2097 ex
1718 2072 1841 2097 somno
1861 2061 1982 2097 statim
1999 2066 2138 2101 ornata,
2164 2067 2374 2097 nontamen

1281 2112 1312 2143 11
1368 2108 1621 2143 conmundata.
1677 2107 1876 2152 Margarita
1901 2107 1931 2142 si
1963 2118 2035 2142 666
2068 2107 2187 2142 361616
2211 2112 2296 2143 sunt
2318 2108 2374 2143 vel

1275 2153 1335 2199 qui
1352 2154 1413 2189 alii
1438 2153 1574 2198 lapides
1601 2153 1644 2195 (si
1669 2153 1811 2197 quidem
1834 2152 2041 2197 exemptiles
2059 2152 2157 2193 sint),
2185 2152 2374 2188 dicendum

1275 2204 1330 2235 est
1348 2204 1638 2235 ornamentorum
1662 2199 1742 2234 loco
1767 2198 1908 2234 haberi:
1942 2198 2006 2233 sed
2031 2198 2121 2239 etsi
2145 2198 2181 2232 in
2206 2198 2275 2234 hoc
2301 2199 2372 2234 sint

1275 2245 1423 2280 resoluti
1456 2249 1495 2279 ut
1528 2248 1808 2289 componantur,
1840 2248 2130 2279 ornamentorum
2162 2243 2242 2279 loco
2274 2250 2369 2279 sunt.

1275 2290 1370 2335 quod
1394 2290 1424 2326 si
1456 2289 1575 2325 adhuc
1608 2290 1679 2325 sint
1710 2289 1817 2325 rudes
1849 2289 1963 2333 lapilli
1993 2289 2046 2324 vel
2078 2289 2292 2334 margaritae
2318 2289 2374 2324 vel

1273 2346 1450 2380 gemmae,
1484 2338 1774 2370 ornamentorum
1814 2335 1893 2370 loco
1925 2345 1996 2369 non
2036 2339 2157 2377 erunt,
2200 2334 2270 2370 nisi
2301 2334 2373 2369 alia

1273 2392 1372 2416 mens
1397 2381 1466 2416 fuit
1489 2381 1666 2422 testantis,
1700 2380 1760 2425 qui
1785 2381 1874 2415 haec
1900 2390 2050 2424 quoque,
2077 2390 2168 2424 quae
2191 2379 2236 2414 ad
2265 2390 2370 2415 orna-

1274 2431 1394 2462 menta
1418 2431 1620 2471 paraverat,
1647 2430 1938 2461 ornamentorum
1963 2425 2042 2460 loco
2069 2431 2103 2460 et
2128 2425 2370 2469 appellatione

1280 2475 1317 2506 12
1366 2472 1620 2517 comprehendi
1644 2471 1766 2506 voluit.
1817 2471 2014 2514 Unguenta,
2041 2470 2171 2514 quibus
2196 2470 2370 2506 valetudi-

1275 2517 1329 2553 nis
1356 2528 1466 2553 causa
1491 2518 1693 2561 unguimur,
1718 2516 1850 2551 mundo
1877 2527 1948 2551 non
1972 2516 2207 2550 continentur.

1320 2560 1373 2600 26
1400 2562 1559 2598 Panas
1579 2562 1669 2598 libro
1696 2562 1883 2597 undecimo
1908 2561 1958 2595 ad
1981 2560 2154 2596 Sabinum
2202 2561 2371 2605 Quamvis

1274 2608 1448 2653 quaedam
1472 2618 1517 2643 ex
1542 2612 1640 2643 veste
1670 2608 1783 2652 magis
1814 2610 1962 2641 ornatus
1993 2605 2129 2650 gratia,
2162 2617 2268 2651 quam
2301 2617 2370 2651 quo

1274 2665 1405 2698 corpus
1429 2659 1563 2697 tegant,
1597 2656 1868 2697 comparentur,
1898 2656 2017 2686 tamen
2042 2651 2137 2704 quod
2161 2662 2202 2687 eo
2230 2652 2372 2687 nomine

1274 2699 1345 2734 sint
1369 2706 1522 2743 reperta,
1548 2699 1668 2743 potius
1693 2697 1859 2733 habenda
1875 2707 1954 2732 esse
1969 2700 2076 2732 1163113
2101 2707 2250 2732 61116616
2265 2708 2370 2742 quam

1273 2750 1576 2779 ornamentorum.
1625 2743 1787 2778 similiter
1812 2746 2100 2778 ornamentorum
2123 2753 2202 2778 esse
2216 2747 2369 2784 constat,

1273 2790 1402 2834 quibus
1427 2790 1481 2824 uti
1504 2790 1670 2824 mulieres
1696 2787 1892 2823 venustatis
1917 2791 1953 2822 et
1978 2792 2126 2823 ornatus
2152 2798 2263 2823 66636
2289 2799 2368 2823 666-

1274 2839 1414 2879 1161661,
1440 2845 1555 2880 neque
1578 2834 1724 2875 referre,
1750 2834 1779 2869 si
1805 2832 1979 2877 quaedam
2004 2843 2128 2868 eorum
2145 2833 2254 2867 alium
2279 2845 2367 2878 quo-

1273 2891 1342 2925 que
1374 2891 1478 2915 usum
1516 2880 1729 2924 praebeant,
1766 2878 1873 2913 sicuti
1906 2878 2033 2913 mitrae
2070 2882 2104 2912 et
2138 2878 2368 2914 anademata:

1273 2925 1432 2970 quamvis
1457 2925 1551 2960 enim
1576 2935 1707 2969 corpus
1737 2927 1877 2968 tegant,
1912 2927 2032 2958 tamen
2065 2929 2367 2965 ornamentorum,

1273 2981 1344 3006 non
1368 2970 1474 3005 vestis
1499 2981 1587 3005 esse.

1320 3014 1370 3052 27
1405 3015 1600 3050 ULPJANUS
1621 3014 1711 3049 libro
1737 3013 2017 3059 qnadraqesimo
2043 3019 2175 3059 quarto
2200 3014 2249 3048 ad
2266 3014 2368 3048 Sabi-

1274 3073 1357 3096 num
1405 3060 1557 3104 Quintus
1583 3059 1726 3094 Mucius
1751 3059 1842 3094 libro
1867 3059 2023 3094 secundo
2057 3059 2144 3094 iuris
2178 3058 2289 3093 civilis
2319 3058 2369 3093 ita

1273 3106 1397 3141 definit
1421 3110 1607 3149 argentum
1631 3105 1767 3139 factum
1799 3115 1861 3139 vas
1893 3109 2102 3149 argenteum
2135 3104 2245 3138 videri
2277 3114 2367 3138 esse.

1280 3156 1287 3184 1
1342 3152 1399 3186 Α6
1431 3151 1490 3185 6111
1521 3154 1706 3195 argentum
1738 3159 1841 3185 omne
1872 3149 2027 3194 legatum
2059 3154 2133 3192 est,
2170 3150 2202 3184 ei
2235 3148 2368 3183 nummi

1275 3207 1415 3241 quoque
1439 3196 1547 3240 legati
1571 3206 1649 3231 esse
1666 3195 1863 3236 videantur,
1888 3195 2084 3239 quaeritur.
2132 3199 2168 3229 et
2193 3204 2255 3238 ego
2280 3198 2367 3237 puto

1275 3253 1346 3277 non
1371 3241 1563 3276 contineri:
1590 3252 1660 3276 non
1685 3240 1791 3275 facile
1815 3240 1908 3274 enim
1933 3240 2120 3285 quisquam
2139 3238 2276 3282 argenti
2301 3250 2364 3272 nu-

1274 3298 1371 3322 mero
1405 3297 1565 3321 nummos
1598 3289 1791 3330 computat.
1846 3285 1931 3320 item
1957 3290 2102 3330 argento
2127 3284 2224 3318 facto
2251 3284 2365 3327 legato

1275 3338 1373 3377 puto,
1400 3331 1468 3366 nisi
1493 3331 1673 3367 evidenter
1697 3336 1823 3366 contra
1847 3330 2001 3366 sensisse
2026 3334 2231 3365 testatorem
2255 3338 2365 3372 appa-

1276 3384 1294 3412 2
1342 3382 1430 3419 1661,
1457 3387 1618 3412 nummos
1634 3388 1705 3412 1166
1719 3375 1904 3411 contineri.
1952 3376 2109 3419 Argento
2128 3373 2224 3409 omni
2238 3373 2366 3416 legato,

1276 3422 1371 3468 quod
1396 3433 1500 3457 suum
1523 3427 1635 3465 esset,
1668 3422 1744 3457 sine
1776 3420 1885 3456 dubio
1909 3431 1980 3455 666
2011 3420 2160 3454 debetur
2183 3418 2238 3460 id,
2270 3417 2364 3462 quod

118 3536 157 3575 (1)
183 3534 357 3576 expressim
370 3535 404 3567 F
495 3538 536 3576 (2)
561 3547 708 3577 gemmae
721 3540 830 3569 autem
843 3540 922 3569 sunt
933 3536 1124 3579 perlucidae
1138 3548 1206 3569 ma-

118 3580 219 3612 teriae
232 3581 293 3613 del.
435 3582 476 3620 (3)
501 3583 540 3612 61
551 3581 680 3614 obsiani
692 3582 885 3614 venientani
898 3583 931 3614 F
1060 3586 1102 3622 (4)
1127 3582 1208 3624 quia

119 3626 244 3657 concha
274 3625 363 3668 apud
401 3624 539 3657 rubrum
569 3637 659 3659 mare
688 3627 805 3659 crescit
837 3630 869 3660 et
898 3627 928 3659 61
959 3626 1114 3660 coalescit
1141 3641 1204 3661 scr.

119 3672 161 3709 (5)
184 3671 203 3703 l.
218 3674 409 3715 20sortasse
421 3671 535 3714 incipit
547 3684 567 3703 a
580 3684 645 3705 voc.
660 3672 863 3705 Secundum:
884 3673 1047 3715 Ulpianus
1059 3674 1139 3707 enim
1154 3686 1207 3706 ea-

120 3716 188 3747 dem
191 3717 268 3757 sere
282 3717 365 3749 dixit
380 3720 394 3754 5
411 3722 441 3749 13
536 3718 578 3757 (6)
603 3727 836 3760 murraeopum
846 3731 909 3751 scr.
1011 3720 1052 3759 (τ)
1077 3718 1206 3751 1661116-

121 3759 258 3793 handive
272 3761 304 3792 F
438 3762 481 3801 (8)
508 3761 638 3794 insutae
651 3774 704 3795 scr
852 3765 896 3804 (9)
921 3763 1131 3805 amphitapae
1142 3777 1203 3796 scr.

1277 3540 1336 3577 (10)
1362 3536 1470 3578 pallae
1494 3537 1628 3569 tunicae
1659 3538 1719 3578 (sic
1743 3537 1781 3569 P.
1803 3537 1927 3575 Faber)
1959 3535 2010 3567 vel
2030 3532 2270 3576 pallietunieae
2301 3545 2363 3567 scr.

1278 3585 1332 3621 (11)
1359 3582 1533 3615 donumF
1611 3584 1669 3622 (12)
1695 3581 1866 3613 muliebris
1880 3581 1961 3612 Hal.
2047 3581 2104 3618 (13)
2133 3583 2197 3617 §10
2211 3585 2276 3610 toea
2288 3591 2363 3620 per-

1278 3629 1409 3660 turbata
1423 3634 1486 3660 est.-
1508 3628 1646 3670 aliquem
1660 3629 1803 3660 ordinem
1817 3627 1964 3659 restitues
1978 3624 2138 3666 capitibus
2158 3625 2365 3665 transpositis

1276 3674 1339 3706 sic.-
1359 3672 1455 3704 Sicut
1471 3671 1592 3705 mulier
1649 3672 1858 3711 ornaverint,
1878 3674 1993 3702 eontra
2011 3670 2059 3700 est
2129 3667 2362 3700 conmundata.

1276 3717 1467 3751 Mundus..
1480 3718 1595 3751 riscus.
1620 3720 1815 3750 ornamenta
1887 3714 2021 3747 habent.
2047 3715 2316 3746 ornamentorum

1276 3763 1514 3806 croeyphantia

2026 3815 2047 3849 6
2052 3819 2066 3848 1
2073 3815 2090 3834 ⁸¹
