2528 3918
185 119 379 162 xxm1

186 240 403 285 neglegentia
428 249 550 274 crassa
573 243 637 274 aut
658 239 768 275 nimia
790 240 962 276 securitas
993 239 1079 275 satis
1104 239 1269 285 expedita

187 285 233 321 sit
258 294 372 329 neque
395 283 569 319 delatoria
594 285 780 320 curiositas
805 285 974 329 exigatur.

232 327 255 365 7
281 329 527 364 PAPINIANUS
569 328 659 364 libro
703 340 797 364 nono
841 330 980 365 decimo
1019 329 1268 375 quaestionum

207 374 276 410 uris
311 373 511 418 ignorantia
546 383 617 408 non
651 374 796 419 prodest
831 374 1016 419 adquirere
1058 372 1267 415 volentibus,

201 429 290 460 uum
313 428 396 453 vero
421 418 624 469 petentibus
648 429 720 454 non
744 424 859 454 nocet.

231 460 254 500 8
279 462 387 498 low
406 462 497 498 libro
514 463 637 508 primo
669 463 914 509 definitionum
960 462 1072 498 Error
1102 461 1190 497 facti
1223 472 1268 497 ne

187 508 342 542 maribus
366 507 507 552 quidem
525 508 561 542 in
583 507 719 543 damnis
732 509 786 543 vel
806 506 1022 552 compendiis
1043 506 1155 549 obest,
1180 506 1267 542 iuris

185 557 303 587 autem
328 562 426 587 error
449 562 515 587 nec
538 551 676 588 feminis
707 553 743 588 in
768 551 982 597 compendiis
1012 551 1174 596 prodest:
1209 561 1267 587 ce-

186 602 300 631 terum
324 596 488 632 omnibus
519 596 607 632 iuris
631 607 729 633 error
752 597 788 632 in
820 596 955 632 damnis
979 596 1195 632 amittendae
1216 595 1268 631 rei

185 651 271 677 suae
294 652 366 676 non
389 644 505 676 nocet.

229 684 254 723 9
279 685 335 720 ΡΑ
343 695 438 721 nus
464 685 554 722 libro
585 685 767 730 sinqulori
794 685 838 720 de
869 686 960 720 iuris
990 689 1026 720 et
1046 685 1144 737 facti
1165 685 1267 731 ἑρπο-

183 731 304 766 rantia
353 730 491 776 Regula
521 734 576 766 est
611 730 696 764 iuris
721 730 860 781 quidem
882 730 1117 775 ignorantiam
1141 730 1268 774 cuique

184 784 324 818 nocere,
347 774 434 810 facti
458 785 539 811 vero
563 775 796 819 ignorantiam
827 785 900 809 non
922 784 1061 810 nocere.
1086 774 1267 810 videamus

183 820 300 865 igitur,
324 820 362 854 in
385 820 512 865 quibus
536 820 719 865 speciebus
743 820 860 854 locum
884 819 1015 854 habere
1036 819 1159 864 possit,
1185 822 1268 854 ante

185 864 380 916 praemisso
406 865 501 910 quod
532 864 725 899 minoribus
756 864 789 898 vi
815 864 822 871 '
850 863 877 898 ti
908 864 1063 909 quinque
1086 863 1189 899 annis
1211 864 1267 899 ius

185 919 347 954 ignorare
377 910 587 955 permissum
617 913 680 943 est.
714 918 783 953 quo
841 912 877 944 et
905 909 942 943 in
964 908 1103 944 feminis
1126 909 1164 943 in
1187 908 1264 954 qui-

183 954 335 989 busdam
358 954 475 989 causis
499 957 646 999 propter
667 963 774 988 sexus
797 953 1036 988 infirmitatem
1059 953 1206 988 dicitur:
1231 956 1268 988 et

182 998 261 1034 ideo
297 999 410 1034 sicubi
444 1009 516 1034 non
551 1002 604 1033 est
628 998 805 1041 delictum,
830 998 892 1034 sed
905 999 915 1019 ¹
948 998 1034 1033 iuris
1057 998 1266 1042 ignorantia,

184 1054 256 1079 non
279 1043 478 1078 laeduntur.
505 1044 572 1078 hac
595 1043 732 1077 ratione
763 1043 793 1078 si
824 1043 938 1078 minor
968 1042 1089 1087 viginti
1113 1043 1268 1088 quinque

183 1088 285 1124 aunis
317 1088 388 1123 filio
421 1087 573 1123 familias
605 1087 810 1129 crediderit,
835 1087 1041 1123 subvenitur
1066 1088 1107 1129 ei,
1132 1091 1172 1122 ut
1194 1097 1267 1122 non

187 1136 203 1168 1
251 1132 412 1168 videatur
434 1132 506 1168 filio
530 1132 682 1167 familias
703 1132 902 1167 credidisse.
938 1132 976 1167 Si
999 1132 1092 1167 filius
1115 1132 1267 1167 familias

183 1178 282 1214 miles
305 1187 327 1212 a
351 1177 587 1213 commilitone
605 1177 707 1211 heres
730 1176 913 1212 institutus
934 1177 1071 1212 nesciat
1082 1177 1150 1212 sibi
1161 1177 1268 1212 etiam

185 1222 261 1258 sine
284 1226 386 1267 patre
408 1222 516 1257 licere
539 1221 636 1256 adire
659 1232 723 1266 per
747 1221 1018 1257 constitutiones
1041 1221 1266 1267 principales,

182 1267 237 1302 ius
273 1267 434 1312 ignorare
464 1270 582 1311 potest
612 1270 648 1301 et
670 1266 750 1301 ideo
775 1266 807 1301 ei
838 1266 913 1302 dies
937 1266 1128 1301 aditionis²
1160 1266 1265 1302 cedit.

183 1314 203 1346 2
251 1311 321 1347 Sed
344 1311 431 1346 facti
453 1311 653 1356 ignorantia
675 1311 726 1346 ita
749 1310 890 1346 demum
911 1311 1038 1356 cuique
1054 1321 1127 1346 non
1150 1314 1265 1352 nocet,

183 1356 214 1392 si
238 1366 310 1391 non
334 1357 366 1391 ei
389 1365 527 1391 summa
549 1355 769 1408 neglegentia
792 1356 985 1391 obiciatur:
1011 1355 1096 1401 quid
1120 1356 1212 1390 enim
1235 1355 1266 1391 si

183 1411 305 1436 omnes
337 1401 374 1435 in
399 1400 540 1436 civitate
563 1404 689 1443 sciant,
714 1400 810 1445 quod
831 1401 890 1436 ille
913 1401 1010 1436 solus
1034 1400 1198 1445 ignorat?
1232 1404 1268 1435 et

182 1449 279 1481 recte
313 1445 435 1480 Labeo
482 1445 604 1480 definit
646 1445 830 1481 scientiam
877 1455 992 1490 neque
1037 1445 1267 1485 curiosissimi

182 1500 296 1535 neque
335 1490 628 1535 neglegentissimi
661 1490 813 1526 hominis
848 1489 1110 1535 accipiendam,
1146 1500 1266 1525 verum

182 1535 276 1576 eius,
302 1535 364 1579 qui
399 1545 479 1570 cum
510 1545 587 1570 eam
621 1545 696 1570 rem
729 1538 770 1570 ut
778 1535 804 1577 ³,
839 1535 1021 1579 diligenter
1055 1534 1265 1586 inquirendo

182 1582 202 1615 3
249 1582 370 1614 notam
393 1580 525 1615 habere
554 1580 679 1625 possit.
727 1579 797 1614 Sed
819 1579 905 1615 iuris
936 1580 1170 1624 ignorantiam
1194 1590 1266 1615 non

180 1624 350 1669 prodesse
380 1624 503 1660 Labeo
533 1624 585 1659 ita
615 1624 860 1670 accipiendum
891 1625 1085 1666 existimat,
1118 1625 1148 1659 si
1178 1625 1265 1659 iuris

181 1669 336 1704 consulti
360 1669 500 1714 copiam
522 1669 671 1704 haberet
692 1669 748 1704 vel
771 1679 837 1704 sua
859 1669 1049 1714 prudentia
1070 1669 1265 1704 instructus

181 1713 244 1756 sit,
280 1717 339 1756 ut,
372 1714 430 1749 cui
461 1713 567 1750 facile
598 1714 644 1749 sit
678 1714 788 1756 scire,
820 1714 853 1750 ei
876 1713 1086 1749 detrimento
1110 1714 1158 1749 sit
1178 1714 1266 1749 iuris

181 1761 202 1793 4
247 1758 490 1803 ignorantia⁴z
522 1758 619 1804 quod
649 1769 732 1794 raro
776 1758 853 1794 acci
879 1758 1021 1794 iendum
1064 1762 1129 1794 est.
1198 1758 1266 1803 Qui

180 1803 354 1848 ignoravit
383 1803 562 1839 dominum
593 1813 671 1839 esse
700 1803 753 1839 rei
782 1770 1017 1846 venditorem,
1049 1803 1130 1849 plus
1160 1803 1197 1838 in
1226 1813 1266 1839 re

182 1852 247 1889 est,
273 1858 379 1893 quam
401 1849 438 1883 in
462 1848 717 1884 existimatione
740 1848 909 1884 mentis⁵x
944 1852 981 1884 et
1009 1847 1101 1891 ideo,
1125 1847 1267 1883 tametsi

181 1892 356 1928 existimet
373 1903 412 1928 se
428 1903 501 1928 non
520 1903 542 1928 a
561 1893 702 1929 domino
723 1903 849 1935 emere,
869 1897 1000 1934 tamen,
1024 1893 1055 1928 si
1077 1903 1100 1928 a
1123 1892 1264 1928 domino

180 1939 200 1971 5
248 1937 279 1972 ei
297 1937 471 1980 tradatur,
493 1937 655 1973 dominus
677 1938 840 1973 efficitur.
877 1937 916 1973 Si
935 1938 1013 1983 quis
1033 1938 1088 1973 ius
1099 1937 1265 1982 ignorans

179 1981 255 2026 lege
279 1981 439 2017 Falcidia
461 1992 548 2018 usus
579 1993 652 2018 non
675 1983 740 2025 sit,
766 1983 918 2019 “nocere
948 1982 978 2018 ei
1004 1982 1090 2018 dicit
1113 1982 1266 2028 epistula

1246 117 1333 167 294

2023 132 2083 163 DF}
2113 131 2407 166 SPONSALIPus

1335 239 1405 275 divi
1425 238 1491 275 Pii.
1515 238 1580 275 sed
1602 242 1639 275 et
1659 238 1891 291 imperatores
1914 239 2064 277 Severus
2087 244 2124 277 et
2144 241 2346 278 Antoninus
2376 243 2412 279 in

1334 284 1424 320 haec
1464 283 1573 319 verba
1613 287 1893 329 rescripserunt:
1946 284 2060 329 ‘Quod
2094 295 2139 322 ex
2172 296 2282 322 causa
2314 286 2413 322 fidei-

1336 328 1526 364 ‘commissi
1547 327 1744 364 indebitum
1767 328 1889 364 datum
1921 333 1985 372 est,
2017 330 2047 366 si
2069 340 2143 366 non
2173 340 2236 376 pei·
2259 341 2414 367 errorem

1335 373 1504 409 ‘solutum
1535 377 1607 415 est,
1639 372 1751 418 repeti
1781 384 1852 410 non
1892 378 2020 419 potest.
2065 375 2293 420 quamobrem
2323 375 2413 411 Gar-

1336 417 2183 507 ἶῗὲὲῗῗᾱἷθ”ξὲθὲᾒέὲῑ’ᾱῧῖῗωθῖεἷθεῗῒὲἒὲ
2203 420 2414 500 ἓξὲεὲεἳῗιῖῑ

1336 507 1506 542 ‘relictam
1518 517 1557 542 so
1572 506 1695 549 verint,
1707 517 1781 542 non
1800 507 1913 543 solum
1933 474 2116 544 cautiones
2128 519 2201 544 non
2212 514 2413 554 exegerunt,

1336 555 1440 597 ‘quae
1472 551 1650 596 interponi
1684 551 1818 595 solent,
1852 556 1893 588 ut
1949 553 2020 588 uod
2053 553 2204 599 amplius
2238 554 2415 599 cepissent

1335 596 1542 642 ‘municipes
1568 606 1675 641 quam
1697 606 1762 641 per
1791 596 1902 642 legem
1958 597 2121 633 alcidiam
2152 597 2311 634 licuisset
2333 598 2412 635 red·

1335 640 1480 683 ‘derent,
1504 650 1627 676 verum
1650 640 1755 676 etiam
1778 641 1937 687 stipulati
1967 645 2061 684 sunt,
2085 652 2131 677 ne
2153 653 2197 678 ea
2219 652 2356 678 summa
2377 643 2415 678 in

1336 685 1436 721 ‘alios
1470 695 1556 721 usus
1593 689 1857 721 converteretur
1898 690 1936 721 et
1970 686 2120 722 scientes
2150 686 2415 739 prudentesque

1336 730 1446 775 ‘passi
1467 734 1552 765 sunt
1575 739 1654 765 eam
1677 730 1863 775 pecuniam
1885 731 1922 766 in
1946 741 1966 766 o
1996 741 2036 766 us
2060 741 2174 784 aquae
2197 731 2326 767 ductus
2349 742 2413 767 im-

1334 777 1344 794 ‘
1372 774 1453 810 endi
1466 801 1475 817 ,
1510 774 1645 810 frustra
1685 775 1868 820 postulant
1900 775 1963 811 red
1991 776 1997 783 ·
2042 776 2109 811 sibi
2142 786 2165 811 a
2198 786 2238 812 re
2270 776 2415 822 publica

1335 822 1344 838 ‘
1364 819 1569 872 'irtepsium
1584 819 1685 864 quasi
1704 819 1784 872 plus
1805 819 1924 855 debito
1937 819 2106 863 dederint,
2120 831 2200 856 cum
2220 821 2268 856 sit
2278 825 2413 856 utrum-

1334 867 1818 954 133t¹2223¹¹ssz¹ze¹z5022¹22¹35
1841 865 2414 960 {Rssici‘ffsst'fffflffidussfflfi

1334 954 1454 989 ‘monii
1477 953 1532 989 sui
1555 953 1602 988 im
1629 953 1756 989 endere
1778 954 1815 988 in
1838 953 1875 988 id
1899 964 1998 999 opus,
2024 954 2119 999 quod
2141 958 2256 990 totum
2278 921 2415 990 agenae

1335 998 1567 1034 ‘liberalitatis
1579 1008 1602 1043 g
1615 998 1726 1034 oriam
1744 1008 1783 1033 re
1808 1002 1996 1034 raesentet.
2022 999 2119 1044 quod
2138 999 2169 1035 si
2186 999 2265 1035 ideo
2286 1000 2414 1045 repeti-

1334 1043 1477 1078 ‘tionem
1501 1043 1576 1078 eius
1626 1043 1772 1078 ecuniae
1821 1043 1927 1078 abere
1947 1043 2104 1087 credunt,
2123 1043 2220 1089 quod
2240 1044 2416 1090 imperitia

1334 1088 1438 1133 ‘lapsi
1467 1087 1553 1139 legis
1608 1087 1757 1123 alcidiae
1787 1088 1960 1123 beneficio
1992 1088 2048 1123 usi
2078 1099 2150 1124 non
2181 1092 2275 1131 sunt,
2299 1089 2415 1124 sciant

1335 1133 1580 1177 ‘ignorantiam
1613 1131 1719 1175 facti,
1754 1143 1827 1167 non
1867 1132 1954 1167 iuris
1994 1132 2165 1178 prodesse
2197 1143 2263 1169 nec
2298 1133 2415 1169 stultis

1335 1180 1355 1212 6
1402 1177 1528 1212 ‘solere
1551 1177 1721 1219 succurri,
1747 1177 1810 1212 sed
1834 1177 2058 1213 errantibus'.
2106 1177 2157 1212 Et
2186 1177 2271 1213 lieet
2300 1177 2413 1213 muni-

1334 1222 1452 1273 cipum
1474 1221 1604 1258 mentio
1628 1221 1666 1257 in
1687 1222 1756 1258 hac
1780 1222 1931 1267 epistula
1953 1221 2034 1265 fiat,
2066 1226 2186 1258 tamen
2209 1226 2245 1258 et
2266 1222 2304 1258 in
2325 1232 2414 1302 gua-

1333 1266 1420 1302 hbet
1449 1276 1603 1312 persona
1632 1266 1726 1302 idem
1759 1266 2016 1302 observabitur.
2049 1266 2112 1303 sed
2149 1276 2216 1302 nec
2253 1277 2323 1312 quo
2378 1267 2415 1302 in

1334 1321 1442 1356 opere
1465 1321 1580 1356 aquae
1603 1310 1733 1347 ductus
1758 1311 1884 1347 relicta
1907 1321 1986 1347 esse
2007 1311 2162 1357 pecunia
2191 1312 2414 1364 proponitur,

1332 1356 1370 1391 in
1391 1356 1489 1391 hunc
1513 1356 1628 1391 solum
1652 1366 1773 1392 casum
1797 1366 1937 1391 cessare
1959 1356 2204 1401 repetitionem
2227 1355 2414 1392 dicendum

1334 1404 1398 1436 est.
1424 1411 1507 1436 nam
1529 1401 1667 1436 initium
1691 1400 1952 1437 constitutionis
1980 1401 2142 1445 generale
2165 1405 2235 1436 est:
2269 1400 2413 1436 demon-

1333 1449 1424 1481 strat
1455 1446 1565 1488 enim,
1601 1446 1632 1480 si
1666 1456 1739 1481 non
1773 1456 1836 1491 per
1871 1455 2026 1481 errorem
2055 1445 2209 1482 solutum
2239 1445 2286 1482 sit
2315 1445 2413 1481 fidei-

1333 1490 1569 1532 commissum,
1593 1490 1687 1535 quod
1709 1490 1905 1525 indebitum
1927 1489 2016 1533 fuit,
2051 1501 2124 1527 non
2154 1500 2261 1536 posse
2282 1490 2412 1542 repeti:

1332 1535 1416 1570 item
1448 1539 1483 1570 et
1511 1535 1573 1570 illa
1603 1545 1687 1580 pars
1719 1545 1830 1580 aeque
1859 1535 2032 1580 generalis
2063 1539 2136 1578 est,
2167 1539 2208 1570 ut
2238 1534 2299 1580 qui
2327 1534 2414 1570 iuris

1333 1579 1534 1624 ignorantia
1572 1579 1658 1624 legis
1697 1579 1879 1615 Falcidiae
1916 1579 2087 1615 beneficio
2122 1579 2179 1615 usi
2212 1590 2284 1615 non
2318 1583 2413 1622 sunt,

1333 1635 1406 1660 non
1420 1625 1434 1645 ⁸
1455 1624 1596 1670 possint
1617 1628 1794 1670 repetere:
1825 1628 1867 1659 ut
1889 1624 2083 1660 secundum
2113 1624 2183 1660 hoc
2207 1624 2322 1670 possit
2344 1623 2415 1659 dici

1334 1669 1457 1711 etiam,
1489 1669 1519 1704 si
1550 1669 1721 1714 pecunia,
1753 1679 1845 1714 quae
1873 1679 1938 1714 per
1961 1668 2269 1705 fideicommissum
2291 1668 2414 1704 relicta

1333 1717 1388 1749 est
1417 1723 1579 1759 quaeque
1610 1714 1727 1749 soluta
1758 1718 1830 1757 est,
1862 1724 1935 1749 non
1972 1713 2019 1749 ad
2049 1713 2180 1759 aliquid
2212 1712 2414 1749 faciendum

1332 1758 1457 1794 relicta
1486 1759 1553 1801 sit,
1590 1763 1625 1794 et
1656 1759 1739 1794 licet
1769 1761 1979 1803 consumpta
2008 1769 2080 1794 non
2111 1758 2174 1801 sit,
2206 1758 2269 1794 sed
2299 1762 2414 1794 exstet

1332 1803 1429 1848 apud
1453 1813 1534 1839 eum
1558 1803 1616 1838 cui
1638 1803 1756 1839 soluta
1779 1807 1844 1847 est,
1870 1813 2011 1839 cessare
2033 1803 2288 1849 repetitionem.

1381 1846 1431 1886 10
1455 1847 1701 1884 Pammws
1728 1848 1820 1884 libro
1853 1851 1958 1884 sexto
1987 1858 2242 1894 responsorum
2295 1847 2412 1892 Impu-

1332 1892 1434 1928 beres
1469 1893 1544 1928 sine
1578 1896 1697 1928 tutore
1731 1897 1874 1938 agentes
1905 1892 1991 1928 nihil
2024 1902 2130 1938 posse
2159 1892 2214 1928 vel
2244 1892 2336 1928 scire
2358 1892 2412 1927 in·

1332 1937 1558 1983 telleguntur.

891 2480 1069 2530 LIBER
1098 2478 1414 2531 VIGESIM‘US
1444 2478 1708 2530 TERTIUS.

695 2606 747 2647 1⁹.

516 2672 576 2704 nn
603 2673 919 2706 SPONSALmUs.

229 2736 245 2773 1
274 2737 547 2773 onnwmws
575 2737 665 2773 libro
697 2739 801 2774 tertio
834 2739 1095 2774 institutionum
1142 2737 1258 2783 Spon-

177 2781 267 2817 salia
279 2786 362 2816 sunt
373 2782 536 2817 mentio¹⁰
548 2786 583 2816 et
594 2783 818 2834 repromissio
831 2783 1034 2828 nuptiarum
1045 2782 1257 2818 futurarum.

223 2824 248 2862 2
279 2825 472 2862 [limnas
492 2826 582 2861 libro
606 2828 788 2873 sznqulari
808 2827 852 2863 de
874 2828 1105 2874 sponsalibus
1139 2827 1259 2873 Spon-

177 2871 268 2906 salia
290 2875 408 2906 autem
431 2871 525 2908 dicta
548 2875 631 2906 sunt
653 2881 676 2906 a
699 2882 716 2907 s
743 2871 923 2908 ondendo:
955 2883 1039 2907 nam
1062 2872 1168 2908 moris
1192 2872 1261 2908 fuit

178 2915 353 2951 veteribus
377 2916 539 2960 stipulari
564 2920 599 2950 et
622 2926 711 2960 spon
738 2927 797 2953 cre
820 2917 887 2952 sibi
912 2927 1040 2952 uxores
1063 2917 1216 2960 futuras,

224 2957 247 2997 3
273 2960 547 2995 hommum
567 2960 657 2995 libro
682 2962 786 2997 tertio
810 2962 1071 2997 institutionum
1106 2962 1201 2998 unde
1224 2965 1260 2997 et

178 3004 300 3050 sponsi
324 3014 546 3049 sponsaeque
570 3006 760 3049 appellatio
785 3011 871 3042 nata
895 3010 958 3042 est.

223 3048 249 3086 4
280 3048 474 3084 [liptanas
501 3049 591 3084 libro
627 3051 809 3096 triqesimo
848 3052 973 3097 quinto
1005 3051 1055 3086 ad
1084 3050 1257 3087 Sabinum
1290 3062 1292 3069 ¹

178 3093 319 3129 Sufficit
349 3093 466 3128 nudus
499 3103 692 3129 consensus
723 3095 769 3131 ad
794 3095 1042 3132 constituenda
1065 3096 1255 3141 sponsalia.

180 3142 195 3173 1
244 3138 406 3183 Denique
429 3142 571 3173 constat
602 3142 637 3173 et
670 3140 808 3175 absenti
839 3141 1022 3176 absentem
1045 3140 1257 3186 desponderi

177 3193 294 3228 posse,
319 3187 356 3217 et
377 3182 446 3218 hoc
470 3182 614 3218 cottidie
637 3183 730 3219 fieri:

224 3227 247 3264 5
273 3227 501 3263 Pommos
515 3227 605 3262 libro
625 3233 729 3263 sexto
751 3230 886 3265 decimo
899 3230 949 3264 ad
959 3229 1131 3265 Sabinum
1167 3229 1256 3264 haec

177 3273 247 3314 ita,
279 3272 310 3308 si
339 3271 533 3308 scientibus
566 3272 622 3306 his
656 3274 716 3317 qui
739 3275 857 3309 absint
880 3274 1060 3320 sponsalia
1082 3274 1172 3309 fiant
1194 3278 1257 3308 aut

177 3317 207 3352 si
256 3322 358 3353 ostea
379 3320 497 3352 ratum
519 3316 717 3351 habuerint.

280 3360 473 3398 clamasos
492 3361 584 3397 libro
609 3362 789 3409 triqesimo
813 3366 918 3398 sexto
943 3363 992 3398 ad
1010 3362 1183 3398 Sabinum
1219 3362 1256 3397 Si

177 3407 318 3451 puellae
330 3410 466 3442 tutores
477 3405 523 3441 ad
542 3405 695 3440 finienda
708 3407 888 3451 sponsalia
900 3408 1061 3442 nuntium
1074 3407 1255 3449 miserunt,

177 3461 248 3487 non
270 3455 434 3496 putarem
457 3449 687 3486 suffecturum
711 3450 756 3485 ad
776 3451 1033 3486 dissolvendam
1054 3452 1256 3497 nuptiarum

177 3565 218 3605 (ι)
242 3563 299 3596 sod
323 3564 386 3597 del.
524 3567 567 3604 (2)
592 3573 658 3595 non
672 3564 731 3596 ine.
745 3563 817 3596 dett.
957 3564 999 3605 (3)
1025 3566 1074 3605 ut]
1089 3567 1183 3596 curet
1193 3575 1255 3597 scr.

178 3612 220 3649 (4)
268 3609 323 3641 oui
355 3619 421 3641 non
447 3608 545 3641 facile
569 3609 614 3640 sit
638 3608 729 3649 sciri,
754 3608 785 3639 oi
810 3608 1008 3640 detrimento
1033 3619 1100 3640 non
1124 3609 1170 3641 sit
1195 3610 1253 3641 ins.

178 3656 221 3693 (5)
246 3654 385 3686 ementis
398 3654 566 3686 Hei-aldus
680 3656 723 3694 (6)
748 3651 784 3684 id
798 3653 855 3685 ins.
969 3658 1011 3693 (τ)
1037 3652 1262 3695 cargilianiF

178 3702 222 3736 (8)
248 3708 312 3729 non
328 3700 401 3730 deu.
418 3710 485 3731 cum
499 3699 543 3735 Β,
558 3711 615 3730 om.
632 3698 664 3729 F

1290 2623 1294 2662 ε
1326 2613 1426 2649 spem
1448 2603 1543 2640 hunc
1561 2603 1735 2646 nuntium,
1758 2613 1830 2638 nou
1849 2602 1960 2648 magis
1980 2613 2087 2655 quam
2106 2602 2286 2655 sponsalia
2304 2612 2411 2648 posse

1327 2659 1387 2684 eos
1411 2649 1508 2684 solos
1532 2648 1760 2690 constituere,
1785 2647 1853 2683 nisi
1875 2647 1969 2683 forte
1992 2657 2110 2683 omma
2131 2651 2203 2683 ista
2223 2657 2267 2683 ex
2285 2647 2408 2683 volun-

1326 2697 1400 2728 tate
1448 2693 1563 2729 uellae
1585 2693 1685 2729 facta
1707 2693 1790 2728 sint.

1373 2735 1396 2774 7
1422 2704 1582 2774 ἳᾶυισε
1601 2738 1692 2773 libro
1716 2737 1897 2783 triqesimo
1929 2737 2054 2782 quinto
2087 2736 2137 2772 ad
2164 2736 2319 2788 edictum
2365 2736 2407 2771 In

1326 2783 1552 2828 sponsalibus
1575 2782 1663 2818 nihil
1681 2782 1839 2824 interest,
1860 2784 1980 2816 utrum
1999 2784 2142 2817 testatio
2162 2784 2409 2826 interponatur

1331 2831 1344 2862 1
1394 2837 1441 2862 an
1464 2827 1591 2873 aliquis
1611 2827 1687 2862 sine
1705 2826 1883 2871 scriptura
1901 2825 2086 2871 spondeat.
2121 2825 2163 2860 In
2183 2825 2408 2871 sponsalibus

1327 2872 1434 2907 etiam
1468 2881 1662 2908 consensus
1697 2881 1818 2906 eorum
1853 2870 2043 2916 exigendus
2078 2874 2150 2913 est,
2186 2880 2337 2915 quorum
2370 2869 2408 2905 in

1326 2916 1458 2962 nuptiis
1508 2916 1739 2952 desideratur.
1783 2915 1936 2960 intellegi
1977 2918 2097 2950 tamen
2137 2924 2275 2960 semper
2315 2913 2408 2950 filiae

1326 2969 1465 3041 patiiem
1491 2960 1701 3003 consentire,
1725 2960 1794 2996 nisi
1817 2959 1994 2996 evidenter
2018 2959 2220 3002 dissentiat,
2251 2958 2407 2995 lulianus

1326 3006 1397 3042 scri
1422 3006 1461 3041 it.

1373 3048 1396 3088 8
1426 3050 1547 3086 θᾼιυε
1573 3049 1664 3085 libro
1695 3049 1881 3085 undecimo
1913 3048 1963 3083 ad
2000 3047 2150 3084 edictum
2181 3047 2408 3095 provinciale

1326 3095 1442 3131 Furor
1465 3095 1550 3140 quin
1573 3094 1798 3138 sponsalibus
1831 3092 2078 3138 impedimento
2109 3092 2173 3135 sit,
2196 3092 2277 3138 plus
2301 3102 2407 3137 quam

1325 3139 1551 3218 manifeztum
1590 3141 1666 3174 est:
1705 3138 1768 3173 sed
1797 3142 1923 3184 postea
1961 3137 2193 3172 interveniens
2228 3136 2408 3182 sponsalia

1326 3195 1397 3220 non
1421 3185 1457 3219 in
1471 3183 1586 3218 'rmat.

1371 3227 1396 3266 9
1428 3228 1621 3264 [liemarus
1648 3227 1737 3262 libro
1769 3227 1950 3273 triqesimo
1981 3227 2105 3272 quinto
2136 3226 2186 3259 ad
2215 3225 2365 3260 edictum
2380 3226 2405 3246 ¹¹

1290 3274 1291 3280 ’
1325 3273 1529 3317 Quaesitum
1554 3276 1608 3307 est
1631 3272 1727 3317 apud
1746 3272 1931 3313 Iulianum,
1951 3280 1998 3305 an
2017 3270 2197 3315 sponsalia
2215 3270 2298 3311 sint,
2322 3273 2406 3304 ante

1325 3317 1572 3353 duodecimum
1596 3327 1727 3351 annum
1752 3316 1781 3351 si
1811 3315 1943 3351 fuerint
1966 3315 2110 3359 nuptiae
2134 3314 2284 3349 collatae
2296 3314 2335 3349 ¹².
2371 3317 2407 3349 et

1325 3373 1399 3398 sem
1426 3372 1464 3396 er
1487 3361 1665 3396 Labeonis
1689 3361 1899 3396 sententiam
1927 3359 2074 3411 probavi
2109 3358 2352 3400 existimantis,
2375 3357 2407 3393 si

1327 3408 1387 3452 qui
1413 3417 1467 3441 em
1491 3406 1751 3450 praecesserint
1780 3404 1977 3450 sponsaha,
2010 3403 2139 3438 durare
2170 3413 2223 3455 ea,
2247 3402 2405 3448 quamvis

1326 3453 1364 3487 in
1401 3451 1504 3485 domo
1540 3451 1618 3486 loco
1655 3454 1787 3495 nuptae
1822 3459 1899 3485 aese
1934 3448 2107 3493 coeperit:
2153 3458 2183 3483 si
2216 3457 2298 3483 vero
2333 3457 2406 3483 non

1371 3562 1625 3603 (9)Sab.1...123
1650 3562 1717 3596 Ed.
1728 3568 1842 3595 iamne.
1858 3579 1895 3585 -
1912 3561 1997 3593 Bas.
2011 3561 2065 3601 28,
2078 3567 2161 3594 1.—
2176 3559 2225 3601 Cf.
2244 3559 2320 3592 Cod.
2334 3560 2367 3600 5,
2378 3565 2404 3593 ι.

1324 3607 1590 3684 (3))ηεῑιὲτὲζοσιῖἰο
1602 3619 1662 3640 scr.
1779 3609 1833 3646 (u)
1859 3607 1902 3648 cf.
1915 3605 1959 3638 D.
1974 3606 2065 3646 24,1‚
2079 3611 2126 3643 ³2,
2140 3611 2175 3638 27
2268 3605 2326 3643 (¹2)
2351 3613 2404 3636 co-
