2528 3918
141 134 450 167 EBCISCUNDAE

140 256 220 279 cum
245 243 412 279 defuncto
436 242 589 277 traditae
614 244 750 276 essent:
776 241 845 276 hae
869 252 1009 286 quoque
1032 253 1108 284 res,
1134 252 1225 287 quae

143 289 331 323 heredibus
355 287 507 322 traditae
531 290 625 327 sunt,
651 297 732 320 cum
757 285 947 321 defunctus
972 288 1132 322 emisset:

191 333 239 370 10
272 333 463 369 Urmzws
483 331 574 366 libro
598 342 693 365 nono
719 331 855 366 decimo
879 332 928 365 ad
950 332 1103 368 edictum
1142 333 1225 367 item

140 378 303 424 praedia,
336 387 426 422 quae
450 376 562 411 nostri
585 376 789 420 patrimonii
820 380 921 418 sunt,
954 377 1018 412 sed
1050 381 1086 413 et
1116 378 1224 412 vecti-

138 424 233 468 galia
255 423 308 457 vel
339 421 603 467 superficiaria:
638 431 704 455 nec
736 421 852 456 minus
883 421 952 456 hae
983 433 1125 468 quoque
1155 432 1224 464 res,

139 479 229 513 quas
254 467 387 502 alienas
413 465 605 501 defunctus
630 466 726 500 bona
749 465 820 501 fide
843 466 1012 510 possidet.

189 511 234 549 11
262 512 317 547 ΡΑ
327 521 369 547 UL
377 521 420 546 vs
438 511 529 546 libro
548 511 739 546 vicensimo
761 512 865 546 tertio
886 512 936 546 ad
947 512 1101 548 edictum
1136 513 1223 547 Par-

138 563 214 593 tum
238 567 378 601 quoque
401 556 532 591 editum
556 559 614 590 et¹
638 560 722 601 post
745 556 877 591 aditam
901 557 1135 592 hereditatem

187 600 236 639 12
268 601 463 637 ULPIANUS
490 601 581 636 libro
612 612 708 636 nono
741 601 878 636 decimo
910 602 960 636 ad
990 603 1143 638 edictum
1190 606 1225 637 et

139 652 220 693 post
230 647 326 681 litem
339 649 576 682 contestatam
592 645 745 681 Sabinus
759 646 883 680 scribit
895 647 932 681 in
947 647 1103 683 familiae
1116 647 1223 682 ercis-

144 697 153 727 1
206 692 344 727 eundae
362 691 533 726 iudicium
552 691 671 726 venire
693 695 728 726 et
746 691 944 726 adiudicari
963 703 1080 737 posse.
1127 693 1225 727 Idem

136 737 204 773 erit
227 741 263 771 et
287 737 316 772 si
340 737 449 771 servis
473 736 721 771 hereditariis²
745 737 791 770 ab
817 741 986 772 extraneo
1007 738 1141 782 aliquid
1161 738 1223 772 da·

138 786 157 817 2
205 786 278 817 tum
310 781 368 817 sit.
415 781 507 824 Res,
540 792 633 826 quae
665 782 731 816 sub
765 782 974 817 condicione
1006 784 1123 828 legata
1159 788 1223 824 est,

137 828 277 862 interim
308 827 477 862 heredum
509 831 564 862 est
595 830 631 862 et
654 827 732 862 ideo
758 827 854 861 venit
877 828 914 861 in
937 827 1093 863 familiae
1116 829 1223 863 ercis-

136 873 274 908 cundae
296 872 466 907 iudicium
491 875 527 906 et
546 871 743 907 adiudicari
761 875 881 916 potest
900 883 981 907 cum
1002 883 1069 908 sua
1088 873 1225 908 scilicet

135 928 265 959 causa,
297 921 338 951 ut
370 917 542 953 existente
574 916 783 952 condicione
815 917 991 952 eximatur
1021 918 1067 953 ab
1099 928 1141 953 eo
1168 918 1224 952 cui

135 962 338 997 adiudicata
369 966 424 997 est
454 966 516 997 aut
547 962 733 997 deficiente
765 962 974 997 condicione
1005 963 1052 998 ad
1084 974 1144 999 eos
1168 973 1222 998 re-

136 1011 293 1042 vertatur
317 1018 339 1042 a
362 1007 490 1052 quibus
514 1007 638 1042 relicta
662 1011 726 1042 est.
762 1007 855 1042 idem
880 1012 915 1042 et
945 1008 982 1042 in
1013 1009 1222 1043 statulibero

134 1052 282 1094 dicitur,
315 1053 375 1097 qui
404 1052 545 1087 interim
570 1053 647 1087 est³
677 1052 866 1095 heredum,
899 1054 1073 1088 existente
1105 1057 1222 1089 autem

132 1097 343 1133 condicione
367 1097 413 1132 ad
436 1097 636 1132 libertatem
658 1098 851 1143 perveniat.

184 1140 232 1179 13
258 1142 505 1178 PAPJNJANUS
532 1143 623 1178 libro
654 1144 804 1189 septimo
830 1145 1080 1188 quaestionum
1127 1143 1221 1178 Alie-

134 1189 295 1223 nationes
317 1188 409 1223 enim
428 1191 512 1233 post
529 1187 699 1223 iudicium
719 1194 906 1233 acceptum
918 1189 1128 1224 interdictae
1140 1192 1223 1224 sunt

131 1233 319 1267 dumtaxat
342 1233 581 1275 voluntariae,
613 1244 687 1268 non
709 1243 801 1277 quae
824 1234 1053 1269 vetustiorem
1077 1244 1222 1269 causam

132 1282 170 1313 et
193 1278 362 1323 originem
384 1278 470 1313 iuris
494 1278 630 1313 habent
652 1278 902 1313 necessariam.

183 1322 234 1359 14
265 1323 460 1359 ULPIANUS
486 1323 577 1358 libro
600 1334 696 1358 nono
720 1323 856 1359 decimo
880 1323 930 1359 ad
951 1324 1105 1359 edictum
1152 1323 1222 1359 Sed

132 1372 169 1403 et
192 1369 222 1403 si
245 1369 419 1413 usucapio
450 1367 560 1403 fuerit
591 1372 718 1413 coepta
750 1369 795 1403 ab
829 1379 890 1411 eo,
922 1369 983 1421 qui
1013 1369 1118 1405 heres
1149 1379 1222 1404 non

132 1418 220 1455 erat,
246 1418 329 1449 ante
351 1414 449 1448 litem
474 1417 709 1448 contestatam
733 1417 769 1449 et
791 1418 919 1458 postea
937 1414 1083 1459 impleta
1101 1413 1220 1455 fuerit,

135 1462 150 1493 1
199 1469 274 1493 rem
298 1458 342 1494 de
364 1459 495 1494 iudicio
521 1458 698 1493 subducit.
753 1459 848 1494 Usus
871 1459 1011 1494 fructus
1036 1469 1083 1494 an
1105 1459 1144 1494 in
1166 1459 1220 1494 iu-

129 1503 263 1539 dicium
286 1503 495 1546 deducatur,
521 1504 720 1548 quaeritur:
746 1508 787 1539 ut
834 1507 898 1539 uta
921 1504 951 1539 si
975 1503 1128 1540 deducto
1152 1515 1220 1539 usu

131 1548 254 1583 fructu
277 1549 410 1584 fundus
433 1548 503 1583 fuit
526 1549 571 1584 ab
596 1549 787 1584 heredibus
825 1553 948 1594 egatus
1120 1562 1124 1565 ·

181 1592 230 1630 15
256 1594 311 1628 ΡΑ
320 1604 415 1629 ULUS
435 1594 525 1629 libro
549 1595 736 1629 vicensimo
766 1596 870 1629 tertio
894 1595 944 1629 ad
966 1594 1120 1630 edictum
1166 1595 1221 1628 vel

129 1639 162 1674 si
174 1650 273 1674 servo
294 1639 507 1674 hereditario
527 1649 615 1674 usus
635 1639 774 1674 fructus
793 1639 930 1685 legatus
951 1639 1016 1674 sit:
1042 1649 1108 1674 nec
1128 1640 1221 1674 enim

129 1695 154 1719 a
204 1684 338 1719 ersonis
363 1684 543 1719 discedere
567 1684 643 1719 sine
665 1684 812 1719 interitu
836 1685 892 1720 sui
915 1688 1045 1729 potest.

177 1696 231 1766 1136
263 1729 458 1765 ULPIANUS
485 1730 576 1764 libro
607 1740 703 1764 nono
736 1730 873 1765 decimo
898 1730 948 1764 ad
970 1730 1125 1765 edictum
1172 1729 1222 1764 Et

131 1779 218 1819 puto
244 1774 363 1809 officio
386 1774 513 1809 iudicis
539 1774 732 1817 contineri,
756 1778 808 1817 ut,
833 1775 863 1810 si
886 1775 1006 1809 volent
1029 1774 1174 1809 heredes
1200 1785 1222 1809 a

128 1819 378 1855 communione
396 1830 484 1854 usus
502 1819 642 1854 fructus
663 1819 855 1862 discedere,
875 1830 1009 1855 morem
1028 1820 1078 1855 eis
1098 1821 1220 1872 gerat⁴

135 1869 148 1899 1
201 1865 427 1900 cautionibus
450 1864 680 1909 interpositis.
728 1865 887 1900 Iulianus
913 1865 974 1907 ait,
1000 1865 1030 1899 si
1054 1865 1113 1899 alii
1137 1865 1219 1899 fun-

127 1909 236 1952 dum,
271 1909 331 1944 alii
361 1920 464 1944 usum
494 1909 652 1944 fructum
681 1910 785 1944 fundi
815 1910 922 1945 iudex
954 1909 1233 1951 adiudicaverit,.

131 1957 151 1990 2
198 1966 271 1990 non
295 1954 548 1990 communicari
571 1965 675 1990 usum
698 1955 866 1990 fructum.
915 1955 1009 1991 Usus
1025 1955 1164 1990 fructus
1186 1960 1221 1989 et

128 2010 175 2035 ex
199 2003 296 2035 certo
320 2004 480 2044 tempore
505 2003 540 2034 et
562 2010 675 2044 usque
698 2000 745 2035 ad
769 2004 905 2035 certum
928 2004 1069 2045 tempus
1101 2004 1138 2035 et
1168 2001 1219 2035 al-

129 2048 151 2080 3
198 2045 308 2080 ternis
344 2045 447 2079 annis
482 2044 681 2080 adiudicari
714 2049 844 2089 potest.
898 2045 940 2080 Id
975 2045 1072 2090 quod
1106 2046 1219 2080 amnis

127 2090 241 2125 fundo
265 2093 348 2135 post
370 2090 467 2124 litem
491 2093 728 2124 contestatam
752 2091 894 2133 alluit⁵‚
928 2100 1041 2135 aeque
1065 2091 1160 2125 venit
1183 2090 1220 2124 in

129 2138 151 2170 4
197 2135 266 2170 hoc
296 2135 474 2170 iudicium.
523 2135 593 2170 Sed
625 2140 661 2169 et
691 2135 722 2170 si
754 2135 834 2171 dolo
868 2136 922 2170 vel
947 2136 1053 2180 culpa
1077 2136 1160 2180 quid
1183 2136 1221 2170 in

128 2191 233 2215 usum
257 2180 414 2215 fructum
439 2180 484 2215 ab
509 2190 580 2215 uno
606 2190 649 2214 ex
672 2180 860 2215 heredibus
885 2180 1022 2215 factum
1054 2181 1118 2222 sit,
1150 2181 1219 2215 hoc

127 2235 272 2270 quoque
303 2226 339 2259 in
370 2224 539 2259 iudicium
568 2226 687 2260 venire
717 2225 937 2270 Pomponius
969 2226 1037 2260 ait:
1070 2236 1153 2260 nam
1186 2229 1221 2261 et

127 2271 260 2312 omnia,
285 2280 377 2315 quae
401 2271 479 2314 quis
502 2270 540 2304 in
563 2270 761 2305 hereditate
785 2271 865 2305 dolo
887 2274 950 2305 aut
974 2271 1079 2315 culpa
1097 2270 1184 2306 fecit
1194 2273 1219 2314 ⁶,

128 2316 167 2350 in
190 2315 359 2350 iudicium
381 2315 537 2349 familiae
562 2315 792 2351 erciscundae
815 2316 979 2358 veniunt,
1011 2317 1063 2351 sic
1087 2319 1218 2357 tamen,

127 2361 160 2395 si
185 2360 286 2405 quasi
309 2361 412 2395 heres
435 2360 571 2395 fecerit.
609 2365 645 2394 et
667 2360 746 2396 ideo
772 2361 802 2395 si
825 2362 903 2396 vivo
927 2365 1102 2396 testatore
1125 2372 1218 2396 unus

128 2415 174 2439 ex
197 2405 386 2440 heredibus
409 2405 597 2450 pecuniam
621 2406 823 2448 sustulerit,
855 2407 893 2440 in
922 2406 1078 2441 familiae
1111 2407 1219 2441 ercis-

126 2451 268 2485 cundae
298 2450 467 2485 iudicium
498 2461 541 2485 ea
572 2461 645 2486 non
675 2452 789 2493 venit,
830 2451 913 2496 quia
943 2455 1029 2486 tunc
1062 2451 1218 2486 nondum

129 2495 231 2530 heres
256 2499 349 2530 erat:
382 2495 445 2530 ubi
475 2499 594 2530 autem
619 2496 720 2540 quasi
744 2496 846 2530 heres
877 2496 981 2538 fecit,
1015 2497 1080 2531 etsi
1111 2497 1219 2530 aliam

128 2544 314 2585 praeterea
345 2540 423 2585 quis
455 2541 631 2575 actionem
662 2541 811 2582 habeat,
843 2545 963 2576 tamen
994 2541 1106 2576 teneri
1138 2552 1218 2576 eum

130 2588 149 2619 5
196 2585 352 2620 familiae
372 2585 602 2620 erciscundae
613 2585 744 2620 iudicio
755 2586 915 2620 Iulianus
928 2587 1060 2621 scribit.
1108 2587 1217 2621 Deni-

126 2641 197 2674 que
227 2631 296 2672 ait,
329 2630 359 2665 si
389 2641 482 2665 unus
514 2641 559 2666 ex
589 2630 779 2665 heredibus
803 2632 960 2666 rationes
984 2630 1217 2666 hereditarias

130 2675 297 2710 deleverit
318 2675 374 2710 vel
395 2675 629 2718 interleverit,
661 2676 774 2710 teneri
799 2676 939 2720 quidem
963 2676 1040 2721 lege
1062 2677 1215 2721 Aquilia,

127 2720 231 2764 quasi
263 2731 368 2755 corru
396 2721 479 2755 erit:
515 2731 588 2755 non
627 2721 743 2755 minus
775 2725 894 2755 autem
924 2721 1030 2756 etiam
1061 2721 1216 2756 familiae

128 2767 150 2799 6
197 2765 359 2800 erciscun
385 2775 428 2800 ae
457 2765 602 2800 iudicio.
650 2766 739 2800 Item
770 2766 800 2801 si
833 2776 955 2801 servus
979 2766 1215 2801 hereditarius

130 2810 408 2854 propriamrem
431 2810 602 2845 heredum
626 2811 731 2845 unius
756 2811 991 2856 subripuerit,
1017 2811 1142 2846 Ofilius
1167 2812 1217 2845 ait

126 2865 207 2889 esse
230 2855 385 2890 familiae
410 2855 640 2890 erciscundae
665 2856 843 2891 actionem
867 2859 903 2890 et
927 2856 1105 2891 communi
1129 2856 1215 2891 divi-

126 2899 249 2935 dundo
273 2899 430 2944 furtique
453 2901 630 2936 actionem
654 2911 804 2936 cessare.
843 2911 953 2946 quare
977 2905 1138 2945 agentem
1160 2901 1215 2936 fa-

130 2944 246 2979 miliae
270 2944 502 2980 erciscundae
524 2945 655 2981 iudicio
689 2950 985 2988 consecuturum,
1017 2950 1058 2980 ut
1089 2949 1153 2981 aut
1185 2946 1217 2981 ei

128 2999 249 3024 servus
285 2989 510 3025 adiudicetur
543 2994 608 3025 aut
641 2990 712 3026 litis
743 2991 943 3027 aestimatio
979 2991 1017 3026 in
1051 2991 1216 3036 simplum

127 3034 309 3070 offeratur.

178 3077 227 3115 17
255 3079 379 3115 Gams
409 3080 500 3115 libro
536 3081 686 3126 septimo
721 3081 771 3116 ad
806 3081 960 3117 edictum
987 3081 1217 3134 provinciale

134 3122 268 3159 Damno
301 3125 487 3160 commisso
520 3125 566 3159 ab
597 3136 669 3161 uno
693 3126 826 3161 herede
850 3136 1061 3162 convemens
1087 3129 1141 3160 est
1165 3126 1215 3160 di-

127 3178 209 3203 cere
232 3169 348 3214 simpli
370 3170 571 3205 habendam
595 3171 876 3206 aestimationem
907 3172 944 3206 in
974 3171 1130 3206 familiae
1162 3182 1215 3206 er-

128 3212 319 3249 ciscundae
342 3214 485 3249 iudicio.

184 3255 233 3295 18
264 3258 459 3294 ULPIANUS
486 3259 576 3295 libro
600 3271 695 3295 nono
719 3260 856 3296 decimo
880 3262 930 3297 ad
952 3262 1104 3297 edictum
1150 3262 1215 3296 His

129 3307 388 3347 consequenter
410 3303 569 3339 Iulianus
593 3305 661 3340 ait:
695 3305 727 3340 si
759 3316 803 3341 ex
834 3306 994 3351 pluribus
1026 3306 1215 3341 heredibus

131 3347 191 3381 uni
221 3358 342 3383 servus
374 3348 420 3383 sit
448 3349 659 3393 generaliter
689 3361 756 3394 per
793 3352 974 3395 optionem
1008 3352 1146 3396 legatus
1182 3356 1218 3386 et

131 3390 276 3427 heredes
301 3392 461 3427 Stichum
484 3394 625 3429 tabulas
648 3395 882 3430 hereditarias
913 3397 1132 3431 interlevisse
1164 3396 1215 3431 di-

130 3440 214 3470 cant
236 3437 290 3471 vel
314 3438 513 3482 corrupisse
537 3444 572 3473 et
594 3444 743 3484 propter
765 3441 834 3476 hoc
857 3441 1146 3483 renuntiaverint,
1171 3452 1217 3476 ne

127 3484 314 3531 optaretur
333 3492 466 3524 servus,
491 3483 617 3519 deinde
636 3488 783 3529 optatus
801 3486 1010 3528 vindicetur,
1034 3489 1214 3530 poterunt,

130 3533 161 3558 si
184 3525 253 3559 ab⁷
277 3526 326 3560 eis
350 3526 564 3570 vindicetur,
597 3528 669 3563 doli
694 3530 778 3564 mali
803 3531 1012 3575 exceptione
1035 3531 1088 3565 uti
1112 3535 1148 3565 et
1173 3531 1215 3565 de

130 3635 172 3674 (ι)
197 3638 231 3667 et
239 3635 337 3676 ΖΜΝ,
348 3649 406 3670 om.
415 3638 460 3669 Ι<“’ι

131 3680 178 3719 (3)
201 3680 260 3721 qui
268 3680 403 3713 interim
415 3682 554 3723 (interin
563 3685 609 3726 F)
619 3687 684 3727 est]
694 3689 733 3719 ut
740 3687 877 3719 interim
887 3688 933 3719 sit
940 3700 1002 3721 scr.

133 3722 343 3762 &einer-ath*
438 3728 480 3768 (5)
505 3727 657 3761 illuitF¹
759 3732 802 3772 (6)
829 3732 947 3764 fecerit
957 3732 1004 3764 F¹
1106 3734 1149 3773 (7)
1174 3731 1216 3763 ab

1229 115 1308 164 139

539 3640 583 3682 (2)
605 3642 656 3675 sic
663 3642 709 3682 N,
719 3652 832 3675 servus
841 3642 1064 3675 hereditarius
1073 3643 1181 3729 ut(v3‘d.
1191 3643 1226 3674 F

1120 3695 1134 3720 4
1172 3700 1221 3720 stc

2286 124 2384 166 X2

1299 244 1309 275 1
1364 252 1465 277 servo
1499 243 1743 287 quaestionem
1775 244 1919 280 habere.
1968 245 2037 281 Sed
2077 253 2125 280 an
2162 245 2200 280 in
2231 245 2387 281 familiae

1295 287 1527 323 erciscundae
1563 288 1754 323 iudicium⁸
1790 290 1832 323 de
1866 294 1980 325 morte
2021 291 2204 325 testatoris
2246 291 2300 325 vel
2343 292 2386 326 de

1294 335 1406 367 morte
1418 333 1540 368 uxoris
1553 333 1815 378 liberorumque
1835 345 1980 369 suorum
2000 335 2185 370 habebunt
2204 337 2384 381 quaestio-

1294 387 1374 412 nem
1397 378 1565 420 heredes,
1591 379 1791 422 quaeritur:
1816 383 1852 414 et
1876 380 2071 415 rectissime
2094 380 2311 426 Pomponius
2335 382 2386 417 ait

1293 422 1382 457 haec
1407 423 1454 457 ad
1478 423 1683 458 divisionem
1707 434 1825 458 rerum
1848 424 2142 460 hereditariarum
2172 436 2245 461 non
2275 427 2384 470 perti-

1294 470 1313 501 2
1362 477 1456 502 nere.
1505 468 1603 503 Idem
1627 469 1810 513 quaerit⁹‚
1843 469 1873 503 si
1897 470 1975 513 quis
2002 474 2213 506 testamento
2240 472 2384 513 caverit,

1293 516 1334 547 ut
1358 523 1480 548 servus
1505 513 1748 557 exportandus
1773 518 1918 556 veneat,
1951 515 2069 549 officio
2094 515 2250 551 familiae
2273 517 2381 551 ercis-

1295 558 1434 592 eundae
1465 558 1592 593 iudicis
1624 559 1817 601 contineri,
1854 562 1895 593 ut
1927 559 2089 594 voluntas
2123 561 2280 596 defuncti
2312 573 2385 596 non

1293 602 1493 637 intercidat.
1531 603 1594 638 sed
1626 607 1662 638 et
1693 614 1774 638 cum
1804 607 2071 639 monumentum
2101 606 2204 640 iussit
2233 610 2385 642 testator

1294 647 1381 690 fieri,
1405 647 1563 683 familiae
1587 649 1822 683 erciscundae
1847 653 1962 693 agent,
1987 653 2027 683 ut
2050 650 2124 685 fiat.
2156 651 2249 685 idem
2265 656 2385 687 tamen

1293 696 1457 737 temptat,
1482 694 1567 738 quia
1589 694 1759 728 heredum
1782 694 1948 737 interest,
1974 705 2062 738 quos
2086 695 2141 730 ius
2165 697 2384 732 monumenti

1294 738 1474 782 sequitur,
1506 739 1736 792 praescriptis
1761 739 1878 774 verbis
1909 749 2015 784 posse
2048 750 2108 774 eos
2141 741 2311 785 experiri,
2343 745 2385 776 ut

1294 785 1314 817 3
1361 787 1629 818 monumentum
1651 784 1726 819 fiat.
1775 783 1999 829 Sumptuum,
2025 795 2114 829 quos
2138 797 2230 821 unus
2254 796 2299 821 ex
2321 787 2383 822 he-

1292 827 1437 863 redibus
1473 829 1569 864 bona
1599 828 1670 864 fide
1700 828 1844 871 fecerit,
1879 839 2007 864 usuras
2042 840 2184 875 quoque
2215 832 2384 876 consequi

1292 877 1413 917 potest
1445 883 1468 908 a
1500 874 1674 909 coherede
1707 884 1751 909 ex
1782 874 1840 909 die
1870 885 1991 910 morae
2014 875 2209 910 secundum
2232 878 2383 922 rescrip-

1293 921 1314 952 4
1360 922 1437 953 tum
1455 919 1708 963 imperatorum
1721 919 1841 954 Severi
1852 923 1888 954 et
1899 920 2083 955 Antonini.
2132 920 2256 955 Celsus
2278 923 2384 956 etiam

1291 962 1380 998 illud
1411 964 1592 1008 eleganter
1615 964 1725 999 adicit
1749 964 1959 1000 coheredem
1984 968 2020 1000 et
2043 965 2074 1000 si
2097 976 2169 1001 non
2193 966 2296 1001 solvit
2319 967 2382 1001 ha-

1293 1008 1377 1043 bere
1400 1008 1557 1044 familiae
1582 1009 1814 1045 erciscundae
1844 1009 2035 1052 iudicium,
2066 1013 2108 1045 ut
2142 1016 2291 1055 cogatur
2323 1023 2382 1046 co-

1292 1053 1394 1088 heres
1419 1054 1570 1096 solvere,
1595 1065 1676 1089 cum
1701 1055 1789 1090 alias
1813 1066 1886 1090 non
1910 1055 1957 1090 sit
1979 1055 2194 1090 liberaturus
2214 1066 2287 1091 rem
2308 1067 2383 1091 cre-

1293 1102 1312 1132 5
1362 1099 1473 1141 ditor,
1499 1099 1567 1134 nisi
1590 1100 1627 1134 in
1652 1100 1806 1135 solidum
1831 1100 1863 1134 ei
1886 1099 2051 1135 satisfiat.
2100 1100 2138 1135 Si
2161 1101 2255 1136 filius
2278 1100 2383 1136 fami-

1291 1144 1357 1179 lias
1381 1145 1477 1223 patri
1499 1145 1602 1180 heres
1626 1155 1692 1189 pro
1716 1149 1820 1190 parte
1844 1145 2021 1180 extitisset
2045 1148 2081 1180 et
2104 1156 2126 1180 a
2146 1146 2384 1181 creditoribus

1291 1199 1384 1241 pecu
1400 1189 1533 1225 'aribus
1567 1190 1836 1233 conveniretur,
1869 1201 1950 1226 cum
1981 1194 2131 1236 paratus
2163 1191 2209 1226 sit
2244 1191 2384 1226 solvere

1291 1235 1327 1268 ld
1350 1245 1453 1270 omne
1477 1235 1574 1279 quod
1598 1235 1764 1277 debetur,
1795 1246 1860 1280 per
1890 1235 1963 1271 doli
1987 1236 2231 1280 exceptionem
2256 1246 2382 1271 conse-

1315 1284 1420 1314 uetur
1432 1290 1454 1314 a
1466 1280 1702 1315 creditoribus
1721 1280 1884 1315 mandari
1903 1280 1972 1316 sibi
1991 1280 2169 1316 actiones:
2194 1281 2257 1316 sed
2277 1282 2383 1316 etiam

1307 1325 1445 1360 amiliae
1478 1325 1709 1360 erciscundae
1738 1326 1909 1360 iudicium
1941 1336 2022 1361 cum
2053 1326 2286 1361 coheredibus
2319 1327 2382 1361 ha-

1292 1373 1311 1405 6
1359 1370 1421 1404 bet
1432 1371 1471 1405 ¹⁰.
1520 1370 1609 1405 Cum
1633 1381 1725 1406 unus
1751 1381 1794 1405 ex
1825 1371 2017 1406 heredibus
2048 1371 2082 1406 le
2105 1375 2204 1406 atum
2234 1372 2384 1407 exsolvit

1292 1415 1342 1457 ei,
1391 1415 1429 1450 ui
1450 1416 1579 1451 missus
1602 1415 1721 1450 fuerat
1743 1416 1780 1451 in
1804 1416 2065 1460 possessionem
2103 1420 2285 1461 egatorum
2309 1427 2382 1452 ser-

1291 1471 1359 1494 van
1386 1471 1488 1496 orum
1507 1471 1628 1503 causa,
1653 1464 1759 1505 putat
1777 1461 2008 1506 Papinianus,
2034 1465 2070 1496 et
2092 1471 2214 1496 verum
2238 1465 2303 1504 est,
2327 1462 2382 1496 fa-

1290 1505 1408 1541 miliae
1443 1506 1674 1541 erciscundae
1707 1506 1877 1541 iudicium
1912 1507 1944 1541 ei
1979 1510 2181 1552 competere
2211 1506 2382 1542 adversus

1292 1551 1495 1594 coheredes,
1522 1551 1606 1596 quia
1623 1562 1696 1586 non
1717 1552 1806 1586 alias
1827 1551 2024 1587 discederet
2042 1551 2234 1596 legatarius
2255 1562 2278 1587 a
2297 1563 2381 1597 pos-

1291 1596 1466 1638 sessione,
1499 1607 1606 1641 quam
1629 1597 1706 1631 vice
1729 1597 1885 1641 pignoris
1911 1600 1988 1632 erat
2011 1601 2243 1639 consecutus,
2275 1607 2383 1642 quam

1291 1644 1309 1674 7
1358 1641 1389 1676 si
1411 1645 1527 1677 totum
1552 1641 1583 1676 ei
1606 1641 1762 1685 legatum
1784 1641 1913 1677 fuisset
1936 1642 2149 1677 exsolutum.
2199 1641 2270 1677 Sed
2294 1645 2329 1677 et
2352 1642 2382 1677 si

1290 1686 1368 1730 quis
1393 1686 1488 1721 Titio
1514 1687 1670 1721 debitum
1694 1687 1848 1729 solverit,
1873 1697 1919 1722 ne
1941 1687 2070 1732 pignus
2094 1686 2239 1729 veniret,
2265 1686 2378 1722 Nera-

1289 1732 1361 1766 tius
1393 1732 1518 1783 scribit
1551 1732 1706 1767 familiae
1738 1732 1969 1767 erciscundae
1999 1732 2131 1767 iudicio
2164 1742 2243 1767 eum
2275 1742 2382 1778 posse

1290 1787 1333 1811 ex
1360 1787 1452 1811 er1r1.

1335 1788 1389 1858 139
1426 1821 1549 1857 GAJUS
1580 1822 1671 1858 libro
1704 1822 1854 1868 septimo
1890 1821 1940 1857 ad
1973 1821 2128 1857 edictum
2152 1822 2382 1868 provinciale

1289 1867 1378 1901 Item
1404 1877 1447 1902 ex
1471 1867 1606 1903 diverso
1632 1867 1793 1902 similiter
1815 1867 2020 1912 prospicere
2043 1867 2149 1902 iudex
2173 1867 2297 1909 debet,
2329 1871 2380 1909 ut,

1290 1912 1386 1956 quod
1409 1923 1501 1947 unus
1533 1923 1576 1947 ex
1606 1912 1796 1947 heredibus
1828 1923 1873 1947 ex
1903 1922 1942 1947 re
1973 1911 2189 1946 hereditaria
2219 1912 2381 1956 percepit

1290 1957 1525 2001 stipulatusve
1550 1960 1614 2000 est,
1639 1969 1712 1993 non
1736 1957 1783 1992 ad
1806 1958 1882 1992 eius
1907 1957 2017 1992 solius
2036 1957 2176 1992 lucrum
2191 1957 2379 2002 pertineat.

1289 2012 1381 2047 quae
1404 2002 1456 2037 ita
1487 2003 1622 2038 scilicet
1653 2006 1892 2047 consequetur
1922 2003 2047 2044 iudex,
2079 2002 2109 2036 si
2141 2006 2204 2036 aut
2235 2006 2380 2046 reputa-

1289 2048 1404 2082 tiones
1419 2047 1512 2082 inter
1523 2058 1583 2083 eos
1596 2047 1721 2082 fecerit
1733 2051 1797 2083 aut
1815 2047 1845 2082 si
1868 2048 2045 2082 curaverit
2066 2047 2250 2082 cautiones
2269 2047 2379 2083 inter-

1289 2092 1392 2144 poni,
1424 2093 1552 2137 quibus
1576 2093 1670 2128 inter
1694 2103 1753 2128 eos
1788 2093 2093 2127 communicentur
2127 2091 2314 2127 commoda
2345 2097 2381 2127 et

1288 2137 1524 2172 incommoda.

1335 2180 1388 2220 20
1421 2182 1616 2218 Urpmvvs
1643 2182 1733 2218 libro
1765 2193 1861 2217 nono
1893 2181 2029 2216 decimo
2061 2182 2111 2216 acl
2140 2182 2295 2218 edictum
2342 2182 2380 2217 Si

1289 2227 1362 2262 filia
1386 2232 1510 2272 nupta,
1535 2237 1627 2272 quae
1651 2227 1770 2262 dotem
1795 2226 1956 2262 conferre
1980 2226 2112 2269 debuit,
2136 2237 2200 2272 per
2224 2237 2378 2263 errorem

1290 2273 1505 2308 coheredum
1529 2273 1579 2307 ita
1604 2273 1710 2314 cavit,
1735 2277 1786 2314 ut,
1811 2271 1907 2317 quod
1932 2281 1954 2306 a
1976 2272 2104 2306 marito
2129 2273 2377 2317 reciperasset,

1288 2329 1352 2363 pro
1378 2318 1541 2363 partibus
1565 2317 1787 2353 hereditariis
1813 2317 1981 2358 solveret,
2007 2317 2115 2352 nihilo
2141 2317 2257 2352 minus
2283 2317 2377 2352 arbi-

1288 2368 1385 2398 trum
1410 2363 1565 2398 familiae
1588 2363 1822 2398 erciscundae
1846 2362 1898 2397 sic
1930 2361 2185 2396 arbitraturum
2209 2362 2376 2407 Papinia-

1289 2419 1356 2443 nus
1388 2408 1530 2450 scribit,
1562 2412 1621 2450 ut,
1655 2408 1792 2442 etiamsi
1824 2410 2013 2442 constante
2044 2407 2267 2442 matrimonio
2298 2408 2377 2451 ipsa

1288 2453 1380 2488 diem
1405 2463 1509 2488 suum
1541 2453 1686 2495 obierit,
1721 2452 1928 2487 conferatur
1959 2451 2042 2486 dos:
2076 2462 2159 2486 nam
2190 2452 2376 2497 imperitia,

1287 2498 1419 2543 inquit,
1453 2498 1668 2533 coheredum
1691 2496 1944 2532 iurisdictionis
1968 2496 2120 2531 formam
2144 2501 2282 2531 mutare
2306 2508 2375 2531 non

1291 2547 1304 2577 1
1355 2543 1482 2588 potuit.
1538 2543 1576 2577 Si
1614 2543 1708 2577 filius
1739 2542 1893 2576 familias
1923 2542 2024 2575 iussu
2055 2542 2167 2586 patris
2200 2542 2375 2586 obligatus

1287 2588 1344 2630 sit,
1370 2588 1513 2623 debebit
1535 2589 1604 2622 hoc
1631 2587 1788 2623 debitum
1805 2586 2031 2637 praecipere:
2057 2586 2120 2620 sed
2141 2590 2176 2621 et
2197 2586 2227 2621 si
2245 2587 2283 2621 in
2303 2597 2376 2621 rem

1313 2634 1400 2668 atris
1424 2634 1547 2674 vertit,
1571 2633 1665 2667 idem
1688 2633 1826 2677 placet,
1851 2634 1887 2666 et
1910 2641 1940 2665 si
1964 2631 2008 2665 de
2031 2631 2171 2676 peculio
2187 2632 2234 2674 ¹¹,
2267 2642 2375 2676 pecu-

1286 2644 1372 2713 {ium
1408 2678 1622 2723 praecipiet:
1657 2681 1692 2712 et
1722 2677 1773 2712 ita
1803 2677 1998 2728 imperator
2029 2680 2151 2711 noster
2182 2676 2375 2721 rescripsit.

1286 2726 1306 2757 2
1353 2723 1432 2758 Hoc
1456 2723 1607 2767 amplius
1630 2722 1725 2757 filius
1747 2721 1899 2756 familias
1923 2721 2026 2756 heres
2050 2721 2234 2756 institutus
2259 2722 2377 2757 dotem

1286 2768 1407 2803 uxoris
1431 2778 1519 2802 suae
1542 2767 1750 2812 praecipiet,
1775 2777 1840 2801 nec
1859 2766 2045 2808 immerito,
2070 2766 2152 2811 quia
2170 2767 2248 2811 ipse
2267 2777 2377 2802 onera

1285 2813 1500 2847 matrimonii
1525 2812 1687 2847 sustinet.
1722 2812 1895 2856 integram
1918 2811 2025 2855 igitur
2044 2811 2163 2846 dotem
2182 2812 2303 2856 praeci
2328 2812 2377 2846 iet

1286 2862 1321 2892 et
1346 2858 1484 2892 cavebit
1508 2857 1693 2892 defensum
1715 2856 1759 2891 iri
1783 2856 1986 2898 coheredes,
2012 2856 2071 2901 qui
2085 2857 2112 2877 ¹²
2136 2867 2180 2891 ex
2203 2857 2299 2902 stipu
2314 2860 2375 2891 atu

1285 2906 1437 2948 possunt
1470 2902 1660 2937 conveniri.
1704 2901 1798 2936 idem
1832 2906 1868 2936 et
1899 2901 1929 2936 si
1961 2901 2051 2936 alius
2078 2901 2195 2936 dotem
2221 2901 2316 2936 dedit
2341 2906 2376 2936 et

1287 2948 1478 2992 stipulatus
1510 2950 1575 2981 est.
1619 2957 1686 2982 nec
1717 2947 1832 2981 solum
1862 2947 1983 2981 uxoris
2015 2957 2101 2981 suae
2136 2946 2271 2988 dotem,
2312 2946 2375 2981 sed

1287 2993 1393 3027 etiam
1416 2992 1478 3026 filii
1502 2991 1557 3026 sui
1580 2992 1721 3034 uxoris,
1753 2991 1856 3036 quasi
1886 2991 1956 3026 hoc
1988 3001 2128 3036 quoque
2162 2991 2375 3026 matrimonii

1286 3048 1376 3072 onus
1401 3037 1447 3071 ad
1470 3037 1587 3081 ipsum
1611 3040 1760 3081 spectet,
1785 3037 1868 3081 quia
1890 3036 1954 3071 filii
1978 3047 2089 3072 onera
2113 3039 2148 3070 et
2171 3047 2281 3071 nurus
2298 3037 2375 3080 ipse

1286 3082 1504 3127 adgnoscere
1527 3091 1672 3116 necesse
1695 3081 1815 3116 habet.
1852 3082 2059 3127 praecipere
2083 3085 2202 3116 autem
2222 3092 2294 3116 non
2315 3092 2372 3116 so-

1285 3128 1359 3162 lum
1409 3127 1476 3161 atri
1502 3126 1622 3161 datam
1647 3126 1764 3162 dotem
1787 3126 1898 3161 filium
1922 3130 2099 3171 oportere,
2123 3136 2243 3160 verum
2269 3127 2373 3160 etiam

1285 3173 1355 3217 ipsi
1404 3172 1450 3206 lio
1475 3171 1666 3206 Marcellus
1699 3172 1843 3213 scribit,
1876 3171 1939 3206 sed
1969 3171 2042 3206 filio
2076 3171 2195 3205 datam
2226 3171 2372 3212 tamdiu,

1287 3217 1456 3262 quamdiu
1486 3216 1665 3269 peculium
1696 3217 1832 3261 patitur
1863 3217 1918 3251 vel
1940 3217 1977 3251 in
2000 3227 2075 3251 rem
2098 3216 2210 3261 patris
2235 3226 2373 3250 versum

1286 3265 1305 3297 3
1353 3262 1409 3297 sit.
1459 3261 1496 3296 S1
1526 3265 1629 3305 pater
1658 3262 1792 3296 inter¹³
1823 3261 1916 3296 filios
1953 3261 2029 3296 sine
2065 3261 2243 3305 scriptura
2278 3261 2373 3294 bona

1286 3307 1402 3341 divisit
1433 3310 1470 3341 et
1500 3316 1610 3341 onera
1639 3307 1731 3341 aeris
1757 3306 1861 3341 alieni
1885 3317 1949 3351 pro
1974 3306 2079 3341 modo
2105 3305 2371 3350 possessionum

1286 3351 1483 3393 distribuit,
1507 3362 1579 3386 non
1602 3351 1712 3386 videri
1737 3351 1929 3396 simplicem
1954 3351 2196 3392 donationem,
2222 3349 2283 3384 sed
2307 3359 2370 3393 po-

1285 3397 1356 3431 tius
1376 3396 1532 3440 supremi
1552 3396 1672 3431 iudicii
1692 3397 1898 3431 divisionem
1917 3396 2137 3440 Papinianus
2160 3395 2219 3428 ait.
2278 3393 2370 3444 lane,

1285 3442 1418 3485 inquit,
1452 3441 1481 3475 si
1513 3441 1706 3476 creditores
1731 3451 1792 3476 eos
1816 3452 1880 3486 pro
1905 3441 2127 3486 portionibus
2151 3440 2234 3473 here
2260 3439 2370 3472 itarus

1287 3486 1497 3521 conveniant
1521 3490 1556 3520 et
1580 3497 1671 3521 unus
1696 3487 1830 3531 placita
1854 3486 2045 3526 detrectet,
2077 3494 2182 3528 posse
2215 3493 2295 3517 cum
2319 3492 2369 3533 'eo

1285 3531 1517 3575 praescriptis
1540 3531 1657 3566 verbis
1682 3532 1756 3575 agi,
1790 3531 1892 3575 quasi
1917 3534 2014 3565 certa
2037 3530 2113 3572 lege
2137 3531 2369 3572 permutatio-

1291 3654 1350 3675 om.
1361 3643 1394 3674 F
1487 3644 1531 3684 (8)
1557 3643 1684 3675 iudicio
1693 3655 1756 3676 scr.
1858 3643 1901 3683 (9)
1927 3640 2039 3678 sicF¹‚
2051 3640 2205 3680 idemque
2214 3638 2279 3670 erit
2288 3637 2371 3670 F2S

1291 3687 1350 3728 (ιο)
1375 3687 1513 3720 haberet
1522 3688 1576 3721 F2
1646 3689 1701 3728 (11)
1727 3687 1773 3719 sit
1782 3687 1882 3726 actio,
1893 3690 2030 3718 eatenus
2041 3686 2102 3718 ins.
2174 3685 2232 3725 (12)
2258 3683 2329 3724 qui]
2340 3682 2370 3714 si

1287 3731 1447 3775 fortefuit
1538 3734 1595 3773 (13)
1620 3733 1656 3764 in
1666 3733 1700 3764 F
1708 3732 1719 3752 ¹

2040 3780 2101 3814 18*
