2528 3918
127 118 189 152 DE
218 119 393 152 CAPITIS
421 119 680 152 MINUTIONE

131 226 198 264 *est
219 227 286 263 tibi
308 223 504 269 adgnatus,
536 224 599 258 sed
623 223 796 267 cognatus
828 223 879 265 (et
900 221 1051 257 invicem
1075 219 1215 256 scilicet

135 273 183 309 'tu
205 272 257 308 1111
280 271 404 307 eodem
425 268 504 304 iure
529 267 787 320 coniungeris),
821 266 906 311 quia
929 267 988 312 qui
1017 268 1216 302 nascuntur

132 321 152 353 2
200 316 332 363 'patria
354 325 426 350 non
445 313 567 348 matris
586 313 757 347 familIam
777 312 997 356 sequuntur!
1028 310 1132 356 Quod
1152 320 1214 345 au·

130 366 200 396 tem
223 360 281 395 lex
304 359 349 394 ab
373 358 542 394 intestato
566 358 672 391 vocat
694 356 741 390 ad
764 355 912 390 tutelam
936 354 1120 399 adgnatos,
1145 363 1217 388 non

130 406 222 440 hanc
256 405 366 439 habet
401 402 713 448 significationem,
750 400 780 435 si
815 400 957 435 omnino
988 411 1060 435 non
1091 398 1218 434 fecerit

129 453 378 486 testamentum
419 449 449 483 is
491 448 551 492 qui
593 449 735 492 poterat
767 448 903 480 tutores
940 445 1044 488 dare,
1089 443 1152 480 sed
1187 443 1218 478 si

130 499 300 541 quantum
334 494 381 529 ad
416 494 562 528 tutelam
597 491 752 537 pertinet
785 490 976 526 intestatus
1011 489 1213 525 decesserit.

129 540 223 586 quod
248 543 334 575 tuno
359 549 499 584 quoque
524 537 686 573 accidere
716 536 949 581 intellegitur,
983 546 1063 571 cum
1093 535 1124 570 is
1157 534 1216 579 qui

129 589 148 621 3
197 585 302 621 datus
323 588 377 620 est
396 587 494 619 tutor
512 583 590 619 vivo
602 584 775 617 testatore
788 581 988 616 decesserit.
1041 579 1140 615 ¹'Sed
1154 579 1215 614 ad-

129 631 313 676 'gnationis
337 629 478 675 quidem
501 629 557 664 ius
581 628 745 663 omnibus
771 626 883 662 modis
909 626 1036 671 capitis
1057 625 1215 660 deminu-

129 676 235 712 'tione
256 676 464 721 plerumque
487 674 704 719 perimitur⁴:
733 683 813 707 nam
837 672 1030 716 adgnatio²
1052 671 1138 706 iuris
1164 673 1218 705 est

127 732 266 757 nomen.
305 720 533 765 'cognationis
553 729 633 755 vero
654 719 709 754 ius
730 730 802 754 non
818 718 982 753 omnibus
994 716 1106 752 modis
1121 727 1215 751 com-

128 768 314 809 ’mutatur,
346 766 430 811 quia
464 765 573 800 civilis
604 764 696 799 ratio
729 763 845 799 civilia
869 763 1009 808 quidem
1033 762 1113 797 iura
1137 772 1215 797 cor-

128 813 300 858 'rumpere
324 814 453 857 potest,
479 810 655 846 naturalia
680 819 760 844 vero
786 820 857 844 non
883 809 1027 853 utique·

613 902 727 941 XVI³

388 970 449 1002 DE
475 969 648 1001 CAPITIS
673 968 945 1001 MINUTIONE.

174 1039 272 1074 ⁴'Est
297 1041 414 1073 autem
439 1037 565 1082 capitis
591 1035 782 1071 deminutio
798 1035 936 1115 (prioris
969 1037 1085 1069 status
1119 1044 1213 1068 com-

127 1085 295 1120 'mutatio.
334 1092 446 1128 eaque
462 1082 577 1117 tribus
590 1081 703 1117 modis
717 1081 795 1116 acci
822 1080 868 1115 it:
890 1090 973 1115 nam
987 1082 1050 1114 aut
1062 1079 1216 1122 maxima

127 1132 191 1166 'est
214 1129 341 1174 capitis
367 1127 558 1163 deminutio
584 1131 648 1162 aut
671 1126 804 1169 minor,
838 1136 943 1171 quam
976 1125 1118 1171 quidam
1142 1134 1214 1159 me-

128 1180 142 1211 1
195 1176 297 1212 'diam
327 1177 476 1216 vocant,
509 1176 572 1208 aut
602 1173 757 1207 minima.
806 1171 965 1206 Maxima
996 1173 1052 1206 est
1087 1181 1130 1206 ca
1156 1170 1214 1205 itis

126 1221 347 1262 deminutio,
381 1230 460 1254 cum
492 1219 618 1264 aliquis
651 1218 754 1252 simul
787 1221 822 1252 et
847 1217 1025 1252 civitatem
1050 1219 1085 1251 et
1108 1216 1132 1251 li
1160 1226 1214 1250 er-

126 1268 244 1302 'tatem
269 1265 408 1301 amittit.
446 1264 541 1310 quod
565 1263 696 1299 accidit
718 1264 754 1298 in
779 1263 853 1305 his,
879 1263 939 1308 qui
964 1262 1054 1297 servi
1077 1271 1215 1306 poenae

126 1311 340 1348 'efficiuntur
364 1311 551 1346 atrocitate
575 1309 783 1351 sententiae,
808 1308 864 1343 vel
887 1308 1005 1343 liberti
1025 1311 1066 1342 ut
1084 1307 1214 1351 ingrati

125 1359 232 1393 'circa
255 1362 426 1410 patronos
452 1355 695 1397 condemnati,
720 1354 775 1389 vel
799 1354 859 1399 qui
884 1353 930 1388 ad
954 1352 1107 1399 pretium
1131 1362 1213 1397 par-

125 1408 146 1441 2
194 1402 422 1448 ’ticlpandum
446 1411 485 1436 se
507 1400 715 1436 venumdari
738 1399 836 1444 passi
860 1402 954 1434 sunt.
1002 1398 1123 1433 Minor
1142 1397 1215 1433 sive

126 1448 251 1484 'media
285 1451 339 1483 est
373 1446 501 1491 capitis
537 1445 750 1488 deminutio,
795 1456 876 1480 cum
912 1444 1037 1479 civitas
1073 1442 1214 1489 quidem

126 1494 327 1534 'amittitur,
360 1492 506 1527 libertas
537 1501 620 1526 vero
652 1490 835 1526 retinetur.
880 1490 975 1535 quod
1007 1488 1140 1524 accidit
1171 1488 1214 1531 ei,

125 1538 191 1574 'cul
214 1547 309 1583 aqua
331 1539 369 1571 61
391 1536 487 1580 igni⁵
510 1536 739 1571 interdictum
762 1535 897 1578 fuerit'‚
928 1534 983 1569 vel
1007 1534 1056 1577 ei,
1087 1533 1148 1579 qui
1172 1533 1210 1568 in

127 1587 146 1620 3
192 1582 344 1618 insulam
363 1581 574 1626 deportatus
596 1585 662 1616 est.
696 1579 853 1615 *Minima
873 1584 927 1615 est
948 1579 1077 1624 capitis
1099 1578 1208 1614 demi-

128 1628 247 1671 'nutio,
273 1637 352 1662 cum
374 1631 409 1661 61
430 1626 554 1661 civitas
576 1630 612 1661 et
631 1626 779 1660 libertas
799 1626 983 1668 retinetur,
1009 1624 1073 1659 sed
1093 1626 1209 1660 status

128 1673 289 1708 'hominis
311 1673 562 1707 commutatur.
601 1671 696 1716 quod
716 1671 850 1706 accidit
867 1671 904 1705 in
925 1670 991 1713 his,
1016 1669 1104 1715 qui⁴‚
1130 1680 1210 1705 cum

128 1717 184 1755 sui
206 1718 294 1753 iuris
318 1717 475 1760 fuerunt,
501 1720 698 1762 coeperunt
720 1716 838 1751 alieno
859 1716 928 1751 iuri
949 1715 1100 1750 subiecti
1122 1725 1210 1758 esse,

131 1768 148 1798 4
195 1763 249 1799 vel
286 1767 424 1798 contra.
480 1761 610 1798 Servus
651 1764 771 1797 autem
813 1762 1053 1796 manumissus
1096 1761 1211 1805 capite

125 1813 144 1845 5
192 1820 264 1845 non
288 1809 467 1851 minuitur,
493 1808 576 1854 quia
600 1808 735 1843 nullum
760 1811 870 1853 caput
893 1808 1028 1842 habuit.
1078 1807 1214 1851 Quibus

125 1858 244 1891 autem
269 1854 419 1899 dignitas
443 1853 554 1898 magis
574 1863 680 1898 quam
700 1857 815 1889 status
835 1856 1070 1898 permutatur,
1096 1854 1215 1898 capite

126 1912 196 1936 non
220 1901 445 1935 minuuntur:
479 1904 514 1934 et
547 1899 626 1934 ideo
660 1903 787 1934 senatu
818 1900 958 1934 motosG
992 1899 1110 1944 capite
1141 1909 1214 1934 non

125 1946 234 1981 minui
259 1948 408 1981 constat.

126 1995 146 2026 6
239 1990 342 2036 Quod
366 1993 484 2026 autem
508 1990 641 2025 dictum
666 1992 720 2024 est
743 1999 887 2024 manere
912 1988 1134 2034 cognationis
1158 1988 1213 2024 ius

125 2041 160 2072 et
183 2041 265 2082 post
289 2036 414 2081 capitis
440 2035 727 2077 deminutionem,
751 2035 821 2070 hoc
845 2035 896 2069 ita
920 2038 992 2076 est,
1017 2034 1047 2069 si
1070 2034 1215 2069 minima

125 2083 251 2128 capitis
277 2081 469 2116 deminutio
494 2080 725 2116 interveniat:
758 2083 877 2115 manet
908 2080 1001 2115 enim
1034 2079 1211 2125 cognatio.

124 2138 206 2164 nam
231 2128 260 2163 si
284 2127 437 2162 maxima
461 2126 586 2179 capitis
612 2126 805 2161 deminutio
830 2126 1008 2167 incurrat,
1040 2125 1096 2160 ius
1124 2136 1212 2170 quo-

125 2183 193 2219 que
206 2172 426 2217 cognationis
438 2175 541 2217 perit,
562 2175 603 2207 ut
614 2174 703 2216 puta
716 2171 884 2206 servitute
897 2171 1047 2206 alicuius
1061 2172 1213 2215 cognati,

125 2223 160 2254 et
182 2229 227 2254 ne
251 2218 410 2264 quidem,
443 2217 473 2253 si
502 2217 740 2252 manumissus
764 2216 890 2259 fuerit,
924 2216 1051 2261 recipit
1083 2227 1213 2261 cogna-

123 2264 264 2300 tionem.
309 2263 373 2299 sed
407 2267 443 2298 et
476 2263 507 2298 si
540 2263 577 2298 in
611 2263 763 2297 insulam
799 2263 1008 2307 deportatus
1045 2261 1124 2307 quis
1155 2262 1213 2305 sit,

125 2313 143 2344 7
192 2309 355 2354 cognatio
367 2308 524 2344 solvitur.
574 2308 701 2343 ⁷'Cum
724 2311 843 2343 autem
865 2307 935 2343 ad⁸
959 2307 1134 2352 adgnatos
1155 2310 1212 2342 tu-

125 2355 207 2390 ’tela
228 2354 416 2400 pertineat,
442 2365 513 2389 non
538 2354 643 2389 simul
666 2353 711 2388 ad
736 2364 857 2389 omnes
882 2353 1054 2399 pertinet,
1080 2353 1143 2388 sed
1167 2353 1213 2388 ad

124 2401 193 2435 'eos
217 2403 375 2443 tantum,
409 2400 468 2445 qui
491 2399 679 2444 proximo⁹
701 2399 814 2444 gradu
838 2400 942 2442 sunt‘,
967 2399 1039 2442 vel,
1064 2398 1094 2434 si
1118 2398 1211 2434 eius-

124 2445 203 2481 dem
225 2445 356 2490 gradus
380 2446 462 2487 sint,
488 2445 533 2480 ad
558 2454 691 2480 omnes.

593 2538 703 2577 XVII
713 2537 742 2558 ¹⁰

235 2605 296 2637 DE
321 2605 547 2637 LEGrrIMA
572 2604 882 2637 PATRONORUM
906 2601 1097 2636 TUTELA.

171 2671 275 2706 ¹¹'Ex
299 2671 421 2706 eadem
444 2671 521 2716 lege
555 2670 740 2706 duodecim
771 2671 974 2706 tabularum
1005 2671 1212 2706 libertorum

124 2718 169 2753 'et
191 2717 398 2752 libertarum
429 2717 543 2751 tutela
575 2716 620 2751 ad
652 2719 824 2761 patronos
855 2716 1055 2761 liberosque
1089 2727 1211 2751 eorum

123 2763 302 2808 pertinet,
335 2772 426 2807 quae
458 2765 492 2797 et
522 2762 534 2796 i
562 2771 602 2796 sa
625 2761 780 2806 legitima
802 2761 915 2796 tutela
938 2765 1103 2797 vocatur:
1139 2773 1210 2797 non

123 2808 216 2853 'quia
239 2807 447 2843 nominatim
471 2818 512 2842 ea
550 2817 611 2852 ege
636 2807 679 2841 de
709 2807 778 2842 hac
809 2807 922 2842 tutela
954 2809 1116 2849 cavetur,
1149 2807 1211 2842 sed

123 2853 217 2899 ‘quia
238 2852 385 2898 perinde
409 2856 558 2898 accepta
582 2856 636 2888 est
655 2863 719 2898 per
738 2852 1079 2897 interpretationem,
1104 2855 1212 2897 atque

124 2899 163 2934 'si
185 2899 302 2934 verbis
325 2898 358 2933 le
384 2898 411 2933 's
435 2898 640 2933 introducta
665 2901 768 2933 esset.
807 2907 847 2933 eo
871 2897 962 2932 enim
982 2897 1073 2942 ipso,
1099 2908 1168 2942 quo
1184 2899 1211 2918 ¹²

123 2943 345 2979 'hereditates
359 2909 576 2978 {ibertorum
599 2943 888 2988 libertatumque,
914 2943 944 2978 si
967 2943 1126 2977 intestati
1150 2943 1209 2978 de-

123 2989 341 3031 ’cessissent,
373 2989 525 3024 iusserat
548 2989 606 3023 lex
629 2988 675 3023 ad
698 2992 869 3034 patronos
892 2988 1066 3023 liberosve
1089 2998 1211 3023 eorum

124 3035 330 3081 pertinere,
366 3034 592 3069 crediderunt
622 3037 758 3069 veteres
790 3033 944 3070 voluisse
967 3034 1080 3078 legem
1105 3033 1210 3068 etiam

123 3079 262 3115 'tutelas
287 3079 334 3114 ad
358 3089 418 3115 eos
442 3079 641 3124 pertinere,
668 3090 748 3114 cum
773 3082 809 3114 et
832 3079 1025 3124 adgnatos,
1051 3089 1140 3124 quos
1165 3079 1210 3113 ad

123 3124 365 3160 'hereditatem
384 3127 501 3167 vocat,
527 3124 669 3160 eosdem
690 3128 725 3159 et
743 3128 880 3160 tutores
901 3134 979 3160 esse
998 3123 1110 3159 iussit·
1137 3127 1172 3159 et
1185 3125 1211 3145 ¹³

123 3170 205 3215 quia
228 3170 455 3215 plerumque,
487 3170 550 3205 ubi
581 3169 818 3205 successionis
844 3173 899 3206 est
922 3169 1208 3211 emolumentum,

121 3216 172 3251 ibi
195 3219 231 3251 et
253 3215 386 3250 tutelae
410 3226 500 3250 onus
535 3225 613 3251 esse
644 3215 759 3250 debet.
795 3214 876 3250 ideo
908 3218 1027 3250 autem
1059 3214 1209 3250 diximus

122 3261 339 3312 plerumque,
364 3260 464 3305 quia,
489 3260 520 3295 si
544 3270 566 3295 a
588 3259 720 3295 femina
742 3260 904 3305 impubes
927 3259 1209 3302 manumittatur,

122 3316 201 3351 Ipsa
225 3305 270 3341 ad
292 3305 524 3341 hereditatem
547 3309 714 3349 vocatur,
747 3316 827 3341 cum
858 3305 949 3341 alius
981 3309 1036 3341 est
1048 3306 1075 3327 ¹⁴
1097 3308 1206 3341 tutor.

125 3422 163 3461 (1)
193 3420 268 3454 Gai.
285 3422 379 3461 1,158

170 3469 211 3503 (a)
239 3464 289 3509 Cf
307 3465 572 3506 Gai.1,159..164
596 3466 676 3508 Diy.
690 3467 721 3504 4,
736 3474 752 3499 5

126 3513 167 3551 (5)
191 3510 283 3552 ignis
300 3511 368 3544 BE
491 3512 535 3550 (6)
561 3514 679 3543 senatu
692 3512 811 3551 motos]
826 3521 845 3543 a
856 3521 924 3542 sen.
938 3513 1049 3542 motus
1061 3511 1104 3550 E,
1118 3512 1209 3542 statu

124 3557 268 3588 mutatos
281 3556 327 3596 Β,
342 3558 493 3588 senatum
507 3557 632 3588 motum
654 3556 700 3590 W
762 3560 803 3594 (7)
832 3555 950 3596 (31:121,
964 3563 1017 3589 164
1082 3556 1127 3597 (8)
1153 3554 1208 3594 ad]

129 3600 216 3640 Gaul,
230 3602 264 3632 et
275 3600 318 3633 ad
330 3601 375 3641 B,
389 3603 423 3633 et
432 3602 468 3634 Ε
642 3604 686 3642 (9)
709 3602 757 3635 sic
768 3602 804 3634 B
821 3601 910 3641 Gai„
924 3601 1113 3643 proximore
1134 3600 1209 3641 W‘⁸‚

124 3645 343 3687 proximiores
352 3644 419 3687 W»,
432 3646 633 3688 proximiore
646 3647 758 3680 Ecum
773 3647 804 3680 Θ

172 3691 230 3731 (10)
260 3690 309 3733 Of.
328 3690 405 3724 Gai.
421 3693 591 3731 1,165..161
616 3692 698 3735 Diq.
712 3693 767 3730 26,
781 3698 798 3725 4
937 3691 991 3732 (11)
1021 3690 1208 3733 Gai.1,1e5

125 3736 184 3779 (12)
210 3748 271 3769 scr.
286 3735 374 3778 quod
387 3736 489 3779 (dett.)
592 3738 650 3779 (13)
676 3738 721 3778 et]
735 3737 782 3778 B,
795 3748 853 3770 om.
867 3736 957 3771 EW
1063 3738 1120 3778 (14)
1146 3736 1208 3776 est]

473 3421 515 3462 (2)
541 3419 715 3462 adgnatio]
729 3421 805 3461 ΕΘ,
819 3433 878 3453 om.
894 3420 930 3453 Β

868 3465 911 3509 (4)
941 3465 1017 3499 Gai.
1036 3466 1064 3505 1,
1078 3471 1208 3499 159..1‹32

1974 105 2122 149 INST.
2151 107 2184 163 1,
2221 111 2384 151 15—20

1735 222 1865 261 XVIII
1876 220 1904 242 ¹⁵

1421 293 1484 327 DE
1506 293 1735 327 LEGITIMA
1758 293 2032 327 PARENTIUM
2055 292 2247 328 TUTELA.

1331 351 1507 404 Exemplo
1543 354 1777 404 patronorum
1812 356 1958 398 recepta
1993 355 2065 405 est·
2082 355 2118 387 et
2139 352 2235 405 talia·
2253 351 2377 394 tutela,

1287 407 1395 477 11ἓί
1405 397 1721 487 matteis?
1731 396 2298 488 Jgssttssrs21¹t11¹30³23¹33132³322²
2314 401 2378 477 {²133

1286 488 1440 533 puberes
1465 487 1751 533 emancipaverit,
1777 488 1950 532 legitimus
1976 499 2098 524 eorum
2122 491 2221 524 tutor
2245 488 2320 524 erit.

1743 581 1891 620 XVIIII
1903 580 1931 600 ¹⁰

1549 647 1610 679 DE
1635 646 1902 679 FIDUCIARIA
1926 647 2115 680 TUTELA.

1331 714 1400 749 Est
1424 716 1460 749 et
1483 714 1554 749 alia
1576 714 1700 757 tutela,
1726 724 1818 759 quae
1842 713 2030 749 fiduciaria
2055 715 2266 760 appellatur.
2294 725 2376 750 nam

1286 760 1316 795 si
1339 769 1469 804 parens
1494 759 1605 794 filium
1629 759 1683 795 vel
1706 759 1834 802 filiam,
1868 763 2034 812 nepotem
2057 760 2112 795 vel
2136 764 2278 805 neptem
2303 764 2339 796 et
2353 762 2378 782 ¹⁷

1286 805 1453 850 deinceps
1477 805 1678 850 impuberes
1702 805 1958 848 manumiser1t‚
1983 805 2175 850 legitimam
2200 806 2378 841 nancisci-

1284 854 1345 885 tur
1381 861 1503 886 eorum
1535 851 1702 886 tutelam:
1747 861 1817 895 quo
1862 849 2031 886 defuncto
2068 850 2099 886 si
2133 850 2234 885 liberi
2268 851 2378 887 virilis

1285 906 1392 931 sexus
1418 899 1560 939 extant,
1592 895 1768 931 fiduciarii
1799 899 1938 931 tutores
1970 895 2124 931 filiorum
2157 906 2301 932 suorum
2324 897 2379 932 vel

1284 940 1407 976 fratris
1441 942 1495 976 vel
1531 942 1663 977 sororis
1701 944 1737 976 et
1779 945 1976 977 ceterorum
2016 941 2232 977 efficiuntur.
2280 942 2379 987 atqui

1284 990 1437 1067 patrono
1462 987 1617 1032 legitimo
1651 990 1771 1022 tutore
1802 991 1963 1030 mortuo,
1996 987 2097 1022 liberi
2129 997 2271 1032 quoque
2304 988 2380 1022 eius

1299 1032 1428 1077 egitimi
1452 1036 1538 1068 sunt
1560 1036 1716 1068 tutores:
1742 1032 1912 1078 quoniam
1930 1032 2025 1068 filius
2046 1032 2188 1078 quidem
2208 1032 2379 1075 defuncti,

1286 1078 1316 1113 si
1340 1089 1412 1113 non
1437 1082 1532 1114 esset
1555 1089 1577 1113 a
1601 1078 1679 1114 vivo
1703 1082 1807 1124 patre
1831 1078 2097 1123 emancipatus,
2130 1081 2213 1123 post
2244 1078 2380 1115 obitum

1286 1124 1361 1159 eius
1393 1124 1449 1159 sui
1479 1124 1567 1160 iuris
1600 1123 1803 1159 efficeretur
1834 1133 1900 1159 nec
1931 1124 1967 1159 in
1991 1124 2142 1159 fratrum
2166 1126 2380 1169 potestatem

1284 1169 1461 1205 recideret
1483 1169 1636 1215 ideoque
1659 1180 1726 1205 nec
1749 1170 1786 1204 in
1817 1169 1986 1212 tutelam,
2020 1170 2166 1204 libertus
2199 1173 2317 1204 autem
2351 1170 2380 1204 si

1285 1225 1407 1251 servus
1432 1215 1631 1257 mansisset,
1656 1215 1780 1260 utique
1804 1215 1927 1250 eodem
1950 1215 2028 1250 iure
2048 1215 2144 1261 apud
2164 1215 2295 1250 liberos
2317 1215 2379 1250 do-

1285 1261 1370 1295 mini
1393 1264 1476 1305 post
1499 1264 1648 1296 mortem
1673 1260 1749 1296 eius
1772 1260 1916 1296 futurus
1941 1263 2044 1296 esset.
2077 1261 2129 1296 ita
2148 1263 2269 1295 tamen
2289 1260 2314 1295 ii
2334 1260 2381 1295 ad

1284 1307 1433 1341 tutelam
1445 1310 1631 1350 vocantur,
1647 1306 1676 1342 si
1688 1305 1872 1351 perfectae
1885 1306 2014 1342 aetatis
2027 1306 2109 1342 sint.
2147 1305 2243 1351 quod
2256 1309 2381 1341 nostra

1286 1352 1495 1387 constitutio
1510 1353 1537 1373 ¹⁸
1560 1352 1772 1397 generaliter
1796 1352 1834 1387 in
1858 1352 2022 1388 omnibus
2054 1351 2175 1388 tutelis
2207 1354 2243 1387 et
2275 1361 2377 1387 cura-

1284 1398 1441 1433 tionibus
1465 1398 1647 1434 observari
1671 1398 1865 1444 praecepit.

1859 1489 1887 1511 19

1287 1550 1349 1583 DE
1373 1550 1593 1585 ATILIANO
1618 1491 1916 1583 TUTORIREL
1949 1551 2008 1582 Eo
2042 1551 2121 1587 QUI
2153 1551 2218 1583 EX
2251 1552 2376 1585 LEGE

1523 1603 1652 1636 IULIA
1675 1604 1736 1637 ΕΤ
1761 1605 1883 1637 ΤΙΤΙΑ
1908 1606 2129 1641 DABATUR.

1330 1670 1418 1705 2⁰'Si
1443 1670 1498 1705 cui
1523 1671 1641 1705 nullus
1665 1671 1808 1707 omnino
1832 1675 1931 1707 tutor
1953 1672 2084 1715 fuerat,
2110 1673 2140 1706 ei
2166 1672 2320 1707 dabatur
2342 1673 2376 1709 iu

1284 1716 1383 1751 ’urbe
1415 1716 1555 1761 quidem
1587 1716 1703 1751 Roma
1735 1727 1758 1751 a
1798 1721 1964 1762 praetore
2000 1719 2137 1753 urbano
2174 1721 2210 1752 et
2245 1718 2379 1753 maiore

1284 1762 1396 1806 'parte
1419 1761 1644 1797 tribunorum
1668 1762 1780 1807 plebis
1805 1767 1904 1799 tutor
1928 1773 1973 1798 ex
1996 1764 2073 1809 lege
2085 1763 2206 1806 Atilia,
2232 1764 2268 1798 in
2293 1774 2375 1809 pro-

1284 1807 1417 1842 'vinciis
1441 1818 1523 1843 vero
1549 1818 1572 1842 a
1595 1808 1818 1852 praesidibus
1843 1810 2106 1854 provinciarum
2127 1819 2171 1844 cx
2190 1809 2267 1854 lege
2289 1810 2377 1844 Iulia

1287 1856 1301 1886 1
1352 1853 1397 1887 'et
1420 1852 1526 1887 Titia.
1575 1852 1646 1888 Sed
1678 1856 1713 1888 et
1744 1854 1774 1888 si
1805 1857 2017 1890 testamento
2043 1858 2141 1890 tutor
2163 1855 2230 1889 sub
2257 1855 2377 1890 condi-

1284 1898 1396 1933 'cione
1421 1902 1484 1933 aut
1507 1898 1563 1934 die
1587 1902 1685 1934 certo
1711 1898 1815 1934 datus
1840 1899 1976 1942 fuerat,
2010 1900 2178 1945 quamdiu
2212 1900 2374 1935 condicio

1284 1944 1358 1978 *aut
1381 1943 1457 1979 dies
1481 1943 1680 1989 pendebat.
1712 1955 1760 1979 ex
1791 1945 1903 1980 isdem
1927 1946 2062 1991 legibus
2087 1949 2186 1981 tutor
2211 1945 2288 1980 dari
2312 1957 2376 1991 po-

1284 1989 1396 2024 'terat.
1432 1989 1517 2024 item
1542 1990 1572 2024 si
1593 2000 1680 2035 pure
1709 1991 1813 2026 datus
1831 1990 1989 2033 fuerit21,
2021 1991 2190 2036 quamdiu
2208 2001 2312 2026 nemo
2334 2002 2378 2028 ex

1284 2033 1671 2077 *testamento²²,heres
1692 2034 1838 2079 existat,
1857 2036 1994 2072 tamdiu
2021 2046 2067 2071 ex
2096 2036 2209 2072 isdem
2240 2037 2377 2081 legibus

1283 2080 1390 2115 'tutor
1414 2081 1590 2125 petendus
1611 2084 1698 2124 erat,
1738 2081 1775 2116 ui
1793 2082 1980 2118 desinebat
2005 2085 2105 2117 tutor
2125 2092 2213 2125 esse,
2239 2083 2270 2117 si
2290 2093 2375 2118 con-

1285 2125 1386 2161 'dicio
1420 2126 1588 2162 existeret
1620 2132 1683 2160 aut
1739 2126 1790 2161 ies
1822 2132 1958 2161 veniret
1981 2130 2045 2162 aut
2067 2128 2171 2163 heres
2196 2128 2372 2163 existeret.

1284 2174 1303 2205 2
1354 2171 1419 2206 'Ab
1454 2171 1618 2207 hostibus
1651 2181 1792 2216 quoque
1815 2174 1934 2207 tutore
1960 2176 2066 2218 capto
2092 2183 2136 2208 ex
2159 2173 2214 2209 his
2238 2173 2376 2218 legibus

1284 2217 1392 2252 'tutor
1415 2216 1623 2262 petebatur,
1657 2216 1719 2262 qui
1744 2216 1931 2253 desinebat
1955 2228 2034 2254 esse
2057 2222 2176 2262 tutor,
2204 2218 2236 2254 si
2259 2218 2290 2254 is
2315 2220 2375 2264 qui

1285 2262 1420 2307 'captus
1454 2264 1532 2297 erat
1561 2262 1599 2297 in
1632 2262 1810 2297 civitatem
1842 2273 2003 2299 reversus
2034 2262 2173 2299 fuerat:
2205 2274 2288 2299 nam
2318 2275 2373 2299 re-

1283 2311 1303 2343 3
1352 2309 1483 2343 'versus
1515 2307 1712 2352 recipiebat
1742 2308 1891 2344 tutelam
1922 2309 1999 2344 iure
2030 2309 2257 2355 postliminii.⁴
2305 2309 2374 2345 Sed

1282 2363 1326 2388 ex
1349 2353 1404 2388 his
1427 2353 1562 2398 legibus
1586 2353 1729 2398 pupillis
1753 2357 1890 2390 tutores
1915 2354 2096 2390 desierunt
2120 2355 2207 2397 dari,
2231 2358 2373 2400 postea-

1282 2408 1388 2444 quam
1412 2399 1526 2444 primo
1553 2399 1718 2434 consules
1742 2399 1886 2445 pupillis
1906 2400 2091 2446 utriusque
2111 2410 2217 2435 sexus
2237 2403 2373 2436 tutores

1283 2454 1327 2480 ex
1348 2444 1577 2489 inquisitione
1601 2443 1687 2480 dare
1711 2449 1924 2490 coeperunt,
1958 2445 2084 2481 deinde
2114 2448 2298 2490 praetores
2331 2456 2374 2481 ex

1282 2489 1606 2525 constitutionibus.
1650 2500 1734 2525 nam
1773 2500 1883 2535 supra
1914 2491 2057 2535 scriptis
2088 2490 2224 2535 legibus
2257 2501 2372 2536 neque

1283 2535 1327 2570 de
1352 2534 1517 2571 cautione
1542 2545 1564 2570 a
1587 2535 1766 2571 tutoribus
1791 2535 1962 2580 exigenda
1980 2546 2055 2571 rem
2076 2536 2210 2571 salvam
2229 2537 2372 2582 pupillis

1281 2580 1360 2615 fore
1383 2590 1497 2625 neque
1522 2580 1566 2615 de
1590 2580 1843 2626 compellendis
1868 2581 2047 2616 tutoribus
2071 2581 2119 2616 ad
2142 2582 2277 2617 tutelae
2307 2582 2370 2617 ad-

1281 2628 1302 2661 4
1349 2625 1643 2660 ministrationem
1668 2625 1860 2670 quidquam
1892 2630 2047 2662 cavetur.
2096 2626 2167 2662 Sed
2197 2627 2267 2662 hoc
2296 2627 2373 2663 iure

1282 2671 1424 2713 utimur,
1449 2674 1489 2706 ut
1511 2670 1648 2706 Romae
1671 2670 1811 2716 quidem
1836 2671 2040 2716 praefectus
2065 2672 2163 2708 urbis
2187 2672 2243 2708 vel
2266 2683 2370 2718 prae-

1281 2720 1339 2751 tor
1363 2716 1559 2751 secundum
1583 2726 1685 2751 suam
1708 2716 2004 2760 iurisdictionem,
2029 2718 2066 2752 in
2089 2717 2282 2763 provinciis
2307 2729 2370 2753 au-

1282 2765 1352 2796 tem
1383 2761 1566 2807 praesides
1600 2771 1644 2797 ex
1673 2761 1900 2806 inquisitione
1929 2766 2066 2798 tutores
2098 2767 2277 2806 crearent,
2316 2764 2371 2799 vel

1281 2807 1509 2852 magistratus
1544 2807 1645 2842 iussu
1679 2807 1901 2852 praesidum,
1938 2808 1968 2843 si
2003 2819 2076 2843 non
2115 2809 2187 2844 sint
2222 2819 2371 2854 magnae

1280 2855 1299 2887 5
1347 2852 1472 2897 pupilli
1496 2851 1699 2887 facultates.
1746 2852 1823 2888 Nos
1848 2857 1967 2889 autem
1990 2864 2055 2899 per
2079 2854 2368 2890 constitutionem

1280 2901 1439 2932 nostram
1447 2898 1478 2918 ²³
1508 2900 1543 2932 et
1573 2897 1775 2933 huiusmodi
1807 2897 2036 2935 difficultates
2067 2899 2250 2935 hominum
2273 2910 2367 2935 rese-

1280 2945 1403 2978 cantes
1435 2952 1501 2977 nec
1531 2945 1740 2987 exspectata
1770 2943 1927 2980 iussione
1956 2944 2159 2989 praesidum
2192 2945 2367 2997 disposui-

1280 2998 1369 3030 mus,
1394 2987 1424 3023 si
1447 2987 1602 3023 facultas
1627 2988 1751 3033 pupilli
1773 2988 1828 3024 vel
1852 2989 1964 3025 adulti
1987 3000 2102 3035 usque
2126 2990 2172 3025 ad
2197 3001 2367 3036 quingen-

1278 3036 1336 3068 tos
1355 3032 1486 3068 solidos
1504 3032 1631 3076 valeat,
1657 3033 1861 3070 defensores
1881 3035 2063 3070 civitatum
2082 3046 2155 3070 una
2174 3046 2255 3071 cum
2274 3037 2366 3071 eius-

1280 3078 1359 3113 dem
1383 3078 1534 3113 civitatis
1558 3078 1821 3123 religiosissimo
1847 3080 2010 3116 antistite
2040 3081 2096 3117 vel
2118 3091 2140 3115 a
2166 3081 2215 3116 ud
2223 3082 2253 3102 ²⁴
2279 3081 2367 3117 alias

1278 3123 1441 3168 publicas
1463 3134 1657 3176 personas,
1687 3124 1724 3159 id
1749 3128 1802 3160 est
1825 3127 2070 3170 magistratus,
2101 3136 2142 3161 ve
2178 3126 2366 3162 iuridicum

1278 3168 1542 3204 Alexandrinae
1572 3169 1724 3205 civitatis
1757 3173 1894 3206 tutores
1923 3171 1978 3206 vel
2010 3175 2193 3207 curatores
2233 3182 2364 3214 creare,

1278 3213 1432 3259 legitima
1452 3214 1593 3249 cautela
1611 3215 1805 3250 secundum
1825 3216 1980 3252 eiusdem
1999 3217 2263 3253 constitutionis
2283 3227 2365 3253 nor-

1278 3259 1633 3340 mampraestanda,
1665 3260 1830 3297 videlicet
1861 3272 1983 3298 eorum
2015 3262 2173 3308 periculo
2205 3262 2264 3308 qui
2288 3273 2364 3297 eam

1278 3314 1443 3350 acclplan
1461 3332 1469 3340 .

1278 3420 1314 3453 B
1325 3417 1396 3460 W1',
1410 3419 1476 3451 erit
1488 3419 1561 3461 PE,
1575 3431 1651 3453 cum
1664 3420 1704 3453 al.
1728 3422 1778 3452 est
1796 3423 1887 3454 tutor
1900 3434 1957 3454 om.
1982 3421 2047 3455 W⁰

1322 3466 1379 3505 (15)
1409 3464 1459 3508 C'j:
1477 3465 1551 3499 Gai.
1569 3467 1597 3506 1,
1612 3473 1664 3500 175
1687 3467 1770 3510 Diq.
1784 3468 1838 3508 26,
1851 3474 1878 3507 4,
1892 3474 1967 3507 3,10

1324 3511 1384 3551 (16)
1414 3511 1464 3554 Of.
1481 3510 1558 3544 Gai.
1574 3513 1745 3553 1,1⁶e.1·15
1769 3512 1851 3556 Diq.
1866 3513 1920 3555 26,
1935 3519 1961 3552 4,
1977 3519 2003 3545 3.
2018 3519 2035 3545 4

1277 3554 1329 3587 vel
1341 3555 1377 3588 E
1385 3556 1430 3590 W
1515 3558 1574 3598 (18)
1604 3557 1681 3590 C'od.
1696 3558 1728 3598 5,
1741 3564 1790 3596 3ο,
1805 3565 1821 3590 5

1316 3599 1380 3642 (111)
1403 3600 1453 3643 Os.
1470 3599 1733 3642 Gai.1‚185..191
1752 3600 1833 3643 Diq.
1848 3601 1903 3641 26,
1918 3607 1934 3632 5
1960 3598 2037 3632 cod.
2052 3599 2133 3638 5‚s4
2193 3597 2256 3637 (20)
2283 3595 2354 3630 Gai

1275 3646 1305 3686 1,
1322 3651 1452 3679 185481
1565 3645 1626 3687 (21)
1650 3646 1698 3678 sic
1715 3645 1772 3678 B⁰
1794 3645 1882 3684 Gai„
1904 3644 2013 3676 suerat
2034 3639 2124 3675 B³T
2232 3642 2297 3684 (22)
2322 3652 2362 3675 ex

1272 3691 1468 3723 testamento
1490 3703 1548 3723 om.
1567 3690 1644 3724 Gai.
1721 3691 1786 3732 (23)
1815 3690 1893 3724 Cod.
1911 3691 1939 3729 1,
1953 3696 1980 3729 4,
1994 3694 2029 3721 30
2108 3686 2171 3727 (24)
2197 3686 2299 3729 apud]
2315 3688 2360 3732 B,

1273 3730 1518 3781 συνόντων-Θ,
1541 3749 1598 3769 om.
1617 3735 1693 3769 TP:
1717 3735 1817 3769 etiam
1830 3734 1919 3776 apud
1932 3745 2001 3767 cum
2017 3732 2048 3765 θ
2061 3738 2090 3765 et
2108 3732 2184 3766 Cod.
2198 3744 2263 3766 scr.

2172 3512 2230 3552 (1⁷)
2256 3512 2302 3552 et]
2317 3511 2361 3552 Β,
