2528 3918
101 121 370 154 AOTIOMBUS

102 243 224 267 versus
249 236 407 267 actorem
431 230 519 266 dari.
556 232 591 264 et
611 228 764 263 Sabinus
783 233 888 273 putat
912 238 984 262 11011
1010 238 1086 263 6336
1107 227 1194 262 (1311-

104 279 196 319 dam,
222 276 325 329 quasi
349 276 393 312 de
416 275 487 310 alia
511 284 550 309 re
574 273 619 308 sit
644 274 812 315 iuratum,
837 273 907 308 hoc
932 277 987 308 est
1010 277 1098 308 tunc
1122 283 1195 308 non

102 323 213 358 fuisse
236 334 274 357 m
297 324 494 367 potestate:
527 318 632 354 modo
658 329 740 354 vero
766 329 847 353 cum
870 318 907 353 in
957 322 1109 354 otestate
1134 318 1194 353 de-

102 367 353 413 prehendatur,
379 367 422 401 de
445 365 542 400 facto
569 364 644 399 eius
668 373 775 409 posse
800 364 867 408 agi.
953 364 1085 399 eratius
1107 374 1194 409 quo-

103 424 173 458 que
197 412 360 448 dicebat¹
386 414 469 455 post
493 412 659 444 exactum
682 408 932 444 iusiurandum
954 419 1063 461 posse
1095 412 1194 444 acto-

102 470 178 494 rem
202 458 364 493 detracta
387 465 502 490 noxae
527 454 706 489 deditione
730 454 900 499 experiri,
934 465 964 489 31
995 453 1100 490 modo
1125 454 1195 489 hoc

104 503 307 544 contendat,
327 505 563 546 posteaquam
582 500 739 534 iuratum
752 501 766 520 ²
788 504 842 534 est
855 499 1014 544 coepisse
1025 500 1061 534 in
1074 504 1194 545 potes-

104 553 178 584 tate
201 548 343 583 habere.

150 592 202 631 22
234 592 289 627 ΡΛ
298 601 393 626 ULUS
423 590 514 626 libro
547 592 672 626 octavo
704 590 841 625 decimo
874 590 924 624 ad
955 590 1110 626 edictum
1159 589 1196 624 Si

103 649 224 675 servus
257 636 439 682 depositus
471 635 527 671 vel
559 635 805 670 commodatus
840 636 904 676 sit,
939 646 1019 670 cum
1053 635 1194 670 domino

103 684 158 729 agi
181 686 299 728 potest
322 681 444 717 noxali
468 680 627 716 actione:
654 680 685 715 ei
709 680 803 715 enim
827 680 959 715 servire
982 681 1196 726 intellegitur

103 734 154 771 et,
188 727 283 773 quod
308 727 354 762 ad
377 728 446 762 hoc
479 726 633 761 edictum
665 726 810 767 attinet,
842 726 880 760 in
911 730 1090 770 potestate
1122 726 1195 761 eius

103 779 174 815 est,
208 773 360 808 maxime
393 772 422 806 si
455 771 594 816 copiam
625 771 760 806 habeat
782 771 1005 816 reciperandi
1029 771 1194 806 hominis.

105 824 117 854 1
168 819 204 854 Is
225 819 285 863 qui
305 817 445 863 pignori
466 817 606 861 accepit
625 816 679 851 vel
699 816 760 861 qui
780 817 944 861 precario
965 817 1103 861 rogavit
1122 827 1195 852 non

101 868 242 899 tenetur
266 863 386 898 noxali
418 862 576 897 actione:
609 861 693 896 licet
728 862 819 896 enim
851 862 944 897 iuste
1003 862 1195 904 ossideant,

101 920 172 944 non
196 914 317 944 tamen
341 908 506 953 opinione
533 906 664 942 domini
688 907 893 951 possident:
928 917 966 942 se
1015 907 1080 942 hos
1106 918 1194 952 quo-

101 965 169 1000 que
193 955 230 989 in
253 957 433 1006 potestate
457 952 591 987 domini
614 952 779 997 intellegi,
806 952 834 986 si
859 952 1070 987 facultatem
1093 963 1194 998 repe-

101 1003 120 1035 2
168 999 266 1035 tendi
284 1010 344 1034 eos
367 998 531 1033 dominus
551 998 692 1032 habeat.
742 997 834 1041 Quid
855 1001 909 1033 est
928 998 1062 1033 habere
1080 997 1194 1033 facul-

100 1049 211 1080 tatem
235 1044 442 1089 repetendi‘?
476 1043 609 1078 habeat
640 1044 849 1088 pecuniam,
883 1054 927 1078 ex
958 1053 1029 1088 qua
1052 1043 1196 1078 liberari

101 1095 235 1136 potest:
274 1101 357 1124 nam
392 1100 464 1124 non
496 1088 602 1123 debet
634 1089 712 1133 cogi
742 1088 894 1124 vendere
928 1099 985 1124 res
1018 1099 1122 1131 suas,
1156 1093 1196 1123 ut

101 1140 121 1172 3
169 1136 285 1171 solvat
307 1134 496 1180 pecuniam
522 1137 557 1168 et
575 1137 716 1178 repetat
735 1144 886 1169 servum.
923 1133 1110 1176 Dominus,
1136 1134 1196 1179 qui

101 1191 240 1216 servum
263 1181 301 1215 in
325 1190 391 1216 sua
413 1183 594 1225 potestate
614 1189 692 1214 esse
713 1179 914 1221 confitetur,
940 1183 1004 1214 aut
1029 1180 1195 1215 exhibere

101 1237 182 1261 eum
206 1226 312 1261 debet
336 1229 400 1260 aut
423 1226 608 1260 absentem
633 1223 841 1259 defendere:
868 1224 965 1269 quod
984 1225 1053 1260 11131
1071 1225 1193 1266 faciat,

101 1275 122 1307 4
168 1272 317 1316 punitur
329 1275 436 1315 atque
448 1270 478 1306 si
497 1274 723 1315 praesentem
743 1280 815 1304 non
836 1280 951 1305 noxae
972 1270 1118 1305 dederit.
1158 1270 1195 1305 Si

101 1317 242 1361 negavit
265 1316 429 1351 dominus
452 1315 489 1350 in
514 1326 580 1351 sua
603 1318 781 1360 potestate
813 1325 891 1350 esse
923 1325 1081 1358 servum,
1113 1326 1194 1361 per-

100 1362 209 1397 mittit
231 1365 376 1407 praetor
399 1361 514 1396 actori
537 1360 734 1403 arbitrium,
759 1364 879 1395 utrum
902 1360 1133 1396 iureiurando
1159 1361 1195 1395 id

101 1407 266 1443 decidere
298 1417 345 1442 an
375 1406 546 1441 iudicium
579 1406 716 1440 dictare
751 1406 827 1440 sine
862 1416 979 1441 noxae
1015 1406 1195 1442 deditione

101 1453 195 1495 velit,
219 1463 284 1498 per
308 1452 403 1497 quod
427 1452 554 1494 vincet,
580 1452 610 1486 si
633 1451 837 1495 probaverit
857 1461 937 1486 eum
956 1451 993 1486 in
1013 1456 1194 1497 potestate

102 1508 180 1533 esse
210 1498 266 1533 vel
298 1497 379 1532 dolo
417 1498 493 1532 eius
528 1496 684 1539 factum,
722 1507 791 1541 quo
827 1497 942 1531 minus
979 1497 1194 1542 essetz³qui

101 1547 219 1578 autem
254 1554 327 1578 non
362 1543 567 1587 probaverit
600 1542 638 1577 in
671 1545 851 1587 potestate
886 1542 1079 1578 adversarii
1117 1553 1194 1578 esse

101 1599 253 1630 servum,
277 1599 352 1623 rem
376 1588 517 1622 amittit.

148 1631 200 1671 23
230 1634 353 1670 GAIUS
374 1633 464 1669 libro
488 1636 592 1668 sexto
617 1633 667 1667 ad
689 1633 841 1668 edictum
859 1633 1090 1679 provinciale
1125 1633 1193 1668 Sed

102 1680 160 1715 et⁴
192 1679 222 1714 si
253 1683 380 1724 postea
411 1678 658 1713 adversarius⁵
690 1678 766 1713 eius
798 1678 836 1713 in
859 1681 1038 1723 potestate
1062 1679 1194 1713 habere

102 1724 259 1769 coeperit
289 1734 443 1766 servum,
477 1728 619 1759 tenetur
650 1734 694 1759 ex
718 1733 809 1758 nova
833 1724 1060 1768 possessione
1085 1724 1191 1759 dene-

101 1775 184 1815 gata
209 1770 239 1805 ei
263 1769 481 1814 exceptione.

148 1814 200 1852 24
228 1815 385 1850 mes
413 1815 504 1849 libro
537 1817 663 1850 octavo
695 1814 832 1850 decimo
858 1814 907 1849 ad
938 1814 1091 1849 edictam
1139 1814 1194 1849 De

101 1861 160 1896 1110
186 1860 385 1901 videndum,
410 1866 529 1894 utrum
553 1859 722 1894 adversus
747 1870 827 1894 eum
850 1863 1001 1901 tantum,
1028 1859 1088 1904 qui
1112 1859 1193 1894 dolo

101 1906 204 1947 fecit,
231 1917 300 1950 quo
326 1906 466 1940 minus⁶
489 1905 526 1939 in
550 1908 729 1949 potestate
754 1905 922 1947 haberet,
957 1905 1051 1940 actio
1076 1905 1194 1940 locum

101 1952 234 1986 habeat
257 1951 440 1991 noxalis⁷,
467 1950 496 1985 si
521 1960 564 1984 ex
589 1950 670 1984 dolo
697 1950 771 1984 eius
797 1950 989 1992 acciderit,
1013 1954 1055 1985 ut
1079 1954 1195 1985 cesset

102 1997 240 2032 noxalis
265 1996 358 2031 actio
385 1996 491 2036 (forte
515 1996 545 2029 si
569 2005 670 2030 servo
695 2006 759 2030 suo
784 1995 906 2040 fugam
930 1996 1122 2037 mandavit)
1149 2006 1194 2030 an

103 2046 137 2077 et
161 2042 191 2077 si
215 2041 329 2086 possit
352 2041 461 2075 nihilo
487 2040 603 2075 minus
629 2051 710 2075 cum
735 2040 803 2075 alio
830 2041 885 2085 agi
920 2041 1028 2085 (quod
1052 2041 1193 2083 accidit,

103 2098 183 2122 cum
208 2087 384 2122 alienatus
415 2086 698 2121 manumissusve
731 2090 808 2127 631),
847 2086 940 2131 quod
973 2090 1027 2121 est
1058 2087 1192 2121 verius:

101 2134 137 2167 in
163 2143 232 2177 quo
259 2142 346 2167 casu
371 2132 495 2166 electio
521 2135 574 2166 est
598 2131 742 2172 actoris,
769 2142 848 2166 cum
875 2142 944 2176 quo
969 2131 1053 2166 velit
1078 2142 1192 2176 agere.

102 2178 261 2213 Iulianus
287 2180 405 2212 autem
429 2177 479 2211 ait
503 2176 547 2211 de
571 2187 612 2211 6ο
639 2176 698 2221 qui
730 2177 952 2218 manumisit,
985 2177 1015 2211 si
1046 2181 1195 2222 paratus

103 2223 149 2258 sit
174 2222 362 2257 defendere
386 2232 424 2257 se
447 2222 698 2263 manumissus,
725 2222 969 2266 exceptionem
992 2222 1146 2257 dandam
1165 2222 1194 2257 ei

104 2268 163 2314 qui
187 2268 400 2302 manumisit.
436 2268 505 2302 hoc
532 2270 567 2302 et
589 2267 725 2302 Labeo.

150 2311 202 2350 25
231 2313 353 2349 GAws
371 2312 461 2348 libro
481 2316 586 2347 sexto
607 2312 656 2347 ad
674 2312 827 2348 edictum
833 2313 1063 2365 provinciale
1097 2313 1195 2348 Idem

103 2363 169 2400 est,
195 2363 229 2394 et
253 2358 283 2393 si
307 2368 419 2393 novus
444 2357 607 2392 dominus
631 2357 723 2392 servi
745 2357 914 2392 iudicium
935 2358 1105 2402 patiatur.

149 2402 202 2441 26
228 2403 284 2438 ΡΑ
293 2413 387 2438 ULUS
396 2403 486 2438 libro
501 2406 625 2438 octavo
638 2402 775 2438 decimo
788 2403 838 2438 ad
849 2403 1004 2438 edictwn
1050 2403 1191 2439 Electio

104 2460 185 2485 vero
219 2449 369 2484 alterum
399 2448 584 2483 liberabit:
617 2447 654 2483 id
686 2448 779 2483 6111111
809 2452 954 2493 praetor
986 2448 1193 2490 introduxit,

104 2506 148 2530 ne
173 2494 375 2529 eluderetur
399 2496 518 2535 actor,
551 2504 624 2528 non
655 2497 697 2528 ut
729 2493 835 2528 etiam
867 2494 1007 2528 lucrum
1038 2494 1192 2529 faceret:

108 2546 121 2575 1
170 2540 321 2584 ideoque
345 2539 553 2583 exceptione
577 2549 599 2572 a
623 2539 784 2583 sequenti
803 2539 1093 2574 summovebitur.
1129 2539 1194 2574 His

104 2595 324 2629 consequens
344 2587 409 2626 est,
434 2588 485 2626 ut,
511 2584 541 2618 si
559 2583 680 2628 plures
699 2584 779 2619 dolo
799 2584 961 2627 fecerint,
988 2595 1057 2629 quo
1078 2585 1195 2620 minus

103 2631 140 2665 in
163 2633 341 2675 potestate
371 2629 587 2671 haberent⁸‚
620 2629 748 2673 eligere
779 2629 907 2664 debeat
936 2634 1056 2672 actor,
1091 2640 1195 2675 quem

104 2679 124 2711 2
172 2676 255 2710 velit
279 2675 478 2710 convenire.
526 2674 615 2709 Item
639 2674 669 2709 si
694 2684 737 2709 ex
760 2674 921 2719 pluribus
946 2674 1097 2710 dominis
1117 2675 1194 2720 qui-

105 2721 187 2755 dam
200 2720 280 2755 dolo
301 2720 394 2755 malo
414 2723 536 2765 partes
557 2729 642 2754 suas
663 2719 832 2754 desierint
851 2719 1045 2764 possidere,
1069 2720 1193 2755 electio

105 2766 172 2801 erit
202 2765 353 2807 actoris,
385 2770 504 2800 utrum
537 2765 670 2800 directo
704 2774 808 2809 agere
838 2765 923 2800 velit
954 2776 1035 2800 cum
1067 2775 1108 2800 eo
1134 2766 1194 2810 qui

102 2811 298 2856 -possidet9,
330 2821 376 2845 an
408 2810 589 2855 praetoria
614 2820 695 2845 cum
720 2820 760 2845 eo
786 2810 848 2855 qui
873 2810 977 2845 desiit
1000 2810 1192 2854 possidere.

105 2859 125 2891 3
174 2856 211 2890 Si
242 2866 380 2890 servum
412 2856 565 2890 alienum
597 2855 688 2890 alius
719 2855 757 2890 in
787 2855 864 2890 iure
895 2866 997 2890 suum
1031 2865 1108 2890 esse
1139 2867 1193 2891 re-

105 2905 126 2936 4
174 2901 375 2946 sponderit,
409 2900 520 2936 altero
549 2901 707 2936 solvente
734 2900 825 2935 alter
851 2900 1034 2935 liberatur.
1083 2901 1120 2935 Si
1151 2901 1193 2942 is,

106 2956 210 2991 quem
242 2946 387 2981 desieris
419 2946 500 2980 dolo
525 2945 726 2990 possidere,
759 2945 963 2987 decesserit,
988 2946 1195 2990 priusquam

105 2992 174 3026 hac
199 2991 339 3026 actione
365 2991 611 3033 convenireris‚
636 2991 811 3032 liberaris,
838 2992 921 3036 quia
935 2993 961 3011 ¹⁰
986 2992 1075 3026 haec
1100 2992 1193 3026 actio

104 3037 142 3071 in
165 3037 283 3071 locum
308 3036 464 3071 directae
495 3036 646 3071 actionis
679 3036 857 3071 succedit:
891 3036 1068 3071 diversum
1100 3036 1193 3071 dice-

106 3085 125 3116 5
173 3092 262 3122 mus,
288 3081 318 3115 si
342 3091 476 3115 moram
499 3081 627 3116 feceris
651 3081 688 3115 in
710 3081 841 3116 iudicio
867 3081 1086 3126 accipiendo.
1122 3081 1194 3116 Ne·

107 3137 175 3170 que
193 3126 315 3161 heredi
329 3127 354 3146 ¹¹
379 3136 423 3161 ne
449 3136 493 3161 ue
512 3126 550 3161 in
569 3126 745 3167 heredem,
770 3126 867 3171 quod
885 3126 1075 3162 defunctus
1097 3137 1194 3162 men-

106 3171 192 3206 titus
217 3175 281 3213 est,
306 3171 399 3206 actio
445 3170 539 3206 anda
560 3175 624 3213 est,
649 3181 715 3206 nec
734 3171 771 3205 in
789 3171 906 3216 ipsum
928 3172 1086 3217 quolibet
1106 3176 1193 3207 tem-

107 3227 210 3260 pore:
243 3227 326 3251 nam
357 3216 506 3251 liberum
538 3226 616 3251 esse
649 3216 755 3251 debet
785 3216 988 3251 defendenti
1013 3217 1195 3252 absentem

107 3271 246 3295 servum
270 3261 375 3296 huius
401 3261 507 3296 edicti
530 3271 682 3306 poenam
714 3261 864 3303 evitare,
895 3262 933 3296 id
965 3266 1019 3296 est
1050 3265 1088 3296 ut
1120 3262 1196 3297 sine

107 3316 223 3340 noxae
242 3306 421 3341 deditione
441 3306 683 3341 conveniatur.
716 3310 751 3341 et
769 3306 848 3341 ideo
869 3306 900 3341 si
919 3307 1101 3351 negaveris
1121 3317 1194 3342 ser-

106 3361 189 3385 vum
212 3351 248 3385 in
271 3355 335 3385 tua
384 3355 536 3386 otestate
560 3361 649 3393 esse,
675 3355 802 3395 postea
825 3350 931 3386 fateri
954 3352 1101 3396 poteris,
1127 3352 1195 3387 nisi

108 3396 137 3430 si
162 3396 231 3429 iam
255 3396 298 3430 lis
323 3406 344 3430 3
370 3406 492 3431 versus
516 3400 552 3431 te
577 3399 778 3431 contestata
802 3400 874 3431 est:
907 3406 989 3431 nam
1020 3400 1106 3431 tunc
1131 3407 1194 3431 au-

109 3440 175 3474 diri
200 3451 270 3474 non
296 3440 458 3481 debebis,
483 3445 524 3475 ut
547 3441 669 3476 Labeo
695 3441 762 3475 ait:
790 3441 992 3476 Octavenus
1017 3452 1060 3476 ex
1085 3452 1195 3476 causa

108 3486 215 3519 etiam
245 3485 308 3519 lite
339 3490 540 3520 contestata
573 3486 638 3520 tibi
673 3486 971 3528 succurrendum,
1009 3486 1132 3531 utique
1166 3487 1194 3521 si

110 3599 148 3637 (1)
175 3596 333 3639 dicebant
344 3597 377 3630 F
485 3602 528 3635 (2)
555 3603 755 3640 poteaquam
769 3600 902 3631 iuratur
915 3600 948 3631 F

110 3643 170 3675 ins.
184 3643 219 3675 F
338 3643 381 3682 (4)
406 3646 439 3674 et
452 3643 515 3675 del.
528 3643 681 3686 Krueyer

111 3689 154 3727 (6)
181 3697 246 3728 (100
259 3687 382 3727 1111003]
398 3686 553 3718 (1011110113
568 3688 599 3719 F

111 3733 154 3771 (8)
180 3731 318 3764 haberet
331 3733 365 3764 F
451 3734 494 3772 (9)
520 3732 694 3773 possident
706 3733 740 3764 F

1047 3603 1088 3640 (3)
1115 3600 1194 3640 quia

818 3647 860 3684 (5)
886 3644 1155 3676 adverversarius
1171 3645 1202 3676 F

744 3692 786 3728 (ἵ)
815 3688 947 3720 noxalis
962 3689 1023 3721 del.
1043 3690 1196 3722 Cuiacius

806 3735 865 3772 (10)
892 3734 996 3774 quiF·
1060 3736 1115 3774 (ιι)
1140 3744 1195 3766 116-

1193 101 1272 148 135

2189 104 2366 147 VIIII4

1266 229 1285 260 6
1334 230 1435 261 aetas
1459 231 1522 261 tua
1547 237 1589 261 ea
1613 227 1677 268 sit,
1709 231 1750 261 ut
1779 227 1916 271 ignosci
1947 227 2012 262 tibi
2046 226 2184 261 debeat.
2234 226 2271 261 Si
2304 226 2368 261 ab·

1265 274 1367 306 sente
1401 271 1542 306 domino
1577 271 1707 306 ductus
1741 271 1787 306 sit
1820 282 1943 307 servus
1967 272 2021 307 vel
2046 272 2152 306 etiam
2177 277 2368 317 praesente

1266 317 1351 352 etin
1372 317 1497 352 eadem
1519 327 1630 352 causa
1651 316 1708 359 sit,
1730 320 1769 352 ut
1788 317 1825 351 in
1844 317 2019 362 integrum
2041 317 2180 352 restitui
2202 317 2317 362 possit
2330 318 2367 359 ¹2,

1266 361 1425 397 defensio
1450 362 1669 407 permittitur
1693 361 1766 396 eius
1792 363 1933 397 nomine
1954 363 2015 408 qui
2036 362 2165 397 ductus
2187 366 2258 397 est:
2283 373 2367 407 pos-

1265 407 1464 442 tulantibus
1490 407 1582 442 enim
1607 407 1766 442 exhiberi
1791 417 1871 442 eum
1896 407 1942 442 ad
1967 407 2229 443 defendendum
2249 407 2367 443 indul-

1265 463 1348 498 gere
1371 456 1517 497 praetor
1542 452 1657 488 debet.
1692 452 1784 487 idem
1805 453 2073 488 concedendum
2094 457 2148 488 est
2167 453 2367 488 fructuario

1267 498 1322 532 vel
1355 498 1412 533 cui
1444 498 1602 543 pignoris
1634 497 1776 533 nomine
1809 498 1987 542 obligatus
2021 503 2094 540 est,
2132 499 2162 533 si
2197 509 2367 543 praesens

1266 543 1430 578 dominus
1457 543 1647 578 defendere
1667 542 1833 584 noluerit,
1859 553 1904 578 ne
1925 544 2071 578 alterius
2095 544 2198 579 dolus
2224 547 2286 579 aut
2306 544 2366 579 (16-

1266 588 1357 623 sidia
1392 589 1471 624 aliis
1506 593 1646 624 noceat.
1692 588 1786 623 idem
1820 588 2078 633 praestandum
2111 595 2165 623 est
2195 589 2233 623 in
2264 600 2367 624 servo

1267 634 1456 676 communi,
1483 644 1586 679 quem
1611 634 1702 669 alter
1726 644 1770 668 ex
1794 633 1946 668 dominis
1971 644 2141 678 praesens
2166 634 2281 669 noluit
2305 634 2363 669 de-

1265 679 1421 714 fendere.
1459 679 1522 715 sed
1547 684 1582 714 et
1606 679 1721 714 actori
1743 679 1799 713 his
1825 678 1969 714 casibus
1994 680 2274 714 succurrendum
2300 685 2365 722 est,

1266 724 1350 769 quia
1381 725 1501 770 placet
1532 725 1675 760 dominii
1708 724 1946 769 adquisitione
1979 724 2136 768 extingui
2169 726 2365 760 actionem:

1265 770 1364 850 110330
1398 770 1490 805 6111111
1522 770 1699 816 praetoris
1735 769 1864 804 ductus
1904 770 1942 804 in
1977 770 2081 804 bonis
2117 770 2158 804 fit
2194 771 2269 806 eius
2307 771 2366 816 qui

1290 815 1379 850 uxit.

1313 858 1365 897 27
1396 860 1520 897 Gams
1551 860 1643 896 libro
1675 863 1781 896 sexto
1805 860 1856 895 ad
1877 860 2032 896 edictum
2050 860 2281 912 provinciale
2329 861 2366 895 Si

1266 906 1387 941 noxali
1401 906 1428 927 ¹³
1464 905 1595 941 iudicio
1632 906 1750 951 agitur
1785 905 1829 941 de
1864 916 1966 941 servo
2003 916 2064 950 (101
2097 905 2254 950 pignoris
2290 906 2366 941 iure

1266 955 1407 986 tenetur
1443 955 1507 986 aut
1539 951 1582 986 de
1615 961 1655 986 eo
1690 951 1791 986 cuius
1823 962 1911 986 usus
1947 950 2088 985 fructus
2121 950 2268 986 alterius
2301 955 2366 994 est,

1266 996 1482 1032 admonendi
1501 1007 1634 1039 sumus,
1657 997 1687 1032 si
1709 996 1866 1032 creditor
1884 997 1941 1032 vel
1958 995 2249 1031 usufructuarius
2262 1007 2366 1041 prae-

1266 1052 1348 1077 sens
1362 1041 1606 1077 defensionem
1618 1042 1801 1087 suscipere
1814 1041 1977 1084 noluerit,
1990 1041 2242 1086 proconsulem
2255 1041 2366 1076 inter-

1265 1092 1451 1122 venturum
1485 1091 1520 1122 et
1543 1087 1699 1132 pignoris
1724 1087 2011 1132 persecutionem
2034 1087 2090 1122 vel
2115 1097 2200 1121 usus
2225 1085 2367 1122 fructus

1265 1134 1442 1168 actionem
1455 1137 1676 1178 negaturum.
1715 1143 1784 1178 quo
1807 1143 1895 1168 casu
1915 1132 1986 1167 dici
2007 1132 2167 1177 11016311ιὶ
2189 1131 2268 1176 ipso
2290 1133 2368 1167 iure

1265 1179 1392 1224 pignus
1416 1178 1563 1213 liberari
1589 1179 1738 1220 (nullum
1764 1178 1855 1214 enim
1879 1178 2007 1223 pignus
2042 1182 2113 1219 est,
2149 1178 2251 1212 cuius
2284 1188 2365 1223 per-

1266 1224 1402 1260 secutio
1429 1227 1610 1268 negatur):
1643 1234 1730 1258 usus
1753 1224 1892 1259 fructus
1918 1227 2055 1265 autem,
2082 1222 2221 1257 etiamsi
2244 1233 2366 1268 perse-

1267 1270 1361 1305 cutio
1387 1269 1462 1304 eius
1487 1269 1698 1315 denegetur,
1722 1268 1800 1314 ipso
1819 1269 1896 1304 iure
1912 1269 2018 1304 durat
2039 1279 2078 1303 eo
2100 1278 2225 1313 usque,
2252 1268 2365 1303 donec

1272 1320 1281 1348 1
1333 1325 1407 1350 11011
1440 1314 1573 1350 utendo
1607 1315 1802 1350 constituto
1838 1318 1997 1359 tempore
2033 1317 2169 1358 pereat.
2219 1313 2278 1348 Ex
2310 1313 2365 1349 his

1265 1371 1358 1405 quae
1390 1360 1542 1396 diximus
1576 1360 1620 1395 de
1652 1370 1752 1395 servo
1778 1360 1837 1405 (101
1862 1360 1968 1394 alicui
1990 1359 2148 1404 pignoris
2173 1358 2250 1394 iure
2274 1359 2363 1394 obli-

1263 1409 1368 1450 gatus
1393 1409 1448 1440 est
1472 1405 1587 1450 deque
1610 1405 1820 1440 statulibero
1847 1409 1882 1440 et
1906 1405 1949 1440 de
1970 1415 2011 1440 eo
2035 1404 2137 1439 cuius
2160 1415 2247 1439 usus
2268 1404 2365 1439 fruc-

1264 1456 1322 1486 tus
1347 1450 1484 1486 alienus
1510 1455 1576 1493 est,
1601 1455 1754 1496 apparet
1778 1460 1870 1493 eum,
1896 1450 1956 1495 qui
1981 1450 2135 1485 alienum
2162 1460 2302 1485 servum
2330 1450 2366 1484 in

1263 1497 1339 1532 iure
1363 1507 1467 1532 suum
1492 1506 1570 1532 esse
1593 1496 1877 1541 responderit¹⁵,
1903 1495 2063 1541 quamvis
2088 1495 2210 1530 noxali
2233 1495 2365 1530 iudicio

1264 1546 1466 1584 teneantur,
1491 1552 1564 1577 non
1588 1546 1708 1577 tamen
1728 1551 1835 1587 posse
1853 1551 1971 1576 noxae
1992 1540 2170 1576 deditione
2190 1541 2269 1585 ipso
2289 1540 2366 1575 iure

1263 1587 1419 1629 liberari,
1445 1587 1529 1632 quia
1552 1587 1688 1622 nullum
1708 1587 1755 1622 ad
1775 1590 1934 1622 actorem
1955 1585 2149 1621 dominium
2170 1585 2367 1621 transferre

1265 1636 1434 1678 possunt,
1461 1643 1541 1667 cum
1565 1632 1634 1677 ipsi
1658 1632 1791 1668 domini
1815 1643 1888 1667 non
1912 1632 1994 1667 sint.
2033 1636 2128 1666 certe
2159 1635 2301 1674 tamen,
2335 1632 2366 1666 si

1265 1689 1309 1713 ex
1341 1688 1384 1712 ea
1418 1688 1529 1713 causa
1561 1678 1732 1713 traditum
1765 1681 1893 1723 postea
1924 1676 2088 1712 dominus
2119 1676 2275 1711 vindicet
2299 1687 2365 1711 nec

1265 1724 1335 1758 litis
1362 1723 1645 1758 aestimationem
1677 1723 1823 1765 offerat,
1856 1723 1989 1768 poterit
2021 1732 2086 1767 per
2120 1722 2366 1767 exceptionem

1265 1769 1335 1804 doli
1360 1769 1443 1803 mali
1468 1769 1601 1814 repelli.

1312 1811 1364 1851 28
1390 1816 1618 1849 AFRICANUS
1640 1814 1730 1849 libro
1754 1819 1860 1848 sexto
1886 1813 2136 1859 quaestionum
2186 1812 2236 1847 Et
2259 1822 2363 1856 gene-

1263 1860 1387 1895 raliter
1411 1860 1440 1894 si
1464 1860 1572 1894 alieni
1596 1859 1688 1894 servi
1713 1859 1874 1900 nomine,
1909 1859 1970 1904 qui
2003 1858 2068 1893 tibi
2100 1858 2230 1893 iustam
2256 1858 2362 1892 servi-

1264 1910 1376 1940 tutem
1402 1905 1568 1947 serviret,
1594 1905 1714 1940 noxali
1739 1908 1858 1939 tecum
1884 1904 2013 1949 egerim
2037 1907 2148 1948 tuque
2173 1913 2254 1938 eum
2278 1903 2363 1937 mihi

1265 1961 1380 1986 noxae
1404 1950 1563 1986 dederis:
1589 1950 1662 1985 sive
1685 1960 1742 1984 me
1765 1949 1970 1994 possidente
1996 1949 2160 1984 dominus
2186 1959 2267 1983 eum
2287 1948 2363 1983 vin-

1266 1996 1381 2038 dicet,
1415 1996 1626 2041 exceptione
1651 1995 1722 2030 doli
1746 1995 1848 2037 mali,
1883 1994 1951 2030 nisi
1984 1994 2055 2029 litis
2080 1993 2365 2029 aestimationem

1265 2041 1405 2083 offerat,
1431 2051 1510 2076 eum
1535 2051 1755 2076 summovere
1779 2051 1945 2085 possum,
1971 2040 2044 2074 sive
2067 2039 2144 2084 ipse
2168 2039 2363 2084 possideat,

1264 2087 1480 2121 Publiciana
1503 2087 1589 2121 mihi
1621 2086 1746 2127 datur,
1781 2090 1816 2120 et
1847 2086 2018 2120 adversus
2054 2085 2288 2129 excipientem
2322 2084 2364 2119 ‘si

1266 2131 1428 2167 dominus
1453 2132 1529 2167 eius
1555 2132 1611 2166 sit'
1637 2131 1760 2166 utilem
1784 2131 1870 2166 mihi
1893 2130 2161 2176 replicationem
2187 2129 2257 2164 doli
2279 2130 2364 2164 mali

1264 2177 1491 2222 profuturam
1523 2182 1560 2212 et
1592 2176 1789 2212 secundum
1821 2177 1911 2211 haec
1936 2187 2004 2211 usu
2030 2185 2172 2220 quoque
2196 2185 2252 2209 me
2277 2185 2362 2219 cap-

1264 2227 1404 2264 turum,
1436 2223 1596 2267 quamvis
1629 2223 1745 2257 sciens
1770 2222 1925 2257 alienum
1948 2220 2169 2266 possideam:
2206 2220 2363 2265 alioquin

1265 2268 1295 2302 si
1319 2268 1421 2303 aliter
1446 2268 1706 2310 constituatur,
1731 2267 1912 2309 futurum,
1945 2270 1986 2301 ut
2010 2277 2148 2301 summa
2172 2266 2362 2310 iniquitate

1265 2313 1381 2348 bonae
1404 2313 1489 2348 fidei
1512 2323 1699 2358 possessor
1731 2312 1940 2354 adficiatur,
1974 2312 2022 2354 si,
2059 2322 2140 2346 cum
2171 2311 2250 2356 ipso
2284 2311 2364 2345 iure

1265 2359 1404 2393 noxalis
1438 2359 1532 2394 actio
1565 2358 1736 2394 adversus
1769 2369 1849 2393 eum
1883 2357 2070 2402 competit,
2103 2356 2298 2391 necessitas
2332 2356 2363 2391 ei

1264 2404 1480 2448 imponatur,
1506 2408 1547 2439 ut
1568 2404 1641 2438 litis
1667 2403 1948 2438 aestimationem
1973 2402 2132 2438 sufferat.
2168 2402 2363 2446 eademque

1266 2449 1417 2484 dicenda
1441 2454 1526 2484 sunt
1550 2453 1585 2484 et
1610 2449 1658 2491 si,
1692 2459 1773 2484 cum
1805 2449 1851 2483 ab
1884 2459 1925 2483 eo
1942 2449 1968 2469 ¹⁶
1992 2458 2064 2482 non
2097 2447 2361 2489 defenderetur,

1264 2495 1364 2529 iussu
1388 2495 1562 2539 praetoris
1595 2506 1675 2530 eum
1707 2494 1886 2535 duxerim,
1920 2493 2086 2538 quoniam
2118 2492 2187 2527 isto
2220 2502 2362 2537 quoque

1266 2551 1352 2575 casu
1377 2540 1508 2575 iustam
1534 2550 1678 2575 causam
1702 2539 1907 2584 possidendi
1931 2538 2058 2573 habeo.

1311 2583 1364 2622 29
1393 2585 1517 2621 omes
1539 2586 1629 2621 libro
1650 2588 1755 2620 sexto
1777 2585 1826 2619 acl
1845 2584 1998 2619 edictum
2013 2582 2243 2629 provinciale
2277 2581 2360 2617 Non

1264 2631 1380 2666 solum
1412 2634 1531 2666 autem
1567 2631 1628 2676 qui
1661 2630 1698 2664 in
1728 2633 1908 2674 potestate
1941 2639 2013 2663 non
2048 2627 2158 2662 habet
2194 2638 2362 2662 recusare

1264 2679 1383 2720 potest
1407 2676 1536 2710 noxale
1555 2675 1736 2716 iudicium,
1761 2685 1884 2709 verum
1909 2678 1944 2709 et
1967 2673 2115 2708 habenti
2138 2672 2174 2707 in
2190 2674 2215 2694 ¹⁷
2239 2677 2359 2718 potes-

1264 2721 1514 2762 tate,liberum
1539 2725 1594 2756 est
1618 2720 1749 2755 evitare
1771 2719 1953 2761 iudicium,
1980 2719 2010 2753 si
2034 2717 2256 2753 indefensam
2283 2729 2360 2753 eam

1265 2776 1454 2810 personam
1478 2766 1672 2811 relinquat:
1707 2764 1771 2800 sed
1801 2764 1886 2799 huic
1918 2774 2064 2800 necesse
2097 2763 2230 2798 estius
2256 2775 2359 2798 suum

1265 2811 1310 2845 ad
1334 2814 1493 2846 actorem
1516 2811 1722 2852 transferre,
1747 2809 1895 2854 perinde
1920 2820 1962 2845 ac
1987 2809 2017 2844 si
2041 2809 2231 2844 damnatus
2252 2814 2357 2843 esset.

1310 2853 1363 2893 30
1389 2855 1500 2890 IDEM
1519 2856 1609 2892 libro
1634 2855 1683 2890 ad
1706 2855 1858 2890 edictum
1876 2856 2064 2900 praetoris
2087 2854 2230 2896 urbani,
2255 2854 2358 2888 titulo

1265 2902 1308 2936 de
1343 2901 1474 2936 damno
1511 2901 1648 2946 infecto
1703 2900 1744 2934 In
1780 2900 1968 2935 noxalibus
2000 2899 2201 2935 actionibus
2236 2909 2358 2934 eorum

1265 2946 1324 2991 qui
1358 2946 1455 2980 bona
1489 2945 1560 2980 fide
1603 2946 1735 2980 absunt
1777 2945 1832 2980 ius
1875 2956 1948 2980 non
1990 2944 2249 2989 corrumpitur,
2295 2944 2359 2979 sed

1263 2991 1413 3027 reversis
1438 2990 1651 3025 defendendi
1676 3001 1719 3025 ex
1744 2991 1837 3025 bono
1864 2995 1900 3026 et
1923 3001 2035 3036 aequo
2057 2993 2216 3034 potestas
2240 2989 2359 3031 datur,

1264 3037 1336 3082 sive
1350 3037 1377 3056 ¹⁸
1401 3036 1533 3071 domini
1557 3036 1628 3070 sint
1652 3036 1724 3071 sive
1748 3035 1880 3081 aliquid
1904 3035 1940 3070 in
1966 3046 2008 3071 ea
2031 3046 2070 3070 re
2101 3035 2156 3069 103
2189 3034 2357 3076 habeant,

1265 3081 1380 3126 qualis
1406 3085 1459 3117 est
1483 3080 1638 3116 creditor
1663 3084 1698 3115 et
1721 3079 1952 3116 fructuarius.

1311 3124 1360 3164 31
1390 3126 1446 3161 ΡΑ
1455 3135 1549 3160 ULUS
1578 3126 1668 3161 libro
1692 3137 1729 3161 se
1759 3127 1843 3161 timo
1868 3127 1918 3161 ad
1940 3126 2124 3161 Plautium

1264 3175 1427 3216 praetor,
1461 3182 1542 3206 cum
1565 3170 1700 3206 familia
1723 3137 1858 3207 furtum
1882 3172 2011 3213 faciat,
2038 3171 2083 3205 ad
2108 3182 2187 3206 eum
2213 3170 2354 3205 modum

1265 3227 1304 3252 se
1327 3216 1504 3252 actionem
1529 3216 1716 3259 daturum,
1748 3220 1790 3251 ut
1812 3220 1951 3251 tantum
1976 3220 2079 3251 actor
2104 3219 2351 3260 consequatur,

1265 3266 1436 3306 quantum
1472 3262 1502 3296 si
1532 3261 1622 3296 liber
1651 3261 1796 3297 fecisset
1828 3266 2125 3307 consequeretur,
2162 3260 2356 3305 quaeritur,

1265 3311 1383 3341 utrum
1417 3306 1462 3340 ad
1486 3306 1661 3350 pecuniae
1684 3308 1962 3352 praestationem
1987 3306 2155 3351 respiciat
2179 3316 2226 3339 an
2250 3305 2355 3339 etiam

1265 3351 1310 3386 ad
1335 3362 1451 3386 noxae
1475 3351 1707 3394 deditionem,
1741 3356 1780 3386 ut
1811 3357 1899 3397 puta
1915 3353 1941 3373 ¹⁹
1965 3352 1995 3386 si
2020 3363 2063 3387 ex
2086 3350 2208 3396 pretiis
2240 3358 2356 3384 noxae

1265 3396 1462 3431 deditorum
1486 3396 1632 3441 duplum
1657 3397 1860 3442 colligatur,
1895 3401 2081 3442 sequentes
2114 3395 2274 3430 actiones
2300 3393 2353 3427 in·

1263 3441 1463 3476 hibeantur.
1514 3441 1668 3477 Sabinus
1701 3447 1736 3477 et
1761 3442 1904 3477 Cassius
1936 3447 2066 3487 putant
2090 3439 2240 3484 pretium
2266 3449 2353 3482 quo-

1264 3496 1332 3531 que
1356 3497 1470 3521 noxae
1495 3486 1691 3522 deditorum
1715 3487 1883 3533 imputari
1908 3487 2054 3528 debere,
2080 3484 2175 3530 quod
2199 3484 2353 3528 Pompo·

2171 3125 2275 3169 Quod
2307 3125 2357 3159 ait

1264 3609 1328 3640 que
1340 3599 1454 3631 heredi
1469 3600 1530 3632 del.
1580 3604 1639 3640 (12)
1655 3605 1765 3642 potest
1779 3601 1811 3632 F
1855 3602 1911 3640 (13)
1927 3598 2045 3630 noxale
2060 3598 2094 3629 F
2144 3598 2201 3637 (14)
2217 3600 2311 3638 potes
2325 3595 2361 3628 F

1265 3647 1322 3684 (15)
1337 3654 1392 3676 603
1407 3644 1465 3686 qui
1477 3669 1483 3675 .
1494 3669 1500 3675 .
1513 3669 1520 3676 .
1532 3645 1768 3687 responderint
1779 3657 1841 3678 scr.
1913 3646 1972 3681 (16)
1986 3643 2092 3675 habeo
2108 3642 2142 3674 F
2206 3643 2263 3682 (17)
2293 3653 2351 3683 po-

1268 3688 1571 3766 ἓῖῗ...1131161111111
1587 3690 1616 3722 S
1628 3700 1700 3723 cum
1716 3690 1760 3730 B,
1776 3702 1835 3722 om.
1850 3689 1883 3721 F
1961 3691 2019 3727 (18)
2035 3688 2063 3719 si
2077 3687 2111 3719 F
2195 3688 2254 3727 (19)
2269 3689 2351 3728 puto
