2528 3918
118 122 174 152 ET
202 122 565 155 FIDEICOMMISSIS

168 231 216 268 15
252 231 397 268 arms
417 233 509 270 libro
532 234 684 281 septimo
704 233 1064 278 fideicommissorum
1105 236 1207 271 Iavo-

116 278 217 313 lenus
243 288 334 321 eum,
359 278 419 323 qui
443 283 590 324 rogatus
612 282 697 324 post
728 278 850 314 decem
883 290 995 315 annos
1020 281 1207 316 restituere

115 323 303 368 pecuniam
327 328 411 359 ante
435 325 525 360 diem
549 324 767 366 restituerat,
792 325 987 369 respondit,
1014 326 1043 361 si
1060 328 1208 371 propter

116 369 288 413 capientis
312 379 521 414 personam,
558 369 654 414 quod
677 379 751 404 rem
783 369 994 406 familiarem
1018 371 1111 406 tueri
1136 382 1206 406 non

116 417 248 458 posset,
273 415 310 448 in
334 414 425 449 diem
450 414 762 450 fideicommissum
785 415 948 451 relictum
973 416 1147 468 probetur
1171 421 1207 451 et

115 459 298 503 perdituro
332 460 365 494 ei
394 460 431 494 id
461 460 565 495 heres
602 464 685 495 ante
718 460 808 496 diem
841 461 1076 505 restitulsset,
1108 461 1204 497 nullo

116 505 219 540 modo
244 505 431 539 liberatum
456 515 551 540 esse:
585 505 682 550 quod
706 506 736 540 si
767 510 906 551 tempus
930 506 1070 542 heredis
1097 517 1207 542 causa

114 555 344 594 prorogatum
369 554 473 592 esset,
499 554 539 585 ut
563 550 787 586 commodum
811 551 915 586 medii
939 553 1109 597 temporis
1129 553 1206 597 ipse

114 596 272 637 sentiret,
306 595 496 630 liberatum
521 606 601 630 eum
625 596 799 641 intellegi:
836 607 918 631 nam
951 601 987 632 et
1017 598 1098 642 plus
1125 608 1205 633 eum

113 640 335 685 praestitisse
360 651 466 685 quam
491 640 685 676 debuisset.

163 683 213 723 16
238 685 400 721 mes·
418 686 509 722 libro
535 687 639 721 tertio
664 686 714 722 ad
736 686 926 722 Neratium
975 688 1105 723 Servus
1123 692 1206 734 post

112 731 236 766 decem
261 741 374 766 annos
398 731 489 766 liber
513 741 592 766 esse
615 731 734 767 iussus
759 736 815 768 est
845 733 1071 778 legatumque
1106 735 1138 769 ei
1162 744 1205 769 ex

113 776 170 811 die
204 776 327 811 mortis
364 776 498 811 domini
529 777 566 811 in
599 787 713 812 annos
746 778 902 822 singulos
942 779 1106 814 relictum
1139 783 1203 814 est.

112 831 235 856 eorum
260 821 399 866 quidem
424 832 610 863 annorum,
637 822 764 868 quibus
788 824 859 858 iam
883 824 973 859 liber
997 825 1074 866 erit,
1108 825 1203 868 lega-

113 871 187 901 tum
212 867 416 902 debebitur:
441 868 582 902 interim
607 871 726 903 autem
742 869 845 903 heres
867 869 899 904 ei
916 869 1083 904 alimenta
1100 880 1203 915 prae-

113 916 209 946 stare
234 912 469 957 compellitur.

160 954 210 994 17
236 957 369 992 LABEO
391 958 482 993 libro
513 958 670 994 secundo
688 960 934 1004 posteriorum
960 962 1007 995 a¹
1032 960 1203 995 Iavoleno

111 1003 386 1049 epitomatorum
426 1003 601 1048 Legatum
625 1004 676 1038 ita
691 1007 759 1039 est:
787 1005 929 1044 ‘Attiae,
949 1005 1063 1040 donec
1079 1006 1203 1048 nubat,

111 1048 378 1093 ‘quinquaginta
401 1048 549 1083 damnas
583 1053 658 1084 esto
691 1050 795 1084 heres
827 1060 927 1085 meus
961 1050 1058 1086 dare’
1091 1061 1205 1096 neque

111 1093 330 1137 adscriptum
355 1098 410 1128 est
434 1094 482 1128 ‘in
505 1105 619 1130 annos
644 1095 825 1139 singulos’.
870 1095 993 1131 Labeo
1011 1096 1203 1132 Trebatius

110 1149 280 1183 praesens
303 1138 458 1183 legatum
483 1139 605 1174 deberi
628 1141 776 1185 putat2‚
809 1141 872 1175 sed
895 1142 1028 1176 rectius
1062 1141 1201 1177 dicetur

115 1189 126 1217 1
178 1184 215 1219 id
238 1184 393 1228 legatum
417 1185 454 1219 in
485 1195 598 1220 annos
632 1185 790 1230 singulos
823 1185 956 1221 deberi.
1014 1187 1108 1221 ‘Vini
1132 1187 1203 1221 Fa-

111 1229 223 1271 ‘lerni,
249 1230 345 1274 quod
368 1230 465 1265 domi
480 1234 698 1272 nasceretur,
724 1231 914 1275 quotannis
938 1232 975 1266 in
999 1243 1113 1267 annos
1130 1233 1200 1267 sin-

111 1275 222 1319 ‘gulos
247 1275 351 1310 binos
384 1275 505 1310 culeos
535 1276 639 1311 heres
675 1286 774 1311 meus
799 1277 897 1312 Attio
931 1277 1040 1313 dato'.
1096 1278 1202 1313 etiam

110 1331 175 1365 pro
201 1331 241 1355 eo
267 1330 374 1363 anno,
402 1331 471 1365 quo
497 1321 583 1355 nihil
608 1321 678 1355 vini
701 1326 825 1356 natum
850 1325 923 1364 est,
960 1323 1080 1358 deberi
1112 1323 1202 1358 duos

110 1365 243 1408 culeos,
267 1366 298 1400 si
321 1365 425 1400 modo
452 1376 495 1400 ex
514 1366 690 1401 vindemia
715 1370 913 1402 ceterorum
930 1378 1106 1403 annorum
1125 1369 1201 1403 dari

135 1411 234 1446 ossit.

109 1422 132 1455 p
158 1453 208 1493 18
234 1455 437 1491 SCAEVOLA
457 1455 548 1491 libro
591 1460 696 1491 uarto
715 1457 852 1492 decimo
870 1457 910 1492 di
934 1462 1090 1493 estorum
1133 1458 1199 1493 Co-

109 1501 233 1536 dicillis
257 1504 470 1536 testamento
497 1512 565 1536 con
591 1502 715 1537 rmatis
739 1502 890 1537 fundum
929 1503 1051 1539 ibertis
1068 1503 1202 1548 legavit

108 1556 259 1591 eumque
291 1546 437 1581 alienari
468 1547 596 1589 vetuit,
638 1547 701 1582 sed
731 1548 911 1592 pertinere
942 1548 1053 1583 voluit
1086 1552 1122 1583 et
1153 1549 1198 1583 ad

107 1592 199 1627 filios
223 1592 431 1627 libertorum
454 1592 509 1627 vel
534 1602 578 1627 ex
601 1592 656 1627 his
680 1597 803 1628 natos:
831 1593 957 1629 deinde
980 1594 1069 1629 haec
1092 1595 1201 1629 verba

108 1637 254 1672 adiecit:
297 1640 331 1671 ‘a
363 1637 492 1682 quibus
526 1638 706 1682 praestari
743 1639 822 1674 volo
855 1639 978 1674 heredi
1009 1650 1053 1674 ex
1083 1639 1199 1675 reditu

109 1683 195 1717 ‘eius
219 1682 321 1717 fundi
346 1683 468 1717 decem
492 1693 556 1728 per
580 1694 692 1718 annos
712 1684 870 1728 singulos
886 1695 999 1729 usque
1024 1685 1070 1720 ad
1086 1696 1199 1720 annos

108 1728 265 1773 ‘triginta
289 1728 446 1773 quinque
470 1739 491 1763 a
515 1728 571 1763 die
594 1729 718 1764 mortis
743 1731 866 1764 meae'.
915 1730 1115 1775 quaesitum
1134 1735 1198 1772 est,

109 1785 188 1808 cum
212 1774 315 1808 heres
341 1783 363 1807 a
388 1773 480 1809 Titio
505 1774 691 1809 institutus
721 1775 816 1809 intra
851 1775 1071 1820 trigesimum
1096 1776 1197 1820 quin-

109 1824 185 1853 tum
218 1829 350 1853 annum
382 1819 510 1854 aetatis
542 1819 752 1862 decesserit,
790 1831 837 1854 an
866 1821 1000 1855 residui
1030 1821 1198 1866 temporis

108 1864 417 1899 fideicommissum
442 1875 486 1899 ex
508 1865 625 1900 verbis
651 1875 761 1909 supra
785 1866 928 1910 scriptis
953 1866 1093 1901 heredis
1111 1877 1197 1911 quo-

107 1912 175 1954 que
198 1909 322 1944 heredi
347 1909 528 1944 debeatur.
577 1911 764 1954 respondit
787 1911 920 1953 deberi,
947 1912 1015 1946 nisi
1032 1912 1197 1946 ostenda-

107 1959 165 1989 tur
189 1965 211 1989 a
233 1954 371 1990 libertis
395 1958 603 1990 testatorem
628 1955 674 1990 ad
696 1956 837 1991 heredis
861 1957 1079 2002 trigesimum
1096 1957 1198 2001 quin-

111 2003 122 2033 1
173 2004 249 2035 111111
274 2011 407 2034 annum
430 2011 488 2035 res
516 2001 641 2036 exisse.
690 2001 814 2036 Sticho
847 2002 988 2037 alumno
1023 2013 1087 2037 suo
1115 2013 1197 2037 cen-

106 2051 181 2080 tum
205 2049 241 2080 et
265 2050 465 2080 menstruos
508 2056 605 2081 ecem
624 2050 659 2081 et
676 2057 814 2082 annuos
834 2051 975 2082 centum
995 2047 1072 2082 dari
1087 2048 1198 2083 voluit

106 2094 141 2125 et
166 2091 421 2135 Semproniam,
448 2102 554 2136 quam
577 2092 743 2127 heredem
768 2102 811 2127 ex
835 2093 965 2128 triente
981 2093 1196 2135 instituerat,

106 2136 243 2180 rogavit
266 2137 303 2170 in
326 2137 416 2171 haec
442 2137 567 2171 verba:
596 2137 689 2171 ‘fidei
713 2142 797 2172 tuae
822 2138 1014 2180 committo,
1030 2138 1195 2183 Sempro-

106 2182 177 2216 ‘nia
202 2192 315 2223 soror,
340 2182 393 2216 uti
417 2182 543 2226 legata,
594 2192 662 2217 uae
686 2182 838 2218 alumnis
862 2184 949 2218 meis
973 2184 1127 2228 reliquiss,
1154 2194 1195 2219 ex

107 2226 232 2261 ‘medio
256 2226 409 2271 recipias
435 2232 470 2261 et
494 2237 565 2272 apu
606 2230 642 2262 te
658 2228 806 2270 habeas,
832 2229 950 2273 quoad
970 2239 1083 2274 usque
1101 2240 1195 2264 com-

106 2272 303 2307 ‘mendatos
327 2272 486 2307 habeas'.
535 2273 735 2317 quaesitum
759 2277 832 2316 est,
869 2284 950 2308 cum
975 2274 1196 2319 Sempronia,

106 2318 208 2352 cuius
232 2316 316 2352 fidei
340 2318 565 2352 commissum
590 2318 646 2360 sit,
681 2319 906 2354 abstinuerat
937 2329 975 2354 se
999 2320 1197 2355 hereditate

105 2366 296 2407 antequam
328 2363 524 2398 secundum
555 2363 774 2398 voluntatem
806 2364 967 2400 defuncti
997 2365 1198 2410 perciperet

104 2408 293 2452 pecuniam
317 2408 468 2443 alumnis
487 2409 660 2451 relictam,
686 2420 732 2444 an
749 2409 872 2445 Sticho
898 2410 942 2445 de
957 2410 1084 2455 legatis
1102 2411 1195 2446 actio

104 2453 213 2488 etiam
257 2457 340 2488 ante
382 2453 586 2489 vicesimum
629 2455 791 2499 quintum
835 2466 967 2490 annum
1005 2460 1194 2501 competat.

104 2509 161 2533 res
189 2498 289 2533 ondit
313 2503 525 2544 competere.

178 2540 203 2580 9
228 2543 335 2578 IDEM
355 2544 445 2580 libro
477 2546 628 2590 septimo
661 2545 798 2580 decimo
831 2545 871 2580 di
895 2549 1053 2581 estorum
1101 2546 1197 2582 Titia

104 2588 234 2624 herede
258 2589 340 2624 Seia
363 2590 499 2634 scripta
529 2600 634 2625 usum
666 2590 823 2626 fructum
871 2591 957 2626 undi
980 2591 1120 2627 Maevio
1145 2592 1195 2627 le-

103 2635 199 2678 gavit
229 2634 377 2679 eiusque
406 2635 491 2669 fidei
523 2635 699 2670 commisit
728 2635 766 2670 in
796 2637 887 2671 haec
918 2637 1045 2672 verba:
1083 2640 1117 2672 ‘a
1148 2641 1194 2680 te,

104 2679 243 2722 ‘Maevi‚
269 2690 312 2714 ex
329 2680 445 2714 reditu
462 2680 565 2714 fundi
581 2680 784 2726 Speratiani
800 2682 977 2725 praestari
992 2682 1071 2717 volo
1088 2684 1194 2717 Arrio

105 2725 302 2769 ‘Pamphilo
327 2729 363 2759 et
386 2726 491 2760 Arrio
518 2725 639 2761 Sticho
665 2727 734 2761 ex⁴
764 2726 820 2761 die
851 2727 975 2762 mortis
1008 2737 1108 2762 meae
1132 2739 1194 2762 an-

105 2773 206 2804 ‘nuos
232 2774 414 2805 sescentos
439 2772 640 2815 quotannis,
667 2771 785 2816 quoad
806 2771 946 2806 vivent'.
995 2773 1195 2816 quaesitum

104 2819 170 2857 est,
207 2826 287 2850 cum
309 2815 471 2850 Maevius
496 2826 616 2851 annua
641 2817 810 2851 alimenta
842 2817 1080 2861 praestiterit,
1139 2822 1195 2854 ost

106 2864 254 2895 mortem
278 2865 396 2895 autem
422 2861 496 2896 eius
521 2861 654 2897 fundus
679 2862 726 2896 ad
748 2862 916 2897 heredem
941 2862 1057 2897 Titiae
1088 2874 1111 2907 p
1128 2874 1194 2899 eno

104 2906 181 2940 iure
203 2905 360 2947 redierit,
386 2917 432 2940 an
457 2907 625 2942 alimenta
649 2917 693 2942 ex
716 2907 989 2942 fideicommisso
1008 2907 1193 2952 Pamphilo

104 2955 140 2985 et
164 2951 284 2986 Sticho
305 2951 514 2988 debeantur.
561 2952 731 2997 respondi
747 2953 834 2987 nihil
855 2953 1018 2998 proponi,
1045 2964 1110 2988 cur
1134 2953 1194 2989 de-

105 2997 214 3030 beant
243 2997 420 3041 praestari
451 2997 497 3032 ab
529 2997 721 3033 heredibus
746 2998 879 3041 Titiae,
917 3009 997 3033 cum
1030 2999 1076 3032 ab
1108 3010 1194 3034 usu-

105 3040 302 3076 fructuario
326 3042 493 3077 alimenta
516 3042 642 3078 relicta
673 3046 768 3079 sunt.
815 3043 909 3078 idem
941 3044 1111 3088 quaesiit,
1148 3054 1194 3078 an

107 3086 151 3119 ab
175 3086 366 3121 heredibus
390 3087 520 3122 Maevii
544 3088 706 3132 legatarii
739 3089 956 3133 praestanda
988 3089 1070 3124 sint.
1118 3100 1192 3125 res-

106 3131 230 3174 pondit
253 3132 363 3166 nihil⁵
387 3133 432 3166 ab
457 3133 586 3168 herede
605 3134 777 3178 legatarii,
803 3134 871 3169 nisi
887 3138 1095 3169 testatorem
1119 3145 1193 3169 ma-

106 3175 233 3211 nifeste
255 3177 428 3221 probetur
451 3178 603 3213 voluisse
620 3179 727 3214 etiam
742 3179 842 3214 finito
859 3191 928 3215 usu
944 3179 1065 3214 fructu
1090 3190 1194 3224 prae-

107 3221 203 3263 stari,
229 3221 259 3256 si
282 3222 385 3257 modo
409 3222 458 3264 id,
484 3224 579 3268 quod
605 3234 647 3259 ex
671 3235 739 3259 usu
756 3224 876 3260 fructu
889 3229 1073 3270 receptum
1090 3229 1194 3268 esset,

113 3269 121 3298 l
175 3265 206 3300 ei
237 3266 288 3301 rei
319 3268 501 3311 parandae
541 3268 733 3305 sufficeret.
798 3269 865 3314 Qui
896 3270 1021 3305 Marco
1061 3271 1194 3306 homini

107 3310 212 3345 docto
239 3314 337 3345 certa
361 3323 480 3348 annua
502 3315 721 3358 praestabat,
745 3318 957 3351 testamento
983 3316 1094 3350 cavit:
1121 3316 1194 3351 ‘do-

107 3356 213 3390 ‘mina
238 3356 471 3400 sanctissima,
491 3359 564 3395 scio
588 3363 624 3395 te
648 3360 692 3395 de
719 3360 841 3395 amicis
865 3361 951 3395 meis
977 3365 1193 3404 curaturam,

108 3406 162 3435 ‘ne
187 3400 270 3445 quid
294 3401 349 3436 his
374 3402 483 3438 desit:
508 3406 653 3439 1181111116
676 3410 796 3440 tamen
820 3409 857 3441 et
878 3406 1004 3441 Marco
1030 3406 1107 3441 dari
1131 3418 1192 3442 oc-

107 3446 307 3491 ‘tingenta'z
341 3449 539 3491 quaesitum
564 3454 633 3492 est,
667 3461 714 3485 an
736 3451 884 3486 Marcus
914 3452 1094 3495 praestitis
1126 3452 1194 3487 sibi

107 3501 150 3525 ex
183 3501 293 3526 causa
323 3491 430 3536 legati
454 3494 664 3538 octingentis
698 3506 819 3530 annua
850 3507 989 3541 quoque
1024 3498 1193 3542 consequi

107 3536 246 3571 debeat.
294 3537 478 3581 respondit
500 3539 585 3573 nihil
609 3541 782 3585 proponi,
814 3552 878 3576 cur
900 3552 971 3576 non
996 3542 1192 3577 secundum

108 3655 146 3691 (1)
171 3664 190 3686 a
204 3666 262 3687 om.
277 3653 312 3686 F
374 3654 416 3695 (2)
441 3657 563 3696 putant
575 3656 646 3687 edd.

108 3701 150 3738 (5)
176 3709 236 3731 nee
250 3712 312 3732 scr.
406 3701 450 3739 (6)
476 3702 602 3739 verum]
617 3699 715 3732 velim
728 3713 789 3734 scr.

109 3749 158 3780 cio
172 3748 262 3780 Titio
275 3760 337 3779 scr.
430 3746 489 3787 (τ’)
508 3750 542 3783 §¹
559 3762 602 3773 :r
616 3746 670 3785 35,
684 3752 712 3786 2,
723 3753 795 3787 25,1

726 3657 767 3696 (3)
793 3656 990 3699 relinquiF
1051 3657 1094 3699 (4)
1118 3658 1202 3692 etF

885 3703 928 3740 (7)
953 3703 1109 3734 tentatrix
1121 3702 1190 3736 Lu-

890 3746 934 3785 (s)
951 3745 1188 3787 quinquagesi-

1201 107 1286 157 459

2124 114 2368 157 XXXIII1

1276 246 1330 278 ea,
1364 246 1457 281 quae
1486 236 1525 271 in
1557 235 1819 271 consultatione
1844 236 1975 272 collata
1999 240 2135 281 essent,
2160 237 2371 274 debeantur.

1278 285 1296 314 2
1346 281 1470 317 ‘Lucio
1494 280 1589 316 Titio
1614 281 1693 316 auri
1716 281 1836 326 pondo
1869 282 1958 324 tria,
1992 293 2084 328 quae
2106 283 2186 320 viva
2209 288 2371 329 praesta-

1278 325 1395 361 ⁴bam’.
1451 336 1602 371 quaero,
1643 337 1723 361 cum
1754 327 1921 362 testatrix
1962 328 2198 374 quadraginta
2239 330 2332 365 Titio
2345 332 2371 371 ⁷,

1277 371 1396 416 quoad
1428 372 1580 414 viveret,
1619 371 1740 407 salarii
1778 372 1921 407 nomine
1956 378 2090 409 certam
2126 385 2300 410 summam
2337 380 2372 411 et

1277 417 1431 461 amplius
1455 416 1630 453 festorum
1655 417 1792 452 dierum
1816 418 1959 453 nomine
1983 423 2120 454 certum
2143 420 2286 466 pondus
2312 431 2369 456 ar·

1275 462 1372 507 genti
1397 467 1461 497 aut
1482 473 1548 507 pro
1574 472 1616 498 eo
1639 462 1794 507 pretium
1823 464 2063 515 praestiterit,
2097 475 2142 499 an
2179 466 2303 502 eadem
2327 477 2371 503 ex

1277 518 1386 542 causa
1409 507 1517 552 legati
1540 508 1595 543 vel
1618 507 1883 543 fideicomm1ssi
1903 508 1949 543 ab
1965 509 2155 546 heredibus
2182 512 2257 547 eius
2274 512 2369 548 Titio

1275 553 1454 598 praestari
1478 553 1643 588 debeant.
1689 553 1875 598 respondit
1891 554 1979 588 nihil
1995 556 2158 599 proponi,
2185 567 2250 592 cur
2264 568 2370 603 prae-

1276 597 1405 633 standa
1428 609 1502 633 non
1525 602 1621 633 sunt.

1322 640 1375 680 20
1400 642 1507 677 IDEM
1527 644 1620 680 libro
1644 647 1770 680 octavo
1802 644 1940 679 decimo
1970 644 2191 690 diqestorum
2237 648 2370 685 Annua

1275 688 1330 723 his
1353 688 1471 723 verbis
1503 689 1652 734 legavit:
1685 689 1728 725 ‘si
1760 693 1987 725 morarentur
2016 700 2097 724 cum
2132 695 2247 727 matre
2278 704 2370 730 mea.

1276 736 1394 778 ‘quam
1419 733 1586 769 heredem
1611 745 1654 769 ex
1676 738 1781 787 parte
1802 735 1973 770 institui’:
2008 736 2208 780 quaesitum
2233 742 2296 782 est,
2322 750 2368 774 an

1275 783 1416 814 mortua
1440 783 1554 814 matre
1580 780 1742 815 condicio
1763 780 1929 826 adposita
1953 780 2126 816 defecisse
2148 782 2312 819 videatur
2326 795 2369 820 ac

1274 834 1339 869 per
1362 824 1432 859 hoc
1456 835 1571 869 neque
1596 826 1732 861 cibaria
1756 836 1871 870 neque
1895 826 2060 861 vestiaria
2084 827 2139 862 his
2159 827 2365 865 debeantur.

1274 869 1459 914 respondit
1490 871 1687 905 secundum
1719 881 1762 906 ea
1798 881 1888 916 quae
1918 876 2206 916 proponerentur
2236 874 2366 910 deberi.

1278 918 1292 949 1
1341 915 1443 949 Attia
1466 915 1779 952 fideicommissum
1803 917 1858 952 his
1873 917 1990 952 verbis
2009 917 2168 962 reliquit:
2196 919 2367 965 ‘quisquis

1275 961 1372 994 ‘mihi
1395 960 1498 996 heres
1524 961 1601 1004 erit,
1626 961 1709 997 fidei
1734 962 1810 997 eius
1836 962 2036 1006 committo,
2068 963 2121 997 uti
2153 963 2213 998 det
2245 975 2288 999 ex
2312 977 2366 1001 re-

1276 1006 1364 1040 ‘ditu
1390 1006 1551 1041 cenaculi
1574 1007 1642 1042 mei
1667 1011 1703 1042 et
1725 1007 1846 1042 horrei
1869 1012 1953 1052 post
1977 1008 2114 1043 obitum
2138 1009 2316 1045 sacerdoti
2333 1016 2369 1047 et

1274 1051 1540 1096 ‘hierophylaco
1568 1056 1603 1086 et
1622 1052 1771 1096 libertis,
1797 1053 1858 1097 qui
1880 1053 1992 1088 inille
2017 1053 2149 1099 templo
2165 1058 2280 1099 erunt,
2306 1056 2366 1092 de-

1274 1097 1387 1131 ‘naria
1406 1097 1526 1132 decem
1544 1097 1601 1132 die
1618 1098 1870 1141 nundinarum,
1891 1109 1980 1143 quas
1997 1099 2045 1133 ibi
2056 1099 2185 1144 posui’.
2223 1111 2366 1145 quaero,

1275 1146 1395 1176 utrum
1419 1142 1476 1177 his
1501 1142 1699 1186 dumtaxat,
1733 1144 1793 1188 qui
1817 1154 1858 1179 eo
1883 1147 2044 1189 tempore
2076 1155 2146 1190 quo
2180 1145 2368 1189 legabatur

1273 1188 1308 1221 in
1334 1188 1442 1223 rebus
1461 1188 1626 1223 humanis
1643 1193 1678 1223 et
1700 1189 1738 1223 in
1753 1199 1795 1224 80
1817 1188 1936 1224 officio
1957 1190 2102 1232 fuerint,
2128 1190 2286 1226 debitum
2311 1192 2366 1235 sit,

1272 1244 1318 1267 an
1342 1233 1449 1268 etiam
1472 1233 1527 1269 his
1553 1235 1614 1279 qui
1637 1235 1674 1268 in
1704 1234 1785 1270 loco
1811 1245 1934 1269 eorum
1966 1240 2230 1273 successerunt.
2290 1248 2366 1273 res-

1272 1278 1396 1323 pondit
1422 1279 1619 1314 secundum
1643 1290 1686 1315 ea
1710 1290 1803 1325 quae
1826 1285 2114 1325 proponerentur
2133 1281 2367 1318 ministerium

1271 1323 1532 1359 nominatorum
1575 1325 1817 1370 designatum,
1861 1329 2019 1361 ceterum
2059 1326 2182 1361 datum
2220 1329 2365 1374 templo.

1270 1369 1355 1403 item
1381 1379 1525 1414 quaero,
1551 1374 1671 1405 utrum
1695 1382 1766 1406 uno
1792 1371 1979 1406 dumtaxat
2002 1382 2096 1407 anno
2122 1372 2243 1407 decem
2266 1373 2366 1409 fidei-

1272 1415 1451 1450 commissi
1474 1416 1616 1451 nomine
1640 1416 1839 1451 debeantur
1870 1427 1918 1451 an
1950 1417 2055 1452 etiam
2079 1417 2117 1451 in
2151 1422 2366 1463 perpetuum

1270 1459 1393 1494 decem
1430 1470 1551 1495 annua
1590 1461 1809 1506 praestanda
1844 1462 1927 1497 sint.

1269 1508 1428 1550 petuum.

1322 1549 1407 1586 21⁷⁸
1437 1551 1539 1586 IDEM
1559 1552 1650 1588 libro
1668 1552 1833 1587 vicesimo
1858 1551 2015 1586 secundo
2040 1550 2263 1597 diqestorum
2304 1552 2365 1586 Li-

1270 1596 1372 1630 berto
1399 1606 1463 1631 suo
1490 1596 1541 1630 ita
1564 1596 1712 1641 legavit:
1740 1598 1929 1642 ‘praestari
1953 1597 2032 1632 volo
2057 1597 2218 1640 Philoni,
2252 1609 2366 1644 usque

1270 1641 1365 1675 ‘dum
1398 1642 1507 1684 vivet,
1543 1642 1700 1687 quinqua
1726 1642 1895 1677 8811113111Β
1919 1643 2034 1677 omnis
2065 1642 2223 1686 reditus,
2249 1645 2366 1689 quae⁰

1271 1686 1436 1731 ‘praediis
1462 1697 1484 1721 a
1509 1687 1643 1722 colonis
1667 1698 1709 1722 ve
1751 1688 1971 1733 emptoribus
1995 1687 2135 1723 fructus
2153 1698 2197 1723 ex
2213 1699 2363 1725 consue-

1273 1732 1405 1766 ‘tudine
1438 1731 1564 1767 domus
1597 1742 1696 1768 meae
1727 1734 1983 1778 praestantur'.
2038 1733 2187 1769 heredes
2218 1735 2362 1779 praedia

1269 1777 1513 1821 vendiderunt,
1539 1788 1583 1812 ex
1607 1789 1759 1822 quorum
1782 1778 1900 1813 reditu
1925 1779 2219 1823 quinquagesima
2239 1780 2363 1815 relicta

1270 1827 1341 1857 est:
1368 1823 1568 1866 quaesitum
1594 1827 1658 1865 est,
1684 1834 1731 1858 an
1747 1823 1852 1868 pretii
1868 1834 2010 1866 usurae,
2036 1834 2129 1876 quae
2145 1834 2189 1859 ex
2214 1835 2363 1861 consue-

1268 1867 1392 1902 tudine
1415 1868 1452 1902 in
1475 1868 1660 1913 provincia
1683 1873 1966 1914 praestarentur,
1992 1870 2287 1915 qumquagesima
2302 1870 2362 1906 de-

1268 1914 1405 1948 beatur.
1454 1913 1641 1958 respondit
1663 1914 1799 1949 reditus
1836 1914 2022 1949 dumtaxat
2053 1915 2364 1960 quinquagesimas

1271 1962 1281 1992 1
1336 1958 1491 2002 legatas,
1528 1959 1611 1994 licet
1634 1959 1784 2004 praedia
1806 1959 1952 1994 vendita
1983 1964 2067 1995 sunt
2081 1961 2118 1994 ¹⁰.
2165 1961 2200 1994 A
2222 1961 2362 2003 liberto,

1269 2004 1326 2038 cui
1350 2003 1501 2038 fundum
1524 2004 1705 2048 legaverat
1727 2005 1901 2040 ferentem
1925 2015 2046 2040 annua
2070 2006 2267 2050 sexaginta,
2300 2018 2365 2052 per

1267 2049 1578 2084 fideicommissum
1594 2049 1743 2085 dederat
1753 2050 1962 2095 Pamphilae
1977 2061 2099 2085 annua
2118 2050 2227 2086 dena:
2254 2063 2362 2104 quae-

1267 2095 1375 2130 situm
1400 2099 1464 2138 est,
1490 2095 1520 2130 si
1542 2094 1601 2130 lex
1618 2095 1781 2131 Falcidia
1797 2096 1926 2131 liberto
1943 2096 2102 2141 legatum
2118 2096 2297 2139 minuent,
2317 2108 2363 2133 an

1265 2139 1474 2185 Pamphilae
1499 2151 1641 2185 quoque
1665 2151 1823 2175 annuum
1847 2141 2159 2177 fideicommissum
2190 2143 2363 2178 minutum

1265 2185 1446 2229 videatur,
1486 2197 1566 2220 cum
1603 2196 1647 2220 ex
1679 2186 1797 2221 reditu
1828 2186 1948 2231 legata
1979 2187 2067 2230 sint,
2105 2187 2166 2231 qui
2200 2187 2362 2233 largitur,

1266 2230 1405 2266 etiamsi
1436 2230 1599 2266 Falcidia
1631 2235 1770 2276 partem
1810 2231 1989 2267 dimidiam
2029 2231 2130 2267 fundi
2163 2233 2362 2277 abstulerit,

1266 2286 1422 2311 annuam
1447 2276 1655 2321 Pamphilae
1683 2277 1972 2321 praestationem.
2021 2277 2206 2322 respondit
2233 2288 2361 2313 secun-

1267 2321 1351 2356 dum
1375 2331 1418 2356 ea
1442 2331 1534 2366 quae
1558 2326 1848 2367 proponerentur
1863 2333 1936 2358 non
1953 2322 2065 2358 videri
2081 2323 2266 2367 minutum,
2292 2324 2360 2359 nisi

1267 2369 1286 2401 2
1338 2367 1368 2401 si
1394 2366 1464 2401 alia
1487 2377 1585 2402 mens
1603 2369 1784 2403 testatoris
1809 2368 2037 2413 probaretur.
2078 2367 2209 2403 Filium
2229 2379 2273 2404 ex
2298 2369 2360 2404 do-

1266 2412 1404 2454 drante,
1429 2423 1577 2448 uxorem
1602 2423 1645 2448 ex
1670 2413 1870 2458 quadrante
1892 2413 2049 2448 instituit
2070 2413 2218 2449 heredes
2244 2418 2278 2449 et
2299 2414 2361 2449 filii

1265 2457 1348 2493 fidei
1378 2458 1571 2500 commisit,
1603 2462 1644 2493 ut
1674 2468 1848 2494 novercae
1878 2458 2085 2493 restitueret
2108 2458 2359 2495 hereditatem:

1267 2503 1313 2538 ab
1338 2513 1380 2538 ea
1404 2507 1524 2538 autem
1547 2504 1647 2548 petit,
1673 2507 1714 2538 ut
1729 2503 1971 2539 infirmitatem
1995 2503 2059 2538 filii
2076 2504 2359 2540 commendatam

1266 2548 1414 2583 haberet
1447 2548 1550 2593 eique
1588 2553 1790 2584 menstruos
1831 2559 1958 2584 aureos
1996 2549 2107 2584 denos
2146 2554 2359 2594 praestaret,

1267 2593 1380 2628 donec
1405 2594 1451 2628 ad
1480 2594 1685 2629 vicesimum
1718 2594 1879 2638 quintum
1910 2604 2042 2629 annum
2074 2594 2203 2630 aetatis
2234 2606 2358 2640 perve-

1266 2639 1367 2680 nerit,
1395 2650 1476 2674 cum
1499 2643 1620 2674 autem
1642 2640 1826 2684 implesset
1849 2649 1927 2674 eam
1952 2643 2116 2681 aetatem,
2141 2643 2281 2684 partem
2306 2640 2358 2676 di-

1266 2684 1408 2718 midiam
1432 2684 1642 2720 hereditatis
1668 2685 1700 2720 ei
1722 2684 1939 2720 restitueret.
1987 2684 2082 2719 filius
2116 2684 2270 2721 deducta
2294 2686 2357 2722 do-

1995 1462 2181 1507 respondit
2214 1464 2251 1498 in
2286 1475 2365 1509 per-

1266 2729 1401 2764 drantis
1426 2734 1528 2774 parte
1550 2734 1689 2775 quarta,
1715 2740 1759 2764 ex
1775 2740 1846 2775 qua
1869 2730 2055 2765 institutus
2073 2734 2159 2774 erat,
2184 2741 2360 2767 novercae

1266 2775 1498 2810 hereditatem
1529 2775 1686 2810 restituit
1725 2779 1760 2810 et
1791 2778 1919 2820 postea
1956 2775 2116 2820 implevit
2151 2775 2357 2812 vicesimum

1267 2819 1428 2863 quintum
1453 2831 1585 2855 annum
1609 2821 1749 2855 aetatis.
1792 2820 1991 2865 quaesitum
2016 2824 2082 2863 est,
2107 2831 2187 2856 cum
2203 2832 2359 2857 noverca

1265 2865 1451 2900 universae
1482 2866 1689 2901 hereditatis
1721 2866 1872 2900 haberet
1900 2865 2111 2901 dodrantem
2141 2867 2357 2902 semunciam

1266 2913 1302 2944 et
1325 2910 1516 2952 sicilicum,
1552 2921 1599 2945 an
1624 2911 1699 2945 eius
1730 2914 1870 2955 partem
1894 2910 2073 2946 dimidiam
2105 2912 2266 2956 privigno
2291 2924 2356 2948 suo

1265 2955 1478 2990 restitueret.
1527 2955 1711 3000 respondit
1725 2955 1922 2991 secundum
1938 2967 1981 2992 ea
2005 2967 2097 3002 quae
2113 2968 2356 3002 proponeren-

1264 3004 1324 3034 tur
1341 3004 1481 3035 tantum
1496 3000 1766 3043 restituendum,
1791 3005 1964 3046 quantum
1983 3013 2064 3037 cum
2081 3013 2134 3046 eo,
2160 3002 2257 3047 quod
2272 3003 2355 3037 Fal-

1265 3045 1378 3080 cidiae
1412 3046 1553 3081 nomine
1588 3046 1682 3080 filius
1718 3046 1944 3090 deduxisset,
1988 3047 2169 3083 semissem
2207 3047 2353 3083 faceret.

1263 3090 1356 3125 idem
1374 3091 1536 3134 quaesiit,
1561 3101 1618 3133 an,
1644 3091 1740 3136 quod
1755 3091 1953 3127 infirmitati
1968 3092 2031 3127 filii
2048 3097 2151 3137 pater
2170 3093 2355 3128 consulere

1263 3135 1432 3178 voluerit,
1464 3135 1606 3170 fructus
1631 3147 1772 3181 quoque
1802 3137 1910 3172 medii
1942 3138 2113 3182 temporis
2145 3148 2299 3173 noverca
2323 3138 2355 3172 ei

1264 3181 1452 3216 restituere
1476 3181 1631 3216 deberet.
1679 3182 1865 3227 respondit
1882 3183 2078 3218 secundum
2096 3193 2139 3218 ea
2163 3193 2253 3227 quae
2269 3193 2352 3227 pro-

1265 3229 1284 3260 3
1331 3230 1550 3270 ponerentur
1574 3226 1714 3263 debere.
1762 3227 1897 3263 Lucius
1918 3228 2034 3263 Titius
2058 3232 2271 3263 testamento
2289 3238 2350 3272 pa-

1264 3271 1353 3306 triae
1378 3281 1465 3306 suae
1490 3271 1625 3306 civitati
1648 3272 1928 3308 Sebastenorum
1953 3277 2096 3308 centum
2121 3273 2267 3317 legavit,
2301 3273 2352 3306 uti

1264 3316 1411 3351 alternis
1435 3316 1537 3352 annis
1562 3327 1606 3352 ex
1629 3318 1748 3354 usuris
1780 3318 1938 3353 eiusdem
1970 3318 2164 3353 certamina
2195 3318 2263 3352 sub
2288 3328 2351 3352 no-

1264 3362 1356 3397 mine
1390 3362 1503 3406 ipsius
1540 3362 1824 3405 celebrarentur,
1861 3368 1896 3398 et
1932 3363 2063 3399 adiecit
2096 3363 2185 3397 haec
2220 3362 2350 3397 verba:

1264 3406 1372 3452 ‘quod
1403 3407 1433 3441 si
1465 3407 1674 3443 condicione
1703 3419 1746 3444 su
1772 3419 1814 3443 ra
1844 3409 1979 3453 scripta
2010 3408 2168 3452 recipere
2199 3407 2351 3451 legatam

1264 3452 1343 3487 ‘sibi
1366 3452 1554 3496 pecuniam
1587 3453 1710 3488 civitas
1761 3455 2012 3489 ebastenorum
2048 3452 2219 3494 noluerit,
2252 3452 2350 3487 nullo

1263 3496 1380 3532 ‘modo
1404 3497 1552 3533 heredes
1569 3508 1667 3534 meos
1690 3499 1866 3544 obligatos
1884 3499 1915 3533 ei
1932 3508 2009 3533 esse
2026 3497 2117 3538 volo,
2143 3496 2204 3531 sed
2217 3497 2351 3532 habere

1262 3542 1343 3578 ‘sibi
1375 3542 1587 3586 pecuniam’.
1642 3548 1769 3588 postea
1799 3554 1945 3588 praeses
1976 3542 2179 3587 provinciae
2211 3551 2255 3576 ex
2285 3552 2349 3577 no-

1262 3668 1332 3691 mas
1344 3670 1405 3691 scr.
1529 3659 1573 3703 (9)
1591 3659 1704 3694 deins.
1825 3659 1885 3700 (10)
1901 3669 1943 3691 an
1956 3659 2059 3701 pretii
2070 3659 2347 3702 quinquagesima

1263 3703 1422 3736 debeatur
1438 3714 1634 3747 mutaeque,
1659 3716 1760 3747 quae.
1774 3729 1799 3736 ..
1823 3706 2083 3747 praestarentur,
2108 3704 2187 3738 licet
2211 3707 2347 3749 praedia

1263 3749 1397 3781 vendita
1412 3756 1502 3783 sunt.
1525 3751 1698 3792 respondit
1711 3750 1858 3782 reditus.
1871 3775 1876 3782 .
1889 3774 1896 3781 .
1909 3749 2034 3791 legatas
2046 3763 2107 3783 scr.

2010 3806 2074 3836 58*
