2528 3918
160 82 384 126 XXXV2

159 205 212 241 rei
233 204 340 241 bonis
363 202 640 239 deminutionem
671 207 849 250 praestat,

159 250 301 286 transit.
347 259 414 284 nec
445 248 666 285 contrarium
702 253 773 293 est,
809 259 880 295 quo

161 295 277 331 minus
300 295 338 330 in
368 294 473 330 bonis
504 294 582 330 eius
617 290 907 340 intellegebatur:
954 304 1037 329 nam
1066 297 1103 329 et
1134 294 1167 330 si
1194 293 1248 330 ita

161 340 354 386 stipulatus
379 343 495 382 esset,
520 342 562 374 ut
585 350 666 375 cum
689 344 887 376 moreretur
910 339 1071 375 .debere¹
1102 339 1135 375 ei
1157 338 1246 375 inci-

160 388 282 431 peret,
313 388 434 420 tamen
457 388 674 430 augerentur
694 385 792 421 bona
816 385 909 427 eius,
941 383 1247 430 quemadmodum,

161 430 192 466 si
213 430 292 476 ipse
315 429 384 465 sub
410 428 534 465 eadem
565 429 777 467 condicione
806 430 1046 475 promisisset,
1077 428 1248 465 defuncto

164 479 178 510 1
229 485 271 510 eo
314 475 570 510 minuerentur.
626 475 852 511 Honoratiae
890 484 1034 520 quoque
1076 474 1248 518 actiones,

161 530 254 566 quae
283 521 378 555 intra
409 523 545 556 certum
575 523 717 566 tempus
740 531 763 556 a
792 523 958 566 praetore
979 520 1248 565 promittuntur,

162 576 242 601 cum
266 565 371 601 bonis
403 566 536 601 actoris
569 565 739 601 defuncto
771 576 813 601 eo
846 571 1075 610 augmentum
1103 564 1159 600 rei
1187 563 1249 600 de·

161 611 434 655 cessionemv02,
466 610 496 646 si
524 611 615 647 tales
639 614 761 655 erunt,
794 614 836 646 ut
858 611 896 646 in
917 610 1083 646 heredem
1108 618 1251 655 quoque

162 659 182 691 2
228 659 424 698 transeant,
448 657 696 702 praestabunt.
719 656 879 691 Iulianus
903 655 1038 699 scribit,
1063 656 1094 691 si
1117 655 1250 690 utrius-

161 712 230 746 que
253 700 395 736 heredis
418 711 505 754 pars
519 702 695 737 exhausta
719 705 772 737 est
795 701 922 746 legatis
945 703 982 736 et
1005 701 1097 736 alter
1119 710 1164 736 ex
1186 700 1249 735 he-

160 746 303 782 redibus
337 749 539 782 cautionem
577 747 793 792 praetoriam
828 746 968 792 accepit
1002 756 1025 781 a
1058 746 1072 781 l
1116 745 1249 789 atariis,

160 802 233 827 non
257 791 462 837 aequaliter,
487 792 551 828 sed
574 803 640 837 pro
664 803 729 827 suo
745 791 850 828 modo
874 791 887 828 l
934 791 962 827 ‘s
985 790 1089 827 Falci
1113 791 1168 826 iae
1191 800 1249 826 ra-

159 837 292 872 tionem
316 840 354 872 et
383 837 560 872 actionem
585 848 628 872 ex
659 837 834 883 stipulatu
863 837 911 872 ha
936 836 1080 872 iturum.
1128 846 1250 872 omnes

160 882 253 917 enim
276 882 475 927 praetorias
498 883 747 928 stipulationes
770 882 927 918 eiusdem
949 881 1250 934 interpretationis

162 938 258 964 esse:
291 937 374 963 nam
405 932 570 963 constare
594 938 638 963 ex
668 928 865 963 iudicatum
895 927 984 963 solvi
1007 931 1054 963 sti
1080 927 1249 970 ulatione,

160 973 234 1008 sive
257 983 280 1008 a
301 976 406 1019 parte
429 973 561 1008 actoris
586 973 659 1008 sive
683 983 705 1008 a
728 973 781 1009 rei
811 973 931 1019 plures
962 973 1049 1008 here
1075 982 1111 1008 es
1142 972 1249 1007 exsti-

161 1018 308 1061 tissent,
338 1028 411 1054 non
443 1019 606 1054 omnibus
637 1029 703 1054 nec
733 1018 903 1054 adversus
928 1027 1051 1054 omnes
1075 1018 1251 1053 actionem

161 1063 377 1109 contingere,
401 1063 466 1100 sed
490 1064 676 1099 dumtaxat
698 1064 753 1099 his
766 1064 828 1110 qui
850 1063 1019 1100 vicissent
1043 1064 1102 1098 et³
1126 1062 1250 1098 adver·

161 1119 223 1145 sus
246 1109 380 1151 victos,
412 1109 557 1155 hisque,
590 1109 761 1145 adversus
793 1119 883 1154 quos
913 1119 972 1145 res
1007 1108 1156 1144 defensa
1178 1118 1251 1143 non

160 1158 275 1198 esset,
323 1153 494 1190 adversus
541 1164 621 1197 eos,
669 1155 729 1200 qui
771 1165 846 1190 rem
885 1165 959 1190 non
996 1153 1250 1190 defendissent.

161 1202 181 1235 3
227 1200 360 1235 Annua
383 1200 480 1235 bima
502 1200 608 1235 trima
632 1199 689 1235 die
720 1200 838 1235 aureis
863 1199 1023 1235 centenis
1054 1198 1182 1244 legatis
1207 1208 1251 1234 ex

162 1245 326 1281 omnibus
352 1245 516 1288 summis,
539 1255 613 1280 non
637 1248 778 1280 tantum
811 1255 855 1280 ex
882 1244 1141 1290 posterioribus
1193 1254 1251 1279 or-

162 1294 183 1325 4
229 1291 362 1325 tionem
393 1290 480 1335 legis
508 1289 693 1325 Falcidiae
730 1290 872 1325 detrahi
898 1289 1047 1335 placuit.
1094 1289 1132 1324 Si
1188 1289 1250 1324 itio

164 1335 286 1380 viginti
316 1335 442 1380 legatis
474 1335 592 1381 portio
622 1346 687 1381 per
716 1335 829 1380 legem
858 1334 1059 1371 Falcidiam
1089 1334 1252 1370 detracta

161 1384 278 1424 esset,
311 1391 391 1416 cum
422 1381 500 1433 ipse
523 1391 666 1426 quoque
695 1381 852 1427 quinque
883 1380 963 1416 Seio
987 1382 1134 1426 rogatus
1157 1383 1252 1416 esset

160 1426 366 1469 restituere,
397 1425 549 1461 Vindius
572 1429 697 1463 noster
727 1430 867 1462 tantum
890 1425 971 1461 Seio
995 1436 1061 1471 pro
1085 1425 1251 1472 portione

161 1482 205 1507 ex
229 1471 384 1524 quinque
416 1471 672 1508 detrahendum
703 1472 773 1515 ait,
807 1475 979 1517 quantum
1011 1471 1106 1507 Titio
1132 1480 1176 1505 ex
1198 1471 1249 1506 vi-

159 1517 247 1562 ginti
271 1516 472 1552 detractum
497 1520 600 1553 esset.
650 1527 743 1563 quae
773 1517 950 1553 sententia
973 1520 1009 1552 et
1033 1516 1250 1562 aequitatem

160 1566 196 1597 et
217 1562 392 1598 rationem
415 1573 450 1597 m
499 1562 528 1598 ‘s
551 1562 680 1607 habet,
716 1562 801 1608 quia
833 1572 936 1598 exem
961 1562 997 1598 lo
1028 1561 1170 1597 heredis
1200 1561 1250 1597 le-

158 1607 318 1652 gatarius
357 1607 405 1643 ad
438 1572 711 1644 iffieommissa
754 1611 977 1654 praestana
1015 1606 1249 1652 obligabitur:

159 1663 226 1688 nec
250 1653 334 1705 quia
369 1663 414 1688 ex
437 1663 503 1688 sua
533 1663 688 1699 persona
717 1653 909 1698 legatarius
938 1652 1108 1688 inducere
1136 1652 1250 1697 legem

161 1697 362 1733 Falc1diam
384 1708 456 1734 non
478 1698 606 1744 possit,
629 1699 764 1734 idcirco
788 1698 885 1745 quod
906 1708 1037 1744 passus
1061 1701 1156 1733 esset
1178 1708 1251 1732 non

158 1743 443 1788 imputaturum:
478 1743 548 1779 nisi
570 1743 664 1780 forte
686 1748 840 1780 testator
869 1744 922 1779 ita
943 1743 1029 1779 fidei
1053 1744 1128 1779 eius
1153 1753 1249 1779 com-

159 1789 332 1832 misisset,
368 1793 410 1824 ut
432 1793 559 1832 totuin,
585 1789 756 1835 quidquid
780 1800 824 1825 ex
846 1792 1059 1825 testamento
1085 1788 1250 1834 cepisset,

160 1838 180 1869 5
227 1834 445 1870 restitueret.
505 1833 544 1870 Si
574 1838 695 1870 autem
728 1834 980 1870 manumittere
1015 1844 1156 1870 servum
1195 1833 1251 1869 vel

159 1890 265 1915 suum
288 1880 344 1916 vel
367 1879 521 1916 alienum
551 1884 700 1926 rogatus
732 1881 797 1924 sit,
833 1879 1034 1916 omnimodo
1064 1882 1251 1925 praestare

160 1925 303 1961 debebit
323 1924 539 1968 libertatem,
562 1936 630 1961 nec
652 1926 723 1962 hoc
741 1925 959 1962 contrarium
983 1928 1038 1961 est
1061 1923 1250 1971 superiori,

160 1971 247 2023 quia
266 1969 369 2006 favor
391 1970 566 2022 libertatis
597 1981 706 2017 saepe
729 1975 766 2007 et
789 1971 879 2007 alias
909 1970 1136 2016 benigniores
1167 1980 1248 2006 sen-

159 2020 290 2051 tentias
314 2015 489 2061 exprimit.

206 2058 259 2099 33
286 2060 446 2097 Psvws
466 2061 557 2097 libro
582 2062 687 2097 tertio
709 2061 1066 2107 fideicommissorum
1113 2060 1151 2096 Si
1174 2071 1248 2096 ser-

159 2116 224 2142 vus
247 2105 313 2142 tibi
334 2106 474 2151 legatus
503 2107 552 2142 sit
574 2116 726 2153 eumque
749 2110 897 2152 rogatus
929 2106 977 2143 sis
999 2106 1250 2142 manumittere

159 2161 226 2187 nec
249 2155 437 2197 praeterea
461 2151 596 2198 capias,
633 2152 730 2188 unde
753 2156 929 2198 quartam,
961 2161 1054 2196 quae
1077 2162 1142 2196 per
1162 2150 1249 2187 Fal-

159 2196 288 2232 cidiam
310 2197 495 2241 retinetur,
517 2198 677 2243 recipere
698 2198 835 2244 possis,
860 2200 1006 2233 senatus
1020 2197 1159 2232 censuit
1171 2206 1248 2232 ces-

159 2252 240 2278 sare
262 2242 472 2278 Falcidiam.

204 2284 259 2325 34
282 2286 524 2324 Macram
543 2287 635 2324 libro
684 2288 938 2336 uadraqesimo
950 2287 1107 2323 secundo
1131 2286 1248 2334 dayes-

160 2336 278 2369 torum
308 2331 474 2369 lomim
504 2336 608 2369 notat
651 2299 695 2369 fn
728 2333 911 2370 testatoris
942 2342 1044 2368 servo
1076 2342 1149 2368 non
1181 2332 1249 2367 erit

158 2377 342 2414 Falcidiae
363 2378 486 2414 locus:
511 2378 543 2414 si
564 2388 648 2414 vero
671 2378 863 2424 pecuniam
876 2378 1017 2414 aliudve
1040 2377 1128 2423 quid
1150 2377 1245 2423 lega-

159 2424 248 2459 verit
269 2423 424 2469 fideique
446 2423 609 2469 legatarii
621 2424 846 2468 commiserit,
869 2428 911 2459 ut
927 2423 1083 2459 alienum
1107 2433 1247 2459 servum

159 2469 214 2505 vel
236 2469 399 2514 legatarii
422 2469 699 2512 manumitteret,
722 2469 825 2506 locus
850 2469 928 2505 erit.
962 2509 964 2512 y

204 2512 258 2552 35
290 2513 486 2551 ULPMNUS
504 2514 597 2551 libro
619 2518 726 2551 sexto
751 2514 1034 2568 diffutationum
1081 2513 1195 2548 Plane
1217 2512 1249 2549 si

160 2560 246 2604 quid
269 2559 316 2595 sit
336 2563 526 2606 praeterea
547 2560 705 2605 legatum
734 2560 805 2607 ipsi
833 2570 955 2602 servo,
985 2558 1170 2594 Falcidiae
1191 2557 1247 2594 lo-

161 2616 242 2640 cum
265 2604 343 2641 fore
378 2609 524 2641 senatus
554 2604 759 2642 declaravit.
804 2604 902 2641 unde
933 2603 1107 2640 Scaevola
1135 2604 1188 2639 ait
1209 2603 1247 2639 in

783 2654 861 2686 tum
885 2654 950 2693 est,
973 2649 1026 2685 ita
1048 2648 1247 2685 Falcidiam

777 2706 843 2742 pro
867 2705 970 2732 servo
993 2694 1247 2740 praestandum

940 249 1077 285 vivente
1106 259 1169 285 reo
1202 258 1244 285 eo

159 2650 728 2742 ffiaeffleffiffizul

418 2722 427 2739 5

160 2745 216 2776 est
237 2745 411 2776 sumatur.

206 2783 259 2823 36
285 2785 443 2822 Psaros
463 2786 554 2822 libro
587 2787 691 2822 tertio
719 2785 1079 2832 fideicommissorum
1124 2784 1195 2821 Sed
1217 2785 1249 2820 si

160 2842 232 2867 non
255 2841 378 2867 servus
401 2831 478 2876 ipse
499 2831 638 2877 legatus
662 2832 727 2874 sit,
759 2830 824 2866 sed
853 2830 1008 2876 pecunia
1029 2833 1249 2876 rogatusque

161 2876 208 2912 sit
229 2876 424 2922 legatarius
448 2886 588 2912 servum
612 2887 717 2912 suum
739 2875 1007 2919 manumittere,
1048 2875 1249 2910 Falcidiam

160 2922 316 2967 patietur
338 2925 375 2957 et
398 2921 507 2957 nihilo
531 2922 648 2958 minus
681 2925 828 2968 cogetur
859 2920 1128 2963 manumittere,
1188 2920 1249 2956 uia

166 2971 178 3002 l
227 2966 320 3003 tanti
342 2967 549 3002 aestimasse
571 2967 751 3003 videbitur
773 2976 915 3003 servum
937 2976 1053 3002 suum.
1101 2965 1169 3010 Qui
1217 2966 1249 3001 si

161 3012 299 3048 alienus
323 3022 446 3047 servus
469 3011 601 3047 fuerit?
647 3013 685 3048 in
708 3023 751 3048 eo
775 3022 848 3048 non
871 3011 953 3057 plus
1000 3021 1083 3047 uam
1107 3011 1249 3056 accepit

162 3060 181 3093 2
227 3057 275 3093 ad
297 3056 541 3093 redimendum
565 3058 704 3102 cogitur
726 3056 942 3102 impendere.
1016 3057 1054 3092 in
1077 3066 1159 3092 vero
1183 3056 1246 3092 he-

161 3113 216 3139 res
239 3103 405 3139 servum⁴
428 3106 574 3148 rogatus
598 3103 645 3138 sit
668 3102 927 3145 manumittere,
951 3101 1072 3148 placet
1120 3101 1247 3137 retium

162 3152 181 3184 3
227 3149 316 3191 eius,
340 3151 382 3183 ut
405 3157 466 3183 aes
489 3147 655 3189 alienum,
679 3147 927 3183 deducendum
950 3157 1040 3183 esse.
1102 3158 1114 3181 ι
1148 3146 1247 3183 solus

161 3203 285 3230 servus
322 3193 462 3239 legatus
505 3196 542 3228 et
571 3192 844 3228 fideicommissa
883 3192 1049 3228 libertate
1092 3192 1247 3228 donatus

160 3239 280 3282 fuerit,
303 3238 389 3275 licet
410 3237 573 3274 Falcidia
595 3238 850 3274 interveniente
871 3240 970 3273 totus
986 3237 1161 3273 vindicari
1183 3247 1246 3283 pe-

161 3285 231 3320 tive
252 3287 383 3331 potest.
431 3282 496 3319 sed
519 3286 556 3319 et
577 3283 608 3319 si
631 3283 729 3319 aliud
751 3287 938 3329 praeterea
962 3283 1083 3328 capiat
1110 3281 1248 3328 legata·

162 3330 247 3373 rius,
271 3329 390 3366 adhuc
413 3338 537 3365 servus
559 3331 658 3364 totus
681 3328 755 3374 peti
778 3331 913 3373 potest:
938 3331 1103 3374 quartam
1126 3331 1247 3363 autem

162 3375 346 3421 utriusque
369 3385 414 3411 ex
435 3374 553 3419 legato
578 3373 811 3416 retinendam,
835 3384 881 3409 ne
902 3373 1117 3418 impediatur
1139 3372 1246 3409 liber-

161 3424 183 3456 4
229 3424 297 3456 tas.
322 3419 362 3455 Si
383 3420 560 3455 incertum
583 3419 640 3462 sit,
665 3428 713 3455 an
735 3418 883 3454 libertas
906 3418 1082 3464 praestari
1106 3417 1246 3461 debeat,

159 3465 271 3502 veluti
294 3464 391 3517 quod
414 3465 482 3501 sub
508 3463 719 3500 condicione
729 3462 787 3500 vel
809 3467 893 3509 post
914 3467 1055 3509 tempus
1078 3462 1164 3499 data
1187 3463 1245 3507 sit,

161 3510 333 3556 numquid
355 3510 491 3546 incerto
524 3520 568 3546 eo
599 3519 647 3545 an
675 3511 899 3555 praestetur,
935 3519 1016 3544 cum
1046 3508 1161 3554 possit
1183 3511 1247 3544 aut

162 3566 284 3592 servus
306 3555 397 3592 mori
419 3559 485 3591 aut
514 3554 677 3592 condicio
709 3552 880 3597 deficere,
912 3553 1052 3589 interim
1082 3552 1247 3590 Falcidia

162 3672 203 3712 (i)
226 3669 338 3703 deheri
349 3682 414 3704 sor.

548 3671 592 3710 (2)
617 3678 693 3701 oum
704 3666 801 3700 bonis
812 3666 932 3699 actoris
943 3665 1101 3699 defuncto
1112 3676 1151 3699 eo
1162 3676 1244 3709 aug-

161 3717 320 3758 mentum,
332 3717 405 3749 tum
416 3714 465 3750 tei
477 3713 695 3748 demonem
707 3713 852 3758 scr-sere
863 3718 899 3745 ut
911 3710 993 3745 Hal.

1064 3712 1108 3754 (3)
1134 3713 1169 3748 et
1179 3711 1242 3746 dol.

1242 77 1327 127 512
1545 83 1593 136 ⁴4

909 213 977 240 uae
1012 203 1049 239 in
1078 202 1245 240 heredem
1312 202 1532 239 admittenda
1564 206 1637 246 est,
1673 201 1801 239 deinde
1831 213 1913 238 cum
1942 202 2089 238 libertas
2121 205 2323 248 competere
2345 202 2401 239 vel

1485 0 1556 80 ὅ

2154 90 2219 123 ΑΒ
2246 90 2402 124 menn

1314 247 1437 284 deberi
1449 248 1620 294 coeperit,
1643 251 1720 283 tum
1742 247 1933 294 legatarius
1957 247 2053 282 illam
2092 248 2390 293 artemrecipiat⁶

1315 302 1422 339 quam
1445 292 1608 329 Falcidia
1631 293 1811 329 detraxit?
1858 292 2013 328 Caecilio
2045 303 2068 338 p
2107 292 2230 336 cebat,
2262 293 2293 328 si
2316 275 2401 338 quid

1315 348 1361 374 ex
1383 338 1500 384 operis
1524 338 1600 374 eius
1622 338 1738 375 medio
1772 342 1932 384 tempore
1962 341 2178 374 consecutus
2207 337 2318 374 fuerit
2338 338 2399 373 he-

1315 393 1373 418 res
1383 384 1409 426 ⁶,
1432 382 1471 418 id
1492 383 1531 418 in
1552 384 1705 436 pretium
1727 383 1805 419 eius
1829 394 1975 429 erogare
1999 393 2079 418 eum
2102 382 2233 419 debere
2255 387 2403 429 propter

1315 428 1403 473 legis
1426 427 1611 465 Falcidiae
1633 429 1817 465 rationem.

1364 471 1416 511 37
1452 472 1596 510 mam
1624 473 1715 510 libro
1751 478 1858 510 sexto
1899 473 1944 509 de
1974 472 2260 518 fideicommissis
2311 471 2401 507 Eius

1317 518 1409 555 servi
1443 518 1642 554 aestimatio
1676 518 1825 565 perinde
1863 528 1907 554 ac
1945 518 2145 554 statuliber-i
2175 517 2253 553 fieri
2284 516 2399 552 debet.

1321 567 1336 599 1
1385 563 1457 600 Sed
1480 567 1517 599 et
1538 564 1570 600 si
1599 564 1702 600 heres
1732 574 1872 600 servum
1895 563 2050 599 alienum
2080 566 2226 615 rogatus
2250 565 2306 598 est
2326 572 2401 597 ma-

1317 609 1529 652 numittere,
1561 609 1698 655 placuit
1721 613 1762 645 ut
1785 610 1892 645 etiam
1915 608 2021 645 huius
2052 611 2205 654 pretium
2228 617 2273 643 ex
2295 608 2401 643 aesti-

1317 654 1474 698 matione
1496 654 1703 690 hereditatis
1727 654 1855 690 deduci
1878 653 2018 690 debeat.

1364 696 1418 738 38
1441 699 1786 737 Hsauoommnvs
1806 700 1897 736 libro
1914 700 2038 746 primo
2062 699 2153 735 iuris
2165 699 2402 745 epitomarum

1324 747 1335 779 1
1387 744 1584 781 Statuliber
1605 744 1747 780 heredis
1776 755 1849 780 non
1878 748 1985 789 auget
2006 743 2189 779 familiam.
2237 742 2402 779 Commu·

1318 799 1382 826 nes
1417 790 1509 826 servi
1542 790 1580 826 in
1621 790 1806 835 utriusque
1860 789 2047 825 atrimonio
2090 792 2401 825 connumerantur.

1318 838 1339 870 2
1386 834 1497 871 Cuius
1519 845 1608 871 usus
1638 834 1777 871 fructus
1846 835 1945 870 'enus
1976 837 2049 878 est,
2087 835 2125 870 in
2155 834 2307 870 dominio
2340 833 2403 869 do-

1318 880 1427 916 mini⁷
1450 891 1516 926 pro
1543 880 1679 916 rietatis
1704 883 1998 922 connumeratur,
2022 879 2162 925 pignori
2184 879 2259 914 dati
2282 879 2319 914 in
2342 878 2403 914 de-

1318 925 1456 968 bitoris,
1481 936 1523 962 su
1570 926 1584 961 l
1628 935 1648 962 e
1671 925 1913 962 commissoris
1936 924 2109 968 distracti,
2133 925 2217 960 item
2241 923 2287 960 ad
2311 924 2403 959 diem

1319 971 1453 1007 addicti
1476 970 1513 1006 in
1535 981 1603 1007 ven
1629 971 1739 1007 ’toris

1365 1013 1420 1054 39
1444 1016 1500 1052 ΡΑ
1509 1026 1604 1052 vsvs
1623 1016 1715 1052 libro
1740 1016 1844 1051 tertio
1867 1015 2123 1050 sententiarum
2170 1015 2274 1050 Aeris
2298 1014 2405 1049 alieni

1319 1062 1400 1097 loco
1437 1062 1663 1098 deducuntur
1695 1072 1768 1097 non
1799 1061 1914 1096 solum
1957 1060 2074 1106 pretia
2105 1069 2245 1103 eorum,
2276 1059 2404 1105 quibus

1319 1108 1466 1143 libertas
1491 1107 1576 1143 data
1599 1111 1670 1151 est,
1703 1110 1739 1143 et
1763 1116 1905 1148 eorum,
1937 1105 1998 1151 qui
2029 1105 2204 1150 supplicio
2234 1108 2319 1140 sunt
2341 1104 2404 1139 ad-

1319 1152 1425 1197 fecti,
1455 1152 1519 1188 sed
1548 1156 1584 1188 et
1606 1153 1702 1195 eius,
1738 1162 1843 1198 quem
1873 1154 2018 1197 praetor
2059 1154 2208 1196 propter
2236 1149 2404 1185 indicium

1344 1197 1481 1234 roditae
1523 1198 1648 1234 mortis
1689 1197 1745 1233 vel
1785 1197 1946 1232 detectae
1990 1206 2114 1231 eorum
2151 1195 2405 1231 coniurationis

1334 1244 1484 1279 'benate
1507 1243 1663 1279 donavit.

1366 1287 1420 1327 40
1443 1288 1789 1324 ΗΕεΜοσΕΜΑΝυε
1808 1287 1900 1324 libro
1912 1290 2043 1334 quarto
2067 1287 2158 1321 iuris
2169 1286 2404 1332 epitomarum

1319 1334 1377 1370 Ad
1407 1334 1567 1370 veterani
1598 1337 1870 1376 testamentum,
1910 1333 1984 1368 sive
2011 1335 2115 1376 pater
2147 1330 2301 1366 familias
2333 1330 2406 1366 sive

1320 1380 1414 1415 filius
1437 1379 1592 1415 familias
1616 1379 1678 1422 sit,
1707 1379 1793 1415 licet
1819 1378 1915 1414 intra
1946 1388 2078 1413 annum
2102 1376 2279 1412 missionis
2303 1375 2406 1412 dece·

1326 1429 1334 1459 1
1389 1425 1467 1469 dat,
1492 1425 1551 1460 lex
1573 1424 1738 1460 Falcidia

1321 1470 1442 1515 disset,
1465 1470 1589 1516 viginti
1611 1469 1744 1505 fundus

1320 1515 1514 1562 legatarius
1538 1515 1742 1551 habebitur.

1366 1560 1416 1602 41
1446 1561 1605 1598 Panos
1624 1560 1715 1597 libro
1749 1570 1847 1596 nono
1878 1559 1927 1594 ad
1955 1558 2109 1595 edictum
2153 1558 2248 1594 Dolo
2284 1568 2407 1594 carere

1320 1617 1392 1643 non
1414 1606 1566 1649 videtur,
1590 1606 1622 1642 si
1644 1607 1717 1641 iam
1739 1608 1838 1641 mota
1861 1604 1940 1651 quis
1965 1603 2207 1640 controversia
2228 1603 2406 1639 heredita-

1319 1652 1365 1688 tis
1387 1651 1508 1697 legata
1531 1652 1608 1688 sine
1631 1651 1857 1687 cautionibus
1881 1649 1951 1686 det.

1365 1694 1420 1735 42
1451 1697 1647 1733 ULPJANUS
1667 1696 1758 1733 libro
1782 1698 1914 1742 quarto
1937 1695 2075 1731 decimo
2098 1694 2149 1730 ad
2169 1694 2323 1731 edictum
2363 1694 2405 1730 In

1786 1424 1924 1459 ertinet.
1972 1422 2011 1459 Si
2034 1423 2108 1465 cui,
2143 1423 2174 1458 si
2197 1422 2320 1458 decem
2344 1421 2404 1458 de-

1803 1469 1812 1478 “
1834 1473 1888 1505 set
1909 1468 2060 1514 legatus,
2084 1467 2116 1504 is
2139 1468 2176 1503 in
2192 1471 2269 1504 toto
2294 1466 2405 1504 fundo

1309 1742 1483 1779 Falcidia
1507 1742 1706 1778 aestimatio
1729 1740 1835 1788 pretii
1857 1750 1979 1776 rerum
2003 1750 2046 1776 ex
2068 1739 2219 1776 veritate
2241 1739 2407 1776 facienda

1319 1792 1385 1824 est.

1366 1831 1418 1871 43
1444 1832 1551 1869 loru
1571 1832 1663 1869 libro
1686 1843 1782 1868 nono
1806 1831 1943 1868 decimo
1967 1830 2019 1867 ad
2040 1830 2194 1867 edictum
2224 1830 2324 1866 Servi
2345 1830 2406 1876 qui

1318 1878 1416 1924 apud
1457 1878 1581 1914 hostes
1620 1881 1705 1914 sunt
1740 1880 1824 1924 post
1856 1880 2007 1912 mortem
2045 1875 2227 1912 testatoris
2262 1876 2406 1918 reversi,

1318 1923 1492 2005 guoddlad
1522 1923 1722 1959 Falcidiam
1753 1922 1928 1969 pertinet,
1967 1921 2237 1967 locupletiorem
2266 1920 2407 1958 faciunt

1344 1979 1404 2005 ere
1429 1968 1561 2005 'tatem.

1363 2013 1419 2053 44
1441 2013 1551 2051 IDEM
1568 2014 1659 2050 libro
1682 2014 1848 2050 vicesimo
1870 2012 2050 2060 primoad
2071 2012 2223 2048 edictum
2245 2010 2407 2047 Falcidia

1317 2060 1530 2096 intervenire
1553 2070 1628 2096 non
1676 2062 1791 2102 otest,
1822 2058 1854 2095 si
1877 2058 2066 2094 statuliber
2088 2057 2132 2093 de
2156 2056 2272 2092 alieno
2297 2056 2404 2110 dedit,

1317 2117 1390 2142 non
1414 2105 1459 2141 de
1481 2105 1585 2141 bonis
1610 2104 1633 2140 d
1670 2104 1788 2147 uncti,
1812 2104 1868 2140 vel
1891 2103 1981 2139 alias
2004 2106 2061 2139 est
2081 2102 2188 2138 homo
2212 2102 2320 2147 liber,
2345 2113 2405 2149 qui

1319 2150 1566 2187 condicionem
1587 2149 1755 2196 implevit.

1363 2195 1417 2234 45
1443 2195 1603 2232 Panos
1623 2196 1714 2232 libro
1738 2195 1966 2241 seaeaqesimo
1990 2193 2040 2229 ad
2062 2192 2216 2229 edictum
2262 2192 2306 2228 In
2327 2193 2405 2239 lege

1317 2241 1480 2278 Falcidia
1502 2252 1575 2277 non
1605 2240 1760 2276 habetur
1781 2250 1848 2285 pro
1871 2249 1981 2285 puro,
2006 2238 2103 2284 quod
2125 2238 2163 2274 in
2186 2238 2278 2274 diem
2301 2238 2405 2274 relic-

1316 2291 1394 2323 tum
1417 2290 1489 2323 est:
1525 2286 1633 2322 medii
1655 2285 1748 2322 enim
1778 2284 1949 2331 temporis
1973 2283 2195 2320 commodum
2220 2287 2404 2330 computa-

1320 2336 1335 2368 1
1385 2337 1454 2367 tur.
1501 2331 1545 2367 In
1566 2331 1622 2367 his
1647 2330 1790 2376 legatis,
1823 2340 1916 2376 quae
1949 2330 2016 2365 sub
2046 2329 2256 2365 condicione
2278 2329 2404 2365 relicta

1316 2381 1418 2420 sunt,
1441 2377 1617 2413 Proculus
1645 2376 1816 2422 putabat,
1842 2385 1922 2410 cum
1947 2375 2131 2420 quaeritur
2153 2373 2198 2410 de
2220 2374 2297 2419 lege
2319 2373 2404 2409 Fal-

1316 2422 1421 2466 cidia,
1445 2426 1586 2457 tantum
1610 2431 1691 2457 esse
1711 2421 1749 2456 in
1771 2420 1908 2465 legato,
1941 2420 2066 2465 quanti
2088 2419 2209 2455 venire
2231 2422 2401 2465 possunt:

1317 2467 1413 2514 quod
1436 2468 1467 2504 si
1491 2471 1564 2509 est,
1598 2470 1634 2503 et
1658 2465 1825 2502 deductio
1857 2465 1909 2501 sic
1932 2468 2051 2510 potest
2073 2464 2168 2507 fieri,
2199 2469 2241 2500 ut
2262 2467 2403 2500 tantum

1316 2513 1480 2550 videatur
1501 2512 1561 2548 vi⁸
1583 2511 1717 2555 deberi,
1742 2511 1866 2557 quanti
1890 2520 2019 2546 nomen
2042 2509 2162 2546 venire
2184 2513 2315 2555 potest.
2339 2510 2402 2545 sed

1316 2558 1407 2594 haec
1429 2558 1607 2594 sententia
1619 2567 1693 2593 non
1715 2556 1908 2603 probatur:
1935 2555 2159 2591 cautionibus
2179 2565 2261 2600 ergo
2275 2555 2402 2591 melius

1316 2614 1374 2640 res
1397 2607 1470 2639 tem
1496 2603 1667 2639 erabitur.
1864 2615 1867 2620 ·

1363 2646 1417 2687 46
1476 2657 1644 2685 numm
1663 2647 1755 2684 libro
1767 2646 2034 2699 septuayesim0
2057 2648 2163 2681 sexto
2187 2645 2401 2681 adediotum

1316 2694 1385 2739 Qui
1408 2693 1504 2740 quod
1526 2704 1592 2740 per
1613 2692 1811 2729 Falcidiam
1833 2694 1986 2727 retinere
2007 2693 2160 2736 poterat,
2184 2690 2402 2726 voluntatem

1315 2739 1499 2776 testatoris
1522 2742 1668 2775 secutus
1691 2736 1885 2784 spopondit
1907 2746 1946 2772 se
1957 2735 2137 2779 daturum,
2153 2734 2332 2782 cogendus
2348 2739 2403 2771 est

1317 2786 1467 2821 solvere.

1361 2828 1416 2868 47
1440 2828 1548 2866 IDEM
1565 2829 1657 2865 libro
1679 2827 1943 2881 septuayesimo
1965 2837 2061 2862 nono
2084 2825 2135 2862 ad
2148 2825 2301 2878 edictum
2323 2825 2400 2860 Lex

1315 2875 1479 2911 Falcidia
1501 2875 1533 2911 si
1555 2875 1776 2919 interveniat,
1800 2871 2012 2909 momm'bus
2130 2870 2259 2907 ombus
2281 2870 2401 2906 locum

1315 2920 1443 2957 habet:
1467 2919 1532 2973 sed
1553 2920 1624 2955 hoc
1648 2928 1693 2954 ex
1714 2920 1799 2964 post
1820 2916 1920 2970 facto
1944 2915 2143 2963 apparebit.
2188 2919 2230 2951 ut
2278 2918 2342 2950 uta
2363 2915 2401 2950 in

1316 2976 1531 3047 {ffiffi
1530 2964 1592 3045 „22⁰”
1594 2962 2086 3062 Βιέἓξῗὲᾝὲῗῗῗὲῗεὲἷὲ
2113 2970 2304 3059 ἅᾙῃὲ,
2314 2959 2402 3041 ἯΞ

1315 3066 1409 3092 nuae
1433 3055 1636 3092 dabuntur:
1666 3053 1731 3090 sed
1759 3063 1854 3090 emm
1876 3053 1908 3089 si
1930 3062 2047 3089 annus
2068 3054 2221 3093 venerit,
2252 3061 2323 3097 quo
2346 3050 2371 3086 fi

1315 3105 1357 3137 ut
1380 3105 1507 3138 contra
1535 3100 1649 3146 legem
1677 3098 1877 3135 Falcidiam
1905 3097 2003 3134 ultra
2025 3096 2235 3133 dodrantem
2264 3095 2375 3142 aliqui

1315 3147 1507 3190 debeatur,
1531 3145 1687 3187 eveniet,
1712 3149 1755 3180 ut
1776 3148 1873 3180 retro
1896 3143 2016 3179 omnia
2037 3143 2156 3188 legata
2178 3140 2399 3195 singulorum

1320 3195 1334 3227 1
1383 3201 1558 3228 annorum
1611 3189 1880 3226 imminuantur.
1950 3187 2047 3224 Num
2070 3197 2154 3223 uam
2202 3187 2397 3232 legatarius

1314 3237 1371 3274 vel
1400 3235 1768 3278 fideicommissarius,
1803 3234 1889 3271 licet
1917 3243 1964 3270 ex
1992 3232 2066 3269 Tre
2091 3232 2220 3268 elliano
2251 3236 2398 3268 senatus

1315 3281 1480 3319 consulto
1515 3280 1716 3317 restituitur
1746 3279 1780 3316 ei
1810 3277 2010 3323 hereditas,
2048 3278 2163 3313 utitur
2197 3276 2285 3322 leffls
2313 3276 2398 3311 Fal-

1314 3326 1428 3364 cidiae
1450 3325 1636 3363 beneficio.

1359 3369 1414 3411 48
1437 3370 1596 3408 Panos
1633 3370 1725 3408 libro
1761 3368 1921 3407 secundo
1960 3368 2011 3404 ad
2043 3367 2197 3404 edictum
2227 3365 2397 3402 aedilium

1312 3416 1493 3455 curulium
1549 3415 1639 3452 Cum
1677 3419 1818 3470 emptor
1853 3413 2029 3451 venditori
2057 3413 2113 3449 vel
2136 3415 2262 3448 contra
2291 3410 2397 3465 lieres

1312 3461 1468 3505 exstitit,
1503 3462 1616 3498 evicto
1650 3461 1795 3497 homine
1834 3463 1955 3496 utrum
1985 3458 2134 3505 duplum
2163 3457 2202 3492 in
2224 3466 2287 3509 aes
2309 3455 2395 3491 alie·

1312 3518 1399 3544 num
1429 3506 1607 3543 deducere
1636 3505 1694 3543 vel
1723 3509 1931 3551 computare
1963 3504 2095 3540 debeat
2124 3513 2172 3538 an
2205 3501 2397 3547 simplum?

1312 3551 1461 3598 duplum
1483 3552 1577 3589 enim
1600 3555 1712 3596 esset,
1744 3550 1775 3587 si
1797 3550 1889 3586 alius
1913 3550 2016 3586 heres
2040 3547 2244 3584 exstitisset.
2274 3549 2312 3583 et
2333 3546 2396 3582 be-

1787 3663 1830 3706 (5)
1856 3662 1994 3707 recipiet
2007 3662 2055 3696 1⁵³⁸
2157 3663 2202 3703 (o)
2225 3661 2321 3694 here·
2333 3659 2394 3695 del.

1987 3709 2032 3753 (8)
2056 3707 2090 3740 vi
2103 3707 2166 3742 del·

1312 3666 1324 3705 (
1330 3667 1354 3705 i)
1379 3674 1477 3698 suum
1487 3676 1550 3699 see.
1564 3664 1601 3698 B
1611 3665 1674 3699 i‘ns.

1311 3711 1355 3754 (7)
1378 3709 1414 3743 in
1427 3709 1555 3743 domini
1567 3710 1632 3754 Fss,
1643 3709 1682 3743 in
1693 3707 1829 3743 domino
1842 3707 1895 3742 F*

2523 3100 2528 3124 ἶ

2519 3156 2528 3254 ἔ
