2528 3918
101 148 159 178 DE
188 143 530 178 DONATIONIBUS

2121 140 2289 181 XXIIII
2325 145 2340 182 1

804 532 985 584 LIBER
1013 532 1332 584 VIGESIMUS
1365 534 1561 594 QUAR'I·
1568 535 1646 585 US.

618 706 673 748 1¹.

99 787 160 820 DE
193 785 531 819 DONATIONIBUS
556 783 701 816 INTER
725 783 876 816 VIRUM
901 783 960 816 ET
985 782 1191 816 UXOREM.

148 840 167 878 1
203 840 398 877 ULPJANUS
425 840 516 876 libro
548 839 732 885 triqesimo
763 838 921 875 secundo
945 838 996 874 ad
1017 837 1194 874 Sabinum

98 887 262 923 Moribus
294 885 391 931 apud
421 895 487 921 nos
518 888 702 930 receptum
734 887 806 927 est,
831 894 876 919 ne
907 884 1000 920 inter
1022 883 1135 919 virum
1159 888 1195 919 et

98 943 246 968 uxorem
270 931 481 967 donationes
505 931 674 965 valerent.
700 929 771 965 hoc
783 932 903 965 autem
922 933 1107 975 receptum
1128 933 1193 972 est,

99 988 145 1014 ne
169 977 319 1013 mutuo2
351 986 472 1012 amore
494 975 645 1010 invicem
669 975 909 1020 spoliarentur
941 974 1193 1010 donationibus

99 1034 172 1060 non
195 1026 446 1068 temperantes,
472 1021 534 1057 sed
557 1020 708 1066 profusa
732 1030 770 1056 er
794 1030 816 1055 a
840 1031 879 1055 se
901 1020 1093 1055 facilitate:

146 1066 171 1105 2
196 1068 356 1103 Panes
384 1067 474 1103 libro
506 1067 659 1113 septimo
690 1065 741 1101 ad
792 1066 938 1101 abimum
985 1076 1031 1101 ne
1055 1066 1195 1101 cesset³

100 1114 150 1150 eis
174 1113 331 1149 studium
354 1112 483 1148 liberos
507 1111 627 1157 potius
653 1110 835 1147 educendi.
872 1110 1001 1146 Sextus
1019 1110 1194 1146 Caecilius

101 1163 136 1196 et
159 1159 256 1194 illam
281 1168 428 1194 causam
451 1157 639 1200 adiciebat,
665 1157 749 1202 quia
772 1166 879 1201 saepe
901 1156 1063 1191 futurum
1088 1160 1193 1199 esset,

99 1208 141 1240 ut
164 1204 426 1239 discuterentur
460 1202 704 1245 matrimonia,
737 1202 768 1237 si
798 1213 872 1237 non
904 1201 1056 1237 donaret
1078 1202 1108 1237 is
1133 1202 1195 1247 qui

99 1253 234 1296 posset,
246 1252 355 1294 atque
375 1258 417 1284 ea
435 1248 573 1283 ratione
592 1251 812 1289 eventurum,
832 1250 874 1282 ut
893 1247 1066 1282 venalicia
1077 1250 1195 1283 essent

100 1295 338 1331 matrimonia.

148 1338 171 1378 3
207 1340 402 1376 ULPJANUS
430 1338 521 1374 libro
554 1339 736 1385 t7·2‘qesz'mo
760 1338 919 1373 secundo
945 1337 995 1372 ad
1018 1336 1194 1373 Sabinum

100 1386 200 1422 Haec
232 1385 324 1420 ratio
362 1387 398 1419 et
428 1384 589 1419 oratione
622 1383 849 1428 imperatoris
884 1383 999 1418 nostri
1022 1383 1195 1418 Antonini

100 1431 254 1476 Augusti
294 1430 408 1465 electa
443 1433 516 1464 est:
560 1439 644 1464 nam
680 1429 733 1464 ita
771 1428 840 1463 ait:
875 1428 1042 1464 ‘Maiores
1081 1428 1196 1464 nostri

102 1477 205 1512 ‘inter
239 1475 353 1511 virum
397 1477 433 1510 et
466 1484 616 1510 uxorem
662 1473 875 1509 donationes
922 1473 1194 1519 prohibuerunt,

102 1526 269 1557 ‘amorem
299 1521 490 1556 honestum
519 1520 604 1555 solis
637 1519 763 1554 animis
796 1519 1045 1561 aestimantes,
1077 1519 1196 1554 famae

103 1567 219 1603 ‘etiam
244 1566 515 1602 coniunctorum
540 1565 778 1607 consulentes,
802 1575 847 1600 ne
865 1564 1058 1600 concordia
1080 1565 1194 1610 pretio

102 1612 298 1648 ‘conciliari
320 1611 525 1647 viderentur
548 1620 636 1646 neve
659 1610 784 1646 melior
806 1610 844 1645 in
894 1613 1117 1655 aupertatem
1140 1610 1195 1645 in-

103 1661 118 1693 1
170 1657 333 1699 ‘cideret,
365 1656 519 1691 deterior
551 1655 657 1691 ditior
687 1655 811 1691 fieret’.
900 1655 1079 1698 ideamus,
1103 1655 1196 1691 inter

102 1714 193 1750 quos
217 1706 302 1738 sunt
324 1701 527 1747 prohibitae
551 1701 772 1736 donationes.
800 1704 835 1736 et
859 1700 1002 1746 quidem
1026 1701 1057 1736 si
1072 1702 1194 1736 matri-

101 1748 259 1784 monium
282 1747 442 1783 moribus
466 1747 673 1792 legibusque
703 1746 836 1782 nostris
869 1750 1022 1788 constat,
1049 1746 1194 1782 donatio

101 1805 174 1830 non
198 1793 341 1829 valebit.
368 1792 431 1827 sed
455 1793 485 1828 si
502 1791 646 1837 aliquod
663 1791 955 1872 impedimentum
970 1792 1196 1834 interveniat,

102 1850 147 1875 ne
172 1839 218 1875 sit
241 1838 384 1874 omnino
409 1837 682 1880 matrimonium,
732 1837 853 1872 onatio
878 1837 1027 1872 valebit:
1061 1847 1142 1882 ergo
1168 1838 1198 1872 si

103 1884 278 1921 senatoris
313 1883 387 1918 filia
428 1883 592 1918 libertino
637 1886 764 1918 contra
806 1886 954 1918 senatus
996 1883 1198 1918 consultum

103 1930 283 1975 nupserit,
318 1929 373 1964 vel
403 1928 630 1974 provincialis
661 1928 787 1963 mulier
819 1928 869 1970 ei,
895 1928 956 1973 qui
979 1928 1198 1973 provinciam

103 1976 192 2020 regit
213 1975 268 2010 vel
292 1974 375 2026 quis·
399 1974 448 2008 ibi
472 1977 593 2016 meret,
620 1977 747 2009 contra
770 1973 952 2015 mandata,
977 1974 1109 2008 valebit
1133 1973 1196 2009 do-

102 2021 220 2063 natio,
253 2030 336 2065 quia
367 2020 513 2064 nuptiae
544 2029 617 2054 non
650 2022 746 2054 sunt.
786 2019 850 2054 sed
880 2018 937 2054 fas
962 2029 1034 2054 non
1060 2023 1114 2054 est
1137 2029 1197 2054 eas

103 2066 313 2101 donationes
337 2069 435 2100 ratas
459 2075 548 2106 esse,
573 2074 618 2099 ne
642 2064 766 2099 melior
796 2064 843 2099 sit
874 2064 1037 2099 condicio
1064 2074 1198 2105 eorum,

128 2112 164 2146 ui
189 2111 423 2156 deliquerunt.
450 2110 550 2145 divus
574 2114 694 2145 tamen
714 2109 864 2145 Severus
880 2110 919 2144 in
933 2109 1062 2145 liberta
1079 2110 1199 2145 Pontii

135 2157 245 2192 aulini
278 2155 452 2191 senatoris
484 2159 610 2190 contra
643 2155 788 2197 statuit,
822 2154 907 2200 quia
938 2166 1010 2190 non
1044 2159 1120 2190 erat
1144 2155 1198 2190 af-

104 2206 123 2237 2
170 2202 326 2237 sectione
345 2201 466 2236 uxoris
490 2201 626 2243 habita,
647 2200 711 2236 sed
722 2201 834 2245 magis
848 2200 1082 2236 concubinae.
1132 2200 1200 2244 Qui

103 2248 141 2282 in
165 2247 322 2283 eiusdem
352 2250 529 2292 potestate
562 2249 661 2289 sunt,
695 2246 930 2291 prohibentur
961 2246 1029 2281 sibi
1053 2245 1198 2288 donare,

105 2297 144 2328 ut
172 2296 264 2373 gnta
298 2292 409 2327 frater
441 2292 576 2334 mariti,
613 2291 674 2336 qui
707 2295 761 2326 est
791 2292 830 2326 in
861 2292 976 2327 soceri
1007 2294 1197 2336 potestate.

106 2342 124 2374 3
208 2338 331 2373 erbum
355 2337 544 2382 potestatis
568 2347 641 2371 non
658 2337 773 2372 solum
794 2337 840 2372 ad
858 2337 990 2372 liberos
1010 2336 1197 2379 trahimus,

104 2394 226 2419 verum
250 2383 355 2418 etiam
379 2383 425 2417 ad
449 2392 588 2418 servos:
621 2393 704 2417 nam
735 2382 846 2427 magis
878 2386 952 2425 est,
984 2385 1025 2416 ut
1048 2382 1086 2416 hi
1110 2393 1198 2427 quo-

106 2439 185 2475 que,
211 2428 271 2474 qui
296 2428 414 2473 aliquo
438 2428 516 2462 iure
540 2428 691 2462 subiecti
711 2431 796 2462 sunt
810 2427 950 2470 marito,
968 2427 1103 2463 donare
1127 2438 1199 2462 non

106 2479 126 2510 4
174 2474 324 2519 possint.
381 2473 584 2508 Secundum
616 2474 707 2507 haec
742 2473 773 2508 si
803 2477 919 2508 mater
949 2472 1043 2515 filio,
1078 2472 1199 2517 quiin

106 2520 218 2600 patris
251 2522 429 2564 potestate
461 2520 597 2561 esset⁵,
631 2518 757 2560 donet,
782 2518 915 2553 nullius
940 2518 1109 2553 momenti
1133 2519 1201 2553 erit

131 2565 263 2607 onatio,
289 2564 372 2610 quia
395 2564 490 2609 patri
513 2563 712 2608 quaeritur:
746 2563 810 2599 sed
834 2564 864 2599 si
895 2564 933 2598 in
958 2567 1078 2599 castra
1103 2564 1200 2599 eunti

107 2610 177 2645 filio
203 2609 311 2652 dedit,
335 2609 473 2644 videtur
497 2609 634 2652 valere,
672 2609 756 2654 quia
779 2608 852 2644 filio
878 2609 1062 2654 quaeritur
1086 2612 1122 2644 et
1146 2612 1201 2643 est

107 2656 299 2691 castrensis
322 2655 462 2700 peculii.
489 2665 600 2699 quare
625 2658 659 2689 et
683 2654 713 2689 si
743 2654 838 2689 filius
862 2655 918 2689 vel
941 2654 1121 2699 privignus
1146 2654 1200 2688 vel

107 2701 219 2745 quivis
245 2701 334 2736 alius
366 2700 559 2745 potestati⁶
589 2700 709 2734 mariti
740 2700 923 2735 subiectus
957 2700 1001 2734 de
1026 2699 1201 2734 castrensi

107 2750 126 2780 5
175 2756 239 2781 suo
264 2746 403 2798 peculio
430 2745 589 2787 donavit,
613 2756 686 2780 non
707 2745 774 2780 erit
795 2745 897 2780 irrita
916 2745 1072 2780 donatio.
1109 2745 1199 2779 Pro-

107 2791 250 2826 hibetur
272 2791 379 2836 1gitur
404 2794 439 2825 et
462 2790 565 2825 uxori
589 2794 623 2825 et
647 2790 753 2825 nurui
785 2790 918 2825 donare
943 2791 1050 2825 etiam
1072 2789 1114 2832 is,
1140 2790 1201 2834 qui

109 2840 162 2872 est
185 2837 222 2871 in
246 2836 360 2871 soceri
383 2839 572 2881 potestate,
598 2835 629 2871 si
652 2835 757 2871 modo
782 2836 931 2871 maritus
957 2836 1003 2870 sit
1025 2836 1063 2869 in
1086 2835 1200 2879 patris

109 2885 129 2917 6
175 2885 364 2927 potestate.
413 2881 469 2916 Ab
502 2881 624 2916 uxoris
655 2891 810 2916 nurusve
843 2884 946 2926 parte
981 2880 1200 2925 prohibitum

108 2931 163 2962 est
194 2927 319 2962 donari
350 2926 424 2962 viro
454 2926 509 2961 vel
539 2936 680 2971 genero.
721 2926 784 2962 sed
816 2930 852 2962 et
874 2926 948 2968 his,
974 2926 1034 2970 qui
1057 2929 1141 2960 sunt
1163 2925 1201 2959 in

110 2983 232 3008 eorum
262 2975 441 3017 potestate
473 2972 502 3006 si
531 2971 640 3007 fuerit
671 2971 862 3016 donatum,
894 2972 950 3006 vel
980 2971 1017 3005 in
1050 2981 1201 3015 quorum

110 3021 194 3053 sunt
217 3021 413 3063 potestate,
446 3028 518 3052 non
550 3017 683 3052 valebit
714 3016 879 3059 donatio,
905 3017 936 3052 si
959 3015 1064 3051 modo
1089 3016 1142 3050 vir
1166 3019 1201 3050 et

110 3073 212 3098 socer
242 3063 280 3098 in
311 3063 469 3098 eiusdem
500 3066 584 3097 sunt
614 3066 794 3107 potestate
828 3062 883 3097 vel
913 3061 967 3096 vir
996 3061 1034 3095 in
1066 3060 1199 3096 soceri:

112 3113 268 3144 ceterum
291 3108 322 3143 si
344 3108 382 3143 in
407 3108 477 3143 alia
499 3107 634 3143 familia
657 3111 713 3143 est
735 3107 902 3150 maritus,
929 3117 1044 3151 neque
1075 3115 1200 3141 socero

1263 669 1379 705 neque
1403 660 1436 695 ei
1459 660 1543 706 qui⁷
1569 664 1623 696 est
1646 661 1682 695 in
1709 661 1784 696 eius
1808 665 1984 707 potestate
1997 674 2109 708 neque
2134 663 2164 699 ei
2188 665 2223 699 in
2250 668 2348 701 cuius

1264 708 1282 739 7
1316 708 1372 740 est
1397 705 1589 741 donatione
1613 706 1841 741 interdictum
1865 711 1919 741 est
1929 708 1952 741 ⁸.
1988 707 2112 743 Socrui
2137 719 2157 742 a
2182 721 2272 745 nuru
2298 713 2349 746 vel

1264 754 1391 785 contra
1415 750 1541 786 donari
1565 761 1637 786 non
1670 755 1727 786 est
1757 751 1986 797 prohibitum,
2020 754 2102 798 quia
2125 754 2182 789 hic
2206 756 2259 790 ius
2285 767 2347 801 po-

1264 798 1284 830 8
1331 796 1472 831 testatis
1497 807 1570 831 non
1592 796 1751 831 vertitur.
1798 796 1836 831 Si
1859 807 1981 832 servus
2005 808 2115 840 meus,
2141 800 2239 834 cuius
2265 812 2349 836 usus

1263 840 1403 876 fructus
1428 841 1564 877 alienus
1589 845 1654 884 est,
1681 842 1813 877 donet⁹
1834 842 1937 878 uxori
1953 854 2051 878 meae
2068 854 2110 878 ex
2135 854 2174 878 eo
2199 847 2349 889 peculio,

1263 885 1360 966 zuod
1395 886 1442 920 ad
1481 897 1537 921 me
1573 898 1646 922 non
1677 887 1899 932 pertinebat,
1933 889 1987 922 vel
2018 888 2122 923 homo
2147 889 2234 924 liber
2261 891 2351 926 bona

1291 931 1334 966 de
1356 931 1442 966 mihi
1476 932 1643 974 serviens,
1669 943 1715 967 an
1739 933 1857 967 valeat
1889 932 2054 975 donatio,
2079 935 2268 978 quaeritur.
2318 941 2352 970 et

1263 977 1301 1011 in
1330 976 1444 1012 libera
1479 977 1622 1022 quidem
1652 988 1807 1022 persona
1837 981 2030 1023 utcumque
2069 978 2205 1013 admitti
2235 984 2353 1024 potest

1265 1022 1431 1058 donatio:
1467 1025 1607 1057 ceterae
1631 1022 1723 1058 enim
1746 1033 1922 1068 personae
1946 1023 2192 1058 alienationem
2225 1026 2352 1069 peculii

1264 1070 1285 1102 9
1332 1071 1374 1102 ut
1398 1067 1532 1103 donent
1564 1078 1636 1103 non
1659 1068 1803 1103 habent.
1851 1067 1935 1103 Non
1970 1073 2110 1103 tantum
2142 1073 2259 1104 autem
2292 1082 2354 1114 per

1264 1122 1303 1148 se
1326 1113 1476 1147 maritus
1501 1117 1537 1147 et
1566 1124 1658 1148 uxor
1690 1117 1899 1158 ceteraeque
1929 1124 2104 1159 personae
2129 1113 2212 1148 dare
2226 1116 2253 1135 ¹⁰
2284 1126 2354 1149 non

1268 1161 1308 1193 10
1332 1162 1484 1203 possunt
1497 1158 1560 1193 sed
1572 1169 1637 1194 nec
1647 1169 1711 1203 per
1719 1159 1966 1203 interpositam
1974 1160 2206 1204 personam¹¹.
2231 1159 2351 1194 Scien-

1265 1203 1349 1239 dum
1373 1207 1492 1239 autem
1517 1206 1571 1239 est
1593 1204 1644 1238 ita
1663 1204 1889 1239 interdictam
1909 1204 2002 1239 inter
2023 1205 2135 1239 virum
2154 1208 2189 1239 et
2209 1215 2355 1240 uxorem

1265 1248 1511 1291 donationem,
1544 1253 1585 1283 ut
1614 1249 1693 1294 ipso
1726 1250 1804 1284 iure
1836 1249 1923 1284 nihil
1958 1250 2076 1285 valeat
2107 1249 2202 1295 quod
2238 1254 2355 1285 actum

1266 1297 1337 1330 est:
1362 1294 1512 1339 proinde
1535 1294 1566 1329 si
1590 1305 1720 1340 corpus
1745 1295 1792 1330 sit
1816 1294 1911 1340 quod
1935 1295 2098 1337 donatur,
2124 1305 2191 1330 nec
2215 1295 2356 1330 traditio

1265 1340 1455 1385 quicquam
1485 1340 1598 1382 valet,
1633 1345 1668 1375 et
1699 1341 1729 1375 si
1761 1340 1945 1385 stipulanti
1976 1341 2189 1385 promissum
2226 1340 2272 1375 sit
2303 1341 2356 1375 vel

1266 1389 1414 1430 accepto
1439 1385 1563 1427 latum,
1588 1385 1674 1420 nihil
1698 1385 1809 1420 valet:
1842 1386 1920 1430 ipso
1944 1386 2035 1420 enim
2059 1386 2135 1420 iure
2155 1395 2246 1430 quae
2265 1385 2358 1420 inter

1264 1430 1379 1466 virum
1403 1434 1438 1465 et
1462 1441 1608 1466 uxorem
1643 1430 1844 1466 donationis
1871 1441 1981 1466 causa
2012 1435 2200 1475 geruntur,
2226 1431 2357 1465 nullius

1268 1478 1306 1510 11
1357 1476 1525 1511 momenti
1549 1480 1642 1511 sunt.
1693 1475 1729 1511 Si
1754 1476 1831 1521 quis
1855 1476 1960 1520 igitur
1984 1486 2144 1510 nummos
2169 1475 2271 1510 uxori
2296 1475 2355 1510 de-

1266 1521 1368 1564 derit,
1394 1532 1467 1556 non
1490 1521 1567 1556 fieri
1592 1521 1666 1556 eius
1692 1525 1852 1566 apparet,
1878 1521 1961 1566 quia
1985 1521 2072 1555 nihil
2097 1521 2255 1565 corporis
2281 1521 2357 1555 eius

1271 1570 1308 1601 12
1356 1566 1434 1601 fieri
1457 1567 1575 1611 palam
1601 1570 1664 1601 est.
1714 1566 1784 1601 Sed
1816 1567 1846 1601 si
1878 1566 2071 1602 debitorem
2104 1573 2205 1600 suum
2230 1566 2261 1601 ei
2286 1566 2356 1600 sol-

1265 1622 1346 1647 vere
1370 1612 1524 1653 iusserit,
1548 1612 1606 1647 hic
1632 1612 1824 1656 quaeritur,
1850 1622 1896 1646 an
1919 1611 2052 1646 nummi
2086 1611 2174 1645 fiant
2196 1611 2270 1645 eius
2296 1611 2355 1645 de-

1266 1657 1431 1702 bitorque
1465 1657 1645 1692 liberetur.
1696 1661 1730 1691 et
1767 1656 1890 1692 Celsus
1925 1657 2015 1691 libro
2062 1657 2183 1701 quinto
2221 1656 2356 1691 decimo

1267 1702 1481 1747 digestorum
1506 1703 1630 1737 scribit
1654 1702 1842 1737 videndum
1876 1712 1971 1744 esse,
2004 1712 2049 1736 ne
2081 1701 2150 1736 dici
2183 1701 2297 1746 possit
2321 1704 2356 1735 et

1268 1748 1463 1783 debitorem
1494 1748 1684 1782 liberatum
1716 1751 1751 1782 et
1785 1757 1945 1782 nummos
1977 1747 2093 1781 factos
2125 1746 2260 1788 mariti,
2285 1756 2356 1781 non

1267 1794 1406 1829 uxoris:
1441 1803 1524 1828 nam
1549 1797 1584 1828 et
1608 1793 1638 1828 si
1655 1793 1799 1827 donatio
1820 1793 1896 1827 iure
1913 1793 2005 1827 civili
2025 1803 2096 1827 non
2115 1791 2356 1836 impediretur,

1268 1850 1349 1874 eum
1372 1839 1422 1874 rei
1446 1842 1567 1883 gestae
1592 1838 1750 1873 ordinem
1774 1837 1943 1879 futurum,
1968 1842 2008 1872 ut
2030 1837 2183 1882 pecunia
2208 1836 2253 1871 ad
2276 1840 2312 1870 te
2336 1846 2357 1870 a

1268 1885 1429 1920 debitore
1461 1888 1542 1926 tu0,
1577 1883 1703 1919 deinde
1735 1893 1756 1918 a
1787 1887 1823 1918 te
1857 1883 1903 1917 ad
1938 1882 2118 1917 mulierem
2141 1881 2355 1926 perveniret:

1268 1940 1351 1965 nam
1388 1929 1571 1965 celeritate
1610 1928 1933 1972 coniungendarum
1974 1928 2067 1963 inter
2106 1938 2143 1962 se
2178 1927 2357 1961 actionum

1268 1985 1376 2010 unam
1397 1975 1574 2009 actionem
1596 1974 1780 2016 occultari,
1803 1977 1959 2008 ceterum
1980 1972 2173 2008 debitorem
2194 1971 2358 2007 creditori

1269 2021 1364 2062 dare,
1391 2019 1601 2055 creditorem
1626 2020 1739 2054 uxori.
1774 2029 1839 2054 nec
1872 2029 2001 2053 novum
2033 2022 2095 2052 aut
2118 2018 2244 2052 mirum
2269 2026 2357 2058 esse,

1269 2066 1363 2111 quod
1387 2076 1451 2109 per
1475 2065 1582 2100 alium
1614 2064 1790 2109 accipias,
1824 2068 1860 2098 te
1884 2064 2065 2108 accipere:
2097 2073 2180 2097 nam
2204 2066 2240 2097 et
2263 2062 2293 2096 si
2315 2062 2357 2103 is,

1269 2111 1329 2156 qui
1355 2110 1540 2146 creditoris
1574 2111 1624 2144 tui
1658 2120 1696 2145 se
1727 2113 1997 2154 procuratorem
2029 2118 2107 2143 esse
2131 2106 2357 2148 simulaverit,

1268 2167 1290 2191 a
1315 2156 1474 2191 debitore
1498 2159 1560 2189 tuo
1581 2155 1725 2189 iubente
1746 2158 1781 2188 te
1801 2154 1988 2198 pecuniam
2008 2153 2196 2198 acceperit,
2218 2155 2253 2187 et
2272 2150 2359 2186 funi

1269 2202 1446 2236 actionem
1470 2204 1505 2235 te
1528 2200 1660 2235 habere
1685 2203 1828 2235 constat
1851 2203 1886 2234 et
1909 2199 2022 2243 ipsam
2046 2198 2235 2242 pecuniam
2260 2201 2357 2231 tuam

1271 2250 1311 2282 13
1360 2256 1448 2281 esse.
1520 2245 1612 2280 Huic
1652 2244 1848 2280 sententiae
1888 2254 2107 2288 consequens
2150 2246 2221 2284 est,
2264 2241 2357 2286 quod

1268 2291 1428 2327 Iulianus
1464 2291 1554 2326 libro
1588 2290 1738 2335 septimo
1780 2289 1914 2324 decimo
1948 2289 2162 2333 digestorum
2203 2286 2356 2330 scripsit,

1269 2337 1300 2373 si
1324 2336 1540 2372 donaturum
1563 2336 1648 2370 mihi
1671 2336 1806 2370 iussero
1828 2334 1930 2369 uxori
1952 2343 2051 2368 meae
2073 2333 2174 2367 dare:
2200 2331 2249 2366 ait
2266 2331 2355 2365 enim

1268 2382 1428 2417 Iulianus
1453 2382 1584 2416 nullius
1610 2391 1687 2416 esse
1710 2380 1895 2421 momenti,
1928 2378 2075 2423 perinde
2107 2378 2198 2412 enim
2222 2376 2354 2410 haben-

1270 2428 1353 2463 dum
1367 2428 1405 2470 ¹2,
1431 2430 1540 2472 atque
1563 2426 1593 2461 si
1617 2436 1680 2470 ego
1706 2429 1889 2469 acceptam
1915 2427 1949 2458 et
1965 2434 2038 2458 rem
2054 2433 2166 2457 meam
2181 2421 2314 2455 factam
2331 2420 2356 2440 ¹³

1268 2473 1373 2508 uxori
1396 2482 1496 2507 meae
1521 2471 1715 2506 dedissem:
1748 2480 1839 2514 quae
1863 2468 2038 2503 sententia
2062 2477 2144 2502 vera
2169 2470 2233 2501 est.

1315 2517 1341 2555 4
1366 2517 1559 2553 IULIANUS
1575 2516 1664 2551 libro
1677 2516 1826 2560 septimo
1841 2515 1974 2548 decimo
1988 2514 2206 2558 diqestorum
2239 2510 2351 2544 Idem-

1270 2575 1338 2609 que
1362 2567 1416 2598 est
1441 2566 1476 2597 et
1499 2562 1529 2597 si
1551 2561 1674 2596 mortis
1710 2570 1820 2595 causa
1843 2558 2054 2593 traditurum
2087 2556 2171 2591 mihi
2194 2555 2354 2590 iusserim

1268 2609 1371 2644 uxori
1402 2607 1562 2649 tradere,
1595 2616 1660 2640 nec
1691 2604 1841 2645 referre,
1876 2602 2094 2638 convaluerit
2124 2601 2276 2636 donator
2309 2611 2354 2634 an

1269 2657 1431 2689 mortuus
1464 2653 1518 2687 sit.
1554 2661 1669 2695 neque
1701 2648 1971 2684 existimandum
2003 2651 2074 2689 est,
2106 2646 2135 2681 si
2167 2645 2356 2680 dixerimus

1269 2700 1386 2734 valere
1417 2697 1661 2737 donationem,
1691 2705 1763 2729 non
1794 2693 1871 2728 fieri
1902 2703 1957 2727 me
1989 2692 2248 2737 pauperiorem,
2273 2690 2356 2741 quia

1270 2745 1342 2779 sive
1375 2741 1596 2778 convaluerit
1626 2740 1795 2781 donator,
1829 2738 2052 2773 condictione
2083 2736 2248 2778 tenebor,
2284 2745 2357 2769 sive

1269 2793 1431 2824 mortuus
1455 2787 1573 2828 fuerit,
1598 2796 1682 2827 rem,
1709 2794 1813 2829 quam
1838 2783 2026 2818 habiturus
2052 2792 2168 2823 eram,
2192 2781 2229 2815 in
2253 2780 2355 2815 bonis

1270 2835 1355 2869 meis
1381 2834 1538 2868 desinam
1561 2842 1625 2876 pro
1653 2835 1706 2865 ter
1730 2828 1956 2870 donationem
1979 2827 2121 2862 habere.

1316 2878 1340 2915 5
1373 2878 1567 2913 ULPIANUS
1595 2876 1622 2910 lz'
1643 2886 1683 2910 ro
1717 2874 1899 2920 trz'qesz'mo
1931 2872 2086 2908 secundo
2112 2872 2161 2906 ad
2183 2870 2353 2906 Sabinum

1271 2924 1308 2959 Si
1332 2933 1485 2968 sponsus
1509 2930 1662 2966 sponsae
1686 2919 1883 2954 donaturus
1907 2917 2094 2952 tradiderit
2117 2916 2229 2958 Titio,
2262 2919 2302 2949 ut
2325 2915 2354 2948 is

1271 2978 1423 3014 sponsae
1448 2967 1559 3007 daret,
1592 2964 1717 2999 deinde
1742 2964 1856 2998 Titius
1888 2962 2071 2997 tradiderit
2101 2965 2184 3006 post
2214 2960 2354 3004 nuptias

1270 3017 1429 3050 secutas:
1456 3012 1486 3046 si
1510 3010 1650 3055 quidem
1674 3020 1754 3044 eum
1778 3008 2029 3053 interposuerit
2053 3007 2219 3047 maritus,
2246 3005 2352 3040 dona-

1270 3060 1402 3094 tionem
1426 3067 1498 3092 non
1522 3055 1649 3097 valere,
1675 3064 1765 3106 quae
1784 3058 1867 3098 post
1887 3056 2091 3088 contractas
2113 3052 2254 3095 nuptias
2301 3059 2352 3082 er-

1270 3104 1429 3139 ficiatur:
1455 3102 1485 3136 si
1507 3110 1590 3135 vero
1614 3100 1739 3134 mulier
1763 3109 1843 3134 eum
1866 3097 2128 3143 interposuerit,
2152 3095 2268 3130 iamdu
2295 3103 2353 3126 um

113 3225 151 3263 (1)
165 3223 245 3256 Sab.
260 3229 351 3256 1...13.
367 3230 409 3256 15.
423 3229 465 3255 17.
480 3228 523 3256 19.
538 3228 652 3256 21...24.
668 3228 715 3255 26.
730 3228 852 3256 28...40.
868 3228 986 3255 42...44.
1002 3228 1044 3254 61.
1060 3227 1113 3259 643
1134 3220 1200 3252 Ed.

112 3275 153 3301 14.
168 3275 211 3302 18.
227 3275 274 3302 20.
290 3275 335 3301 25.
349 3274 396 3302 27.
409 3274 452 3301 41.
475 3274 598 3307 45...51;
634 3267 720 3310 Pap.
742 3273 786 3301 16.
809 3273 929 3300 52...60.
953 3273 999 3300 62.
1023 3273 1076 3304 633
1113 3266 1202 3308 App.

114 3319 233 3346 65...67.
246 3331 292 3337 ——-
302 3313 388 3345 Bas.
404 3314 458 3352 30,
471 3320 495 3346 1.
508 3331 553 3336 —
569 3311 619 3356 Cf.
638 3313 715 3346 Cod.
729 3313 762 3353 5,
775 3319 808 3346 16
938 3312 982 3353 (2)
1007 3313 1161 3343 mutuato
1175 3310 1209 3341 F

114 3358 155 3398 (3)
181 3368 242 3390 nec
256 3360 342 3390 esset
356 3358 434 3391 libri
445 3369 545 3401 aeque
559 3358 731 3391 admittunt
825 3357 866 3398 (4)
892 3356 1101 3399 provinciam
1115 3355 1204 3396 regit

114 3402 165 3434 vel
179 3403 238 3444 qui
252 3403 330 3436 add.
342 3415 406 3436 sec.
420 3402 466 3443 B,
480 3415 540 3435 om.
552 3402 587 3435 F
659 3403 702 3444 (5)
728 3405 779 3434 est
790 3401 844 3434 F²
926 3402 970 3442 (6)
995 3403 1162 3442 potestate
1174 3400 1208 3431 F

115 3448 157 3489 (7)
184 3458 247 3489 que
260 3448 295 3479 F
371 3448 415 3489 (8)
443 3452 482 3487 §§
497 3454 576 3481 1-6
585 3449 725 3491 pessime
739 3449 894 3490 confusae
906 3458 927 3478 a
941 3446 1203 3489 compilatoribus

116 3494 162 3525 ad
172 3493 256 3525 hunc
258 3494 335 3535 fere
349 3493 492 3525 ordinem
500 3493 704 3526 revocandae
711 3499 786 3525 sunt
795 3504 806 3525 .·
822 3492 853 3532 (5
872 3493 895 3532 l)
908 3490 1099 3529 Videamus,
1113 3490 1203 3521 inter

116 3546 198 3578 quos
211 3540 291 3569 sunt
302 3537 493 3580 prohibitae
507 3537 714 3569 donationes.
741 3539 774 3568 et
787 3536 921 3578 quidem
941 3537 972 3568 si
989 3537 1041 3568 vir
1053 3535 1104 3568 vel
1113 3546 1204 3567 socer

117 3582 217 3615 donat
236 3584 332 3616 uxori
349 3582 401 3615 vel
418 3594 536 3625 ρεπεν-ο
558 3583 693 3615 nuruive
711 3583 779 3615 sive
798 3593 882 3614 uxor
892 3581 945 3614 vel
953 3592 1053 3624 qener
1065 3591 1203 3612 nurusve

116 3627 186 3660 viro
197 3627 250 3660 vel
261 3640 381 3667 socero,
395 3628 424 3659 si
437 3627 688 3659 matrimonium
700 3626 851 3659 moribus
863 3624 1063 3668 legibusque
1077 3623 1202 3656 nostris

117 3675 259 3712 constat,
274 3672 412 3705 donatio
420 3682 488 3704 non
498 3670 631 3703 valebit.
647 3672 704 3704 sed
717 3672 786 3705 si
800 3671 858 3703 sed
867 3671 974 3712 magis
984 3669 1200 3702 concubinae.

119 3717 151 3757 (ξ
166 3718 196 3758 6)
218 3717 283 3750 Sed
304 3720 337 3750 et
356 3717 409 3749 his
429 3718 483 3750 vel
500 3718 541 3749 ab
565 3717 615 3749 his
637 3717 696 3757 qui
716 3719 796 3748 sunt
816 3717 852 3747 in
867 3726 980 3747 eorum
992 3717 1160 3757 potestate
1174 3713 1202 3744 si

55 3810 59 3811 .
119 3760 220 3793 fuerit
232 3762 404 3802 donatum,
417 3762 469 3794 vel
487 3762 525 3793 in
546 3772 686 3802 quorum
707 3765 786 3793 sunt
806 3763 983 3803 potestate,
996 3770 1064 3792 non
1079 3758 1203 3791 valebit

1272 3217 1422 3255 donatio,
1436 3215 1464 3246 si
1479 3214 1576 3246 modo
1590 3214 1642 3245 vir
1654 3216 1688 3245 et
1701 3223 1795 3245 socer
1807 3213 1843 3244 in
1865 3212 2011 3244 eiusdem
2026 3212 2103 3242 sunt
2125 3209 2288 3249 potestate
2301 3203 2349 3234 vel

1271 3264 1323 3295 vir
1335 3263 1371 3294 in
1385 3260 1510 3293 soceri:
1536 3262 1681 3290 ceterum
1695 3258 1724 3290 si
1737 3258 1773 3289 in
1788 3257 1854 3289 alia
1868 3256 1996 3289 familia
2017 3258 2065 3286 est
2085 3253 2231 3301 maritus,
2245 3258 2349 3298 neque

1272 3318 1387 3340 socero
1400 3314 1507 3346 neque
1521 3303 1551 3335 ei
1565 3304 1623 3345 qui
1638 3306 1689 3335 est
1701 3304 1737 3335 in
1751 3302 1823 3334 eius
1843 3304 2008 3344 potestate
2027 3308 2131 3339 neque
2151 3307 2182 3346 ei
2207 3305 2239 3344 in
2256 3303 2349 3324 cuius

1272 3356 1322 3385 est
1335 3351 1515 3384 donatione
1528 3348 1748 3380 interdictum
1763 3351 1821 3380 est.
1873 3352 1903 3385 (ς’
1919 3348 1948 3386 2)
1974 3346 2051 3377 Item
2071 3342 2127 3383 qui
2148 3351 2183 3371 in
2205 3337 2348 3370 eiusdem

1272 3398 1437 3439 potestate
1457 3395 1546 3434 sunt,
1568 3395 1602 3427 in
1624 3395 1713 3426 cuius
1724 3399 1881 3436 potestate
1903 3392 2034 3423 nmrims
2055 3386 2259 3434 estve{1{10r‚
2274 3391 2348 3431 pro·

1271 3441 1432 3474 hibentur
1444 3441 1567 3472 donare
1580 3439 1659 3471 iisve
1673 3439 1801 3478 donari,
1816 3440 1854 3467 ut
1865 3439 1946 3477 puta
1967 3434 2067 3464 frater
2085 3434 2206 3467 mariti,
2231 3437 2286 3467 qui
2301 3428 2347 3456 est

1273 3488 1307 3519 in
1322 3485 1428 3518 soceri
1442 3486 1618 3526 potestate.
1645 3484 1676 3523 (§
1691 3484 1720 3523 3)
1734 3482 1878 3513 Verbum
1892 3477 2066 3521 potestatis
2081 3500 2091 3525 ‘.
2101 3499 2107 3504 .
2119 3474 2261 3523 ..donare
2283 3480 2346 3519 mm

1270 3531 1412 3574 possint.
1447 3531 1478 3567 (§
1494 3536 1522 3566 4)
1546 3527 1736 3560 Secundum
1750 3527 1888 3558 haec...
1911 3533 1977 3555 non
1999 3521 2063 3552 erit
2084 3521 2178 3549 irrita
2199 3516 2337 3565 donatio

1273 3578 1315 3618 (9)
1343 3574 1491 3607 donecF
1591 3574 1649 3612 (10)
1676 3572 1798 3603 donare
1812 3571 1885 3602 dett.
2001 3568 2053 3615 (ll)
2079 3562 2134 3593 sed
2148 3572 2178 3592 1¹-
2194 3571 2224 3601 P·
2240 3570 2259 3590 1·
2276 3569 2334 3608 Pe?

1271 3631 1385 3653 sonam
1400 3620 1476 3652 add.
1491 3630 1551 3652 sec.
1567 3618 1613 3659 B,
1627 3629 1687 3650 om.
1700 3617 1733 3648 F
1871 3615 1927 3652 (12)
1952 3609 2157 3658 nullms'esse
2171 3606 2326 3635 momenti
2340 3612 2347 3632 e

1272 3667 1320 3698 ait
1333 3665 1422 3697 enim
1435 3663 1589 3695 Iulianus
1602 3661 1741 3704 perinde
1761 3657 1949 3690 habendum
1962 3654 2122 3687 Nooduus
2236 3649 2291 3688 (13)
2317 3648 2346 3677 ei

1271 3721 1377 3742 meam
1390 3709 1512 3740 factam
1526 3717 1595 3739 rem
1607 3719 1668 3739 scr.
