2528 3918
122 158 182 190 DE
201 158 410 191 CONCUSS.
441 157 502 188 DE
522 158 643 189 ABIG.
676 158 736 189 DE
756 156 976 188 PRAEVAB.

121 272 158 306 et
170 268 241 349 lqui
265 267 493 314 sepulchrum
516 267 641 310 violat,
670 266 774 310 facit,
807 276 877 313 quo
903 266 983 313 quis
1006 266 1123 303 minus
1148 276 1203 303 se-

146 326 168 349 u
200 325 242 350 us
266 314 323 349 sit.

120 326 143 360 p
167 357 192 396 9
216 359 322 394 IDEM
346 359 437 395 libro
459 358 616 395 secundo
634 357 863 404 publicorum
888 357 1103 393 iudiciorum
1149 356 1205 392 De

121 404 311 450 sepulchro
334 404 466 440 violato
489 404 583 439 actio
607 413 748 448 quoque
772 403 980 448 pecuniaria
1003 402 1120 437 datur.

171 448 220 487 10
246 449 492 484 PAPINJANUS
519 449 609 484 libro
639 453 765 483 octavo
792 449 1041 493 quaestionum
1088 446 1204 492 Quae-

122 495 229 530 situm
253 498 318 539 est,
343 505 389 529 an
412 493 459 529 ad
481 493 647 529 heredem
667 493 918 536 necessarium,
944 503 1024 527 cum
1044 502 1083 527 se
1100 492 1205 527 bonis

121 551 193 575 non
229 540 450 581 miscuisset,
490 539 584 574 actio
626 537 807 583 sepulchri
840 537 963 574 violati
997 537 1203 583 pertineret.

121 585 195 620 dixi
218 588 314 620 recte
339 595 419 620 eum
443 594 485 619 ea
508 584 649 619 actione
672 583 826 628 experiri
840 585 859 626 ¹,
892 593 984 636 quae
1009 582 1047 618 in
1071 582 1205 617 bonum

121 634 157 665 et
179 640 330 674 aequum
353 632 527 675 concepta
551 633 622 664 est:
647 638 713 663 nec
735 632 856 663 tamen
879 630 932 663 s1²
955 627 1077 672 egerit,
1102 627 1204 662 here-

122 676 268 710 ditarios
293 674 486 710 creditores
509 673 659 716 timebit,
691 684 772 709 cum
796 674 861 709 etsi
884 683 949 718 per
971 671 1205 708 hereditatem

123 720 273 765 optigit³
295 719 386 755 haec
410 720 515 762 actio,
540 719 627 754 nihil
649 722 769 754 tamen
793 728 838 754 ex
862 717 1019 753 defuncti
1041 718 1206 762 capiatur

122 765 320 807 voluntate,
353 775 467 809 neque
498 764 535 799 id
565 764 743 809 capiatur,
776 763 873 809 quod
902 763 940 797 in
962 763 1014 798 rei
1037 773 1204 808 persecu-

122 811 228 853 tione,
252 810 316 846 sed
338 810 376 844 in
399 809 476 845 sola
499 809 656 845 vindicta
679 809 725 845 sit
749 809 993 844 constitutum.

170 854 217 892 11
245 854 404 890 Psvws
428 855 518 890 libro
543 856 668 901 quinto
691 855 948 889 sententiarum
994 853 1062 888 Rei
1085 853 1204 899 sepul-

122 901 287 936 chrorum
310 900 540 942 violatorum,
570 899 601 935 si
630 910 783 944 corpora
805 899 884 944 ipsa
908 898 1128 934 extraxerint
1150 899 1206 934 vel

122 956 205 981 ossa
236 945 407 988 eruerint,
447 944 668 981 humilioris⁴
699 944 840 990 quidem
869 944 1036 979 fortunae
1067 954 1205 979 summo
1229 958 1231 963 ’

122 990 296 1037 supplicio
328 990 560 1033 adficiuntur,
592 990 815 1026 honestiores
837 990 875 1025 in
897 990 1052 1024 insulam
1077 989 1120 1024 de
1147 999 1204 1024 or-

121 1040 255 1116 ζῖιὲιὲιιζ
290 1035 380 1071 alias
404 1038 524 1071 autem
546 1035 751 1079 relegantur
770 1036 833 1071 aut
851 1035 889 1070 in
906 1035 1088 1071 metallum
1131 1044 1205 1070 am-

595 1218 693 1259 XIII
703 1217 729 1258 ⁵.

459 1285 522 1319 DE
547 1284 868 1319 cONOUSSIoNn.

171 1350 189 1388 1
224 1350 419 1403 &fulvos
444 1351 535 1388 libro
560 1352 686 1398 quinto
716 1351 924 1398 opinionum
972 1350 1010 1387 Si
1039 1350 1205 1387 simulato

121 1395 294 1441 praesidls
329 1396 430 1432 iussu
462 1397 651 1433 concussio
680 1396 885 1440 intervenit,
922 1397 1083 1432 ablatum
1111 1396 1206 1432 eius-

122 1441 218 1478 modi
250 1445 387 1477 terrore
422 1442 563 1477 restitui
596 1443 767 1488 praeses⁶
803 1442 1009 1488 provinciae
1040 1441 1140 1477 iubet
1171 1445 1207 1478 et

123 1487 291 1522 delictum
315 1491 458 1522 coercet
467 1489 491 1521 ⁷.

168 1530 193 1568 2
209 1532 356 1584 ‚MA-om
375 1532 466 1584 ἶὶὺζο
479 1533 604 1579 primo
617 1533 848 1587 publicorum
867 1533 1083 1569 iudiciorum
1114 1531 1207 1568 Con-

123 1587 296 1614 cussmms
326 1577 498 1613 iudicium
526 1577 711 1623 pubhcum
745 1589 819 1614 non
849 1581 922 1614 cst:
961 1577 1025 1614 sed
1061 1577 1093 1613 si
1126 1577 1207 1614 ideo

123 1622 311 1668 pecuniam
341 1622 420 1668 quis
454 1632 541 1659 acce
567 1624 611 1666 it,
650 1623 746 1669 quod
784 1623 918 1660 crimen
955 1623 1112 1658 minatus
1148 1623 1206 1666 sit,

122 1670 242 1712 potest
271 1667 440 1703 iudicium
469 1668 544 1714 pub
560 1668 652 1704 'cum
681 1679 760 1705 esse
785 1679 829 1704 ex
851 1671 997 1705 senatus
1022 1668 1206 1712 consultis,

123 1713 251 1758 quibus
273 1723 392 1766 poena
414 1713 500 1758 legis
525 1713 710 1750 Corneliae
732 1714 847 1750 teneri
869 1714 1055 1757 iubentur,
1086 1714 1148 1759 qui
1170 1713 1208 1748 in

123 1762 387 1794 accusat10nem
410 1758 651 1794 innocentium
676 1759 825 1796 coierint
843 1759 946 1803 quive
966 1759 1013 1794 ob
1031 1769 1206 1794 accusan-

123 1803 208 1838 dum
236 1803 292 1839 vel
322 1814 395 1839 non
425 1804 686 1849 accusandum,
724 1804 1007 1840 denuntiandum
1043 1805 1099 1840 vel
1135 1815 1208 1840 non

122 1848 403 1885 denuntiandum
425 1849 666 1885 testimonium
690 1850 879 1896 pecuniam
901 1849 1093 1895 acceperit.

588 1988 706 2028 XIIII
715 1986 742 2026 ⁸.

522 2055 584 2087 DE
608 2054 804 2087 ABIGEIS.

172 2118 218 2156 1⁹
248 2119 442 2155 ULPJANUS
462 2120 553 2156 libro
574 2124 699 2156 octavo
722 2119 768 2156 de
789 2119 916 2166 officio
937 2118 1170 2166 proconsulis
1180 2120 1209 2142 ¹⁰

124 2165 179 2200 De
210 2164 344 2209 abigeis
380 2165 570 2210 puniendis
600 2166 652 2200 ita
687 2165 789 2201 divus
818 2164 1024 2200 Hadrianus
1057 2165 1207 2201 consilio

123 2210 293 2245 Baeticae
316 2210 503 2255 rescripsit
516 2212 559 2245 ¹²:
586 2211 714 2256 ‘abigei
737 2221 818 2246 cum
843 2210 1029 2246 durissime
1052 2210 1208 2256 puniun-

124 2259 211 2297 ‘tur,
244 2255 291 2290 ad
311 2255 469 2300 gladium
500 2256 663 2291 damnari
694 2256 820 2292 solent.
867 2256 1066 2301 puniuntur
1089 2259 1209 2291 autem

125 2300 323 2336 ‘durissime
353 2311 425 2335 non
449 2301 595 2354 ubique,
629 2301 692 2338 sed
722 2301 786 2337 ubi
808 2301 1030 2346 frequentius
1056 2304 1110 2336 est
1131 2301 1169 2336 id
1182 2301 1209 2322 ¹²

125 2348 247 2390 ‘genus
269 2345 450 2381 maleficii:
476 2346 634 2391 ahoquin
653 2349 689 2382 et
711 2346 749 2381 in
774 2357 863 2391 opus
882 2349 919 2382 et
940 2356 1209 2391 nonnumquam

127 2395 141 2425 1
192 2391 458 2435 ‘temporarium
469 2392 497 2413 ¹³
529 2391 717 2427 dantur’ss.
772 2391 900 2437 Abigei
922 2395 1041 2427 autem
1060 2392 1210 2438 proprie

123 2436 161 2470 hi
183 2436 371 2478 habentur,
397 2436 457 2480 qui
479 2446 611 2482 pecora
629 2447 674 2472 ex
722 2437 841 2473 ascuis
858 2437 914 2472 vel
924 2438 951 2458 ¹⁵
976 2447 1020 2472 ex
1039 2437 1209 2472 armentis

124 2481 339 2517 subtrahunt
357 2484 393 2516 et
413 2481 672 2526 quodammodo
716 2482 965 2528 epraedantur,
991 2486 1027 2517 et
1045 2482 1210 2528 abigendi

124 2526 280 2561 studium
304 2526 409 2571 quasi
432 2530 545 2562 artem
565 2531 742 2571 exercent,
767 2538 878 2572 equos
903 2527 947 2563 de
969 2527 1135 2572 gregibus
1154 2527 1210 2563 vel

124 2572 232 2607 boves
257 2571 299 2607 de
323 2572 492 2607 armentis
523 2573 754 2608 abducentes.
803 2576 962 2608 ceterum
986 2573 1017 2608 si
1041 2573 1119 2617 quis
1144 2573 1207 2608 bo-

123 2627 201 2652 vem
236 2617 462 2652 aberrantem
497 2617 553 2653 vel
586 2628 697 2663 equos
730 2618 768 2653 in
803 2618 994 2653 solitudine
1023 2618 1166 2654 relictos
1182 2619 1209 2639 ¹⁶

124 2664 144 2696 2
192 2661 396 2705 abduxerit,
420 2672 494 2697 non
517 2665 572 2698 est
596 2663 760 2708 abigeus,
792 2663 855 2699 sed
877 2662 937 2698 fur
960 2663 1090 2708 potius.
1139 2663 1209 2698 Sed

124 2710 162 2742 et
184 2706 246 2752 qui
268 2717 415 2752 porcam
429 2708 455 2729 ¹⁷
480 2707 535 2742 vel
563 2717 708 2753 capram
730 2708 786 2743 vel
808 2708 982 2743 vervicem
1005 2707 1156 2743 abduxit
1169 2709 1207 2751 ¹⁸,

124 2762 198 2787 non
221 2755 294 2786 tam
316 2751 480 2796 graviter,
507 2763 613 2796 quam
624 2753 652 2774 ¹⁹
684 2753 743 2797 qui
775 2753 912 2788 maiora
942 2753 1108 2788 animalia
1131 2753 1208 2788 abi-

126 2799 145 2831 3
192 2800 290 2842 gunt,
314 2796 423 2842 plecti
441 2797 582 2833 debent.
618 2797 842 2843 Quamquam
865 2803 986 2834 autem
1003 2798 1209 2834 Hadrianus

124 2842 264 2894 metalli
286 2851 456 2886 poenam,
487 2842 571 2877 item
601 2843 718 2888 operis
749 2844 805 2879 vel
837 2844 943 2878 etiam
973 2843 1083 2889 gladii
1105 2854 1208 2889 prae-

125 2890 299 2929 stituent,
324 2890 482 2922 attamen
505 2888 566 2932 qui
588 2888 791 2924 honestiore
813 2889 893 2924 loco
918 2889 995 2924 nati
1018 2893 1111 2932 sunt,
1137 2899 1210 2924 non

126 2932 257 2967 debent
281 2931 326 2966 ad
349 2931 444 2967 hanc
467 2942 619 2977 poenam
641 2933 831 2978 pertinere,
857 2934 920 2969 sed
943 2937 1006 2970 aut
1028 2934 1210 2979 relegandi

125 2980 230 3012 erunt
263 2980 327 3012 aut
367 2977 530 3013 movendi
564 2978 697 3014 ordine.
757 2989 844 3015 sane
879 2979 940 3024 qui
975 2990 1057 3015 cum
1090 2980 1208 3024 gladio

125 3026 146 3056 4
193 3021 253 3058 abi
275 3025 351 3064 unt,
375 3032 448 3057 non
470 3022 589 3067 inique
613 3023 738 3060 bestiis
762 3024 967 3060 obiciuntur
975 3025 1017 3059 ²⁰.
1055 3024 1124 3069 Qui
1145 3035 1208 3070 pe-

126 3077 225 3120 coraz
273 3077 292 3102 e
316 3078 468 3112 quorum
480 3068 714 3119 ‚proprietate
737 3069 894 3105 faciebat
918 3070 1208 3113 controversiam,

126 3113 254 3157 abegit,
279 3115 320 3147 ut
344 3112 557 3148 Saturnmus
582 3114 723 3157 quidem
748 3115 881 3157 scribit,
906 3115 952 3150 ad
976 3115 1209 3150 examinatio-

126 3167 206 3192 nem
237 3157 374 3193 civilem
406 3157 638 3194 remittendus
669 3163 734 3195 est.
788 3159 851 3196 sed
887 3159 957 3195 hoc
986 3160 1039 3195 ita
1070 3160 1211 3196 demum

127 3272 164 3311 (1)
192 3270 304 3313 experi
321 3270 356 3303 F

126 3316 168 3357 (4)
192 3315 388 3349 humiliores
402 3317 434 3348 F

172 3361 215 3402 (5)
242 3360 324 3394 Sab.
337 3380 381 3384 -
393 3362 478 3394 Bas.
494 3363 549 3403 60,
563 3368 599 3394 24

125 3406 216 3438 ceret
227 3405 263 3438 F

172 3451 216 3492 (8)
242 3450 324 3483 Sub.
346 3458 371 3484 1.
391 3457 426 3490 2;
451 3451 516 3484 Ed.
536 3458 563 3485 3.
582 3469 628 3475 -—-
648 3451 732 3484 Bas.
749 3452 803 3492 60,
822 3458 867 3485 25.
882 3454 930 3476 ’-
952 3453 1002 3497 Cf.
1019 3453 1096 3486 Cod.
1118 3455 1149 3495 9,
1172 3460 1207 3487 37

127 3497 170 3533 (9)
196 3511 241 3524 =
263 3495 345 3528 Call.
366 3497 418 3538 11,
437 3504 464 3538 7,
483 3503 507 3530 1.
530 3504 558 3535 s,
580 3504 646 3530 1...4
795 3499 854 3538 (ιο)
879 3496 939 3530 sub
957 3497 1059 3531 titulo
1079 3498 1119 3531 de
1138 3497 1209 3530 abi-

125 3540 196 3581 geis
217 3540 293 3572 add.
320 3540 398 3573 Coll.
518 3544 570 3582 (11)
597 3541 766 3584 rescripsit
785 3541 928 3575 concilio
948 3543 1102 3576 Baeticae
1127 3543 1207 3577 Goll.

128 3590 185 3622 (12)
208 3584 255 3626 id]
270 3585 334 3617 hoe
350 3586 428 3618 coll.
497 3590 555 3627 (13)
580 3588 628 3619 sic
644 3587 738 3629 Coll„
750 3586 949 3628 temporium
962 3588 998 3620 F
1055 3589 1113 3628 (14)
1134 3595 1210 3631 post

127 3630 250 3662 dantur
270 3629 484 3668 (damnantur
506 3632 598 3673 Coll.)
620 3633 769 3675 leyuncur
788 3632 868 3665 haec
885 3633 919 3665 in
941 3632 1043 3666 Coll..·
1066 3632 1209 3675 ideoque

111 3676 208 3718 -puto
224 3674 314 3717 apud
325 3684 382 3707 vos
402 3685 533 3717 quoque
552 3676 702 3709 sufficere
721 3686 827 3718 genus
842 3686 979 3719 poenae,
999 3677 1089 3719 quod
1103 3678 1208 3710 maxi-

126 3729 218 3752 mum
236 3719 316 3752 huic
334 3719 497 3754 maleficio
516 3721 666 3764 inrogari
684 3721 785 3762 solet,
809 3723 848 3754 ut
866 3721 909 3754 ad
930 3721 1080 3764 gladium
1099 3722 1210 3765 abigei

128 3764 265 3796 dentur:
288 3767 360 3806 aut,
379 3765 407 3797 si
426 3767 501 3807 quis
520 3768 587 3798 tam
608 3770 707 3799 notus
724 3769 757 3799 et
778 3769 845 3799 tam
863 3768 974 3809 gravis
991 3767 1028 3800 in
1044 3767 1209 3810 abigendo

462 3274 504 3313 (2)
529 3271 662 3303 tametsi
679 3283 740 3305 scr.
852 3274 895 3315 (3)
921 3281 1071 3306 ornem·
1090 3273 1162 3313 (sic)
1182 3273 1217 3306 F

692 3361 736 3402 (6)
760 3371 914 3404 praesens
928 3363 962 3395 F
1050 3366 1092 3406 (τ)
1117 3372 1208 3395 6661·-

1195 139 1280 188 787

1745 147 1995 192 XXXXVII
2030 151 2092 192 12.
2124 152 2183 192 13.
2215 152 2275 192 14.
2306 154 2353 192 15

1273 266 1499 311 probandum
1523 269 1587 319 est,
1613 267 1642 302 si
1666 278 1738 304 non
1758 269 1858 305 color
1880 270 2063 316 abigeatus
2088 271 2270 316 quaesitus
2290 275 2356 317 est,

1274 311 1338 347 sed
1360 321 1441 347 vere
1463 314 1604 364 putavit
1626 322 1692 347 sua
1713 313 1817 350 iustis
1841 316 2039 353 rationibus
2064 316 2203 353 ductus.

1321 354 1346 393 2
1380 356 1524 392 Mamm
1568 357 1660 393 labro
1699 360 1823 403 primo
1896 362 2094 397 ublioorum
2141 362 2353 398 iudiciorum

1274 402 1470 454 Abigeatus
1503 401 1636 438 crimen
1690 402 1801 439 ublici
1830 403 1867 439 iu
1893 405 1952 441 icii
1973 417 2046 443 non
2069 410 2141 451 est,
2175 407 2257 452 quia
2279 407 2354 443 fur-

1273 450 1350 481 tum
1373 457 1485 492 mag1s
1510 450 1575 483 est.
1623 457 1662 482 se
1711 448 1794 492 quia
1825 449 2032 496 plerumque
2063 452 2180 498 abigei
2202 456 2239 488 et
2260 452 2355 488 ferro

1274 496 1433 536 utuntur,
1458 492 1490 528 si
1512 491 1839 537 deprehendentur,
1862 494 1942 531 ideo
1967 497 2118 540 graviter
2141 502 2177 532 et
2200 498 2355 543 puniri²¹

1274 547 1396 572 eorum
1421 537 1614 573 admissum
1637 537 1738 573 solet.

1320 580 1344 620 3
1384 582 1670 618 GALLISTRATUS
1713 583 1804 618 libro
1851 587 1955 619 sexto
2003 585 2047 620 de
2093 588 2357 633 coquitiom‘bus

1274 627 1367 663 Oves
1377 628 1409 648 ²²
1431 638 1497 673 pro
1520 637 1668 663 numero
1692 627 1901 663 abactarum
1911 630 1941 650 ²³
1970 634 2034 665 aut
2056 630 2169 666 furem
2193 637 2256 667 aut
2279 633 2357 668 abi-

1273 683 1377 718 geum
1408 671 1557 707 faciunt.
1605 672 1749 718 quidam
1788 673 1911 708 decem
1948 676 2069 710 oves²⁸
2106 687 2246 721 gregem
2278 688 2357 713 esse

1273 721 1508 762 putaverunt:
1540 728 1671 763 porcos
1701 718 1809 753 etiam
1841 718 1996 763 quinque
2019 721 2074 756 vel
2103 726 2269 766 quattuor
2293 723 2355 757 ab-

1274 766 1386 806 actos,
1421 772 1554 808 equum
1575 763 1702 799 bovem
1724 763 1780 799 vel
1803 774 1914 798 unum
1938 764 2121 809 abigeatus
2146 768 2277 803 crimen
2301 768 2355 803 fa-

1278 812 1293 842 1
1344 818 1435 843 cere.
1489 808 1586 843 Eum
1617 818 1759 854 quoque
1788 808 1928 854 plenius
1960 811 2211 854 coercendum,
2244 812 2305 857 qui
2335 823 2358 848 a

1275 853 1417 889 stabulo
1438 853 1559 899 abegit
1578 853 1752 889 domitum
1771 864 1894 899 pecus,
1916 864 1988 889 non
2008 865 2031 889 a
2051 855 2138 891 silva
2155 867 2220 892 nec
2239 868 2354 902 grege.

1275 901 1295 933 2
1343 897 1413 943 Qui
1444 899 1588 943 saepius
1620 899 1833 944 abegerunt,
1872 898 1957 934 licet
1987 909 2125 945 semper
2165 913 2274 936 unum
2302 903 2358 938 vel

1275 943 1429 979 alterum
1475 954 1587 990 pecus
1635 943 1895 990 subripuerint,
1943 947 2061 980 tamen
2107 946 2222 991 abigei
2262 951 2346 982 sunt

1276 992 1296 1024 3
1343 988 1564 1034 Receptores
1588 989 1796 1035 abigeorum
1819 999 1891 1034 qua
1918 999 2035 1034 poena
2065 990 2171 1036 plecti
2195 991 2356 1035 debeant,

1276 1034 1431 1080 epistula
1463 1034 1535 1070 divi
1564 1035 1712 1070 Traiani
1739 1036 1794 1070 ita
1826 1038 1990 1077 cavetur,
2028 1038 2067 1070 ut
2098 1039 2199 1072 extra
2227 1040 2357 1073 terram

1274 1080 1415 1115 Italiam
1439 1079 1561 1116 decem
1584 1081 1687 1117 annis
1711 1081 1968 1125 relegarentur.

1757 1217 1832 1256 XV
1841 1217 1882 1257 ²⁵.

1553 1283 1617 1316 DE
1640 1283 2042 1316 PRAEVARICATION
2044 1284 2086 1316 E.

1324 1348 1387 1387 1²⁶
1430 1349 1625 1386 ULPIANUS
1659 1349 1751 1385 libro
1780 1353 1886 1385 sexto
1916 1348 1966 1384 ad
1994 1348 2148 1385 edictum
2174 1350 2362 1394 praetoris

1274 1395 1548 1431 Praevaricator
1556 1396 1587 1416 ²⁷
1618 1398 1673 1430 est
1702 1395 1804 1439 quasi
1835 1393 2016 1430 varicator
2025 1395 2066 1437 ²⁸,
2098 1393 2159 1439 qui
2188 1393 2363 1429 diversam

1275 1444 1414 1486 partem
1437 1440 1583 1476 adiuvat
1605 1439 1748 1486 prodita
1772 1449 1884 1475 causa
1906 1449 1983 1475 sua.
2021 1439 2117 1484 quod
2140 1448 2268 1474 nomen
2290 1439 2361 1474 La-

1276 1487 1343 1522 beo
1374 1496 1396 1521 a
1426 1485 1527 1521 varia
1551 1485 1749 1521 certatione
1778 1488 1935 1521 tractum
1959 1485 2028 1520 ait:
2061 1495 2145 1520 nam
2169 1484 2228 1529 qui
2257 1495 2362 1529 prae-

1275 1531 1477 1575 varicatur,
1502 1542 1547 1567 ex
1570 1535 1723 1576 utraque
1746 1534 1851 1577 parte
1875 1529 2053 1574 constitit,
2079 1529 2165 1574 quin
2189 1529 2294 1564 immo
2319 1539 2363 1565 ex

1282 1580 1294 1612 l
1343 1577 1508 1612 altera2⁹.
1555 1576 1592 1612 Is
1616 1581 1736 1611 autem
1758 1576 2026 1621 praevaricator
2053 1574 2198 1621 proprie
2221 1574 2362 1616 dicitur,

1275 1622 1338 1667 qui
1367 1622 1513 1667 publico
1543 1621 1677 1658 iudicio
1709 1621 1946 1657 accusaverit:
1980 1623 2138 1656 ceterum
2169 1619 2363 1655 advocatus

1275 1678 1348 1703 non
1370 1667 1516 1714 propn‘e
1546 1666 1816 1712 praevaricator
1845 1666 1986 1702 dicitur.
2035 1664 2121 1711 quid
2145 1675 2228 1709 ergo
2252 1664 2296 1699 de
2320 1675 2362 1700 eo

1274 1712 1362 1748 fiet?
1408 1712 1481 1748 sive
1503 1713 1643 1758 privato
1667 1711 1799 1748 iudicio
1824 1711 1897 1747 sive
1927 1711 2071 1757 publico
2096 1710 2362 1755 praevaricatus

1276 1758 1338 1801 sit,
1361 1758 1431 1793 hoc
1455 1761 1510 1793 est
1532 1757 1731 1803 prodiderit
1756 1766 1921 1801 causam,
1952 1756 2013 1792 hic
2037 1759 2139 1791 extra
2149 1757 2180 1777 ³⁰
2203 1754 2364 1791 ordinem

1276 1803 1370 1839 solet
1391 1803 1522 1847 puniri.

1323 1846 1348 1885 2
1388 1848 1583 1884 ULPIANUS
1616 1847 1707 1884 libro
1739 1847 1876 1883 ηοηο31
1906 1846 1950 1882 de
1979 1845 2105 1892 officio
2134 1846 2364 1891 proconsulis

1277 1893 1486 1937 Sciendum,
1520 1892 1616 1938 quod
1644 1892 1753 1928 hodie
1782 1892 1831 1935 is,
1864 1892 1965 1938 qui³2
1995 1891 2235 1937 praevaricati
2267 1894 2363 1935 sunt,

1275 1949 1393 1984 poena
1416 1938 1613 1983 iniungitur
1636 1937 1931 1974 extraordinaria.

1322 1981 1347 2022 3
1384 1983 1528 2019 MAOER
1575 1983 1665 2019 libro
1707 1983 1832 2030 primo
1871 1983 2104 2030 publicorum
2149 1981 2363 2017 iudiciorum

1276 2028 1599 2065 Praevaricationis
1622 2028 1794 2064 iudicium
1817 2028 1915 2063 aliud
1936 2027 2131 2073 publicum,
2167 2026 2266 2061 aliud
2286 2036 2362 2062 mo-

1281 2078 1295 2109 1
1345 2074 1445 2110 ribus
1468 2074 1655 2110 inductum
1679 2077 1744 2109 est.
1792 2073 1886 2108 Nam
1910 2073 1941 2108 si
1964 2083 2047 2108 reus
2072 2071 2275 2107 accusatori
2296 2082 2363 2117 pu-

1277 2119 1371 2155 blico
1394 2118 1527 2155 iudicio
1551 2119 1632 2155 ideo
1662 2118 1906 2165 praescribat,
1940 2117 2036 2163 quod
2059 2117 2155 2153 dicat
2178 2127 2216 2152 se
2240 2116 2364 2152 eodem

1278 2165 1425 2200 crimine
1463 2164 1510 2200 ab
1541 2164 1611 2200 alio
1653 2167 1863 2200 accusatum
1895 2167 1930 2199 et
1962 2162 2181 2206 absolutum,
2219 2165 2365 2197 cavetur

1276 2211 1354 2255 lege
1376 2209 1469 2245 Iulia
1491 2210 1728 2255 publicorum,
1753 2213 1795 2244 ut
1817 2219 1889 2245 non
1912 2208 2012 2253 prius
2031 2212 2233 2250 accusetur,
2258 2218 2364 2252 quam

1278 2256 1322 2291 de
1352 2255 1483 2300 prioris
1515 2255 1738 2290 accusatoris
1769 2254 2077 2300 praevaricatione
2108 2252 2307 2288 constiterit
2330 2255 2366 2287 et

1276 2301 1548 2347 pronuntiatum
1589 2299 1709 2335 fuerit.
1769 2300 1877 2335 huius
1922 2309 2005 2344 ergo
2047 2297 2364 2344 praevaricationis

1278 2352 1297 2382 2
1345 2345 1589 2392 pronuntiatio
1619 2345 1755 2390 publici
1782 2344 1905 2380 iudicii
1935 2343 2160 2389 intellegitur.
2208 2342 2310 2387 Quod
2333 2342 2365 2377 si

1277 2391 1453 2427 advocato
1477 2390 1797 2437 praevaricationis
1834 2391 1968 2426 crimen
1990 2389 2214 2430 intendatur,
2245 2387 2364 2433 publi-

1279 2448 1360 2472 cum
1383 2436 1555 2472 iudicium
1577 2446 1651 2471 non
1675 2439 1747 2472 est:
1780 2445 1847 2471 nec
1870 2435 2028 2477 interest,
2052 2434 2197 2479 publico
2221 2443 2268 2468 an
2290 2432 2362 2477 pri-

1279 2487 1298 2517 3
1345 2485 1429 2518 vato
1458 2481 1591 2517 iudicio
1622 2481 1890 2527 praevaricatus
1921 2480 2072 2516 dicatur.
2121 2479 2158 2515 Si
2180 2478 2261 2513 ideo
2285 2478 2363 2522 quis

1278 2530 1489 2570 accusetur,
1516 2526 1611 2571 quod
1634 2526 1774 2562 dicatur
1798 2526 1932 2561 crimen
1954 2525 2076 2560 iudicii
2098 2523 2234 2569 publici
2255 2522 2362 2558 desti-

1276 2573 1407 2615 tuisse,
1440 2572 1611 2607 iudicium
1634 2572 1819 2617 publicum
1841 2582 1915 2606 non
1939 2572 2009 2613 est,
2043 2570 2126 2614 quia
2148 2578 2264 2613 neque
2285 2568 2364 2612 lege

1277 2618 1397 2663 aliqua
1421 2617 1465 2653 de
1488 2618 1558 2653 hac
1581 2627 1620 2653 re
1640 2621 1785 2652 cautum
1805 2619 1870 2659 est,
1894 2625 2008 2660 neque
2028 2625 2092 2660 per
2112 2618 2257 2650 senatus
2278 2623 2362 2648 con-

1277 2664 1430 2705 sultum,
1463 2673 1533 2707 quo
1564 2673 1682 2708 poena
1713 2662 1869 2707 quinque
1898 2660 1978 2696 auri
2007 2660 2181 2695 librarum
2210 2658 2248 2693 in
2271 2658 2362 2693 desi-

1278 2711 1430 2745 stentem
1455 2708 1643 2752 statuitur,
1668 2707 1816 2753 publica
1840 2706 2024 2742 accusatio
2047 2705 2196 2740 inducta
2218 2706 2283 2740 est.

1326 2753 1350 2790 4
1384 2753 1494 2788 IDEM
1512 2753 1603 2789 libro
1626 2753 1783 2788 secundo
1806 2751 2041 2806 publicorum
2066 2750 2279 2801 iudiciorum
2325 2747 2364 2784 Si

1277 2799 1327 2843 is,
1361 2798 1405 2834 de
1430 2799 1532 2834 cuius
1557 2798 1735 2833 calumnia
1759 2809 1817 2843 agi
1839 2797 2069 2843 prohibetur,
2098 2796 2365 2846 praevaricator

1277 2845 1315 2879 in
1354 2854 1464 2879 causa
1502 2843 1625 2879 iudicii
1661 2843 1797 2888 publici
1835 2841 2088 2888 pronuntiatus
2124 2839 2186 2882 sit,
2221 2838 2362 2874 infamis

1278 2890 1356 2926 erit.

1324 2933 1349 2972 5
1383 2934 1612 2970 VENULEIUS
1632 2933 1884 2969 summm
1909 2932 1999 2968 libro
2023 2930 2179 2967 secundo
2197 2929 2362 2975 publico-

1277 2991 1358 3015 rum
1388 2979 1605 3015 iudiciorum
1650 2978 1854 3018 Accusator
1882 2978 1921 3013 in
1947 2974 2252 3022 praevaricatione
2276 2983 2360 3008 con-

1278 3025 1392 3060 victus
1416 3027 1544 3069 postea
1567 3034 1613 3059 ex
1634 3024 1712 3068 lege
1735 3034 1808 3058 non
1832 3026 1992 3059 accusat.

1325 3068 1350 3108 6
1380 3069 1541 3105 Paows
1568 3069 1659 3105 libro
1682 3068 1865 3115 sinqulari
1887 3068 1931 3103 de
1954 3066 2083 3102 iudicis
2098 3064 2259 3111 publicis
2303 3063 2360 3114 Ab

1278 3115 1495 3160 imperatore
1517 3117 1641 3150 nostro
1665 3117 1702 3150 et
1723 3117 1826 3159 patre
1849 3113 1926 3149 eius
1945 3111 2156 3156 rescriptum
2174 3112 2237 3151 est,
2262 3111 2302 3142 ut
2324 3117 2362 3160 m

1281 3159 1500 3202 criminibus,
1524 3169 1616 3204 quae
1641 3161 1743 3195 extra
1763 3159 1922 3194 ordinem
1946 3157 2158 3198 obiciuntur,
2182 3162 2359 3199 praevari—

1276 3273 1353 3315 fuit,
1366 3273 1406 3305 ut
1416 3271 1511 3315 prius
1523 3282 1563 3305 ex
1573 3273 1637 3306 hoc
1650 3272 1790 3306 crimine
1802 3271 1914 3314 aliqua
1926 3279 2033 3313 poena
2044 3267 2191 3301 adfectus
2201 3266 2254 3307 sit,
2269 3266 2361 3298 hunc

1276 3318 1313 3350 in
1332 3317 1506 3350 metallum
1526 3317 1599 3350 dari
1620 3320 1772 3361 oportere
1794 3324 1824 3350 et
1842 3329 1924 3360 quae
1944 3320 2119 3357 sequuntur
2238 3312 2296 3352 (15)
2321 3321 2360 3342 ex

1276 3365 1374 3406 pastu
1392 3364 1426 3395 et
1448 3363 1528 3396 coll.
1622 3364 1683 3406 (16)
1707 3373 1829 3405 equum
1847 3362 1883 3394 in
1900 3358 2115 3393 solitudinem
2128 3357 2199 3398 (om.
2213 3354 2358 3393 relictos)

1282 3409 1362 3442 Coll.
1410 3409 1471 3449 (17)
1491 3417 1631 3450 porcum
1648 3408 1728 3442 Cozl.
1777 3409 1837 3449 (18)
1856 3405 2026 3437 abducunt
2042 3403 2120 3436 coll.
2171 3402 2230 3441 (19)
2248 3400 2358 3451 quam]

1277 3454 1317 3485 ut
1333 3453 1371 3485 hi
1387 3453 1465 3486 Coll.
1549 3454 1612 3496 (20)
1637 3452 1827 3486 removendi
1845 3450 1971 3482 ordine.
1996 3448 2119 3480 Romae
2130 3448 2242 3478 tamen
2259 3447 2360 3477 etiam

1276 3497 1390 3530 bestiis
1412 3497 1499 3530 obici
1516 3497 1651 3541 abigeos
1670 3498 1830 3536 videmus,
1851 3497 1883 3527 et
1902 3504 1980 3526 sane
1998 3492 2057 3534 qui
2077 3501 2153 3523 cum
2164 3490 2277 3534 gladio
2289 3489 2361 3541 abi—

1277 3545 1373 3585 gunt,
1387 3553 1455 3575 non
1466 3543 1583 3585 inique
1596 3544 1656 3576 hac
1669 3552 1775 3585 poena
1786 3540 1990 3573 adficiuntur
2006 3538 2086 3571 Coll.
2154 3537 2212 3577 (21)
2236 3545 2322 3577 pum
2332 3533 2366 3568 F

1279 3591 1339 3628 (22)
1364 3587 1463 3620 boves
1476 3588 1526 3621 F¹
1619 3589 1682 3629 (23)
1707 3587 1899 3619 abactorum
1911 3584 1946 3617 F
2033 3584 2094 3623 (24)
2119 3580 2218 3614 vobes
2229 3580 2264 3612 F
2270 3580 2281 3599 ¹

1324 3633 1386 3675 (25)
1411 3633 1477 3666 Ed.
1490 3641 1522 3673 13
1547 3633 1630 3667 δαὶ).
1644 3640 1723 3666 2...7.
1735 3649 1781 3655 -
1793 3630 1878 3663 Bas.
1893 3631 1948 3671 60,
1962 3635 1997 3662 26
2059 3628 2122 3669 (26)
2143 3638 2201 3677 pr:
2212 3624 2315 3677 περ.
2327 3624 2361 3667 3,

1278 3685 1306 3719 2,
1319 3685 1347 3719 4,
1360 3684 1377 3711 4
1432 3679 1494 3720 (27)
1518 3679 1702 3711 antemius.
1715 3676 1761 3709 D.
1775 3676 1794 3709 l.
1807 3686 1890 3719 yem.
1945 3674 2009 3715 (28)
2024 3673 2098 3716 suit
2109 3681 2204 3713 quasi
2215 3670 2362 3703 vanator

1279 3724 1342 3764 (29)
1367 3733 1407 3756 ex
1419 3722 1555 3756 adversa
1567 3723 1612 3756 D.
1627 3722 1648 3755 l.
1659 3733 1739 3766 yem.
1821 3720 1885 3762 (3ο)
1913 3719 2047 3752 exextra
2061 3717 2095 3749 F
2170 3715 2228 3758 (31)
2251 3724 2320 3747 11611
2334 3713 2367 3746 F

1278 3769 1341 3811 (32)
1365 3767 1424 3810 qui
1437 3780 1496 3802 om.
1509 3769 1543 3801 F

2026 3818 2091 3852 99*
