2528 3918
129 96 397 128 OMITTENDA
425 95 713 126 HEREDITATE

157 209 260 243 otest.
308 206 371 240 sed
402 205 434 240 si
465 206 624 241 certum¹
656 205 703 240 sit
732 204 863 240 falsum
891 214 963 240 non
991 214 1088 248 esse,
1121 204 1219 252 quod

146 251 261 288 alsum
285 250 434 292 dicitur,
466 250 560 285 sicut
583 249 748 285 adeundo
772 249 947 295 adquirit,
975 250 1028 286 ita
1051 254 1088 286 et
1110 261 1216 297 repu-

133 301 149 333 1
198 295 329 331 diando
348 295 479 330 amittit
497 294 741 331 hereditatem.
766 294 880 330 Heres
899 294 1085 332 institutus
1105 296 1215 332 idem·

128 351 199 388 que
220 340 393 385 legitimus
417 340 448 375 si
471 341 574 392 quasi
603 340 790 376 institutus
819 339 1079 385 repudiaverit,
1138 341 1218 377 uasi

128 385 303 432 legitimus
327 395 401 421 non
425 385 556 420 amittit
578 384 829 421 hereditatem:
862 384 927 421 sed
949 385 981 422 si
1005 386 1108 432 quasi
1145 386 1216 433 egi-

128 432 236 466 timus
260 430 479 476 repudiavit,
510 430 541 466 si
564 430 707 476 quidem
730 430 800 466 scit
821 439 861 465 se
883 430 1050 466 heredem
1073 431 1216 468 institu-

127 481 215 518 tum,
241 475 436 511 credendus
461 479 516 511 est
537 479 728 521 utrumque
750 485 790 511 re
815 475 977 511 udiasse:
1010 476 1040 511 si
1063 477 1217 522 ignorat,

127 521 174 556 ad
205 524 371 555 neutrum
402 521 435 556 ei
466 520 665 566 repudiatio
697 530 788 556 noce
813 520 842 555 it
876 530 991 566 neque
1025 521 1073 557 ad
1105 526 1217 558 testa-

127 566 356 609 mentariam,
381 566 548 611 quoniam
571 566 666 601 hanc
689 576 762 601 non
785 566 1002 611 repudiavit,
1030 576 1147 613 neque
1170 566 1217 603 ad

125 611 329 656 legitimam,
353 611 521 656 quoniam
544 610 702 646 nondum
726 610 759 646 ei
781 609 900 646 fuerat
923 611 1054 647 delata.

176 653 225 694 18
250 655 410 692 PAULUs
437 655 529 691 libro
558 655 716 692 secundo
743 655 794 691 ad
815 654 990 692 Sabinum
1037 657 1072 693 Is
1096 660 1217 704 potest

125 701 325 746 repudiare,
352 701 413 746 qui
437 704 473 736 et
497 701 685 746 adquirere
706 703 838 746 potest.

175 744 225 784 19
259 746 368 782 IDEM
397 746 488 782 libro
521 746 821 793 quinquaqesimo
852 757 948 782 nono
980 746 1031 782 ad
1060 747 1213 783 edictum

125 792 193 837 Qui
209 791 443 827 hereditatem
454 791 552 826 adire
563 791 619 826 vel
630 791 808 826 bonorum
819 791 1081 837 possessionem
1093 796 1216 838 petere

124 837 229 879 volet,
255 840 374 872 certus
399 846 477 872 esse
501 836 607 872 debet
631 835 866 872 defunctum²
891 847 970 873 esse
992 840 1213 873 testatorem.

170 880 223 920 20
255 881 451 918 Urmzws
471 882 562 917 libro
585 882 814 935 sexaqesz'mo
831 882 955 929 primo
987 882 1038 918 ad
1059 883 1214 920 edictum

123 927 195 963 Pro
219 927 351 962 herede
372 937 495 972 gerere
518 927 658 962 videtur
680 937 730 969 is,
759 926 820 972 qui
843 926 977 972 aliquid
998 927 1089 964 facit
1112 927 1215 974 quasi

123 973 237 1008 heres.
273 976 308 1007 et
325 972 538 1018 generaliter
555 972 715 1007 Iulianus
735 972 861 1007 scribit
878 982 959 1008 eum
983 972 1125 1009 demum
1172 983 1213 1009 ro

122 1018 253 1053 herede
276 1027 409 1063 gerere,
434 1017 495 1062 qui
518 1017 652 1063 aliquid
675 1017 779 1063 quasi
800 1017 904 1053 heres
927 1018 1035 1071 gerit:
1059 1029 1126 1071 pro
1147 984 1212 1054 fle-

122 1063 207 1098 rede
231 1068 351 1098 autem
373 1072 496 1107 gerere
520 1073 592 1098 non
617 1073 694 1099 esse
716 1062 806 1098 facti
832 1073 940 1109 quam
971 1073 1098 1099 ammi:
1130 1074 1213 1099 nam

122 1109 192 1144 hoc
216 1108 335 1143 animo
360 1118 437 1143 esse
461 1107 586 1151 debet,
618 1111 658 1143 ut
685 1108 769 1144 velit
792 1118 869 1144 esse
891 1109 1006 1144 heres.
1056 1113 1213 1145 ceterum

121 1152 871 1245 ῗὲαῇώᾱεέῗξὲῗὲᾛὲἒῗῖἔὲ(ἕῆςρέἐεἙξῑῗ
894 1154 1214 1245 “arissam

121 1244 199 1280 iure
216 1226 398 1286 ⁷dominus,
423 1247 575 1289 apparet
592 1254 666 1280 non
687 1243 798 1279 videri
816 1226 887 1290 pro'
900 1244 1030 1280 herede
1048 1245 1211 1291 gessisse.

126 1293 139 1324 1
189 1289 240 1324 Et
255 1288 335 1325 ideo
353 1289 469 1324 solent
488 1289 612 1324 testari
626 1289 738 1332 liberi,
756 1289 816 1334 qui
833 1290 1026 1326 necessarii
1041 1290 1209 1333 existunt,

121 1345 195 1370 non
226 1334 343 1370 animo
376 1334 515 1369 heredis
546 1345 584 1370 se
614 1344 736 1379 gerere
767 1345 859 1380 quae
881 1338 1028 1381 gerunt,
1061 1335 1124 1371 sed
1148 1339 1212 1371 aut

119 1379 263 1424 pietatis
296 1382 359 1414 aut
390 1379 575 1415 custodiae
606 1389 717 1415 causa
748 1383 812 1415 aut
840 1391 906 1425 pro
931 1391 1008 1416 suo.
1058 1384 1099 1416 ut
1121 1385 1212 1427 puta

119 1428 260 1470 patrem
284 1424 444 1469 sepelivit
466 1424 521 1459 vel
544 1424 639 1460 iusta
663 1425 695 1460 ei
717 1424 822 1460 fecit:
854 1426 885 1461 si
917 1426 1034 1461 animo
1059 1426 1210 1469 heredis,

119 1480 184 1522 pro
218 1469 347 1505 herede
376 1469 503 1514 gessit:
542 1470 717 1506 enimvero
752 1471 783 1506 si
815 1470 959 1516 pietatis
995 1481 1107 1507 causa
1140 1472 1210 1508 hoc

118 1514 223 1556 tecit,
256 1524 329 1550 non
351 1514 491 1549 videtur
513 1525 578 1559 pro
602 1515 733 1551 herede
755 1516 915 1560 gessisse.
963 1526 1084 1553 servos
1107 1517 1209 1553 here-

120 1559 268 1595 ditarios
300 1559 422 1605 pavit⁴
453 1559 612 1595 iumenta
643 1563 707 1595 aut
737 1560 834 1605 pavit
864 1564 928 1596 aut
959 1560 1143 1596 distraxit:
1180 1560 1211 1596 si

119 1605 187 1640 hoc
203 1608 245 1640 ut
259 1605 375 1647 heres,
400 1605 510 1650 gessit
527 1616 592 1650 pro
610 1605 760 1640 herede:
786 1607 873 1640 aut⁵
893 1606 923 1641 si
944 1616 1017 1641 non
1036 1609 1077 1641 ut
1095 1606 1209 1647 heres,

118 1650 181 1686 sed
201 1653 241 1685 ut
261 1650 452 1692 custodiat,
478 1651 566 1685 aut⁶
588 1651 729 1696 putavit
747 1661 826 1693 sua,
851 1654 914 1686 aut
933 1651 1017 1686 dum
1037 1651 1211 1687 deliberat

119 1695 204 1740 quid
226 1695 333 1738 fecit,
359 1696 547 1731 consulens
572 1699 614 1731 ut
637 1696 759 1732 salvae
783 1696 855 1731 sint
877 1706 935 1732 res
959 1696 1209 1740 hereditariae,

119 1740 149 1776 si
172 1740 266 1777 forte
291 1741 322 1776 ei
346 1751 419 1776 non
465 1741 617 1777 lacuerit
646 1751 711 1786 pro
736 1741 865 1777 herede
886 1752 1027 1787 gerere,
1060 1746 1211 1788 apparet

119 1797 192 1821 non
215 1785 327 1821 videri
375 1796 415 1821 ro
439 1752 570 1821 {erede
593 1786 755 1831 gessisse.
790 1787 941 1832 proinde
964 1790 999 1822 et
1023 1787 1054 1823 si
1078 1787 1209 1823 fundos

61 1847 63 1850 >
118 1834 182 1866 aut
213 1831 319 1867 aedes
365 1831 484 1867 ocavit
514 1831 570 1867 vel
601 1831 702 1867 fu,s1t
732 1832 790 1867 vel
820 1832 851 1868 si
881 1832 967 1878 quid
998 1832 1096 1867 aliud
1124 1833 1210 1868 fecit

117 1886 189 1912 non
213 1876 283 1912 hoc
308 1877 446 1919 animo,
479 1877 582 1922 quasi
605 1887 671 1922 pro
696 1876 826 1913 herede
848 1880 1004 1922 gereret,
1037 1877 1101 1913 sed
1126 1878 1209 1913 dum

117 1922 169 1965 ei,
201 1922 263 1967 qui
295 1922 512 1958 substitutus
540 1925 595 1957 est
617 1922 672 1958 vel
696 1922 741 1957 ab
766 1922 935 1958 intestato
960 1923 1063 1958 heres
1089 1927 1208 1959 exsta-

119 1970 230 2010 turus,
255 1967 441 2013 prospicit,
468 1971 532 2003 aut
554 1977 611 2003 res
636 1971 797 2013 tempore
818 1968 997 2013 perituras
1022 1968 1207 2004 distraxit:

115 2012 152 2048 in
178 2022 221 2048 ea
245 2022 356 2048 causa
387 2016 460 2055 est,
492 2016 533 2048 ut
566 2023 630 2058 pro
662 2013 791 2048 herede
820 2024 892 2049 non
922 2013 1090 2059 gesserit,
1125 2014 1210 2060 quia

116 2061 135 2092 2
183 2068 257 2093 ιιοιι
280 2058 350 2093 hoc
374 2057 491 2093 animo
515 2058 634 2094 fuerit.
672 2057 710 2093 Si
733 2058 818 2104 quid
841 2062 962 2095 tamen
982 2059 1084 2104 quasi
1103 2059 1207 2096 heres

115 2103 215 2148 petit,
239 2102 304 2138 sed
329 2113 373 2139 ex
396 2102 470 2145 his,
505 2113 597 2149 quae
629 2103 676 2139 ad
704 2103 872 2139 heredem
903 2107 1110 2140 extraneum
1135 2116 1208 2141 non

115 2151 326 2191 transeunt,
350 2147 550 2190 videamus,
583 2158 630 2183 an
655 2149 823 2184 oneribus
847 2159 887 2185 se
909 2149 1120 2186 immerserit
1143 2151 1206 2186 he-

116 2193 303 2229 reditariis.
352 2196 394 2229 ut
424 2198 513 2239 puta
544 2204 566 2229 a
597 2194 723 2230 liberto
755 2195 916 2240 parentis
944 2205 1073 2240 operas
1097 2195 1205 2241 petit:

114 2239 180 2274 has
211 2238 315 2274 heres
347 2242 537 2275 extraneus
568 2242 690 2285 petere
720 2250 794 2275 non
824 2240 962 2285 potuit,
998 2240 1057 2276 hic
1087 2244 1207 2277 tamen

114 2283 267 2329 petendo
293 2284 465 2330 consequi
488 2288 618 2330 potest.
657 2288 692 2320 et
716 2288 859 2321 constat
880 2295 947 2331 pro
971 2285 1103 2322 herede
1127 2296 1206 2322 eum

115 2339 187 2364 non
210 2329 380 2374 gessisse,
411 2340 493 2365 cum
517 2330 640 2375 petitio
666 2340 789 2366 earum
814 2330 922 2366 etiam
946 2331 1206 2367 creditoribus⁷

115 2377 135 2410 3
183 2377 363 2420 competat
396 2377 431 2410 et
461 2375 614 2410 maxime
644 2374 856 2411 futurarum.
905 2376 976 2412 Sed
1008 2379 1044 2412 et
1100 2377 1138 2412 ui
1168 2377 1206 2412 in

115 2419 343 2464 sepulchrum
378 2419 632 2455 hereditarium
665 2424 845 2456 mortuum
875 2421 1016 2465 intulit,
1056 2432 1076 2458 o
1104 2421 1206 2467 ligari

114 2464 272 2510 paternis
297 2464 531 2500 creditoribus
555 2475 627 2501 non
652 2469 708 2501 est
733 2466 1008 2509 existimandus,
1032 2471 1074 2502 ut
1097 2467 1205 2512 Papi·

114 2509 241 2545 nianus
266 2510 335 2545 ait:
370 2520 462 2555 quae
486 2510 663 2546 sententia
686 2511 876 2547 humanior
899 2515 964 2554 est,
989 2512 1074 2547 licet
1096 2513 1204 2547 Iulia-

115 2557 136 2589 4
183 2566 249 2590 nus
282 2558 409 2601 contra
440 2555 631 2601 scripserit.
685 2555 906 2601 Papinianus
938 2557 1064 2592 scribit
1094 2557 1205 2592 filium

114 2599 279 2636 heredem
308 2600 510 2636 institutum
542 2601 602 2646 qui
634 2611 673 2636 se
704 2601 809 2637 bonis
840 2601 998 2646 paternis
1030 2602 1206 2638 abstinuit

115 2645 214 2690 volgo
247 2649 376 2691 putare
407 2646 598 2691 quosdam,
639 2646 670 2681 si
709 2656 731 2681 a
767 2647 978 2682 statulibero
1014 2648 1205 2693 pecuniam

115 2690 275 2735 accepit,
312 2701 334 2726 a
369 2691 604 2727 creditoribus
637 2691 932 2734 conveniendum,
967 2692 1041 2728 sive
1070 2693 1205 2728 nummi

116 2736 315 2780 peculiares
339 2735 472 2772 fuerint
495 2737 568 2772 sive
592 2747 664 2772 non
687 2736 839 2779 fuerint,
867 2737 952 2789 quia
976 2747 1020 2773 ex
1044 2737 1205 2773 defuncti

116 2781 300 2816 voluntate
320 2781 504 2827 accipitur,
525 2781 621 2827 quod
642 2781 861 2818 condicionis
876 2782 1078 2828 implendae
1095 2793 1206 2818 causa

118 2825 233 2861 datur.
288 2827 448 2862 Iulianus
484 2831 603 2862 autem
639 2831 675 2862 et
708 2827 739 2863 si
772 2838 845 2863 non
880 2827 1072 2871 abstinuit,
1111 2828 1205 2864 idem

117 2871 341 2907 existimavit.
388 2872 440 2907 ita
472 2872 612 2908 demum
647 2875 766 2908 autem
797 2883 862 2918 pro
895 2873 1025 2908 herede
1052 2873 1206 2918 gessisse

116 2915 166 2950 ait
182 2916 413 2962 Papinianus,
438 2917 469 2953 si
492 2918 589 2953 solus
614 2917 716 2953 heres
737 2918 801 2953 sit:
828 2922 986 2954 ceterum
1006 2918 1037 2954 si
1057 2919 1203 2955 cohere-

116 2961 194 2996 dem
218 2962 351 2997 habeat
375 2966 411 2998 et
435 2962 581 2998 coheres
607 2963 712 3004 adiit,
745 2974 817 2998 non
841 2967 895 2999 est
919 2963 1117 3009 cogendus,
1149 2964 1203 2999 in·

117 3006 202 3051 quit,
226 3007 256 3042 is
281 3007 342 3052 qui
366 3008 507 3053 accepit
530 3018 553 3043 a
577 3008 786 3044 statulibero
808 3009 967 3044 actiones
988 3008 1204 3044 creditorum

116 3051 315 3097 suscipere:
347 3063 430 3088 nam
455 3064 536 3088 cum
561 3063 599 3088 se
621 3053 716 3089 filius
740 3054 913 3096 abstinet,
946 3054 1038 3090 idem
1062 3054 1205 3090 debebit

117 3097 286 3141 consequi
307 3097 385 3133 iure
408 3098 600 3143 praetorio,
649 3098 722 3134 uod
745 3099 882 3134 emanci
909 3103 990 3135 atus
1015 3109 1123 3135 conse
1149 3099 1203 3134 ui-

115 3143 175 3176 tur
199 3142 258 3186 qui
280 3142 514 3178 hereditatem
537 3153 625 3188 repu
653 3143 753 3179 'avit:
786 3155 855 3189 quo
903 3147 984 3180 acto
1017 3145 1140 3180 statuli
1167 3155 1205 3180 er

116 3185 189 3221 filio
213 3187 419 3223 nominatim
468 3188 631 3223 ecuniam
655 3188 741 3224 dare
764 3189 882 3225 iussus
906 3190 1107 3235 potuisset⁸
1131 3201 1203 3225 non

116 3229 238 3265 heredi
268 3231 385 3268 dando
415 3199 465 3268 aff
493 3233 693 3269 libertatem
724 3234 918 3279 pervenire.
965 3235 1087 3281 itaque
1116 3237 1203 3270 tunc

117 3285 182 3319 pro
206 3275 336 3327 herede
360 3278 433 3322 geri
457 3277 646 3314 dicendum
670 3289 747 3314 esse
776 3279 845 3321 ait,
878 3280 1040 3325 quotiens
1071 3280 1204 3326 accipit

117 3319 214 3364 quod
235 3324 324 3355 citra
342 3332 471 3358 nomen
492 3326 528 3359 et
546 3323 601 3359 ius
620 3323 758 3359 heredis
778 3324 942 3369 accipere
961 3336 1033 3361 non
1049 3329 1204 3371 poterat.

117 3367 136 3398 5
167 3363 225 3416 ‚Si
246 3366 426 3417 sepulchri
449 3368 571 3403 violati
590 3368 684 3404 filius
707 3372 788 3414 aget
807 3370 966 3414 quamvis
985 3370 1203 3413 hereditarii,

118 3419 202 3461 qma
233 3409 320 3445 nih1l
350 3421 395 3446 ex
425 3411 527 3448 bonis
558 3414 670 3458 patris
696 3414 809 3459 capit,
842 3425 914 3450 non
938 3415 1077 3451 videtur
1100 3415 1202 3451 bonis

117 3463 320 3507 inmiscere:
362 3455 451 3491 haec
490 3457 582 3492 enim
622 3459 716 3494 actio
755 3464 907 3504 poenam
941 3463 977 3496 et
1011 3460 1203 3496 vindictam

117 3508 224 3542 quam
249 3509 300 3534 rer
322 3501 603 3545 persecutionem
627 3503 794 3539 continet.

119 3614 157 3652 (ι)
183 3615 292 3645 certus
303 3625 364 3646 scr.
468 3614 511 3655 (2)
537 3614 713 3649 defunctus
726 3618 762 3651 F
854 3620 898 3659 (3)
923 3628 990 3650 non
1004 3619 1102 3660 quasi
1114 3619 1196 3653 Hal.

120 3659 162 3696 (4)
186 3657 292 3700 pavit]
306 3660 363 3690 aut
374 3670 435 3690 scr.
495 3659 538 3699 (5)
557 3661 593 3691 at
606 3660 685 3694 Hal.
745 3664 788 3702 (6)
805 3662 894 3704 quod
910 3663 972 3697 ins.
1030 3666 1073 3704 (7)
1096 3664 1195 3696 etiam

119 3699 235 3734 liberis
255 3705 423 3743 tamquam
441 3702 662 3737 creditoribus
681 3718 743 3740 scr.
880 3709 924 3748 (s)
950 3709 1061 3750 potuit
1081 3711 1114 3741 et
1132 3721 1194 3742 scr.

1210 80 1288 128 401

2108 87 2322 131 XXVIIII
2352 90 2378 131 2

1331 202 1383 242 21
1411 203 1519 241 Imm
1546 205 1637 242 libro
1670 207 1821 253 septimo
1853 207 1903 243 ad
1925 207 2099 245 Sabinum
2146 208 2184 246 Si
2212 210 2292 256 quis
2317 221 2378 247 ex-

1284 252 1434 286 traneus
1464 260 1541 286 rem
1570 250 1822 287 hereditariam
1857 254 1959 298 quasi
1994 254 2195 300 subripiens
2229 256 2284 291 vel
2317 267 2377 292 ex-

1284 295 1403 341 pilans
1433 298 1550 338 tenet,
1584 306 1656 332 non
1683 307 1750 342 pro
1774 297 1904 333 herede
1927 299 2035 343 gerit:
2069 310 2152 336 nam
2184 300 2378 337 admissum

1289 344 1304 376 1
1353 341 1572 377 contrariam
1594 341 1815 377 voluntatem
1839 342 2007 378 declarat.
2050 344 2233 382 Interdum
2256 351 2377 382 autem

1285 385 1425 421 animus
1457 386 1555 421 solus
1587 395 1667 422 eum
1696 387 1893 432 obstringet
1916 388 2122 433 hereditati,
2154 394 2196 426 ut
2251 395 2315 427 uta
2346 393 2377 428 si

1287 435 1305 465 2
1352 441 1392 466 re
1416 441 1489 466 non
1511 431 1729 467 hereditaria
1756 433 1859 477 quasi
1882 433 1985 469 heres
2008 445 2096 470 usus
2120 436 2177 471 sit.
2253 437 2296 473 ed
2326 437 2378 473 ita

1286 475 1427 512 demum
1450 486 1516 521 pro
1540 476 1671 512 herede
1692 477 1847 522 gerendo
1873 477 2036 523 adquiret
2058 480 2313 525 hereditatem,
2346 483 2377 519 si

1284 521 1356 556 iam
1386 521 1435 557 sit
1465 520 1499 556 ei
1532 521 1669 557 delata:
1704 525 1861 558 ceterum
1893 533 1937 558 ex
1968 524 2096 569 quibus
2129 527 2246 563 causis
2269 538 2375 574 repu-

1285 565 1442 601 diantem
1472 566 1560 602 nihil
1594 577 1699 612 agere
1731 567 1903 611 diximus,
1940 578 1984 604 ex
2013 569 2126 606 isdem
2159 572 2277 608 causis
2309 583 2377 609 nec

1283 621 1350 656 pro
1374 611 1506 647 herede
1527 612 1682 657 gerendo
1707 613 1899 659 quicquam
1922 616 2062 659 agere&
2094 617 2278 654 sciendum
2310 622 2375 655 est.

1285 659 1305 691 3
1352 655 1391 692 Si
1425 656 1505 702 quis
1562 661 1676 693 artem
1709 668 1754 693 ex
1785 669 1857 711 qua
1887 659 2073 696 institutus
2106 666 2159 697 est
2189 662 2375 708 ignoravit,

1283 700 1443 737 Iulianus
1474 711 1544 737 scri
1570 702 1623 737 it⁹
1656 703 1743 738 nihil
1774 714 1806 739 e1
1829 714 1975 748 nocere,
2009 707 2195 751 quominus
2220 719 2285 754 pro
2310 710 2374 745 he-

1282 746 1368 782 rede
1398 751 1537 791 gereret
1549 749 1587 783 ¹⁰.
1636 748 1733 794 quod
1764 753 1800 784 et
1824 749 1969 786 Cassius
2002 751 2152 796 probat,
2187 753 2217 788 si
2251 754 2376 790 condi-

1284 791 1440 834 cionem,
1473 792 1543 828 sub
1577 803 1647 838 qua
1677 794 1780 830 heres
1810 795 1995 831 institutus
2023 800 2096 839 est,
2129 808 2202 833 non
2224 798 2376 844 ignorat,

1283 836 1314 872 si
1344 840 1464 872 tamen
1497 838 1631 873 exstitit
1663 839 1845 882 condicio,
1879 841 1947 877 sub
1972 851 2044 886 qua
2067 842 2284 880 substitutus
2309 848 2373 880 est.

1282 881 1369 928 quid
1397 886 1518 935 tamen
1550 883 1580 918 si
1610 884 1752 929 ignorat
1783 885 2029 922 condicionem
2053 888 2257 924 exstitisse?
2287 893 2375 935 puto

1280 937 1388 972 posse
1420 927 1520 963 adire
1550 928 1802 974 hereditatem,
1835 932 2132 977 quemadmodum
2164 934 2194 968 si
2223 934 2373 979 ignoret,

1281 982 1329 1025 an
1340 972 1550 1053 ἕείὶιῗτθᾴἰε,
1576 974 1634 1009 cui
1657 975 1874 1013 substitutus
1899 981 1964 1020 est,
1988 978 2237 1023 repudiatione
2256 980 2375 1025 portio

1283 1027 1316 1053 ei
1365 1028 1384 1053 e
1398 1028 1420 1053 a
1437 1029 1460 1054 a
1483 1023 1538 1055 sit.

1329 1060 1383 1100 22
1408 1063 1568 1099 Panes
1587 1064 1678 1100 libro
1701 1066 1860 1102 secundo
1884 1067 1935 1103 ad
1957 1067 2131 1105 Sabinum
2180 1068 2218 1105 Si
2246 1069 2296 1113 is,
2330 1070 2377 1106 ad

1282 1118 1387 1154 quem
1405 1108 1563 1154 legitima
1582 1109 1761 1146 hereditas
1780 1112 1946 1157 pertinet,
1970 1113 2150 1158 putaverit
2167 1114 2377 1151 defunctum

1282 1164 1422 1190 servum
1447 1165 1551 1189 suum
1575 1165 1653 1191 esse
1677 1159 1713 1191 et
1738 1157 1841 1202 quasi
1863 1158 2044 1203 peculium
2068 1159 2144 1195 eius
2168 1164 2297 1196 nactus
2317 1160 2375 1204 sit,

1281 1199 1402 1244 placet
1425 1210 1507 1252 non·
1521 1200 1673 1246 obligari
1697 1211 1778 1237 eum
1800 1202 2001 1239 hereditati.
2048 1203 2143 1240 idem
2171 1215 2254 1250 ergo
2280 1205 2375 1242 dice-

1281 1255 1378 1288 mus,
1410 1248 1452 1280 ut
1475 1248 1526 1280 ait
1548 1245 1788 1291 Pomponius,
1818 1248 1850 1283 si
1874 1249 1977 1294 quasi
2001 1249 2157 1286 libertini
2186 1251 2261 1294 sui,
2294 1262 2376 1287 cum

1280 1290 1454 1335 ingenuus
1467 1292 1494 1312 ¹¹
1519 1295 1632 1334 esset,
1658 1291 1755 1327 bona
1779 1293 1854 1328 eius
1878 1295 2079 1340 occupavit.
2127 1306 2212 1331 nam
2232 1299 2273 1332 ut
2295 1297 2374 1342 quis

1280 1346 1346 1416 gro
1380 1335 1510 1371 herede
1537 1336 1691 1381 gerendo
1729 1338 1867 1374 obstrin
1891 1343 1929 1374 at
1964 1350 2004 1376 se
2034 1340 2243 1384 hereditati,
2283 1342 2376 1378 scire

1307 1381 1406 1424 ebet,
1467 1391 1513 1416 ua
1549 1391 1593 1417 ex
1628 1392 1740 1418 causa
1773 1383 1859 1419 here
1885 1385 1954 1420 itas
1986 1385 2033 1420 ad
2066 1396 2146 1422 eum
2177 1387 2374 1432 pertineat:

1280 1426 1390 1461 veluti
1421 1437 1443 1462 a
1490 1430 1596 1462 natus
1629 1429 1813 1473 proximus
1844 1430 1940 1466 iusto
1972 1434 2186 1467 testamento
2217 1432 2374 1486 scriptus

1279 1472 1402 1514 heres,
1445 1475 1638 1517 antequam
1670 1473 1816 1509 tabulae
1847 1475 2097 1520 proferantur,
2138 1487 2219 1513 cum
2254 1478 2372 1514 exlsti-

1279 1521 1394 1568 maret
1424 1517 1596 1553 intestato
1627 1523 1767 1563 patrem
1795 1519 1950 1557 familias
1981 1525 2181 1565 mortuum,
2214 1523 2374 1568 quamvis

1282 1571 1402 1596 omnia
1424 1571 1491 1606 pro
1516 1563 1658 1597 domino
1683 1563 1821 1608 fecerit,
1846 1566 1948 1602 heres
1973 1570 2093 1603 tamen
2116 1578 2190 1603 non
2214 1568 2291 1604 erit.
2339 1571 2376 1604 et

1279 1606 1372 1642 idem
1404 1606 1493 1641 iuris
1526 1607 1609 1649 erit,
1643 1607 1674 1642 si
1687 1608 1714 1628 ¹²
1745 1619 1818 1644 non
1850 1610 1945 1646 iusto
1976 1616 2190 1649 testamento
2215 1613 2372 1660 scriptus

1279 1651 1382 1687 heres
1415 1651 1564 1696 prolatis
1595 1652 1746 1695 tabulis,
1784 1663 1865 1690 cum
1896 1657 2084 1700 putaret¹³
2113 1657 2248 1693 iustum
2283 1668 2373 1702 esse,

1253 1719 1257 1722 ⁴
1280 1697 1439 1742 quamvis
1471 1697 1591 1732 omnia
1620 1708 1686 1742 pro
1713 1698 1856 1735 domino
1881 1700 2200 1745 administraverit,
2232 1702 2373 1739 heredi-

1279 1746 1390 1777 tatem
1413 1745 1534 1777 tamen
1557 1753 1630 1778 non
1654 1742 1829 1788 adquiret.

1325 1785 1377 1825 23
1403 1786 1634 1823 POMPONIUS
1654 1788 1746 1824 libro
1771 1791 1876 1826 tertio
1900 1791 1950 1826 ad
1972 1790 2147 1828 Sabinum
2193 1793 2236 1828 In
2265 1803 2371 1839 repu-

1280 1832 1412 1868 dianda
1434 1832 1633 1868 hereditate
1655 1833 1711 1869 vel
1734 1834 1852 1880 legato
1877 1839 1995 1872 certus
2016 1846 2093 1873 esse
2114 1837 2221 1874 debet
2240 1837 2285 1874 de
2305 1849 2371 1875 suo

1276 1878 1354 1913 iure
1377 1878 1407 1914 is
1433 1878 1494 1922 qui
1516 1878 1693 1924 repudiat.

1324 1921 1378 1960 24
1421 1923 1617 1959 ULPIANUS
1652 1924 1744 1961 libro
1781 1927 1933 1973 septimo
1973 1926 2023 1962 ad
2052 1926 2227 1964 Sabinum
2286 1929 2372 1974 Fuit

1277 1968 1507 2021 quaestionis,
1533 1979 1580 2004 an
1603 1980 1669 2015 pro
1692 1969 1825 2007 herede
1847 1981 1970 2016 gerere
1992 1972 2171 2016 videatur,
2204 1974 2266 2020 qui
2289 1985 2369 2020 pre-

1277 2018 1366 2049 tium
1389 2014 1596 2063 hereditatis
1620 2014 1837 2052 omittendae
1861 2027 1972 2053 causa
1997 2018 2114 2064 capit,
2147 2022 2183 2054 et
2215 2019 2372 2065 optinuit

1275 2059 1373 2095 hunc
1393 2070 1458 2105 pro
1480 2059 1612 2096 herede
1634 2060 1777 2106 quidem
1796 2072 1870 2098 non
1887 2072 2021 2107 gerere,
2047 2063 2108 2109 qui
2122 2063 2202 2100 ideo
2219 2065 2371 2111 accepit,

1276 2115 1321 2140 ne
1353 2105 1458 2140 heres
1490 2105 1554 2148 sit,
1586 2105 1625 2140 in
1656 2106 1810 2142 edictum
1841 2111 1963 2143 tamen
1993 2109 2170 2154 praetoris
2202 2110 2368 2146 incidere.

1275 2150 1349 2186 sive
1379 2150 1487 2196 igitur
1518 2160 1541 2185 a
1571 2151 1767 2187 substituto
1800 2163 1872 2188 non
1886 2153 1914 2174 ¹⁴
1945 2153 2048 2190 heres
2079 2154 2220 2201 accepit
2251 2155 2325 2191 sive
2348 2165 2371 2191 a

1275 2195 1451 2248 legitimo,
1488 2196 1612 2231 mortis
1644 2207 1756 2232 causa
1787 2198 1971 2244 accepisse
2003 2198 2151 2235 videtur.
2206 2199 2371 2253 idemque

1277 2245 1344 2276 er1t
1368 2244 1404 2276 et
1427 2240 1458 2276 si
1481 2251 1555 2276 non
1579 2242 1738 2287 accepit,
1771 2243 1835 2278 sed
1866 2244 2043 2289 promissa
2066 2245 2113 2280 sit
2137 2245 2169 2281 ei
2193 2255 2365 2291 pecuma:

1277 2296 1359 2321 nam
1384 2289 1420 2321 et
1443 2286 1647 2331 stipulando
1673 2288 1797 2323 mortis
1823 2299 1933 2324 causa
1957 2289 2065 2335 capit.

1322 2329 1374 2368 25
1399 2330 1507 2366 IDEM
1535 2331 1627 2367 libro
1659 2335 1785 2368 octavo
1818 2335 1868 2368 ad
1890 2332 2065 2370 Sabinum
2113 2334 2151 2370 Si
2179 2335 2258 2380 quis
2283 2335 2370 2371 mihi

1275 2377 1371 2412 bona
1393 2376 1464 2412 fide
1488 2376 1619 2412 serviat
1634 2378 1662 2398 ¹⁵
1694 2387 1817 2413 servus
1849 2378 2006 2422 alienus,
2037 2380 2138 2415 iussu
2162 2390 2240 2416 meo
2266 2379 2368 2416 here-

1275 2421 1424 2458 ditatem
1448 2421 1611 2457 adeundo
1637 2422 1724 2458 nihil
1747 2424 1968 2469 promovebit
1991 2435 2058 2460 nec
2082 2424 2246 2470 adquiret
2269 2426 2367 2468 mihi,

1279 2470 1292 2502 1
1342 2477 1409 2502 nec
1440 2466 1661 2503 fructuarius
1717 2468 1834 2504 uidem
1866 2479 1988 2505 servus
2003 2471 2040 2504 ¹⁶.
2089 2469 2218 2506 Servus
2250 2471 2365 2506 muni-

1275 2513 1395 2558 cipum
1418 2513 1472 2548 vel
1497 2512 1632 2558 collegii
1651 2522 1693 2548 ve
1724 2513 1891 2549 decuriae
1910 2514 2012 2550 heres
2032 2514 2218 2551 institutus
2241 2526 2366 2551 manu-

1275 2560 1294 2592 2
1342 2558 1470 2593 missus
1502 2558 1558 2593 vel
1589 2558 1764 2593 alienatus
1796 2559 1909 2594 adibit
1932 2559 2175 2596 hereditatem.
2224 2560 2263 2596 Si
2286 2561 2366 2597 fisci

1274 2613 1396 2638 servus
1414 2603 1470 2645 sit,
1490 2602 1592 2638 iussu
1607 2604 1852 2648 procuratoris
1872 2604 2034 2640 Caesaris
2054 2605 2168 2641 adibit
2187 2606 2366 2642 heredita·

1275 2651 1294 2683 3
1342 2652 1425 2691 tem,
1445 2652 1487 2683 ut
1504 2652 1558 2683 est
1577 2658 1685 2694 saepe
1699 2649 1921 2694 rescriptum.
1959 2650 1997 2685 Si
2017 2650 2095 2696 quis
2139 2650 2223 2687 lane
2243 2661 2367 2688 servus

1273 2703 1412 2745 poenae
1442 2693 1552 2728 fuerit
1583 2693 1730 2729 effectus
1755 2694 1802 2729 ad
1847 2694 1980 2730 ladium
2003 2695 2059 2731 vel
2082 2706 2104 2731 a
2152 2696 2286 2732 bestias
2311 2697 2366 2733 vel

1273 2749 1311 2773 ιιι
1334 2738 1515 2774 metallum
1540 2738 1741 2781 damnatus,
1767 2739 1798 2774 si
1838 2740 1930 2775 uerit
1951 2740 2054 2776 heres
2077 2741 2275 2785 institutus,
2299 2753 2365 2787 pro

1274 2794 1346 2818 non
1362 2784 1495 2829 scripto
1512 2783 1581 2819 hoc
1597 2784 1807 2819 habebitur:
1829 2784 1937 2831 idque
1953 2785 2054 2822 divus
2065 2786 2152 2822 Pius
2168 2787 2363 2833 rescripsit.

1273 2832 1294 2863 4
1340 2829 1482 2864 Iussum
1506 2829 1581 2864 eius
1606 2829 1666 2881 qui
1690 2829 1726 2864 in
1750 2833 1929 2874 potestate
1952 2831 2064 2867 habet
2084 2842 2157 2867 non
2178 2835 2233 2868 est
2251 2832 2365 2868 simile

1273 2873 1402 2909 tutoris
1422 2874 1642 2916 auctoritatl,
1663 2884 1755 2919 quae
1773 2875 2013 2920 interponitur
2028 2876 2189 2923 perfecto
2210 2878 2362 2922 negotio,

1273 2919 1335 2954 sed
1359 2919 1574 2964 praecedere
1598 2919 1714 2962 debet,
1740 2924 1780 2955 ut
1796 2919 1908 2956 Gaius
1928 2920 2073 2958 Cassius
2091 2922 2183 2958 libro
2204 2923 2363 2958 secundo

1273 2964 1358 2999 iuris
1392 2964 1502 2999 civilis
1534 2964 1675 2999 scribit:
1717 2968 1753 3000 et
1782 2969 1888 3018 putat
1922 2967 1979 3002 vel
2009 2977 2075 3013 per
2104 2967 2363 3003 internuntium

1273 3013 1291 3043 5
1341 3009 1418 3044 fieri
1441 3019 1547 3054 posse
1569 3008 1624 3044 vel
1648 3019 1712 3055 per
1736 3010 1935 3055 ep1stulam.
1978 3011 2049 3048 Sed
2072 3016 2192 3048 utrum
2215 3023 2361 3057 genera-

1272 3054 1353 3089 liter
1388 3057 1644 3099 ‘quaecumque
1677 3055 1743 3090 tibi
1777 3055 1958 3092 hereditas
1992 3057 2100 3093 fuerit
2131 3057 2273 3099 delata',
2315 3067 2362 3092 an

1273 3099 1500 3144 specialiter?
1540 3103 1575 3135 et
1598 3100 1708 3145 magis
1757 3100 1868 3144 lacet,
1901 3105 1942 3137 ut
1966 3102 2078 3138 Gaius
2104 3102 2248 3138 Cassius
2273 3102 2360 3136 scri-

1274 3147 1293 3179 6
1340 3144 1393 3179 bit
1406 3145 1443 3186 ¹⁷,
1467 3145 1670 3190 specialiter
1693 3145 1736 3181 de
1762 3155 1822 3182 ere
1845 3147 2024 3183 mandare.
2072 3148 2129 3182 An
2154 3147 2360 3182 nominatim

1273 3189 1317 3224 de
1339 3189 1408 3225 vivi
1430 3189 1628 3225 hereditate
1651 3190 1812 3226 mandari
1858 3193 1957 3233 ossit,
2007 3193 2182 3228 uaeritur:
2209 3191 2272 3227 sed
2295 3202 2358 3236 ego

1273 3244 1344 3270 non
1367 3237 1454 3280 puto
1478 3235 1739 3280 recipiendum,
1771 3240 1812 3271 ut
1861 3247 1880 3273 e
1903 3238 1970 3273 vivi
2020 3238 2189 3273 ereditate
2213 3236 2358 3271 mande-

1272 3283 1339 3315 tur.
1387 3280 1494 3325 plane
1525 3281 1556 3315 si
1582 3291 1703 3317 rumor
1725 3280 1794 3316 fuit
1817 3282 1970 3318 Lucium
1994 3283 2127 3317 Titium
2152 3282 2358 3323 decessisse,

1271 3324 1403 3370 poterit
1426 3325 1458 3360 ei
1482 3325 1668 3369 mandare,
1693 3329 1749 3369 ut,
1782 3327 1813 3362 si
1836 3328 1980 3372 scripsit
2008 3338 2104 3368 eum,
2138 3326 2261 3361 adeat:
2295 3329 2359 3360 aut

1272 3369 1302 3405 si
1338 3370 1460 3405 clusae
1494 3370 1612 3406 adhuc
1642 3371 1787 3407 tabulae
1819 3376 1902 3407 sunt
1936 3376 1971 3407 et
2002 3372 2048 3407 sit
2078 3372 2270 3412 incertum,
2310 3380 2358 3406 an

1271 3419 1290 3450 7
1339 3414 1434 3450 filius
1464 3415 1620 3461 scriptus
1649 3416 1696 3451 sit
1726 3416 1839 3452 heres.
1889 3417 1959 3452 Sed
1991 3416 2075 3462 quid
2106 3416 2136 3451 si
2164 3415 2357 3458 mandavit,

1271 3463 1312 3495 ut
1345 3460 1578 3497 hereditatem
1612 3461 1774 3506 colligat,
1813 3472 1860 3497 an
1894 3462 2034 3497 videtur
2067 3460 2273 3502 mandasse,
2317 3463 2357 3495 ut

1271 3505 1402 3541 adeat?
1433 3505 1518 3551 quid
1543 3506 1574 3541 si
1597 3510 1638 3542 ut
1660 3510 1760 3551 petat
1784 3507 1958 3542 bonorum
1977 3506 2262 3551 possessionem?
2293 3508 2357 3540 aut

1266 3619 1324 3660 (8¹)
1337 3628 1451 3660 ageres
1460 3618 1514 3651 F²
1546 3621 1588 3660 (οι
1603 3620 1741 3662 scripsit
1751 3618 1802 3652 F2
1832 3620 1890 3660 (ιο)
1903 3620 1998 3660 gerat
2007 3619 2040 3651 F
2045 3618 2059 3638 ²
2090 3620 2144 3659 (11)
2159 3619 2317 3660 isgenuus
2329 3618 2363 3652 F

1266 3664 1325 3704 (12)
1343 3663 1429 3695 idem
1442 3664 1528 3696 iuris
1542 3665 1606 3696 erit
1617 3665 1647 3697 si
1660 3666 1721 3698 del.
1770 3664 1829 3705 (1³)
1850 3666 1979 3707 pateret
1991 3663 2025 3696 F
2064 3663 2124 3705 (14)
2144 3673 2210 3696 ιιοιι
2224 3663 2288 3698 del.
2305 3661 2354 3696 F»

1266 3709 1326 3749 (15)
1347 3708 1490 3742 sorvita:
1504 3710 1540 3742 F
1608 3711 1667 3750 (ιῦ)
1692 3719 1804 3741 servus
1818 3709 1879 3741 del.
1894 3708 1946 3740 F²

2027 3710 2083 3749 (17)
2109 3706 2243 3750 scripsit
2255 3707 2307 3740 ΙΝ

2037 3765 2078 3798 51
