2528 3918
203 121 443 173 xxxvli

204 251 407 288 ‘intestatus
430 260 510 286 esse
538 260 612 286 non
634 249 768 295 possit,
797 249 943 286 Hermia
971 248 1177 294 postulante
1203 247 1292 283 mihi

204 296 274 332 ‘id¹
297 295 498 331 Euarestus
523 294 787 340 compellendus
811 299 866 331 est
887 294 1070 339 periculo²
1092 294 1169 329 eius
1191 292 1292 329 adire

203 344 253 377 ‘et
275 350 321 376 ex
344 350 455 376 causa
476 339 742 376 fideicommissi
763 339 996 375 hereditaoem
1018 338 1232 374 restituere'.

253 383 304 423 18
329 383 411 428 (17)
435 384 542 420 loru
561 384 652 421 libro
675 385 833 421 secundo
854 384 1210 429 fideicommissorum
1233 382 1292 418 Ex

205 430 303 467 facto
326 434 521 466 tractatum
552 433 626 472 est,
661 439 709 465 an
737 439 803 475 per
829 428 1141 464 fideicommissum
1171 427 1292 473 rogari

205 474 515 565 gfflessiffl‘
534 474 889 565 ffisffiuguzzgffi
898 473 1291 563 sf³3¹t²211q⁰15e132⁶¹1¹222¹33

204 565 285 600 dem
309 564 430 608 faciat,
454 531 533 600 nori
550 574 672 610 posse:
696 575 819 599 verum
835 545 946 598 videri
962 573 1027 608 per
1049 562 1119 598 hoc
1133 572 1291 607 rogasse,

205 614 247 644 ut
269 609 502 645 hereditatem
525 619 626 645 suam
650 609 683 645 ei
706 609 890 651 restituat,
914 607 952 643 id
975 611 1031 643 est
1054 606 1226 659 quidquid
1248 617 1293 642 ex

210 658 220 688 1
268 654 467 689 hereditate
481 664 548 690 sua
564 658 778 690 consecutus
795 658 849 688 est
873 656 913 687 ut
937 652 968 687 ei
991 656 1207 688 restitueret.
1232 652 1291 686 Iu-

204 699 346 734 lianus⁴
369 709 511 744 quoque
533 699 626 735 libro
642 698 937 743 quadragensimo
956 697 1175 742 digestorum
1192 696 1293 731 fidei-

205 744 434 779 commissum
456 744 528 779 tale
551 744 670 779 valere
692 744 761 778 ait:
799 742 891 778 ‘fidei
915 747 1000 778 tuae
1024 742 1221 784 committo,
1254 745 1295 776 ut

205 788 438 824 hereditatem
462 788 547 824 Titii
571 788 762 831 restituas’,
787 798 869 823 cum
891 792 987 823 esset
1007 787 1039 822 is
1064 787 1125 831 qui
1149 790 1294 831 rogatus

205 836 225 868 2
273 838 328 869 est
351 844 374 869 a
396 833 493 869 Titio
515 834 620 869 heres
643 833 840 868 institutus.
887 832 971 867 Non
1000 836 1140 867 tantum
1172 835 1292 866 autem

206 879 237 913 si
259 878 427 914 heredem
473 889 554 914 uem
577 878 777 924 scripsero,
808 881 934 922 potero
958 887 1102 922 rogare,
1128 880 1169 911 ut
1191 876 1294 911 here-

206 924 285 958 dem
308 923 421 959 faciat
442 889 612 977 «gitium,
643 933 766 959 verum
789 923 896 958 etiam
927 922 957 958 si
987 923 1142 967 legatum
1165 921 1216 956 illi
1240 921 1295 956 vel

205 968 292 1013 quid
314 967 413 1004 aliud
444 969 640 1021 rehquero:
676 978 760 1003 nam
793 967 968 1003 hactenus
999 971 1105 1003 erunt
1136 966 1294 1011 obligati,

206 1017 226 1048 3
275 1017 452 1059 quatenus
500 1013 585 1048 uid⁶
607 1013 655 1048 ad
677 1023 739 1049 eos
788 1012 934 1048 ervenit.
983 1012 1023 1048 Si
1051 1013 1129 1057 quis
1162 1011 1295 1047 caverit

206 1062 302 1103 ‘peto
325 1062 367 1093 ut
389 1058 442 1094 illi
495 1059 544 1094 es'
574 1062 639 1094 aut
667 1058 729 1093 ‘illi
787 1057 1071 1093 deicommissum
1101 1057 1294 1101 relinquas’

207 1107 272 1138 aut
294 1102 359 1139 ‘illi
374 1103 576 1139 libertatem
593 1102 789 1138 adscribas’
800 1103 825 1145 ⁶,
850 1101 1070 1138 admittenda
1085 1106 1187 1137 sunt:
1213 1112 1296 1136 nam

207 1158 289 1183 cum
317 1148 356 1184 in
383 1148 556 1184 heredum
585 1147 809 1183 institutione
845 1150 990 1183 senatus
1024 1147 1163 1182 censuit
1196 1146 1294 1188 utile,

206 1197 228 1228 4
274 1192 320 1229 de
343 1193 471 1229 ceteris
495 1203 638 1239 quoque
660 1192 752 1229 idem
778 1192 847 1228 erit
865 1191 1121 1237 accipiendum.
1160 1191 1197 1226 Si
1217 1191 1295 1236 quis

205 1241 353 1282 rogatus
376 1237 495 1280 fuerit,
520 1242 571 1281 ut,
595 1238 627 1273 si
651 1238 727 1274 sine
749 1237 872 1273 liberis
895 1236 1104 1279 decesserit,
1129 1237 1297 1272 restituat

206 1282 460 1325 hereditatem,
489 1282 734 1327 Papinianus⁷
757 1282 849 1317 libro
882 1285 1008 1317 octavo
1042 1291 1297 1326 responsorum

206 1327 332 1363 scribit
365 1328 472 1363 etiam
508 1327 709 1363 naturalem
741 1326 854 1362 filium
885 1326 1046 1369 efficere,
1082 1330 1123 1362 ut
1155 1325 1297 1362 deficiat

206 1371 388 1408 condicio:
413 1376 450 1408 et
471 1372 509 1408 in
531 1372 698 1408 libertino
721 1371 846 1408 eodem
864 1371 1048 1407 colliberto
1068 1371 1138 1407 hoc
1157 1371 1295 1407 scribit.

206 1417 293 1452 mihi
316 1421 446 1461 autem,
471 1417 567 1462 quod
587 1417 634 1452 ad
653 1416 837 1452 naturales
857 1416 989 1452 liberos
1008 1416 1146 1460 attinet,
1170 1416 1295 1452 volun-

206 1462 292 1498 tatis
316 1462 478 1507 quaestio
502 1462 681 1498 videbitur
703 1471 794 1505 esse,
819 1461 864 1497 de
887 1461 1053 1506 qualibus
1077 1461 1199 1497 liberis
1222 1465 1296 1496 tes-

205 1511 303 1542 tator
325 1507 492 1543 senserit:
525 1507 589 1543 sed
611 1507 682 1543 hoc
711 1516 757 1542 ex
787 1505 957 1559 dignitate
981 1510 1018 1542 et
1045 1516 1090 1542 ex
1113 1506 1297 1542 voluntate

206 1556 244 1587 et
267 1562 311 1588 ex
335 1551 545 1588 condicione
568 1552 645 1588 eius
669 1551 732 1597 qui
758 1550 1021 1587 fideicommisit
1049 1550 1297 1596 accipiendum

207 1600 227 1632 5
275 1597 354 1632 erit.
379 1597 438 1632 Ex
460 1596 557 1633 facto
580 1600 776 1633 tractatum
789 1596 951 1632 memini:
975 1599 1166 1642 rogaverat
1188 1606 1295 1641 quae·

208 1642 291 1677 dam
313 1641 442 1677 mulier
463 1641 576 1677 filium
599 1653 721 1686 suum,
745 1644 797 1684 ut,
822 1641 853 1677 si
876 1641 955 1678 sine
976 1640 1099 1677 liberis
1122 1640 1296 1677 decessis-

207 1691 273 1728 set,
297 1687 502 1722 restitueret
524 1686 759 1723 hereditatem
781 1686 888 1722 fratri
910 1697 993 1722 suo:
1023 1686 1055 1722 is
1083 1691 1212 1731 postea
1235 1686 1296 1721 de-

207 1736 373 1784 portatus
405 1732 443 1767 in
473 1732 594 1767 insula
629 1732 762 1767 liberos
794 1741 899 1767 susce
926 1735 1019 1767 erat:
1055 1731 1296 1776 quaerebatur

206 1777 326 1821 igitur,
349 1787 396 1811 an
418 1776 685 1813 fideicommissi
715 1776 877 1812 condicio
899 1742 1104 1812 {eiecisset
1139 1786 1207 1812 nos
1230 1776 1296 1828 igi-

206 1827 268 1856 tur
289 1821 359 1857 hoc
382 1821 540 1858 dicemus
565 1825 759 1867 conceptos
811 1821 931 1857 uidem
959 1825 1044 1857 ante
1076 1821 1296 1874 deportatio-

208 1876 300 1909 nem,
323 1866 410 1902 licet
431 1871 559 1912 postea
580 1867 744 1910 edantur,
769 1877 789 1902 e
832 1876 931 1910 cere,
955 1870 998 1901 ut
1021 1866 1185 1902 condicio
1209 1866 1295 1902 defi-

208 1911 296 1954 ciat,
330 1915 415 1956 post
445 1911 727 1957 deportationem
757 1922 842 1948 vero
873 1912 1084 1956 susceptos⁸
1114 1911 1219 1956 quasi
1249 1911 1295 1946 ab

207 1956 279 1992 alio
303 1967 377 1992 non
398 1956 581 2002 prodesse,
604 1957 758 1993 maxime
781 1967 863 1992 cum
874 1956 982 1992 etiam
1004 1957 1101 1992 bona
1124 1967 1207 1992 cum
1229 1967 1297 1992 sua

209 2005 229 2036 6
276 2001 536 2046 quodammodo
561 2012 673 2038 causa
694 2000 784 2038 fisco
808 2001 881 2038 sint
899 2000 1125 2037 vindicanda.
1162 2001 1201 2037 Si
1217 2001 1295 2046 quis

207 2050 355 2090 rogatus
378 2045 487 2081 fuerit
512 2046 596 2083 filiis
620 2046 696 2083 suis
719 2047 775 2083 vel
807 2046 867 2083 cui
889 2056 935 2082 ex
964 2046 1021 2082 his
1044 2046 1198 2082 voluerit
1220 2056 1296 2082 res-

208 2091 338 2127 tituere
353 2091 599 2135 hereditatem,
623 2089 870 2137 Papinianus⁹
887 2091 980 2127 libro
1001 2095 1127 2127 octavo
1147 2101 1295 2136 respon-

208 2146 331 2171 sorum
354 2135 461 2171 etiam
485 2135 673 2182 deportato
694 2136 729 2172 ei
749 2135 878 2171 tribuit
900 2136 1053 2181 eligendi
1074 2136 1296 2178 facultatem,

209 2181 269 2216 cui
291 2179 383 2216 liber
405 2180 523 2217 iactus
535 2183 563 2203 ²⁰
585 2180 896 2217 fideicommissum
918 2181 1059 2216 restitui
1088 2181 1184 2217 velit.
1232 2181 1297 2217 sed

209 2225 240 2261 si
264 2235 388 2261 servus
402 2227 428 2248 ¹¹
453 2236 591 2271 poenae
605 2226 715 2262 fuerit
738 2226 965 2269 constitutus,
990 2226 1090 2262 nuno
1103 2230 1187 2262 ante
1211 2237 1296 2262 con-

209 2274 313 2315 cepto
336 2270 411 2306 filio
433 2270 505 2306 iam
562 2281 665 2307 arere
689 2270 891 2307 condicioni
913 2281 987 2306 non
1018 2271 1151 2315 poterit
1174 2271 1297 2307 deces-

209 2316 369 2360 sisseque
399 2315 477 2352 sine
507 2315 534 2351 li
559 2316 631 2352 eris
664 2316 816 2352 videtur.
864 2315 928 2352 sed
939 2316 966 2338 ¹²
995 2326 1076 2351 cum
1087 2317 1116 2338 ¹³
1146 2315 1296 2360 decedit,

208 2360 417 2396 electionem
430 2361 468 2382 ¹³·
486 2360 595 2405 illam,
621 2371 727 2406 quam
741 2361 796 2396 Pa
820 2360 963 2397 inianus
984 2360 1172 2406 deportato
1189 2360 1296 2405 dedit,

209 2408 226 2439 ἵ
259 2405 361 2458 'huic
384 2405 463 2458 dari
486 2416 559 2442 non
583 2410 735 2451 oportet.
809 2405 823 2441 i
846 2405 926 2450 quis
949 2409 1070 2441 autem
1100 2406 1300 2451 susceperit

209 2450 351 2495 quidem
372 2450 503 2493 filium,
531 2461 655 2487 verum
678 2451 779 2487 vivus
809 2450 988 2493 amiserit,
1011 2450 1190 2487 videbitur
1220 2451 1298 2487 sine

208 2494 329 2531 liberis
353 2494 561 2532 decessisse.
598 2495 661 2531 sed
684 2496 715 2532 si
738 2495 925 2541 naufragio
948 2495 1005 2532 vel
1027 2495 1134 2531 ruina
1155 2496 1211 2532 vel
1234 2496 1298 2531 ad-

207 2550 335 2584 gressu
356 2540 413 2575 vel
436 2551 507 2586 quo
537 2540 608 2577 alio
631 2540 736 2577 modo
767 2540 873 2576 simul
897 2550 979 2576 cum
1008 2545 1111 2586 patre
1139 2541 1297 2586 perierit,

210 2596 258 2620 an
282 2584 444 2621 condicio
469 2585 650 2629 defecerit,
674 2585 867 2622 videamus.
910 2589 947 2621 et
969 2586 1081 2631 magis
1104 2597 1177 2622 non
1200 2585 1297 2622 defe-

209 2630 302 2682 cisse
323 2630 491 2673 arbitror,
516 2631 601 2683 quia
622 2641 696 2666 non
718 2634 775 2667 est
790 2641 912 2666 verum
934 2630 1047 2666 filium
1071 2630 1148 2667 eius
1171 2642 1297 2683 super-

208 2675 350 2710 vixisse.
397 2679 461 2710 aut
490 2675 501 2710 i
539 2679 599 2711 tur
621 2675 718 2712 filius
749 2674 948 2720 supervixit
968 2675 1066 2721 patri
1088 2680 1125 2712 et
1148 2676 1299 2712 extinxit

209 2719 454 2772 condicionem
476 2685 751 2765 fideicommissi,
776 2724 841 2756 aut
863 2730 936 2756 non
958 2720 1155 2766 supervixit
1177 2725 1214 2756 et
1237 2731 1298 2756 ex-

208 2768 282 2799 titit
305 2764 484 2801 condicio:
515 2776 597 2801 cum
627 2770 763 2809 autem,
798 2765 878 2819 quis
902 2769 987 2801 ante
1010 2770 1047 2801 et
1069 2766 1149 2811 quis
1172 2770 1300 2811 postea

210 2808 421 2862 decesserit,
453 2820 527 2846 non
549 2815 717 2862 apparet,
741 2810 906 2846 extitisse
929 2810 1175 2847 condicionem
1197 2810 1298 2846 fidei-

211 2858 230 2888 8
280 2854 459 2906 commissi
486 2865 598 2900 magis
622 2855 811 2891 dicendum
834 2858 899 2891 est.
947 2854 985 2891 Si
1014 2855 1093 2900 quis
1123 2856 1175 2891 ita
1197 2855 1297 2891 fidei-

211 2900 1297 2996 emm...⁸3²3§.23insertare?hefft-”fixae

211 2988 306 3031 tem’,
328 2988 440 3041 yiden
471 2998 552 3024 eum
585 2990 628 3025 de
661 2989 784 3025 liberis
813 2989 968 3026 sensisse
998 2990 1099 3026 divus
1131 2990 1217 3027 Pius
1242 3001 1298 3026 re-

210 3032 371 3078 scripsit:
405 3036 443 3069 ει
464 3033 557 3076 ideo,
582 3044 663 3070 cum
710 3034 832 3070 uidam
855 3035 931 3070 sine
954 3035 1076 3071 liberis
1099 3035 1297 3078 decederet,

210 3077 424 3113 avunculum
436 3078 483 3113 ab
505 3078 674 3115 intestato
724 3090 873 3115 onerum
884 3090 1129 3124 possessorem
1149 3080 1297 3123 habens,

210 3122 372 3159 extitisse
382 3123 410 3144 ¹⁵
434 3122 678 3159 condicionem
702 3124 965 3160 fideicommissi
987 3125 1183 3171 rescripsit.

260 3165 312 3205 19
337 3163 420 3210 (18)
444 3167 552 3220 vau
582 3168 672 3204 libro
708 3171 833 3214 quinto
869 3169 1006 3205 decimo
1042 3170 1092 3205 ad
1124 3169 1299 3206 Sabinum

210 3212 253 3248 In
287 3212 617 3249 fideicommissaria
649 3213 857 3250 hereditatis
895 3214 1122 3250 restitutione
1158 3219 1301 3250 constat

211 3268 283 3293 non
307 3256 427 3293 venire
449 3257 602 3301 fructus,
626 3257 695 3293 nisi
714 3268 759 3293 ex
773 3260 799 3280 ¹⁶
822 3269 923 3295 mora
945 3258 1043 3294 facta
1055 3263 1110 3295 est
1133 3264 1196 3294 aut
1220 3270 1300 3294 cum

212 3301 658 3384 lfflpfffgiffl‘sst'mfuff‘
678 3307 832 3382 {iffi
846 3308 901 3383 ἐξ
921 3303 1070 3384 ἇὲἓὲἰῖἰ
1099 3304 1301 3384 ’Ξῗᾱὲὲῗωε

212 3395 232 3427 2
280 3391 507 3438 rescriptum.
563 3357 736 3437 Quotiens
773 3392 852 3437 quis
888 3360 1035 3438 domitur
1069 3360 1302 3430 liereditatefn

211 3507 252 3547 (i)
276 3505 362 3539 mihi
383 3505 432 3549 id]
455 3505 605 3539 matitin-
628 3504 696 3548 F’,
718 3504 869 3539 Mindius
891 3506 944 3539 vel
971 3506 1076 3540 simile
1099 3519 1211 3541 nomen
1232 3519 1295 3541 scr.

1285 117 1371 171 524

1518 0 1588 81 Ἢ

1577 82 1580 108 4'

1853 137 1916 170 AD
1945 131 2142 170 annuus
2171 132 2436 168 CONSUL'I'UM

1358 248 1564 293 restituere,
1586 248 1625 285 id
1646 248 1785 285 videtur
1806 252 1954 294 rogatus
1977 247 2142 291 reddere,
2165 246 2262 293 quod
2283 246 2352 283 fuit
2374 247 2437 283 he·

1358 293 1536 330 reditatis:
1559 292 1700 331 fructus
1716 297 1836 330 autem
1847 304 1922 329 non
1936 292 2135 336 hereditati,
2151 292 2216 328 sed
2227 291 2315 346 ipsis
2330 291 2437 328 rebus

1359 341 1380 374 3
1426 342 1576 383 accepto
1598 337 1776 375 feruntur.
1821 338 1861 374 Si
1882 338 2039 383 legatum
2061 337 2109 373 sit
2130 337 2254 373 heredi
2274 336 2438 373 relictum

1359 386 1396 418 et
1430 386 1578 428 rogatus
1609 383 1657 420 sit
1682 383 1883 429 portionem
1917 382 2123 418 hereditatis
2159 382 2362 426 restituere,
2401 381 2439 417 id

1359 427 1476 464 solum
1498 438 1572 464 non
1601 428 1730 464 debere
1757 438 1838 464 eum
1868 428 2071 470 restituere,
2102 427 2198 472 quod
2221 436 2243 462 a
2266 426 2440 462 coherede

1360 482 1445 508 acce
1471 473 1515 507 it:
1546 476 1702 508 ceterum
1730 472 1826 518 quod
1853 483 1876 508 a
1899 477 2009 508 semet
2031 473 2110 517 ipso
2134 472 2167 508 ei
2189 472 2353 507 relictum
2374 476 2439 514 est,

1359 517 1397 552 in
1419 516 1444 551 fi
1471 517 1730 553 eicommissum
1752 517 1866 554 cadit:
1890 521 1926 553 ει
1941 517 1977 552 id
1993 517 2095 552 divus
2112 517 2258 552 Marcus
2274 516 2438 551 decrevit.

1406 559 1460 600 20
1490 559 1572 605 (19)
1603 562 1761 598 ΡΔσιυε
1792 562 1884 599 libro
1920 564 2025 598 tertio
2062 562 2113 597 ad
2145 560 2319 597 Sabinum
2371 561 2440 599 Ubi

1361 617 1452 652 pure
1485 606 1795 642 fideicommissum
1832 607 1954 643 datum
1982 610 2055 651 est,
2097 607 2128 642 si
2164 606 2343 642 adiectum
2378 606 2439 641 sit:

1363 656 1461 696 ‘rogo
1485 651 1548 687 des
1571 651 1646 688 filio
1668 655 1732 688 tuo
1754 652 1956 696 faciasque,
1988 656 2029 686 ut
2059 651 2105 687 ad
2132 661 2214 687 eum
2235 650 2441 696 perveniat’,

1362 696 1574 741 rescriptum
1597 700 1654 732 est
1675 697 1787 732 videri
1810 697 1847 731 in
1870 697 1907 731 id
1930 700 2000 732 tem
2027 707 2069 732 us
2093 696 2187 740 dari,
2220 707 2290 741 quo
2315 705 2443 740 capere

1366 745 1378 775 ι
1412 745 1544 786 potest,
1567 741 1605 776 id
1627 745 1683 777 est
1706 742 1762 777 sui
1785 741 1873 778 iuris
1896 740 1972 776 fiat.
1997 747 2006 761 ⁴
2042 751 2062 776 e
2084 752 2181 785 rogo,
2205 741 2296 776 Luci
2318 740 2391 775 Titi
2405 741 2442 782 ¹⁷,

1363 785 1609 822 ‘hereditatem
1632 796 1747 822 meam
1771 797 1852 822 eum
1874 786 1973 821 Attio
2002 786 2193 831 partiaris’.
2223 796 2268 821 ex
2298 789 2443 821 senatus

1364 831 1526 867 consulto
1551 831 1777 867 Trebelliano
1801 831 1839 866 in
1861 841 1958 874 eum,
1989 830 2048 866 cui
2075 831 2241 866 restituta
2264 834 2319 866 est
2341 831 2443 865 here-

1363 876 1478 929 ditas,
1507 876 1675 929 actiones·
1691 880 1891 921 competere
1915 875 2035 928 Aristo
2060 875 2130 930 ait,
2164 876 2248 921 quia
2277 886 2342 928 pro
2374 875 2444 910 hoc

1364 921 1612 1002 ssssffffi‘ssmi
1630 925 1846 1002 0352115352·
1856 920 2217 1001 {ffiffiffmfflmum
2208 920 2444 1005 2-,“';.⁸;·¹J¹¹;2⁸.{.²

1362 1011 1516 1047 ιειιιίιι,ιο
1538 1011 1598 1056 qui
1624 1021 1819 1056 uscumque
1841 1010 1975 1052 verbis,
2000 1009 2086 1045 dum
2108 1013 2260 1046 testator
2281 1010 2443 1050 senserit,

1364 1059 1384 1092 2
1431 1059 1473 1090 ut
1495 1056 1676 1092 hereditas
1699 1066 1767 1091 sua
1789 1055 2008 1091 restituatur.
2056 1054 2126 1099 Qui
2147 1054 2186 1090 in
2209 1054 2445 1091 distrahendis

1365 1101 1660 1137 conservandisve
1676 1102 1784 1137 rebus
1807 1099 2032 1136 hereditariis
2056 1103 2218 1146 sumptus
2240 1099 2358 1136 factus
2381 1103 2447 1142 est.

1363 1147 1410 1182 im
1437 1146 1533 1181 utari
1554 1146 1715 1182 heredi²⁰
1739 1145 1856 1182 debet.

1442 1191 1460 1229 1
1489 1189 1571 1234 (20)
1604 1191 1798 1228 [limnas
1817 1190 1909 1226 libro
1931 1200 2027 1226 nono
2052 1189 2189 1226 decinw
2211 1189 2261 1225 ad
2274 1188 2447 1226 Sabinum

1366 1237 1436 1273 Sed
1459 1240 1496 1272 et
1518 1237 1550 1272 si
1573 1236 1621 1272 ad
1643 1240 1783 1281 tempus
1813 1236 2006 1271 liberorum
2029 1234 2139 1271 fuerit
2167 1234 2322 1279 legatum
2345 1234 2448 1271 relic-

1364 1286 1441 1318 tum
1470 1285 1508 1317 et
1537 1282 1568 1317 is
1596 1291 1709 1317 uxore
1736 1284 1931 1326 praegnate
1961 1279 2174 1324 decesserit,
2209 1279 2257 1315 ad
2283 1279 2449 1316 heredem

1365 1337 1470 1364 suum
1493 1326 1689 1362 transferat
1711 1326 1877 1370 legatum.

1411 1369 1466 1409 22
1493 1370 1575 1415 (21)
1614 1371 1843 1406 Poueomos
1871 1370 1962 1407 libro
1992 1370 2183 1407 vicensimo
2211 1369 2368 1406 secundo
2401 1370 2451 1406 ad

1366 1416 1540 1453 Sabinum
1583 1416 1695 1452 Heres
1720 1426 1801 1452 cum
1824 1415 1997 1451 debuerat
2019 1418 2182 1460 quartam
2206 1415 2370 1459 retinere,
2393 1419 2449 1451 to-

1364 1466 1440 1498 tam
1462 1461 1695 1515 hereditatem
1723 1460 1880 1497 restituit
1902 1470 1969 1496 nec
1998 1460 2092 1514 cavit
2121 1460 2450 1514 sibi-stipulatione

1364 1511 1563 1596 {5333}
1599 1504 2450 1604 ⁸3332313&ffsszzaeffitffiesshzidqssossa

1366 1607 1447 1633 eum
1469 1607 1589 1633 rerum
1638 1595 1908 1632 ereditanarum
1931 1604 2192 1641 possessionem
2215 1595 2270 1631 vel
2289 1599 2451 1641 repetere

1365 1642 1420 1678 vel
1433 1641 1632 1678 nancisci²¹
1650 1645 1687 1677 et
1698 1641 1868 1677 adversus
1883 1643 2046 1686 agentem
2061 1639 2133 1675 doli
2145 1639 2228 1675 mali
2242 1640 2451 1686 exceptione

1365 1688 1419 1723 uti
1460 1696 1541 1723 osse
1555 1697 1637 1722 eum
1650 1689 1687 1722 et
1703 1685 1922 1722 debitoribus
1937 1684 2157 1729 denuntiare,
2181 1694 2227 1721 ne
2243 1685 2448 1721 solveretur.

1411 1730 1437 1769 2
1501 1729 1585 1775 (22)
1625 1730 1819 1768 ULPIANUS
1863 1730 1955 1766 libro
2001 1730 2127 1776 quinto
2167 1729 2450 1776 disputationum

1366 1777 1509 1819 Mulier,
1534 1786 1627 1822 quae
1650 1776 1791 1812 duobus
1813 1775 1896 1811 filiis
1919 1774 1959 1810 in
1981 1777 2159 1820 potestate
2181 1774 2294 1820 patris
2316 1775 2450 1811 relictis

1366 1822 1429 1858 alii
1450 1825 1642 1868 nupserat,
1673 1820 1947 1866 posteriorem²2
1969 1819 2137 1855 maritum
2159 1819 2326 1855 heredem
2347 1820 2449 1856 insti·

1366 1868 1436 1903 tuit
1459 1877 1610 1912 eumque
1633 1865 1772 1911 rogavit
1793 1865 1915 1901 liberis
1944 1864 2018 1901 suis
2047 1868 2130 1910 post
2159 1869 2310 1900 mortem
2336 1865 2450 1911 patris

1367 1923 1491 1949 eorum
1512 1911 1749 1948 hereditatem
1771 1920 1873 1947 suam
1901 1909 2089 1946 restituere
2111 1909 2166 1946 vel
2189 1909 2223 1945 ei
2245 1910 2305 1955 qui
2329 1920 2451 1946 eorum

1367 1962 1587 2003 superesset:
1617 1955 1751 1992 eisdem
1782 1955 1918 1991 emanci
1944 1954 2013 1990 atis
2036 1964 2061 1990 a
2082 1958 2186 2000 patre
2215 1964 2281 1990 suo
2304 1955 2450 1991 vitricus

1365 2003 1566 2038 restituisse
1588 2001 1821 2037 hereditatem
1844 1999 1923 2035 dice
1949 2003 2048 2042 atur,
2083 2010 2167 2035 mox
2189 1999 2281 2035 alter
2303 2010 2347 2036 ex
2369 1999 2451 2036 filiis

1365 2048 1443 2084 vivo
1467 2051 1571 2093 patre
1594 2045 1806 2082 decessisse:
1832 2045 2082 2090 quaerebatur,
2106 2048 2153 2080 an
2174 2044 2217 2087 is,
2243 2044 2304 2090 qui
2326 2055 2450 2090 super—

1366 2096 1446 2129 erat
1479 2103 1524 2128 ex
1558 2091 1657 2134 filiis,
1697 2094 1835 2136 partem
1862 2089 1968 2125 fratri
1998 2100 2065 2125 suo
2093 2089 2297 2125 restitutam
2330 2094 2451 2135 petere

1366 2137 1482 2182 possit
1504 2136 1608 2183 quasi
1629 2140 1856 2181 praemature
1880 2134 2011 2170 datam.
2037 2134 2209 2170 Scaevola
2224 2134 2341 2170 divum
2352 2135 2446 2170 Mar-

1369 2193 1450 2218 cum
1482 2182 1520 2218 in
1552 2181 1730 2217 auditorio
1765 2180 1810 2216 de
1843 2179 2048 2215 huiusmodi
2082 2179 2201 2225 specie
2209 2179 2241 2201 ²⁸
2272 2179 2451 2216 iudicasse

1366 2227 1496 2263 refert:
1527 2226 1698 2262 Brasidas
1722 2225 1865 2270 quidam
1893 2224 2199 2261 Lacedaemonius
2226 2224 2281 2260 vir
2307 2229 2450 2269 praeto-

1368 2273 1464 2315 rius,
1496 2282 1578 2307 cum
1600 2271 1682 2306 filiis
1706 2271 1781 2306 suis
1811 2270 1857 2306 ab
1886 2279 1998 2305 uxore
2027 2269 2179 2305 divortio
2208 2279 2247 2304 se
2272 2274 2390 2314 arata,
2421 2270 2451 2306 si

1367 2321 1482 2353 morte
1530 2316 1618 2352 atris
1629 2316 1660 2337 2⁴
1684 2315 1741 2351 sui
1763 2315 1850 2351 iuris
1873 2315 2027 2350 fuissent
2051 2313 2179 2357 effecti,
2202 2313 2228 2349 fi
2254 2314 2450 2350 eicommis-

1369 2373 1447 2398 sum
1470 2372 1509 2397 re
1523 2362 1632 2397 ictum
1655 2363 1760 2403 esset,
1784 2369 1845 2395 eos
1869 2359 2171 2404 emancipaverat:
2195 2363 2278 2404 post
2295 2360 2451 2395 emanci-

1393 2407 1548 2442 ationem
1570 2404 1882 2441 fideicommissum
1909 2405 2091 2449 petebant.
2125 2404 2322 2440 decrevisse
2344 2405 2452 2450 igitur

1394 2453 1487 2488 ’vum
1500 2451 1664 2486 Marcum
1687 2449 1797 2485 refert
1819 2448 2128 2485 fideicommissum
2151 2449 2202 2485 eis
2226 2454 2450 2494 repraestan·

1369 2497 1492 2533 ι1ιιιιι25
1525 2495 1708 2531 intellecta
1739 2494 1864 2530 matris
1899 2494 2099 2538 voluntate,
2134 2503 2227 2540 quae
2262 2495 2345 2539 quia
2378 2505 2451 2531 non

1368 2541 1569 2578 crediderat
1590 2545 1729 2586 patrem
1752 2549 1814 2575 eos
1845 2539 2168 2584 emancipaturum,
2199 2538 2385 2575 distulerat
2413 2540 2452 2576 in

1367 2591 1517 2622 mortem
1533 2586 1609 2621 eius
1625 2583 1945 2625 fideicommissum,
1969 2594 2042 2619 non
2058 2583 2215 2619 dilatura
2236 2583 2274 2619 id
2295 2584 2334 2620 in
2354 2595 2449 2621 mor-

1367 2632 1552 2675 talitatem,
1577 2630 1608 2665 si
1622 2640 1703 2666 eum
1718 2629 2025 2674 emancipaturum
2040 2632 2229 2674 sperasset.
2255 2629 2450 2665 secundum

1367 2677 1457 2712 haec
1486 2676 1648 2712 dicebam
1677 2678 1714 2710 et
1743 2674 1781 2709 iii
1809 2674 1995 2719 proposita
2028 2673 2236 2719 quaestione
2269 2673 2450 2710 decretum

1368 2721 1439 2757 divi
1461 2721 1578 2756 Marci
1601 2730 1679 2756 esse
1707 2719 1921 2754 trahendum
1948 2723 1985 2754 et
2015 2722 2114 2755 recte
2141 2718 2450 2755 fideicommissum

1373 2771 1386 2801 ι
1436 2767 1597 2811 utrisque
1620 2766 1788 2801 solutum.
1835 2763 1917 2799 Non
1942 2767 1996 2799 est
2019 2763 2220 2799 dubitatum
2244 2763 2323 2809 cogi
2344 2774 2451 2809 posse

1367 2811 1534 2864 here-dem
1551 2810 1764 2863 ‘institutum
1793 2808 1893 2862 adire
1927 2812 1964 2860 et
1999 2808 2187 2861 restituere
2216 2808 2450 2862 hereditatem

1368 2853 2077 2943 ῗίῗιιιζωὲιιίἓιενεῗ,ὼέιῗιξιωεζῗὲτιξὶεῖ-ῗιῗετεε
2105 2908 2178 2934 non
2201 2853 2347 2934 efferet
2367 2864 2450 2944 pgr„3

1368 2956 1493 2982 sonam
1522 2944 1696 2990 cogentis:
1737 2944 1846 2979 habet
1876 2943 1969 2979 enim
2007 2943 2066 2978 hic
2095 2952 2236 2988 quoque
2263 2943 2398 2979 aditum
2406 2945 2448 2986 ²⁰,

1368 2995 1419 3033 ut,
1445 2990 1506 3043 qui
1528 2990 1686 3026 nondum
1709 2994 1830 3034 petere
1858 2987 2221 3024 fideicommissariam
2250 2987 2449 3024 libertatem

1368 3040 1483 3081 possit
1506 3045 1572 3071 nec
1596 3034 1766 3070 directam
1790 3033 1858 3068 sibi
1881 3033 2079 3075 vindicare,
2102 3036 2249 3077 propter
2272 3042 2371 3078 spem
2392 3037 2448 3068 ta-

1367 3091 1450 3116 men
1471 3079 1645 3116 libertatis
1670 3084 1707 3115 et
1728 3078 1933 3114 hereditatis
1962 3077 2097 3112 aditum
2120 3076 2167 3112 ad
2189 3082 2391 3123 praetorem
2413 3082 2450 3113 et

1370 3129 1390 3160 2
1435 3135 1501 3177 per
1524 3134 1563 3160 se
1586 3124 1730 3160 habeat.
1778 3123 1816 3159 Si
1838 3123 1942 3158 heres
1991 3125 2047 3158 ost
2070 3121 2219 3157 multum
2242 3123 2448 3177 temporis„

1368 3174 1550 3212 restituat,
1575 3180 1657 3205 cum
1679 3168 1862 3214 praesenti
1884 3167 1942 3203 die
1991 3166 2276 3203 deicommissum
2299 3171 2363 3210 sit,
2387 3167 2447 3203 de·

1369 3215 1478 3250 ducta
1512 3218 1641 3258 quarta
1675 3214 1856 3249 restituet:
1891 3211 2030 3247 fructus
2065 3211 2158 3247 enim
2192 3212 2253 3257 qui
2286 3212 2446 3257 percepti

1369 3263 1454 3295 sunt
1475 3270 1500 3294 n
1544 3258 1695 3303 legentia
1718 3258 1889 3338 petentis,
1919 3267 1991 3292 non
2019 3256 2150 3309 iudicio
2180 3256 2338 3293 defuncti
2365 3267 2443 3302 per-

1370 3304 1464 3349 cepti
1486 3304 1519 3338 vi
1546 3308 1662 3339 entur.
1699 3313 1721 3338 a
1738 3304 1770 3338 'a
1793 3311 1904 3338 causa
1926 3305 1990 3344 est,
2015 3311 2046 3337 si
2069 3301 2136 3337 sub
2161 3301 2369 3337 condicione
2391 3302 2444 3340 vel

1368 3348 1407 3384 in
1437 3347 1530 3384 diem
1558 3359 1599 3384 ro
1624 3352 1704 3383 atus
1732 3347 1857 3383 fuerit:
1885 3350 1973 3382 tunc
2004 3346 2097 3381 enim
2126 3346 2222 3391 quod
2250 3346 2447 3391 percipitur

1370 3396 1565 3429 summovet
1597 3359 1812 3435 falcidiam,
1852 3391 1883 3427 si
1923 3394 2062 3427 tantum
2104 3390 2229 3434 fuerit,
2275 3395 2447 3436 quantum

1366 3506 1426 3548 (u)
1449 3505 1658 3539 restituaseio
1673 3505 1708 3539 F
1854 3505 1913 3545 (ιε)
1939 3504 2056 3537 extisse
2068 3504 2103 3536 F
2245 3504 2305 3545 (ιο)
2330 3513 2370 3536 ex
2382 3504 2444 3536 det.

213 3553 257 3591 (s)
280 3550 514 3594 pei-iculumF
652 3555 696 3592 (s)
720 3549 855 3592 quidem
867 3560 966 3591 quam
980 3551 1014 3583 F
1155 3553 1200 3594 (i)
1224 3551 1245 3585 l.
1259 3558 1296 3586 ιε
1365 3551 1442 3584 dece.
1533 3552 1592 3593 (ιι)
1617 3550 1733 3583 titiiF
1824 3551 1893 3590 (ιτ)
1917 3548 2179 3592 spenctanturF
2268 3550 2327 3587 (is)
2351 3557 2445 3580 sena-
2520 3563 2528 3586 4-

215 3599 232 3634 9
247 3602 265 3630 ῠ
277 3595 309 3629 Ιι.
320 3602 344 3630 ι
442 3597 486 3637 (5)
510 3595 587 3637 quis
598 3596 633 3629 F
726 3597 770 3635 (ο)
794 3594 964 3628 admi-ibus
976 3595 1011 3628 F
1109 3597 1155 3638 (τ)
1179 3596 1227 3630 D.
1240 3597 1296 3638 31,
1364 3597 1420 3628 tus
1438 3595 1595 3638 consulti]
1615 3594 1857 3629 fideicommissi
1873 3594 1983 3627 Faber
2117 3594 2178 3634 (ιο)
2201 3592 2398 3626 sententiam
2414 3592 2450 3625 F
2521 3590 2528 3644 ᾖ

213 3647 305 3681 ιτ,ι8
407 3642 452 3681 (s)
475 3643 627 3683 suscepto
640 3640 679 3681 F,
702 3642 877 3683 concepto·
888 3639 1009 3683 Menyo
1111 3644 1156 3683 ιο)
1179 3641 1296 3682 Β.31,
1365 3642 1427 3681 (20)
1452 3639 1632 3673 hereditati
1643 3652 1705 3674 ser.
1776 3640 1835 3678 (ιι)
1861 3638 2055 3671 nonoisoiF'
2116 3640 2179 3676 (ει)
2203 3637 2449 3680 poster-eremi*
2518 3644 2528 3678 g

214 3692 261 3725 ϊι,
275 3692 292 3718 ⁴
350 3687 408 3726 (ιο)
433 3684 519 3718 liber
530 3684 842 3728 ssotufflibm-omm
858 3685 1010 3719 Οιιίασῐυι
1069 3687 1123 3725 (ιι)
1147 3684 1305 3719 senense*
1365 3686 1427 3725 (23)
1451 3685 1620 3727 specieiF
1679 3686 1739 3722 ιιι)
1762 3684 1898 3727 patrii-'¹
1957 3686 2017 3723 (ιο)
2042 3681 2355 3724 repraesentandum
2365 3682 2441 3716 deca
2517 3683 2528 3762 1

214 3730 275 3770 (iz)
300 3731 333 3763 et
345 3731 404 3765 ins.
525 3736 582 3771 (ιε)
607 3729 722 3763 liberi·
733 3739 809 3762 oum
823 3730 883 3763 ine.
1006 3731 1073 3767 (ω’)
1099 3729 1254 3764 elictione
1269 3730 1300 3763 F
1364 3731 1427 3771 (20)
1451 3729 1715 3774 aditumllocuni
1725 3741 1788 3763 scr.
1882 3731 1943 3771 (27)
1967 3727 2154 3771 temporib*

2502 3764 2528 3918 Ι
