2528 3918
119 123 181 154 DE
212 123 402 156 LEGIBUS

121 235 263 270 auditor
274 237 295 276 ¹,
333 232 483 277 denique
512 231 549 266 'm
580 230 674 265 illius
706 230 877 265 honorem
900 232 1113 265 testamento
1138 230 1210 265 Pu-

120 281 230 315 blium
253 279 412 314 Mucium
435 279 599 321 nepotem
636 275 710 310 eius
741 275 883 319 reliquit
918 274 1094 310 heredem.
1142 275 1212 310 fuit

120 330 238 360 autem
261 322 483 369 quaestorius
507 331 573 356 nec
597 320 692 355 ultra
715 320 888 365 proficere
912 320 1035 363 voluit,
1061 331 1142 355 cum
1161 320 1211 354 illi

120 371 225 405 etiam
249 370 433 420 Augustus
460 366 685 401 consulatum
716 364 870 400 offerret.
920 375 964 400 ex
994 366 1049 400 his
1074 365 1210 400 Treba-

118 417 190 451 tius
249 413 368 448 eritior
392 411 584 452 Cascellio,
610 410 805 445 Cascellius
838 409 1008 446 Trebatio
1042 410 1210 455 eloquen-

119 462 188 496 tior
227 459 322 494 uisse
345 457 493 499 dicitur,
520 456 644 491 Ofilius
669 459 821 500 utroque
845 455 995 491 doctior.
1044 455 1210 491 Cascellii

119 505 252 549 scripta
283 514 356 538 non
389 504 532 537 exstant
562 501 630 536 nisi
661 511 754 535 unus
786 500 876 534 liber
907 501 998 536 bene
1022 501 1209 542 dictorum,

118 554 161 585 46
201 544 841 592 Trebatiicomplures‚sedminusfre
867 546 1096 581 uentantur2.
1122 545 1211 581 Post

118 595 210 631 hos³
242 603 383 639 quoque
407 592 585 627 Τ1111111104
616 591 702 634 fuit,
739 591 799 635 qui
867 590 938 625 filio
972 601 1117 636 operam
1149 590 1209 626 de-

117 641 189 675 dit:
221 638 291 674 fuit
321 641 439 673 autem
471 637 668 683 patricius⁶
692 639 728 671 et
750 636 892 670 transiit
916 646 938 670 a
962 636 1078 671 causis
1103 646 1209 681 agen-

118 686 171 720 dis
196 684 243 719 ad
265 684 321 719 ius
354 683 472 726 civile,
505 682 657 717 maxime
693 685 885 726 postquam
910 681 1080 725 Quintum
1103 681 1209 726 Liga-

116 731 210 765 rium
241 728 424 764 accusavit
454 738 520 762 nec
553 727 708 772 optinuit
731 726 828 771 apud
853 726 981 761 Gaium
1007 726 1210 762 Caesarem.

116 776 146 810 is
172 778 226 810 est
250 774 403 818 Quintus
427 772 611 818 Ligarius,
645 772 705 817 qui
737 782 818 806 cum
842 771 989 806 Africae
1021 781 1120 806 oram
1155 775 1208 806 te-

118 824 235 863 neret,
266 819 444 855 infirmum
477 818 703 853 Tuberonem
735 816 916 862 applicare
947 827 1020 852 non
1050 817 1212 862 permisit

116 876 183 902 nec
216 875 345 910 aquam
379 863 540 906 haurire,
573 874 643 908 quo
675 863 817 897 nomine
849 872 929 896 eum
960 862 1143 897 accusavit
1176 865 1212 897 et

117 910 241 946 Cicero
267 908 442 944 defendit:
468 912 586 943 exstat
610 908 684 943 eius
709 907 822 943 oratio
848 907 935 942 satis
958 907 1209 952 pulcherrima,

117 965 207 1001 quae
230 954 437 991 inscribitur
459 964 524 999 pro
550 953 680 997 Quinto
703 952 860 997 Ligario.
910 952 1052 987 Tubero
1078 952 1209 987 doctis-

117 1002 226 1036 simus
258 1000 400 1046 quidem
430 999 576 1034 habitus
609 1002 664 1033 est
693 998 780 1033 iuris
805 997 940 1042 publici
965 1001 1000 1032 et
1022 998 1151 1043 privati
1176 1001 1211 1032 et

117 1046 318 1091 complures
341 1044 530 1089 utriusque
561 1044 678 1123 ofperis
709 1043 820 1078 libros
852 1043 1012 1088 reliquit:
1048 1053 1210 1078 sermone

116 1091 247 1126 0110111Β
269 1090 416 1135 antiquo
441 1100 527 1124 usus
553 1100 574 1123 a
603 1089 733 1124 ectavit
751 1088 908 1124 scribere
930 1093 965 1123 et
983 1088 1062 1124 ideo
1083 1099 1210 1133 parum

118 1140 158 1172 47
207 1136 288 1172 libri
320 1135 394 1170 eius
425 1135 517 1179 grati
547 1135 737 1169 habentur.
784 1134 875 1169 Post
904 1134 1001 1169 hunc
1035 1134 1210 1168 maximae

117 1181 343 1217 auctoritatis
366 1180 515 1215 fuerunt
537 1181 679 1214 Armes
705 1179 865 1221 CAPI'ro,
899 1179 960 1224 qui
985 1178 1129 1217 Ofilium
1153 1189 1208 1214 se-

117 1230 222 1262 cutus
248 1229 312 1269 est,
339 1229 374 1260 et
397 1225 605 1260 Amusrms
630 1225 772 1267 LABEO,
798 1224 882 1269 qui⁷
908 1234 1030 1259 omnes
1054 1225 1120 1259 hos
1145 1235 1208 1259 au-

117 1272 212 1314 divit,
237 1272 422 1307 institutus
448 1273 502 1305 est
526 1273 645 1305 autem
670 1280 692 1304 a
715 1270 897 1305 Trebatio.
936 1280 980 1304 ex
1002 1269 1058 1305 his
1082 1270 1209 1305 Ateius

116 1317 242 1352 consul
265 1316 352 1352 fuit:
386 1316 509 1351 Labeo
535 1315 661 1358 noluit,
688 1326 769 1350 cum
793 1315 982 1350 offerretur
1006 1315 1038 1350 01
1062 1315 1107 1350 ab
1132 1316 1207 1350 Au·

115 1365 217 1407 gusto
240 1361 459 1403 consulatus,
485 1372 555 1406 quo
581 1360 752 1396 suffectus
776 1360 877 1395 fieret
890 1360 913 1402 ⁸,
938 1361 1110 1395 honorem
1130 1371 1209 1396 sus-

115 1408 245 1453 cipere,
270 1407 333 1443 sed
360 1406 551 1452 plurimum
579 1406 706 1441 studiis
728 1416 875 1450 operam
896 1405 1014 1440 dedit:
1041 1409 1076 1440 et
1095 1409 1210 1441 totum

117 1463 250 1487 annum
281 1453 332 1488 ita
366 1451 552 1494 diviserat,
587 1455 629 1486 ut
651 1450 789 1486 Romae
821 1461 884 1486 sex
914 1451 1095 1486 mensibus
1129 1461 1210 1486 cum

115 1497 284 1533 studiosis
308 1500 429 1540 ¹esset,
462 1506 524 1531 sex
556 1496 738 1531 mensibus
770 1496 953 1531 secederet
984 1500 1020 1530 et
1052 1497 1209 1532 conscri-

117 1543 241 1578 bendis
266 1542 364 1577 libris
389 1551 534 1587 operam
559 1541 672 1576 daret.
719 1541 842 1586 itaque
872 1541 1016 1585 reliquit
1040 1541 1209 1586 quadrin-

115 1591 223 1633 genta
245 1587 444 1627 volumina,
469 1597 513 1622 ex
537 1587 665 1631 quibus
689 1586 842 1631 plurima
865 1586 957 1621 inter
981 1596 1107 1622 manus
1131 1597 1209 1622 ver-

116 1637 252 1668 santur.
300 1633 338 1668 hi
362 1633 432 1667 duo
456 1633 608 1676 primum
631 1632 741 1667 veluti
772 1631 930 1666 diversas
963 1635 1082 1667 sectas
1113 1631 1209 1667 fece-

115 1681 219 1713 runt:
252 1688 335 1713 nam
366 1677 494 1712 Ateius
520 1677 647 1723 Capito
679 1677 717 1712 in
747 1677 822 1720 his,
860 1687 953 1722 quae
985 1677 1017 1712 ei
1049 1677 1182 1712 tradita
1197 1678 1211 1698 ⁹

116 1723 280 1766 fuerant,
325 1723 599 1768 perseverabat3
644 1722 767 1757 Labeo
802 1722 932 1766 ingenii
969 1722 1140 1767 qualitate
1175 1726 1211 1757 et

116 1769 249 1804 fiducia
285 1768 487 1811 doctrinae,
525 1768 585 1813 qui
627 1771 663 1802 et
695 1768 821 1802 ceteris
860 1767 977 1812 operis
1013 1767 1210 1812 sapientiae

117 1816 159 1848 48
208 1823 354 1858 operam
378 1813 543 1855 dederat,
576 1813 731 1858 plurima
754 1813 925 1848 innovare
948 1812 1114 1847 instituit.
1161 1813 1211 1847 Et

116 1859 168 1894 ita
189 1859 295 1893 Ateio
322 1858 487 1903 Capitoni
506 1858 721 1893 Mmsumus
742 1857 902 1893 SAans
928 1858 1113 1901 successit,
1137 1857 1210 1893 La-

116 1904 222 1939 beoni
233 1904 378 1945 NERVA,
405 1903 465 1948 qui
489 1903 606 1938 adhuc
619 1904 648 1924 ¹⁰
673 1913 733 1938 eas
758 1903 996 1938 dissensiones
1021 1907 1209 1939 auxerunt.

116 1950 176 1984 hic
213 1949 320 1984 etiam
344 1948 463 1983 Nerva
488 1948 633 1983 Caesari
656 1948 952 1984 familiarissimus
982 1947 1062 1984 fuit.
1111 1949 1210 1984 Mas-

115 1994 235 2030 surius
261 1994 414 2029 Sabinus
445 1994 481 2028 in
515 1994 671 2039 equestri
703 1994 825 2029 ordine
856 1993 927 2028 fuit
959 1995 1032 2029 et¹¹
1066 1994 1211 2039 publice

114 2039 249 2085 primus
273 2039 515 2084 respondit¹²:
541 2042 739 2084 posteaque
762 2040 831 2075 1100
857 2039 975 2092 coepit
998 2039 1211 2074 beneficium

115 2085 202 2127 dari,
239 2094 262 2119 a
295 2084 438 2119 Tiberio
472 2084 624 2120 Caesare
658 2086 728 2120 hoc
761 2088 882 2120 tamen
914 2084 966 2119 illi
1002 2095 1211 2120 concessum

114 2133 159 2164 49
208 2130 336 2165 erat¹³.
384 2129 444 2172 Et,
469 2133 510 2164 ut
530 2130 646 2165 obiter
664 2130 831 2172 sciamus,
858 2133 941 2165 ante
961 2133 1122 2182 tempora
1134 2131 1209 2165 Au-

115 2174 209 2220 gusti
239 2174 384 2220 publice
415 2174 654 2220 respondendi
677 2175 733 2210 ius
758 2186 831 2211 non
856 2185 878 2210 a
900 2175 1121 2220 principibus
1147 2176 1209 2210 da-

115 2221 233 2262 batur,
260 2220 322 2255 sed
346 2220 407 2265 qui
429 2219 598 2257 fiduciam
622 2220 821 2256 studiorum
846 2231 993 2256 suorum
1016 2221 1209 2263 habebant,

115 2265 385 2300 consulentibus
416 2266 701 2310 respondebant:
734 2276 851 2311 neque
881 2276 1057 2311 responsa
1086 2266 1139 2301 uti
1165 2277 1210 2301 ue

116 2310 256 2354 signata
280 2310 426 2352 dabant,
451 2311 515 2345 sed
538 2311 748 2355 plerumque
771 2311 950 2346 iudicibus
981 2311 1052 2357 ipsi
1075 2312 1146 2347 scri
1173 2322 1209 2347 e-

115 2355 214 2395 bant,
250 2358 314 2389 aut
335 2355 564 2390 testabantur
588 2356 649 2407 qui
672 2356 751 2391 illos
777 2356 1025 2391 consulebant.
1074 2357 1210 2401 primus

117 2400 218 2435 divus
241 2400 444 2445 Augustus,
469 2404 510 2435 ut
534 2410 646 2435 maior
670 2401 757 2436 iuris
782 2401 979 2436 auctoritas
1003 2401 1208 2445 haberetur,

117 2445 312 2488 constituit,
338 2449 380 2480 ut
403 2455 449 2480 ex
469 2446 684 2481 auctoritate
707 2447 781 2481 eius
802 2446 1081 2491 responderent:
1108 2451 1144 2482 et
1167 2457 1210 2482 ex

115 2490 174 2525 illo
207 2493 367 2535 tempore
397 2491 472 2535 peti
502 2491 572 2526 1100
595 2501 660 2535 pro
685 2490 859 2526 beneficio
885 2491 1013 2537 coepit.
1063 2496 1098 2527 et
1128 2492 1208 2527 ideo

115 2535 270 2587 optimus
294 2535 461 2580 princeps
484 2536 709 2579 Hadrianus,
736 2547 816 2571 cum
841 2537 886 2571 ab
911 2547 952 2572 eo
978 2537 1042 2572 viri
1065 2541 1207 2582 praeto-

114 2591 158 2615 rn
180 2583 360 2626 peterent,
384 2584 426 2615 ut
449 2580 516 2615 sibi
538 2580 660 2616 liceret
683 2581 918 2627 respondere,
950 2583 1134 2627 rescripsit
1159 2583 1208 2618 eis

115 2626 184 2660 hoc
207 2637 280 2661 non
303 2625 394 2671 peti,
431 2626 493 2661 sed
517 2627 694 2671 praestari
717 2627 831 2662 solere
863 2630 899 2662 et
930 2628 1030 2670 ideo,
1067 2628 1098 2663 si
1129 2628 1207 2673 quis

116 2670 283 2706 fiduciam
306 2671 361 2706 sui
384 2671 544 2714 haberet,
570 2671 741 2707 delectari
766 2683 804 2707 se
827 2673 961 2717 populo
987 2673 1034 2707 ad
1057 2683 1206 2718 respon-

116 2718 159 2750 50
207 2715 361 2751 (1011ᾶο111
386 2726 424 2751 se
447 2727 534 2762 prae
561 2718 730 2752 araret¹⁴.
777 2717 875 2762 Ergo
900 2717 1033 2753 Sabino
1059 2728 1205 2753 conces-

116 2770 194 2795 sum
219 2764 273 2796 est
296 2771 318 2796 a
342 2761 485 2796 Tiberio
540 2772 682 2805 aesare,
713 2765 755 2797 ut
785 2762 919 2808 populo
950 2763 1204 2808 responderet:

114 2805 175 2850 qui
206 2806 244 2840 in
277 2806 432 2851 equestri
465 2806 588 2842 ordine
611 2807 681 2842 iam
705 2807 848 2852 grandis
873 2811 961 2843 natu
986 2812 1021 2842 et
1043 2807 1119 2843 fere
1141 2818 1205 2843 an-

115 2861 243 2885 norum
267 2851 525 2897 quinquaginta
547 2856 714 2898 receptus
740 2856 803 2888 est.
851 2852 936 2888 huic
967 2863 1034 2888 nec
1066 2853 1206 2899 amplae

104 2964 149 3006 (1)
172 2966 321 3006 sortasse
340 2978 402 2997 scr.
427 2964 547 3001 Quinti
570 2965 663 2997 Muci
687 2965 853 2998 auditoris
873 2964 1026 2998 Volcacii
1047 2965 1199 3006 auditor-3

110 3010 151 3045 fc.
168 3010 294 3042 Plinius
313 3010 343 3042 11.
363 3021 395 3042 n.
417 3010 449 3050 8,
468 3016 516 3049 40,
537 3017 604 3043 144ε
630 3009 824 3044 Volcacium
846 3011 905 3052 qui
926 3010 1126 3044 Cascellium
1147 3012 1201 3044 ius

108 3053 207 3087 civile
221 3054 336 3086 docuit
401 3055 446 3096 (2)
471 3054 756 3097 frequentatur-F
812 3057 857 3098 (3)
882 3057 994 3089 hocF
1058 3057 1103 3099 (4)
1126 3059 1201 3099 post

109 3099 169 3131 hos
188 3100 226 3136 Q.
245 3099 377 3133 Tubero
395 3096 458 3133 sci·-
545 3101 590 3141 (5)
615 3103 777 3143 patronus
795 3114 858 3135 scr.
946 3103 992 3145 (6)
1018 3102 1130 3144 etiam]
1150 3105 1200 3134 ta-

106 3154 182 3176 men
204 3157 267 3178 scr.
345 3147 388 3186 (7)
413 3155 478 3186 que
501 3145 536 3178 F
603 3147 649 3187 (8)
674 3145 770 3179 fieret
788 3148 822 3179 et
843 3147 950 3180 F⁰⁶S
1026 3148 1073 3190 (9)
1097 3147 1200 3180 tradi-

104 3190 160 3222 tae
174 3190 206 3222 F
248 3189 309 3231 (10)
323 3190 515 3222 nervadhuc
529 3191 565 3223 F
602 3192 658 3233 (11)
673 3191 740 3224 fuit
753 3193 941 3235 etfortasse
954 3193 1201 3236 interpolatoris

106 3242 182 3267 sunt
248 3237 308 3275 (12)
334 3236 505 3277 respondit
518 3235 578 3276 F2,
592 3237 763 3279 rescripsit
778 3237 825 3269 F¹
894 3239 954 3279 (13)
979 3248 1057 3270 nam
1069 3240 1199 3281 postea-

114 3287 212 3319 quam
231 3279 294 3312 hoc
304 3281 416 3323 coepit
427 3280 625 3313 beneficium
644 3282 728 3322 dari,
743 3293 762 3314 a
772 3283 824 3315 Ti.
834 3282 973 3315 Caesare
990 3285 1053 3316 hoc
1068 3285 1202 3316 tandem

113 3322 164 3354 1111
181 3334 374 3357 concessum
386 3328 457 3357 erat
468 3339 530 3360 scr.
603 3327 659 3368 (14)
686 3327 847 3359 delectari
859 3339 903 3369 se,
917 3329 945 3361 si
955 3329 1081 3372 populo
1094 3329 1135 3363 ad
1150 3340 1202 3361 re-

113 3368 345 3409 spondendum
358 3380 392 3402 se
409 3373 596 3413 praestaret
613 3372 678 3412 (vel
687 3372 874 3415 praeberet)
887 3386 949 3407 scr.
1044 3375 1101 3416 (15)
1126 3385 1201 3407 cum

114 3412 293 3455 Quartino]
312 3425 388 3446 cum
410 3416 556 3448 Surdino
577 3416 751 3451 Nori-sius:
777 3418 810 3451 O.
829 3418 963 3452 Cassius
975 3419 1146 3464 Lonqz'nus
1158 3420 1199 3452 L.

112 3456 262 3490 Naevius
276 3459 439 3494 Surdinus
453 3462 596 3495 consules
611 3469 686 3496 sunt
697 3464 833 3496 secundi
841 3465 1002 3497 semestris
1023 3477 1054 3498 a.
1065 3477 1101 3507 p.
1117 3465 1149 3498 C.
1164 3471 1200 3498 30

114 3501 238 3577 (Orefilfi
247 3504 342 3537 inser.
356 3507 485 3548 n.4033)
545 3507 604 3548 (16)
618 3508 665 3540 sic
673 3507 711 3548 S,
725 3508 935 3550 proculeiani
948 3510 983 3541 F
1032 3510 1089 3552 (17)
1100 3508 1199 3542 abur-

114 3555 176 3576 nus

161 3590 219 3631 (18)
257 3590 338 3624 Sab.
356 3599 382 3626 2.
401 3600 427 3627 3.
446 3601 602 3629 s.1o...12.
628 3604 670 3630 15.
695 3604 814 3631 20...22.
836 3604 954 3632 32...34.
974 3605 1020 3632 36.
1036 3606 1085 3638 413
1111 3599 1195 3642 Pap.

112 3641 134 3666 1.
154 3640 433 3677 16-26.35.37.383
458 3639 523 3672 Ed.
544 3647 624 3674 4...·1.
643 3648 670 3675 9.
691 3649 732 3675 13.
751 3649 793 3676 14.
812 3650 925 3676 11...19.
943 3650 1061 3677 23...25.
1082 3651 1195 3677 27...31.

113 3680 361 3714 swa—Bas.
375 3683 577 3723 2,1,13...49;
593 3692 623 3718 31
634 3702 679 3714 =
689 3687 775 3720 Bas.
786 3688 818 3727 2,
830 3694 945 3727 6,1.-
962 3688 1012 3732 Cf.
1020 3689 1097 3722 Cod.
1110 3690 1139 3728 1,
1151 3695 1193 3722 14.

112 3729 156 3756 18.
166 3724 197 3763 8,
207 3730 254 3758 53.
334 3726 394 3766 (19)
419 3734 500 3760 orat.
515 3729 588 3762 adv.
602 3730 853 3774 Aristoyitonem
861 3733 922 3765 vol.
935 3739 958 3766 1.
966 3744 992 3775 p
1015 3740 1068 3766 ¹174
1080 3733 1194 3766 Reisk.

2247 107 2379 150 12.3

1280 229 1473 265 facultates
1503 227 1670 271 fuerunt,
1704 229 1765 263 sed
1790 229 1980 274 plurimum
2006 239 2027 264 a
2051 229 2126 265 suis
2152 229 2379 265 auditoribus

1281 278 1321 309 51
1373 276 1595 309 sustentatus
1628 277 1692 308 est.
1742 274 1835 309 Huic
1868 274 2043 310 successit
2074 274 2192 310 Gffls
2226 275 2379 311 Csssms

1280 320 1470 355 Loucnms
1496 322 1602 353 natus
1629 328 1672 353 ex
1695 318 1769 353 filia
1793 319 2015 362 Tuberonis,
2052 330 2144 365 quae
2168 320 2239 355 fuit
2261 330 2305 355 ne
2331 320 2378 355 tis
2431 330 2434 332 ·

1281 365 1390 400 Servii
1416 364 1582 409 Sulpicii:
1622 367 1658 398 et
1680 363 1760 399 ideo
1785 375 1958 409 proavum
1983 375 2087 400 suum
2113 364 2273 400 Servium
2325 365 2379 400 ul-

1280 410 1412 455 picium
1450 409 1620 454 appellat.
1679 408 1738 443 hic
1776 410 1900 444 consul
1936 410 2006 444 fuit
2042 421 2123 445 cum
2159 409 2333 454 Quartino
2351 412 2379 432 ¹⁵

1280 454 1499 500 temporibus
1525 453 1668 496 Tiberii,
1694 454 1756 488 sed
1779 454 1970 499 plurimum
1993 455 2030 490 in
2055 455 2198 491 civitate
2222 456 2379 491 auctori-

1280 500 1365 535 tatis
1402 500 1530 535 habuit
1561 510 1602 534 eo
1636 509 1678 534 us
1704 509 1768 542 ue,
1806 499 1920 534 donec
1955 511 2034 535 eum
2068 500 2202 536 Caesar
2238 501 2380 536 civitate

1281 548 1323 580 52
1372 545 1530 590 pelleret.
1578 544 1686 589 Expu
1703 554 1762 579 sus
1787 544 1833 579 ab
1859 555 1900 579 οο
1925 545 1962 579 111
1987 545 2206 589 Sardiniam,
2231 556 2378 581 revoca-

1280 594 1338 625 tus
1364 601 1386 625 a
1409 590 1632 635 Vespasiano
1658 589 1750 624 diem
1774 600 1879 625 suum
1903 590 1990 624 obit.
2038 591 2181 627 Nervae
2206 592 2379 627 successit

1280 636 1489 671 Pnocunus.
1537 635 1607 670 fuit
1642 634 1765 670 eodem
1800 638 1962 680 tempore
1997 638 2032 670 et
2071 636 2205 671 NERVA
2236 647 2379 672 mmus:

1281 681 1350 715 fuit
1386 684 1422 715 et
1457 681 1547 716 alius
1571 680 1762 715 Losonms
1796 690 1840 714 ex
1875 680 2032 725 equestri
2067 682 2208 726 quidem
2242 682 2378 724 ordine,

1282 726 1342 771 qui
1365 729 1492 771 postea
1516 725 1562 760 ad
1585 729 1792 770 praeturam
1812 735 1926 771 usque
1946 727 2116 771 pervenit.
2152 727 2214 762 sed
2234 727 2380 763 Proculi

1281 771 1478 806 auctoritas
1514 771 1627 806 maior
1657 769 1744 812 fuit,
1778 781 1863 805 nam
1896 771 2003 805 etiam
2026 771 2217 816 plurimum
2241 773 2378 817 potuit:

1281 816 1522 861 appellatique
1543 820 1628 851 sunt
1674 816 1778 850 artim
1792 815 1964 859 Cassiani,
1977 816 2108 861 partim
2121 817 2327 852 Proculiani
2339 818 2378 860 ¹⁶,

1281 865 1323 897 53
1374 871 1466 906 quae
1481 861 1578 906 origo
1600 871 1622 895 a
1665 861 1810 906 apitone
1824 865 1859 896 et
1870 861 2041 897 Labeone
2062 866 2241 907 coeperat.
2292 862 2379 897 Cas-

1281 907 1333 942 sio
1361 906 1521 942 OAELIUS
1547 906 1706 941 SAans
1731 906 1916 949 successit,
1942 907 2002 952 qui
2025 907 2219 951 plurimum
2241 911 2379 952 tempo-

1280 953 1379 987 ribus
1404 951 1618 997 Vespasiani
1642 952 1777 997 potuit:
1812 952 1967 987 Proculo
1992 952 2172 995 PnoAsus,
2206 953 2267 997 qui
2290 956 2375 988 tem·

1307 998 1427 1032 oribus
1451 997 1665 1042 Vespasiani
1696 996 1901 1042 praefectus
1933 997 2015 1032 urbi
2046 997 2133 1032 fuit:
2169 997 2287 1033 Caelio
2314 998 2377 1032 Sa-

1280 1010 1363 1078 Bino
1382 1043 1539 1078 Pmscus
1559 1043 1792 1078 IAvonmms:
1817 1042 1954 1087 Pegaso
1977 1042 2134 1078 Cnnsns:
2160 1043 2255 1088 patri
2277 1043 2377 1078 Celso

1281 1088 1420 1123 Cnnsus
1441 1098 1563 1123 minis
1585 1091 1621 1123 et
1640 1088 1797 1123 Pmscus
1817 1087 2024 1131 NERArms,
2050 1088 2110 1133 qui
2130 1088 2202 1123 utri
2227 1099 2273 1123 ue
2295 1099 2378 1123 con-

1281 1134 1375 1169 sules
1411 1134 1576 1176 fuerunt,
1614 1133 1737 1169 Celsus
1774 1133 1916 1179 quidem
1952 1137 1987 1168 et
2020 1134 2168 1168 iterum:
2231 1134 2378 1169 avoleno

1280 1179 1404 1214 Prisco
1428 1180 1622 1214 Anmmms
1637 1180 1663 1201 ¹⁷
1686 1178 1835 1214 VALENs
1862 1182 1897 1213 et
1921 1179 2143 1222 Tuscmrms,
2179 1179 2264 1214 item
2288 1178 2380 1214 SAL-

1280 1236 1361 1260 vms
1386 1225 1578 1260 IULIANUS.

1772 1318 1831 1356 111
1844 1317 1882 1356 ¹⁹.

1282 1385 1342 1416 DE
1357 1383 1557 1417 LEGIBUS
1573 1383 1874 1420 SENATUSQUE
1889 1363 2139 1416 CONSULTIS
2152 1383 2215 1416 ET
2227 1383 2379 1417 LONGA

1647 1428 2013 1462 CONSUETUDINE.

1331 1495 1349 1532 1
1378 1495 1627 1531 PAPJNJANUS
1655 1496 1746 1532 libro
1771 1496 1896 1543 primo
1921 1495 2170 1541 definitionum
2216 1496 2294 1532 Lex
2327 1499 2382 1532 est

1282 1551 1469 1577 commune
1500 1545 1752 1587 praeceptum,
1785 1541 1942 1577 virorum
1998 1541 2203 1577 rudentium
2236 1542 2380 1577 consul-

1280 1589 1375 1629 tum,
1409 1586 1621 1621 delictorum
1654 1597 1745 1632 quae
1777 1590 1906 1633 sponte
1929 1597 1971 1622 ve
2007 1587 2210 1631 ignorantia
2235 1590 2380 1623 contra-

1280 1632 1417 1667 huntur
1441 1632 1620 1675 coercitio,
1646 1633 1842 1668 communis
1866 1632 1919 1668 rei
1941 1632 2108 1677 publicae
2131 1633 2289 1678 sponsio.

1329 1675 1353 1714 2
1377 1677 1618 1713 ΙΙΙ-(1101111703
1637 1678 1730 1713 libro
1747 1679 1872 1725 primo
1906 1678 2170 1713 institutionum
2216 1678 2312 1714 Nam
2345 1681 2382 1714 et

1281 1723 1541 1767 Demosthenes
1554 1726 1677 1758 orator
1689 1723 1718 1744 ¹⁹
1741 1725 1793 1759 sic
1815 1722 1957 1758 definit:
1982 1721 2089 1758 τοῦτό
2114 1723 2232 1758 §ovam
2256 1722 2376 1768 νόμος,

1283 1768 1313 1811 ᾧ
1350 1766 1491 1804 πάντας
1534 1763 1798 1813 οἷνθ·ριόπ·ους21
1846 1767 2023 1814 προσήκει
2069 1768 2278 1804 πείθεσθαι
2320 1766 2382 1802 διὰ

1281 1811 1414 1854 πολλά,
1440 1815 1502 1846 καὶ
1525 1811 1680 1857 μάλιστα
1706 1809 1762 1846 ὅτι
1785 1815 1855 1848 πᾶς
1878 1813 1995 1847 ἐστὶ2ῠ
2018 1811 2127 1858 νόμος
2153 1809 2290 1860 εὕρημα
2314 1816 2381 1858 μὲν

1282 1861 1342 1891 καὶ
1374 1855 1497 1903 δῶρον
1524 1858 1666 1900 θεοῦἳῖ,
1704 1856 1820 1906 δόγμα
1853 1856 1894 1892 δὲ
1926 1854 2143 1904 ἀνθρώπων
2174 1862 2369 1906 φρονίμων

1282 1902 1535 1950 ἐπανόρθωμα
1561 1901 1601 1937 δὲ
1623 1905 1701 1937 τῶν
1723 1905 1899 1938 ἑκουσίων
1923 1907 1984 1938 καὶ
2009 1899 2193 1939 ἀκουσίων
2213 1902 2379 1951 ἁμαρτη-

1280 1947 1416 1993 μάτων,
1454 1947 1593 1984 πόλεως
1625 1946 1665 1982 δὲ
1701 1948 1865 1993 συνθήκη
1899 1947 2019 1992 κοινή,
2059 1945 2150 1984 καθ’
2184 1948 2230 1993 ἣν
2265 1947 2381 1985 ἅπασι

1281 1991 1457 2041 προσήκει
1482 1994 1547 2040 ζῇν
1568 1997 1645 2029 τοῖς
1667 1996 1709 2028 ἐν
1729 1997 1773 2041 τῇ
1798 1993 1902 2030 πόλει
1913 1995 1956 2029 ²³.
1994 1995 2058 2031 Sed
2083 1998 2119 2031 et
2141 1995 2379 2041 philosophus

1282 2050 1441 2075 summae
1472 2039 1607 2075 stoicae
1632 2039 1828 2084 sapientiae
1852 2040 2073 2087 Chrysippus
2105 2041 2158 2077 sic
2188 2041 2315 2087 incipit
2337 2041 2379 2076 li·

1281 2086 1359 2128 bro,
1398 2095 1504 2130 quem
1538 2084 1626 2120 fecit
1658 2088 1742 2130 περὶ
1765 2086 1898 2130 νόμους
1931 2084 1950 2120 ὁ
1986 2085 2096 2132 νόμος
2126 2086 2281 2122 πάντων
2303 2089 2380 2121 ἐστὶ

1279 2128 1444 2174 βασιλεὺς
1474 2131 1594 2164 θείων
1615 2143 1656 2164 τε
1680 2133 1741 2164 καὶ
1766 2126 2022 2178 ἀνθρωπίνων
2043 2129 2290 2179 πραγμάτων·
2325 2130 2383 2166 δεῖ

1283 2174 1322 2209 δὲ
1354 2171 1466 2210 αὐτὸν
1494 2175 1707 2222 προστάτην
1737 2189 1779 2210 τε
1811 2176 1905 2230 εἶναι
1936 2179 2014 2210 τῶν
2045 2175 2169 2211 καλῶν
2202 2180 2264 2211 καὶ
2303 2179 2380 2211 τῶν

1283 2221 1442 2267 αἰσχρῶν
1473 2223 1533 2254 καὶ
1566 2219 1723 2267 ἄρχοντα
1756 2223 1817 2254 καὶ
1841 2219 2016 2268 ηγεμόνα,
2053 2225 2114 2256 καὶ
2146 2222 2239 2256 κατὰ
2270 2224 2378 2257 τοῦτο

1281 2265 1418 2300 κανόνα
1448 2278 1490 2300 τε
1521 2265 1614 2300 εἶναι
1644 2267 1800 2301 δικαίων
1831 2270 1893 2300 καὶ
1931 2262 2071 2301 ἀδίκων
2093 2279 2154 2302 και
2176 2269 2253 2301 τῶν
2274 2266 2378 2314 φύσει

1279 2310 1481 2345 πολιτικῶν
1515 2309 1640 2354 ζῴων,
1667 2310 1985 2357 grooo‘cozat‘nm‘ru2⁴
2016 2315 2084 2357 μὲν
2116 2305 2172 2347 ὧν
2193 2316 2375 2355 ποιητέον,

1281 2352 1569 2404 ἇπαγορευτικὸν
1593 2354 1632 2390 δὲ
1656 2357 1709 2390 ὡν
1732 2353 1774 2391 οὗ
1797 2360 1972 2400 ποιητέον
1981 2358 2023 2391 ²⁵.

1325 2399 1350 2439 3
1376 2402 1608 2437 Poupomvs
1637 2402 1728 2438 libro
1761 2403 1952 2438 vicensimo
1978 2403 2104 2448 quinto
2129 2402 2180 2439 ad
2201 2402 2378 2440 Sabinum

1279 2447 1364 2482 Iura
1388 2447 1558 2483 constitui
1582 2450 1733 2492 oportet,
1759 2451 1800 2482 ut
1823 2447 1912 2482 dixit
1936 2447 2221 2493 Theophrastus,
2246 2449 2285 2484 in
2308 2449 2375 2493 his,

1278 2503 1372 2572 quae
1394 2495 1456 2559 2ἐπὶ
1477 2492 1521 2526 τὸ
1543 2491 1716 2527 πλεῖστον
1738 2492 1927 2536 accidunt,
1959 2503 2032 2528 nou
2065 2503 2157 2539 quae
2189 2496 2228 2527 ἐκ
2251 2506 2375 2539 παρα-

1300 2538 1318 2571 ό
1344 2552 1384 2572 ου
1412 2539 1436 2571 ⁶.

1318 2552 1350 2620 {ll
1378 2583 1524 2620 CELSUS
1545 2584 1635 2620 libro
1661 2585 1787 2630 quinto
1811 2584 2034 2638 dayestorum
2080 2584 2140 2622 Ex
2170 2587 2246 2630 his,
2283 2596 2376 2633 quae

1277 2628 1474 2681 forte-uno
1507 2629 1626 2674 aliquo
1661 2640 1747 2665 casu
1780 2630 1945 2667 aceldere
1978 2635 2149 2677 possunt,
2186 2632 2267 2668 iura
2301 2643 2375 2668 non

1278 2677 1544 2709 constituuntur
1553 2688 1561 2709 ε

1323 2718 1347 2756 5
1372 2719 1482 2754 IDEM
1500 2720 1591 2755 libro
1615 2718 1738 2755 XVII
1761 2720 1983 2767 dz'qestorum
2030 2733 2115 2757 nam
2152 2722 2198 2758 ad
2233 2733 2276 2759 ea
2307 2734 2372 2769 po-

1276 2764 1347 2799 tius
1380 2764 1486 2799 debet
1516 2764 1634 2809 aptari
1664 2764 1739 2807 ius,
1773 2776 1866 2818 quae
1890 2771 1926 2802 et
1947 2766 2156 2813 frequenter
2188 2772 2224 2803 et
2254 2768 2373 2811 facile,

1276 2820 1388 2891 quii}
1407 2819 1678 2890 {¹32¹}ssssssssss
1691 2814 2070 2893 101ῑὲ0001,
2119 2857 2165 2892 π,
2184 2857 2254 2907 γὰρ
2274 2854 2373 2898 ἅπαξ

1278 2969 1340 3010 (20)
1367 2979 1466 3000 εστιν
1476 2969 1511 3001 F
1576 2970 1638 3012 (21)
1660 2963 1881 3015 ἀνθρώπους
1890 2984 1948 3005 om.
1964 2972 2044 3006 libri
2053 2973 2280 3007 Demosthenis

1277 3014 1337 3054 (22)
1362 3011 1467 3045 θεῶν
1474 3014 1707 3048 Demosthenes
1755 3017 1817 3058 (23)
1831 3017 1868 3050 id
1876 3024 1923 3050 est
1932 3030 1943 3050 .-
1953 3017 2048 3049 Haec
2058 3017 2112 3050 lex
2121 3021 2181 3058 est,
2191 3018 2247 3050 cui
2256 3029 2370 3051 omnes

1275 3058 1426 3091 homines
1448 3060 1607 3092 convenit
1622 3060 1853 3104 obtemperare
1871 3072 1946 3094 cum
1963 3065 2103 3106 propter
2120 3063 2190 3095 alia
2209 3063 2369 3107 pleraque

1275 3106 1346 3135 tum
1366 3104 1520 3145 maxime,
1543 3105 1632 3147 quod
1652 3106 1761 3138 omnis
1775 3106 1830 3139 lex
1849 3107 2023 3139 inventum
2042 3110 2093 3140 est
2109 3110 2143 3140 et
2159 3108 2283 3141 donum
2304 3109 2368 3149 dei,

1274 3149 1436 3192 placitum
1457 3160 1534 3182 vero
1553 3150 1758 3194 sapientium
1778 3152 1953 3185 hominum
1971 3153 2198 3195 coercitioque
2214 3159 2364 3197 peccato-

1273 3205 1346 3226 rum
1365 3197 1433 3226 tam
1446 3194 1715 3229 voluntariorum
1728 3207 1827 3239 quam
1840 3208 1908 3230 non
1921 3198 2200 3239 voluntariorum,
2216 3199 2366 3231 civitatis

1273 3242 1383 3271 autem
1400 3242 1537 3283 pactum
1558 3251 1742 3286 commune,
1766 3243 1947 3276 secundum
1970 3244 2059 3285 quod
2081 3245 2239 3276 convenit
2255 3244 2367 3276 vivere

1273 3285 1466 3337 quicunque
1483 3285 1519 3318 in
1533 3296 1571 3318 ea
1584 3289 1663 3319 sunt
1761 3289 1822 3330 (24)
1855 3289 1915 3320 καὶ
1941 3285 2097 3332 ἄρχοντα
2122 3290 2183 3321 καὶ
2207 3284 2365 3334 ἡγεμόνα

1270 3330 1348 3362 τῶν
1366 3341 1470 3374 φυσει
1488 3328 1689 3365 πολιτικῶν
1713 3331 1822 3374 ζῴων
1842 3334 1903 3365 καὶ
1923 3331 2016 3366 κατὰ
2035 3334 2144 3366 τοῦτο
2166 3330 2303 3366 κανόνα
2325 3344 2366 3366 τε

1272 3372 1365 3407 εἶναι
1378 3377 1430 3415 (τε
1439 3373 1681 3420 elvatsortasse
1692 3379 1768 3421 del.)
1783 3374 1939 3411 δικαίων
1949 3379 2009 3411 καὶ
2024 3373 2163 3411 ἀδίκων
2174 3379 2235 3410 καὶ
2245 3389 2363 3423 προσ-

1270 3417 1442 3452 τακτικὸν
1451 3421 1602 3455 Her-cher
1747 3424 1810 3465 (26)
1825 3425 1863 3457 id
1873 3431 1938 3457 est:
1951 3424 1988 3456 in
2001 3424 2054 3455 his
2067 3433 2151 3465 quae
2166 3423 2363 3466 plerumque

1270 3464 1439 3506 accidunt,
1459 3476 1526 3498 non
1540 3477 1625 3509 quae
1638 3470 1773 3510 praeter
1786 3469 2053 3512 expectationem
2169 3469 2232 3510 (25)
2259 3469 2296 3501 id
2313 3475 2361 3501 est

1270 3510 1415 3543 admissa
1429 3513 1648 3546 emendatione
1660 3515 1752 3547 modo
1766 3515 1961 3557 proposita.-
1988 3513 2077 3545 libro
2098 3523 2196 3554 quem
2217 3512 2300 3545 fecit
2319 3512 2360 3545 de

1267 3553 1341 3595 lege
1351 3555 1440 3587 :Lex
1449 3559 1500 3588 est
1508 3557 1657 3589 omnium
1670 3559 1789 3600 regina
1799 3569 1909 3591 rerum
1921 3558 2111 3590 divinarum
2121 3557 2361 3590 humanarum-

1268 3609 1340 3640 que.
1359 3603 1493 3642 oportet
1512 3604 1623 3634 autem
1636 3613 1788 3645 praeesse
1802 3614 1873 3635 eam
1886 3606 1953 3635 tam
1968 3603 2065 3634 bonis
2083 3613 2183 3644 quam
2195 3602 2303 3644 malis,
2327 3606 2361 3636 et

1266 3644 1383 3676 ducem
1393 3648 1426 3677 et
1436 3647 1632 3688 magistram
1641 3658 1711 3680 esse
1720 3648 1927 3688 animalium,
1938 3658 2023 3689 quae
2031 3651 2154 3680 natura
2164 3647 2281 3680 civilia.
2289 3658 2360 3681 esse

1265 3688 1383 3730 voluit,
1406 3690 1551 3733 indeque
1571 3702 1722 3725 normam
1745 3704 1813 3725 esse
1834 3693 1918 3724 iusti
1931 3695 1964 3724 et
1981 3692 2113 3732 iniusti,
2135 3702 2221 3734 quae
2242 3692 2360 3726 iubeat

1264 3732 1337 3766 fieri
1357 3734 1522 3776 facienda,
1545 3739 1634 3769 vetet
1650 3737 1721 3769 fieri
1735 3748 1802 3769 non
1823 3737 1978 3769 facienda
2068 3738 2130 3776 (27)
2143 3754 2188 3767 ==
2200 3739 2236 3771 D
2261 3740 2293 3779 5,
2304 3745 2330 3778 4,
2341 3745 2360 3772 8
