2528 3918
162 113 284 156 VIIII
314 115 339 154 4
1239 104 1320 153 134

209 234 260 273 10
283 233 392 270 Imm
410 232 501 269 libro
524 232 716 268 vicensimo
733 231 892 268 secundo
910 231 961 267 ad
977 231 1130 267 edictum
1177 229 1248 265 Sed

160 284 197 318 et
219 291 261 316 eo
285 278 428 315 nomine
450 287 557 323 agere
579 286 662 312 cum
685 276 782 313 socio
806 276 955 322 poterit,
988 275 1085 321 quod
1107 284 1248 311 servum

160 334 383 362 communem
397 322 608 359 deteriorem
619 321 716 365 fecit,
741 321 1037 367 quemadmodum
1057 331 1139 356 cum
1152 330 1247 372 ’quo-

159 370 248 406 libet
278 368 366 411 alio,
399 367 460 413 qui
490 377 566 403 rem
598 376 821 403 communem
851 365 1062 402 deteriorem
1092 364 1245 400 fecisset.

161 419 317 452 ceterum
351 413 382 448 si
416 412 504 448 nihil
536 415 723 458 praeterea
755 414 839 457 post
878 420 994 447 noxae
1036 409 1248 446 deditionem

161 468 346 496 commune
368 457 526 500 habebit,
550 467 616 510 pro
636 456 734 493 socio
754 456 820 500 vel,
845 456 875 492 si
894 456 982 492 socii
1000 465 1072 491 non
1090 454 1247 497 fuerunt,

160 506 198 541 in
219 503 356 540 factum
379 502 435 548 agi
457 505 600 548 potent.

209 547 257 586 11
292 547 488 584 amomum
507 546 598 583 libro
619 547 770 594 septim0
794 545 845 581 ad
866 544 1020 581 edictum
1053 543 1157 580 Bona
1178 543 1249 579 fide

160 594 253 631 servi
283 602 471 639 possessor
494 592 570 628 eius
593 591 735 628 nomine
757 590 844 626 furti
867 590 1010 625 actione
1023 590 1034 610 ¹
1055 588 1248 641 tenebitur,

161 639 325 675 dominus
348 647 422 674 non
443 641 595 673 tenetur.
655 636 718 672 sed
741 644 858 671 noxae
882 633 1042 670 dedendo
1065 644 1139 670 non
1160 633 1250 669 facit

184 684 303 719 uidem
332 682 482 719 actoris:
519 693 600 718 cum
631 685 750 717 autem
784 679 942 725 coeperit
970 679 1079 714 istum
1109 689 1248 715 servum

160 695 325 765 dominus
347 727 540 770 vindicare,
565 726 638 762 doli
661 726 870 771 exceptione
893 723 1174 760 summovebitur
1194 724 1249 759 vel

161 773 281 810 officio
304 772 432 809 iudicis
457 775 705 818 consequetur,
730 775 771 806 ut
792 769 967 805 indemnis
990 773 1145 805 maneat.

211 816 263 856 12
286 817 448 854 Pavws
467 817 558 853 libro
581 820 687 853 sexto
711 815 761 851 ad
782 815 936 851 edictum
983 813 1020 850 Si
1051 814 1148 850 bona
1177 813 1250 849 fide

188 874 350 900 ossessor
372 873 452 899 eum
475 873 634 904 servum,
667 870 770 906 quem
802 860 898 895 bona
928 858 1000 894 fide
1029 858 1248 904 possidebat,

161 875 352 951 dimiserit,
387 918 434 943 ne
468 907 524 952 agi
560 917 639 942 cum
675 916 716 941 eo
749 916 793 940 ex
823 904 945 940 noxali
979 914 1091 940 causa
1123 905 1248 950 possit,

162 954 314 1000 obligari
344 963 425 988 eum
448 953 606 994 actione,
639 961 730 996 quae
754 950 859 985 datur
883 949 1051 985 adversus
1076 959 1157 993 eos,
1190 949 1251 995 qui

162 1009 303 1035 servum
325 998 363 1033 in
386 1001 564 1043 potestate
587 996 744 1031 habeant
767 998 831 1030 aut
862 994 944 1030 dolo
975 994 1145 1037 fecerint,
1178 1005 1249 1039 quo

162 1045 278 1080 minus
308 1043 500 1085 haberent,
533 1042 617 1087 quia
646 1051 711 1087 per
741 1041 810 1076 hoc
837 1040 956 1075 adhuc
986 1039 1170 1085 possidere
1199 1040 1250 1075 vi-

161 1089 299 1125 dentur.

210 1131 260 1172 13
290 1133 412 1170 Gaws
440 1132 530 1168 libro
564 1131 668 1166 tertio
693 1130 830 1166 decimo
854 1129 905 1165 ad
925 1129 1080 1165 edictum
1096 1130 1250 1176 provin-

161 1179 253 1216 ciale
296 1177 380 1214 Non
419 1177 534 1212 solum
565 1175 734 1211 adversus
766 1175 863 1210 bona
893 1173 965 1210 fide
995 1184 1250 1227 possessorem,

161 1224 225 1261 sed
244 1223 351 1259 etiam
370 1222 539 1258 adversus
559 1231 619 1256 eos
640 1220 701 1266 qui
719 1220 814 1255 mala
832 1219 903 1255 fide
913 1219 1099 1265 possident
1110 1220 1250 1255 noxalis

161 1269 255 1305 actio
280 1268 402 1303 datur:
435 1277 519 1302 nam
551 1269 587 1301 et
617 1265 813 1301 absurdum
842 1264 984 1300 videtur
1015 1275 1076 1300 eos
1109 1264 1251 1310 quidem

185 1314 222 1349 ui
244 1314 340 1349 bona
370 1311 440 1347 fide
470 1310 695 1357 possiderent
726 1311 889 1356 excipere
919 1310 1113 1353 actionem,
1146 1320 1249 1355 prae-

186 1369 271 1395 ones
296 1368 377 1393 vero
403 1367 546 1392 securos
571 1366 659 1391 esse.

210 1402 261 1440 14
294 1402 489 1454 &1²14st
516 1402 607 1453 libro
631 1404 756 1436 octavo
781 1399 920 1453 decimo
942 1400 992 1435 ad
1013 1399 1167 1452 edictum
1213 1399 1252 1435 Si

161 1445 1251 1542 ‘simis”uffouffnssx“Sffiffffstuffassnnissicifflffdffiffigz’eisess

160 1538 286 1580 habet,
318 1537 402 1583 quia
433 1537 596 1572 omnibus
621 1535 749 1571 dedere
773 1546 846 1570 non
869 1539 1008 1581 potest,
1040 1535 1111 1570 htis
1143 1536 1250 1571 aesti-

160 1583 351 1618 mationem
368 1581 496 1617 offerre
514 1582 582 1624 his,
608 1581 737 1626 quibus
758 1580 888 1616 dedere
907 1591 980 1616 non
998 1584 1129 1626 potest.
1167 1580 1251 1626 quid

162 1639 243 1674 ergo
269 1631 333 1669 est,
358 1627 389 1662 si
411 1636 434 1662 a
456 1626 617 1672 pluribus
643 1625 900 1661 conveniatur?
936 1625 966 1661 si
991 1625 1132 1671 quidem
1155 1636 1249 1661 unus

161 1673 368 1718 occupavit,
400 1682 447 1707 an
470 1671 595 1707 melior
618 1671 665 1706 sit
689 1670 871 1713 condicio,
895 1674 937 1706 ut
959 1670 1029 1716 ipsi
1052 1671 1118 1706 soli
1142 1670 1250 1707 deda-

160 1717 245 1754 tur?
287 1727 334 1752 an
363 1726 447 1752 vero
479 1717 534 1752 vel
566 1716 730 1752 omnibus
764 1715 845 1751 dedi
877 1715 1008 1751 debeat
1038 1716 1095 1751 vel
1127 1726 1251 1752 cavere

161 1763 292 1799 debeat
322 1761 470 1797 defensu
499 1762 544 1797 iri
574 1761 745 1797 adversus
777 1761 940 1796 ceteros?
982 1764 1019 1796 et
1048 1761 1165 1796 verius
1197 1764 1252 1796 est

161 1807 371 1853 occupantis
393 1807 574 1842 meliorem
597 1816 675 1842 esse
699 1805 955 1842 condicionem.
994 1806 1026 1841 ei
1047 1806 1170 1851 itaque
1189 1806 1250 1842 de-

161 1853 266 1889 detur
290 1863 363 1888 non
387 1852 447 1897 qui
470 1852 570 1897 prior
593 1852 681 1897 egit,
713 1851 778 1886 sed
809 1851 870 1896 qui
900 1851 999 1896 prior
1030 1850 1077 1886 ad
1107 1854 1249 1886 senten-

159 1898 247 1933 tiam
265 1898 441 1943 pervenit:
466 1900 502 1932 et
519 1896 600 1932 ideo
622 1897 665 1939 ei,
690 1896 751 1942 qui
770 1899 897 1941 postea
915 1896 1049 1939 vicerit,
1073 1897 1251 1932 actionem

163 1947 179 1978 1
230 1942 396 1988 denegari
418 1942 576 1977 iudicati.
625 1941 695 1977 Sed
720 1945 755 1976 et
778 1941 809 1976 si
832 1941 1020 1976 statuliber
1042 1942 1089 1976 sit
1113 1945 1148 1976 et
1167 1945 1251 1977 ante

161 1987 374 2024 deditionem
406 1987 582 2023 exstiterit
614 1986 777 2022 condicio
808 1986 864 2022 vel
886 1985 1185 2022 fideicommissa2
1207 1986 1249 2022 li-

160 2033 281 2069 bertas
313 2032 420 2068 fuerit
451 2036 534 2067 ante
565 2031 740 2077 praestita
763 2031 818 2067 vel
841 2031 1017 2067 existente
1041 2032 1251 2067 condicione

160 2078 268 2124 legati
303 2077 495 2113 dominium
529 2076 639 2113 fuerit
670 2076 903 2119 translatum,
939 2076 1087 2111 arbitrio
1123 2077 1249 2112 iudicis

161 2123 296 2159 absolvi
316 2133 396 2158 eum
415 2126 574 2167 oportet:
596 2127 632 2157 et
649 2121 759 2157 officii
778 2121 907 2156 iudicis
926 2121 996 2156 hoc
1016 2132 1086 2167 quo
1112 2132 1158 2157 ue
1170 2122 1247 2164 erit,

160 2172 202 2204 ut
233 2172 401 2204 caveatur
431 2168 462 2203 ei
493 2168 551 2203 cui
582 2166 724 2203 deditur
754 2166 801 2202 ob
833 2166 1042 2202 evictionem
1074 2177 1095 2202 o

159 2213 295 2249 factum
319 2223 386 2248 con
405 2212 413 2220 ”
463 2216 591 2247 entem.

210 2257 259 2295 15
288 2257 412 2294 (ἔωσε
426 2257 519 2294 labro
537 2260 642 2293 sexto
656 2256 707 2292 ad
716 2256 870 2292 edictum
877 2256 1106 2303 provinciale
1138 2255 1248 2291 Prae-

160 2307 218 2339 tor
249 2302 440 2338 decernere
470 2301 578 2338 debet
607 2301 879 2337 translationem
908 2301 1032 2336 iudicii
1060 2301 1099 2336 in
1133 2304 1247 2336 statu-

161 2348 310 2384 liberum
340 2347 436 2383 fieri:
469 2347 500 2383 si
529 2357 614 2383 vero
637 2347 689 2382 rei
711 2346 924 2381 iudicandae
946 2349 1108 2391 tempore
1131 2346 1248 2381 adhuc

160 2393 198 2429 in
222 2402 394 2446 suspenso
419 2392 466 2428 sit
495 2395 633 2428 statuta
661 2392 827 2434 libertas,
860 2390 1014 2427 Sabinus
1046 2394 1082 2427 et
1104 2390 1247 2426 Cassius

161 2438 303 2474 liberari
325 2437 491 2473 heredem
514 2441 645 2483 putant
666 2436 840 2472 tradendo
866 2446 1024 2479 servum,
1056 2436 1141 2482 quia
1170 2439 1248 2472 toto

163 2493 228 2519 suo
252 2483 329 2518 iure
353 2482 514 2518 cederet:
540 2482 636 2528 quod
659 2485 696 2518 et
717 2491 839 2517 verum
864 2484 929 2517 est.

211 2525 261 2565 16
285 2527 478 2563 lamnas
505 2528 596 2564 libro
627 2527 818 2563 vicensimo
848 2526 1004 2562 secundo
1029 2526 1247 2579 diqestorum

164 2572 202 2607 Si
223 2573 327 2608 heres
351 2572 432 2608 dolo
456 2573 549 2608 malo
573 2572 708 2615 fecerit,
733 2582 779 2607 ne
802 2571 1051 2607 statuliberum
1070 2582 1108 2606 ιιι
1128 2574 1248 2616 potes·-

162 2621 238 2652 tate
260 2618 417 2659 haberet,
443 2621 478 2652 et
500 2622 648 2663 propter
669 2617 739 2653 hoc
763 2616 933 2652 iudicium
956 2617 1033 2652 sine
1056 2626 1171 2651 noxae
1188 2616 1248 2651 de-

164 2661 296 2697 ditione
315 2662 510 2707 acceperit:
534 2667 570 2698 et
588 2662 734 2715 impleta
755 2661 964 2697 condicione
976 2664 1132 2696 statutae
1141 2662 1248 2696 liber·

163 2706 247 2742 tatis
271 2706 498 2742 condemnari
529 2707 690 2750 debebit,
722 2706 827 2742 sicuti
858 2709 998 2743 mortuo
1030 2716 1132 2742 servo
1163 2717 1248 2742 con-

164 2750 401 2787 demnaretur.

214 2794 264 2832 17
298 2795 353 2831 ΡΑ
362 2805 457 2831 Ubus
483 2795 574 2831 libro
605 2796 796 2832 vicensimo
827 2796 985 2832 secundo
1016 2795 1066 2832 ad
1095 2795 1247 2832 edictum

165 2840 203 2876 Si
227 2851 271 2876 ex
295 2840 434 2875 duobus
458 2839 608 2876 dominis
631 2851 703 2877 uno
735 2842 887 2884 sciente,
921 2841 1033 2876 altero
1065 2842 1250 2886 ignorante

164 2895 287 2921 servus
320 2885 507 2930 deliquit³,
543 2886 573 2920 si
604 2890 688 2921 ante
720 2897 801 2922 cum
831 2887 943 2922 altero
977 2886 1038 2932 qui
1067 2886 1250 2922 nesciebat

165 2934 285 2966 actum
320 2930 366 2965 sit
398 2934 435 2965 et
464 2940 578 2965 noxae
609 2930 782 2966 dediderit
812 2941 969 2974 servum,
1005 2931 1164 2977 iniquum
1196 2935 1250 2967 est

164 2974 322 3011 vilissimi
344 2975 496 3010 hominis
521 2974 700 3010 deditione
730 2976 882 3012 alterum
913 2986 1056 3022 quoque
1085 2976 1247 3012 liberari:

164 3020 272 3066 igitur
294 3023 420 3065 agetur
443 3023 478 3054 et
502 3029 582 3054 cum
606 3021 736 3063 altero,
769 3025 806 3056 et
837 3021 867 3057 si
898 3021 984 3067 quid
1015 3021 1165 3066 amplius
1197 3026 1250 3057 est

163 3064 202 3100 in
225 3064 344 3100 damni
366 3064 622 3109 persecutione,
647 3070 884 3111 consequetur
907 3070 1112 3111 computato
1161 3066 1249 3102 retio

164 3109 316 3145 hominis
340 3119 456 3144 noxae
479 3108 598 3143 dediti.
633 3109 701 3154 ipsi
724 3114 843 3146 tamen
865 3111 959 3146 inter
983 3121 1022 3146 se
1044 3111 1096 3146 sic
1145 3111 1250 3147 ebent

164 3163 317 3200 pensare
341 3153 518 3190 communi
537 3153 726 3190 dividundo
747 3156 928 3198 iudicium,
951 3159 1003 3198 ut,
1028 3156 1082 3191 si⁴
1100 3155 1160 3191 ille
1179 3166 1249 3201 quo

164 3199 300 3235 sciente
321 3198 408 3234 fecit
429 3198 655 3243 praestiterit,
680 3211 750 3234 non
770 3202 881 3236 totius
901 3204 1040 3246 partem
1058 3200 1162 3242 ferat,
1187 3200 1250 3236 sed

164 3248 303 3290 partem
326 3243 414 3286 eius,
439 3243 563 3288 quanti
586 3253 705 3278 servus
731 3249 802 3279 est:
828 3246 879 3281 sic
902 3250 938 3281 et
957 3245 987 3281 si
1006 3245 1096 3281 alter
1114 3245 1251 3291 aliquid

164 3289 392 3334 praestiterit,
417 3288 491 3323 eius
515 3291 650 3332 partem
674 3288 761 3324 fieri.
797 3290 884 3325 illud
906 3291 1066 3343 iniquum
1085 3293 1140 3326 est
1159 3300 1250 3332 eum,

165 3334 227 3379 qui
248 3333 351 3369 iussit
382 3342 520 3369 servum
551 3332 690 3374 facere,
724 3335 892 3380 consequi
923 3334 1057 3380 ahquid
1087 3344 1110 3370 a
1141 3335 1251 3378 socio,

168 3382 183 3413 1
233 3388 315 3414 cum
338 3388 383 3414 ex
405 3387 471 3413 suo
495 3376 623 3412 delicto
648 3377 815 3413 damnum
845 3380 1015 3424 patiatur.
1063 3379 1101 3415 Si
1124 3380 1252 3432 plures

165 3423 322 3459 eiusdem
352 3422 443 3459 servi
474 3422 615 3457 nomine
638 3423 758 3457 noxali
782 3434 918 3459 mecum
941 3435 1045 3470 agere
1067 3425 1176 3460 velint
1197 3425 1253 3460 vel

165 3468 197 3503 si
219 3478 313 3504 unus
335 3467 497 3513 pluribus
520 3466 661 3502 iudiciis
686 3467 841 3503 eiusdem
865 3470 956 3504 servi
986 3470 1127 3505 nomine

165 3513 203 3548 in
226 3523 296 3559 quo
319 3522 406 3548 usus
429 3510 569 3547 fructus
588 3515 685 3554 tuus,
709 3513 908 3557 proprietas
928 3524 1008 3549 mea
1026 3514 1073 3550 sit
1081 3515 1106 3557 ⁸,
1131 3513 1171 3550 of
1196 3514 1251 3550 cio

1145 2177 1250 2202 suum

165 3625 207 3665 (ι)
231 3624 321 3657 actio
333 3624 368 3657 F
431 3625 475 3667 (2)
501 3623 552 3657 vel
564 3624 821 3657 fideicommissa
833 3624 871 3664 S,
886 3635 947 3667 per
958 3626 1246 3659 fideicommissam

168 3669 200 3701 F·
262 3670 305 3711 (3)
329 3669 499 3712 delinquit
510 3669 545 3702 F·
608 3670 652 3712 (4)
675 3669 705 3702 εἰ
719 3680 778 3703 om.
790 3669 826 3702 F
889 3670 932 3710 (5)
957 3670 986 3702 si
999 3671 1033 3704 F'
1084 3673 1130 3713 (6)
1153 3670 1253 3704 litiF’

165 3718 176 3746 ‹
181 3716 210 3751 ¹1)
235 3716 329 3746 tutus
341 3714 407 3747 eris
419 3727 482 3748 scr.
607 3716 654 3757 (8)
677 3713 843 3747 liberatur
854 3713 912 3748 1⁹²
1036 3717 1081 3757 (9)
1105 3716 1246 3749 offeren-

1314 3625 1389 3660 dam
1402 3626 1475 3659 edd.

2058 120 2121 152 DE
2149 121 2405 156 sommus

1316 228 1443 266 iudicis
1464 229 1717 273 continebitur,
1742 241 1825 267 cum
1844 240 1923 266 eum
1942 241 2057 267 noxae
2079 230 2220 274 dedero,
2241 236 2281 267 ut
2300 233 2406 269 etiam

1316 285 1420 310 usum
1441 273 1602 310 fructum
1625 276 1756 311 actoris
1779 276 1929 311 faciam:
1963 275 2027 311 sed
2055 286 2122 328 per
2143 280 2346 322 praetorem
2369 278 2406 314 id

1317 328 1518 364 consequar
1552 329 1619 365 ego
1654 319 1817 356 dominus
1853 321 2103 366 proprietatis,
2137 324 2179 356 ut
2208 325 2272 357 aut
2303 327 2407 368 cogat

1316 367 1461 444 Braetor
1482 367 1520 400 te
1542 374 1610 410 pro
1634 365 1880 401 aestimatione
1902 376 1990 401 usus
2012 365 2151 401 fructus
2175 366 2337 403 conferre
2360 368 2407 404 ad

1332 409 1414 445 'tis⁶
1437 409 1721 446 aestimationem
1751 414 1815 446 aut
1845 421 1914 446 usu
1945 409 2067 446 fructu
2097 410 2245 454 cedere,
2275 411 2308 447 si
2336 412 2406 448 hoc

1318 453 1493 534 expediat.
1530 457 1567 490 et
1589 454 1621 490 si
1643 464 1706 500 ego
1731 455 1895 491 dominus
1919 455 2146 508 proprietatis
2167 465 2248 491 eum
2268 467 2405 494 servum

1317 509 1363 534 no
1378 498 1416 534 ui
1446 498 1655 542 defendere,
1687 500 1845 536 defensio
1867 500 1933 535 tib1
1951 500 2192 546 ‘permittenda
2214 504 2286 544 est,
2318 507 2354 537 et
2376 501 2406 536 si

1318 544 1507 580 damnatus
1530 544 1711 580 hominem
1732 545 1868 588 tradas,
1893 549 1930 580 et
1952 546 2121 581 adversus
2145 556 2202 581 me
2224 546 2336 582 tueris
2346 548 2371 582 ⁷.

1367 586 1417 626 18
1443 588 1674 625 Poupomvs
1701 590 1793 626 libro
1825 594 1952 626 octavo
1985 590 2122 626 decimo
2154 591 2204 626 ad
2233 590 2407 627 Sabinum

1317 634 1352 670 Is
1377 634 1438 680 qui
1460 645 1567 670 usum
1588 633 1745 670 fructum
1759 635 1796 670 in
1814 645 1914 671 servo
1936 635 2056 678 habet,
2076 635 2224 681 perinde
2243 646 2324 671 cum
2343 636 2408 672 do·

1317 678 1412 715 mino
1448 679 1559 715 habet
1590 680 1767 716 actionem
1796 679 1904 722 furti,
1936 684 2045 725 atque
2075 680 2105 715 si
2138 680 2286 733 quilibet
2316 681 2407 716 alius

1319 728 1430 760 esset:
1456 724 1520 760 sed
1541 735 1623 760 cum
1635 735 1677 761 eo
1699 736 1772 761 non
1792 729 1857 767 est,
1879 725 2038 770 quamvis
2059 729 2191 760 serviat
2210 725 2252 768 ei,
2274 730 2310 761 et
2327 727 2407 762 ideo

1319 769 1482 805 dominus
1491 769 1681 805 damnatus
1689 769 1886 806 fructuario
1897 780 2011 805 noxae
2019 769 2152 806 dedens
2163 770 2372 807 liberabitur
2382 772 2406 806 ⁸.

1368 812 1419 852 19
1450 814 1612 858 PAULUS
1640 815 1731 851 libro
1763 816 1954 851 vicensimo
1984 815 2142 851 secundo
2175 815 2226 851 ad
2255 815 2407 852 edictum

1319 859 1357 894 Si
1381 860 1419 895 in
1441 869 1482 895 re
1506 860 1685 895 communi
1707 870 1787 895 mea
1810 863 1846 895 et
1867 864 1932 895 tua
1956 859 2123 895 damnum
2146 861 2249 896 nobis
2273 861 2410 896 dederit

1319 905 1405 940 Titii
1427 915 1568 948 servus,
1593 905 1624 940 si
1648 915 1729 941 cum
1753 915 1794 940 eo
1820 915 1981 950 agemus,
2015 905 2081 940 erit
2104 905 2222 941 noxali
2246 906 2410 952 Aquiliae

1319 950 1453 986 actioni
1474 949 1588 993 locus,
1613 960 1658 985 ne
1681 950 1870 985 damnatus
1893 950 1931 985 in
1955 950 2106 985 solidum
2127 950 2273 996 singulis
2294 961 2409 987 noxae

1321 994 1451 1031 dedere
1481 998 1641 1040 cogatur.
1678 995 1740 1031 sed
1768 999 1890 1048 potest
1921 994 2008 1037 dici,
2042 995 2144 1040 quasi
2173 996 2278 1031 unius
2310 996 2408 1031 dam·

1319 1051 1405 1075 num
1437 1040 1483 1075 sit
1524 1044 1559 1075 et
1597 1051 1670 1075 una
1705 1040 1892 1085 obhgatio‚
1930 1043 1994 1075 aut
2027 1041 2187 1086 utrisque
2221 1042 2409 1086 pecuniam

1319 1084 1582 1121 sufferendam⁹
1605 1089 1669 1120 aut
1691 1085 1811 1121 officio
1835 1085 1962 1120 iudicis
1987 1085 2090 1121 simul
2112 1086 2272 1131 utrisque
2295 1096 2410 1122 noxae

1321 1130 1538 1166 dedendum:
1580 1130 1642 1166 sed
1674 1134 1710 1166 et
1741 1131 1771 1166 si
1804 1131 1967 1166 alterutri
1997 1134 2158 1166 nostrum
2189 1131 2227 1166 in
2259 1131 2409 1166 solidum

1320 1186 1436 1211 noxae
1467 1175 1607 1211 deditus
1638 1175 1748 1211 fuerit
1777 1179 1813 1210 et
1844 1176 1889 1211 ob
1922 1175 1960 1210 id
1993 1176 2038 1210 ab
2070 1180 2223 1221 utroque
2247 1176 2410 1211 dominus

1320 1221 1367 1256 sit
1390 1221 1595 1263 absolutus,
1627 1225 1723 1256 recte
1748 1220 1879 1256 dicitur
1902 1231 2001 1263 eum,
2035 1220 2093 1256 cui
2124 1231 2240 1256 noxae
2271 1221 2410 1257 deditus

1320 1266 1377 1309 sit,
1402 1266 1506 1301 alteri
1528 1266 1642 1301 teneri
1665 1266 1844 1301 communi
1868 1265 2058 1301 dividundo
2082 1265 2224 1308 iudicio,
2249 1269 2290 1301 ut
2314 1276 2409 1302 com·

1320 1311 1478 1346 municet
1511 1321 1650 1346 servum
1684 1321 1799 1346 noxae
1830 1311 1898 1347 sibi
1930 1311 2106 1352 deditum,
2143 1321 2225 1346 cum
2259 1311 2305 1346 ob
2336 1322 2410 1347 rem

1323 1359 1338 1391 1
1389 1366 1611 1391 communem
1624 1355 1757 1401 aliquid
1777 1356 1823 1391 ad
1843 1356 1979 1391 socium
2026 1356 2210 1391 ervenerit.
2249 1355 2288 1391 Si
2307 1356 2410 1399 servi,

1318 1401 1355 1436 in
1379 1412 1449 1446 quo
1473 1412 1560 1438 usus
1584 1401 1724 1436 fructus
1748 1401 1885 1436 alienus
1909 1405 1973 1444 est,
2023 1401 2161 1437 ominus
2180 1401 2410 1447 proprietatis

1320 1456 1448 1491 operas
1474 1446 1695 1488 conduxerit,
1719 1446 1828 1481 verba
1852 1445 2021 1489 efficiunt,
2045 1450 2087 1481 ut
2111 1457 2191 1482 cum
2215 1456 2331 1481 noxae
2349 1446 2409 1482 de-

1321 1494 1340 1526 2
1389 1491 1523 1527 ditione
1558 1491 1757 1526 damnetur.
1806 1491 1844 1526 Si
1882 1502 2004 1526 servus
2035 1495 2118 1527 tuus
2149 1501 2276 1526 navem
2309 1502 2408 1527 exer-

1321 1536 1434 1571 cuerit
1458 1537 1605 1582 eiusque
1627 1536 1779 1577 vicarius
1804 1540 1840 1572 et
1861 1536 1956 1572 idem
1978 1539 2091 1571 nauta
2113 1536 2150 1571 in
2174 1536 2296 1571 eadem
2320 1546 2411 1572 nave

1320 1582 1487 1616 damnum
1510 1581 1658 1624 dederit,
1682 1581 1829 1626 perinde
1852 1582 1889 1617 in
1912 1585 1949 1616 te
1973 1582 2067 1617 actio
2093 1580 2211 1616 danda
2235 1585 2290 1617 est
2313 1592 2355 1617 ac
2380 1581 2410 1617 si

1319 1627 1348 1661 is
1381 1627 1555 1662 exercitor
1583 1627 1674 1662 liber
1705 1630 1741 1662 et
1770 1626 1829 1661 hic
1860 1627 2015 1662 vicarius
2046 1636 2168 1662 servus
2200 1626 2273 1662 eius
2305 1631 2409 1669 esset,

1319 1675 1359 1707 ut
1390 1671 1435 1706 de
1465 1671 1606 1724 peculio
1631 1671 1724 1707 servi
1747 1672 1799 1707 tui
1823 1671 1870 1706 ad
1894 1682 2025 1707 noxam
2038 1673 2066 1693 ¹⁰
2089 1671 2218 1707 dedere
2239 1672 2409 1707 vicarium

1320 1716 1515 1752 damneris:
1542 1720 1583 1751 ut
1605 1720 1744 1759 tamen,
1770 1717 1800 1752 si
1824 1717 1917 1751 servi
1939 1716 1993 1752 tui
2015 1716 2117 1752 iussu
2138 1716 2194 1752 vel
2217 1716 2351 1752 sciente
2375 1721 2411 1752 et

1319 1762 1478 1807 patiente
1502 1772 1544 1797 eo
1569 1761 1737 1796 damnum
1768 1762 1922 1797 vicarius
1955 1761 2111 1804 dederit,
2143 1762 2282 1797 noxalis
2314 1762 2408 1797 actio

1320 1807 1412 1842 servi
1442 1807 1496 1842 tui
1526 1807 1668 1842 nomine
1700 1817 1778 1842 esse
1810 1806 1949 1842 debeat.
1984 1806 2148 1851 idemque
2180 1807 2265 1842 sit¹¹
2290 1807 2409 1849 etiam,

1320 1852 1349 1887 si
1374 1855 1520 1886 nautam
1543 1851 1664 1887 facere
1686 1851 1840 1887 iusserit.

1365 1894 1418 1934 20
1455 1896 1579 1932 (ἔωσε
1614 1897 1704 1932 libro
1742 1898 1894 1943 septimo
1925 1895 1976 1931 ad
2003 1896 2157 1932 edictum
2181 1897 2411 1942 provinciale

1320 1941 1387 1986 Qui
1418 1951 1461 1976 ex
1492 1941 1655 1987 pluribus
1679 1942 1782 1977 noxis
1807 1940 1952 1977 diversis
1976 1941 2195 1986 temporibus
2219 1941 2409 1987 experitur,

1320 1997 1363 2022 ex
1392 1997 1466 2022 una
1496 1987 1604 2022 noxia
1633 1987 1726 2022 servi
1758 1986 1951 2022 dominium
1981 1990 2135 2022 nanctus
2167 1986 2302 2021 nullam
2334 1996 2409 2022 am-

1318 2032 1411 2077 plius
1432 2032 1609 2068 actionem
1628 2031 1738 2067 habet
1756 2031 1925 2067 adversus
1945 2041 2036 2074 eum,
2061 2031 2122 2077 qui
2145 2030 2308 2067 dominus
2331 2030 2409 2067 fue-

1318 2081 1394 2120 rat,
1428 2087 1509 2112 cum
1540 2077 1635 2112 actio
1660 2077 1799 2112 noxalis
1824 2087 1867 2112 ca
1893 2080 1933 2111 ut
1957 2081 2128 2122 sequatur
2141 2076 2187 2111 ¹²:
2219 2081 2258 2111 at
2281 2076 2311 2111 si
2333 2086 2409 2111 ma·

1318 2122 1384 2157 luit
1403 2121 1567 2157 dominus
1585 2122 1697 2167 priori
1714 2122 1845 2157 iudicio
1880 2122 1936 2156 'tis
1956 2121 2236 2157 aestimationem
2249 2120 2409 2164 sufferre,

1318 2167 1374 2202 vel
1398 2167 1510 2202 eidem
1533 2167 1589 2202 vel
1612 2167 1672 2202 alii
1697 2176 1739 2202 ex
1763 2167 1833 2202 alio
1857 2166 2030 2202 maleficio
2055 2166 2173 2211 agenti
2203 2166 2312 2202 nihilo
2345 2166 2408 2201 mi-

1319 2222 1386 2247 nus
1410 2215 1561 2247 tenetur.

1365 2255 1415 2294 21
1450 2256 1646 2293 ULPIANUS
1674 2256 1766 2292 libro
1804 2256 1995 2292 vicensimo
2032 2257 2136 2291 tertio
2171 2255 2223 2291 ad
2254 2256 2406 2292 edictum

1319 2302 1490 2346 Quotiens
1510 2301 1673 2337 dominus
1694 2311 1738 2336 ex
1757 2301 1878 2336 noxali
1898 2311 2008 2336 causa
2029 2300 2248 2343 convenitur,
2270 2301 2300 2336 si
2320 2301 2408 2336 nolit

1318 2347 1501 2392 suscipere
1531 2346 1720 2389 iudicium,
1752 2346 1790 2380 in
1821 2356 1864 2381 ea
1887 2355 1999 2381 causa
2020 2355 2078 2381 res
2103 2349 2175 2388 est,
2207 2349 2249 2380 ut
2281 2345 2409 2381 debeat

1317 2401 1433 2427 noxae
1457 2391 1586 2427 dedere
1609 2401 1700 2434 eum,
1726 2391 1828 2426 euius
1851 2390 1994 2426 nomine
2013 2390 2183 2426 iudicium
2201 2400 2275 2426 non
2295 2391 2407 2426 susci·

1316 2437 1432 2482 pitur:
1466 2439 1530 2471 aut
1552 2436 1582 2472 si
1603 2436 1642 2471 id
1664 2446 1736 2472 non
1758 2435 1887 2478 faciat,
1912 2435 2081 2471 iudicium
2104 2435 2273 2480 suscipiet
2295 2436 2407 2471 omni·

1317 2481 1443 2524 modo,
1479 2481 1544 2517 sed
1577 2491 1651 2516 non
1686 2481 1775 2516 alias
1811 2481 2124 2523 condemnabitur,
2161 2490 2268 2525 quam
2304 2480 2335 2516 si
2370 2481 2406 2515 in

1318 2529 1498 2572 potestate
1520 2526 1655 2561 habeat
1678 2526 1804 2561 dolove
1826 2526 1920 2561 malo
1943 2525 2081 2567 fecerit,
2107 2536 2177 2571 quo
2200 2525 2318 2561 minus
2340 2525 2405 2560 ha-

1323 2575 1335 2607 l
1385 2572 1496 2607 beret.
1543 2571 1632 2614 Eos,
1677 2581 1804 2606 uorum
1824 2571 1965 2607 nomine
1988 2570 2110 2606 noxali
2126 2570 2257 2606 iudicio
2277 2570 2406 2616 agitur,

1319 2617 1425 2652 etiam
1456 2616 1622 2652 absentes
1683 2615 1802 2651 efendi
1831 2626 1938 2661 posse
1968 2615 2123 2661 placuit,
2159 2615 2222 2650 sed
2255 2615 2325 2651 hoc
2355 2616 2407 2650 ita

1318 2662 1476 2705 demum,
1512 2662 1542 2697 si
1572 2660 1709 2707 proprii
1739 2661 1811 2696 sint
1834 2661 1943 2696 servi:
1977 2670 2060 2695 nam
2091 2660 2122 2695 si
2152 2659 2277 2699 alieni,
2300 2670 2405 2706 prae-

1317 2710 1438 2743 sentes
1462 2716 1541 2742 esse
1564 2709 1724 2752 oportet,
1756 2709 1820 2741 aut
1843 2706 1873 2741 si
1896 2705 2096 2747 dubitetur,
2128 2708 2248 2740 utrum
2271 2705 2406 2750 proprii

1317 2752 1389 2787 sint
1411 2762 1458 2787 an
1481 2751 1597 2788 alieni.
1657 2751 1730 2787 uod
1747 2751 1800 2786 ita
1818 2753 1906 2796 puto
1928 2749 2184 2795 accipiendum,
2208 2753 2250 2784 ut
2268 2750 2299 2785 si
2320 2760 2404 2785 con-

1318 2800 1389 2832 stet
1418 2796 1474 2832 vel
1496 2797 1594 2832 bona
1617 2796 1644 2831 fi
1669 2806 1689 2831 e
1702 2797 1731 2818 ¹³
1753 2796 1902 2838 servire,
1934 2795 2041 2830 etiam
2074 2795 2241 2830 absentes
2266 2795 2405 2840 possint

1319 2845 1339 2877 2
1386 2841 1540 2877 defendi.
1598 2841 1751 2877 Praetor
1790 2841 1857 2875 ait:
1902 2839 1959 2875 ‘Si
1995 2840 2026 2875 is
2065 2839 2104 2874 in
2143 2839 2245 2875 cuius
2284 2843 2404 2885 potes-

1319 2890 1406 2922 ‘tate
1437 2896 1516 2923 esse
1546 2886 1686 2922 dicetur
1714 2885 1858 2930 negabit
1887 2894 1926 2920 se
1955 2884 1993 2919 in
2023 2894 2091 2919 sua
2120 2887 2299 2930 potestate
2329 2895 2404 2920 ser-

1319 2935 1412 2967 ‘vum
1434 2932 1585 2967 haberet
1607 2934 1728 2966 utrum
1755 2934 1857 2966 actor
1881 2929 1986 2972 volet,
2014 2929 2070 2965 vel
2093 2929 2252 2965 deierare
2274 2929 2403 2965 iubebo

1319 2977 1368 3012 ‘in
1390 2978 1571 3022 potestate
1593 2985 1661 3012 sua
1682 2985 1756 3011 non
1786 2984 1866 3011 esse
1895 2984 2012 3027 neque
2043 2984 2082 3010 se
2113 2974 2195 3010 dolo
2226 2974 2320 3010 malo
2350 2973 2403 3009 fe-

1318 3021 1433 3064 ‘cisse‚
1458 3031 1527 3073 quo
1551 3021 1668 3056 minus
1688 3023 1793 3062 esset,
1817 3019 1873 3055 vel
1891 3019 2060 3054 iudicium
2079 3019 2172 3055 dabo
2193 3019 2270 3054 sine
2288 3029 2404 3055 noxae

1319 3069 1338 3102 3
1386 3065 1602 3101 ‘deditione'
1649 3065 1703 3100 ‘In
1733 3065 1922 3110 potestate’
1947 3064 1998 3099 sic
2030 3064 2108 3099 acci
2134 3074 2193 3099 ere
2222 3063 2402 3105 debemus,

1318 3114 1359 3146 ut
1388 3110 1598 3146 facultatem
1628 3113 1665 3146 et
1694 3112 1908 3155 potestatem
1938 3109 2090 3144 exhiben
2152 3109 2227 3144 eius
2250 3109 2400 3144 habeat:

1319 3159 1475 3191 ceterum
1499 3155 1529 3190 si
1551 3155 1588 3190 in
1610 3154 1697 3200 fuga
1715 3155 1763 3190 sit
1778 3153 1835 3190 vel
1851 3164 2010 3199 peregre,
2034 3164 2107 3189 non
2130 3153 2307 3189 videbitur
2325 3162 2403 3188 esse

1319 3204 1341 3236 4
1386 3200 1424 3236 in
1435 3203 1623 3245 potestate.
1661 3199 1764 3279 Quod
1787 3199 1818 3234 si
1839 3208 1922 3234 reus
1946 3199 2066 3234 iurare
2089 3198 2189 3240 nolit,
2213 3197 2335 3234 similis
2348 3202 2404 3233 est

1320 3245 1370 3288 ei,
1402 3244 1463 3290 qui
1486 3255 1601 3290 neque
1625 3244 1669 3280 de
1686 3243 1783 3280 endit
1804 3243 1987 3279 absentem
2010 3253 2124 3288 neque
2147 3242 2309 3278 exhibet:
2342 3243 2402 3288 qui

1319 3294 1339 3325 5
1387 3289 1669 3325 condemnantur
1681 3288 1783 3335 quasi
1804 3292 2044 3324 contumaces.
2092 3287 2130 3323 Si
2148 3291 2248 3323 tutor
2266 3287 2321 3323 vel
2339 3298 2401 3323 cu-

1319 3337 1419 3370 rator
1442 3338 1582 3377 extent,
1612 3334 1682 3380 ipsi
1711 3334 1830 3369 iurare
1853 3332 1984 3368 debent
2006 3332 2043 3367 in
2066 3335 2246 3377 potestate
2269 3332 2402 3368 domini

1320 3389 1393 3415 non
1411 3389 1506 3415 esse:
1532 3379 1563 3414 si
1581 3383 1700 3415 autem
1718 3380 1932 3431 procurator
1949 3377 2006 3419 sit,
2032 3376 2195 3412 dominus
2213 3377 2291 3422 ipse
2308 3377 2400 3412 iuret

1320 3428 1341 3460 6
1386 3433 1533 3460 necesse
1556 3427 1621 3460 est.
1669 3423 1707 3459 Si
1728 3422 1971 3458 iusiurandum
1996 3422 2111 3467 exegit
2130 3425 2231 3457 actor
2247 3431 2403 3474 reusque

1224 3472 1251 3512 t,
1319 3468 1449 3504 iuravit
1462 3469 1507 3511 ¹⁴,
1539 3468 1666 3504 deinde
1695 3472 1822 3514 postea
1851 3467 1971 3503 noxali
2001 3467 2085 3502 velit
2114 3470 2216 3502 actor
2239 3476 2400 3512 experm,

1319 3513 1509 3549 videndum
1540 3518 1613 3556 est,
1644 3523 1692 3548 an
1721 3512 1883 3558 exceptio
1915 3511 2144 3547 iurisiurandi
2179 3511 2307 3547 debeat
2336 3511 2400 3546 ad·

1622 3626 1683 3668 (10)
1707 3624 1750 3658 ad
1761 3621 1898 3668 noxam]
1910 3626 1970 3656 aut
1981 3634 2087 3657 noxae
2098 3623 2215 3657 Keller
2227 3624 2260 3657 in
2271 3623 2400 3656 schedia

1316 3671 1370 3711 (ιι)
1394 3671 1432 3703 fit
1446 3671 1482 3713 S,
1496 3673 1547 3703 est
1558 3682 1620 3704 scr.
1759 3671 1817 3711 (η)
1841 3668 2020 3702 simulatur
2031 3668 2067 3702 F
2197 3670 2255 3709 (13)
2279 3667 2358 3700 fidei
2370 3667 2404 3700 F

1316 3718 1374 3758 (u)
1398 3715 1568 3757 ignoravit
1579 3715 1614 3748 F

2517 734 2528 801 i

2514 804 2528 1002 ξ

2519 1003 2528 1090 ἲ

2520 1104 2528 1158 ἓ
