2528 3918
125 169 183 200 NE
214 169 324 207 QUID
354 169 402 199 IN
431 167 566 198 FLUM.
597 166 725 197 PUBL.

130 286 248 330 ‘opus,
280 282 376 328 quod
406 283 442 318 in
474 282 574 318 alveo
597 279 753 316 fluminis
775 278 896 325 ripave
920 278 972 314 ita
995 278 1131 314 factum
1155 276 1213 319 sit,

129 332 181 364 ‘ut
202 330 271 364 iter
294 339 420 364 cursus
442 327 597 363 fluminis
622 325 776 361 deterior
807 324 854 359 sit
883 323 964 366 fiat,
996 324 1122 359 tollere
1154 322 1214 357 de-

128 375 252 410 ⁴moliri
282 384 436 419 purgare
466 373 652 407 restituere
674 370 742 406 viri
765 369 850 405 boni
873 369 1054 404 arbitratu
1075 368 1214 414 possit'.

133 423 170 454 13
220 420 417 454 Stationem
451 418 600 452 dicimus
636 426 658 450 a
694 415 866 450 stando¹z
906 413 938 450 is
972 414 1082 459 igitur
1115 414 1215 448 locus

129 465 408 506 demonstratur,
439 463 652 506 ubicumque
683 471 790 495 naves
819 462 899 494 tuto
930 462 1028 495 stare
1051 461 1214 504 possunt.

132 514 170 544 14
219 510 280 544 Ait
303 513 467 554 praetor:
494 507 642 550 ‘iterque
666 505 818 550 navigii2
842 505 998 540 deterius
1022 505 1109 539 fiat'.
1148 504 1217 538 hoc

127 566 194 599 pro
219 555 442 598 navigatione
466 553 623 597 positum
641 556 712 586 est:
738 551 844 584 immo
865 550 1041 594 navigium
1063 549 1217 584 solemus

130 601 244 634 dicere
269 600 375 634 etiam
397 599 513 642 ipsam
537 607 680 638 navem,
711 596 781 630 iter
804 606 887 639 ergo
912 595 1076 640 navigio³
1099 597 1219 639 potest

129 650 165 679 et
197 646 247 679 sic
280 644 393 688 accipi
419 643 497 678 ‘iter
520 642 602 677 navi
626 642 780 676 deterius
805 640 892 675 fiat'.
939 639 1069 684 navigii
1093 639 1217 684 appel-

130 690 260 724 latione
292 690 398 724 etiam
428 692 524 723 rates
558 688 800 728 contin‹·ntur,
836 686 920 730 quia
948 686 1159 731 plerumque
1183 686 1219 719 et

129 739 246 770 ratum
282 745 368 769 usus
407 733 631 768 necessarius
671 737 736 767 est.
791 731 821 766 si
856 730 1023 775 pedestre
1053 730 1121 765 iter
1152 730 1217 764 im-

129 780 311 825 pediatur,
351 789 424 814 non
453 778 534 813 ideo
563 778 680 813 minus
711 778 780 812 iter
809 776 947 821 navigio
978 776 1133 811 deterius
1165 774 1217 810 fit.

134 829 170 859 15
219 825 384 859 Deterior
407 824 515 859 statio
539 823 694 867 itemque
717 822 787 856 iter
809 822 949 866 navigio
970 821 1048 856 fieri
1066 820 1217 862 videtur,

129 871 159 905 si
189 881 276 904 usus
306 870 380 904 eius
412 872 662 913 corrumpatur
691 868 745 902 vel
776 866 956 902 difficilior
979 867 1043 901 fiat
1066 870 1130 902 aut
1153 866 1217 900 mi-

129 926 195 950 nor
226 916 279 950 vel
311 915 426 949 rarior
457 918 521 948 aut
549 914 580 948 si
608 914 645 948 in
675 916 791 947 totum
821 912 1017 947 auferatur.
1065 911 1219 956 proinde

130 962 201 995 sive
226 961 403 994 derivetur
427 969 530 1004 aqua,
556 962 598 993 ut
620 958 781 1003 exiguior
800 958 900 992 facta
916 958 1033 992 minus
1053 958 1100 992 sit
1118 956 1217 992 navi-

127 1006 274 1050 gabilis,
305 1006 359 1040 vel
383 1005 413 1040 si
438 1005 625 1046 dilatetur,
658 1005 744 1038 aut¹²
769 1002 900 1039 diffusa
923 1004 1066 1038 brevem
1089 1012 1219 1047 aquam

129 1051 255 1093 faciat,
279 1051 334 1085 vel
358 1053 485 1085 contra
508 1050 560 1085 sic
584 1052 857 1093 coangustetur,
883 1050 942 1083 et⁵
966 1048 1126 1093 rapidius
1150 1047 1218 1082 flu-

128 1106 209 1131 men
232 1096 361 1138 faciat,
386 1096 441 1129 vel
465 1095 495 1130 si
519 1094 604 1140 quid
628 1095 727 1129 aliud
750 1094 815 1128 1101
838 1093 934 1139 (111οᾶ
958 1094 1219 1138 navigationem

128 1141 366 1176 incommodet
397 1140 673 1175 difficilioremve
703 1139 815 1174 faciat
844 1140 899 1174 vel
928 1149 1078 1185 prorsus
1107 1139 1219 1183 impe-

133 1191 172 1221 16
220 1187 314 1229 diat,
349 1185 540 1221 interdicto
572 1187 675 1221 locus
708 1185 785 1219 0111.
839 1185 963 1220 Labeo
996 1184 1120 1219 scribit
1147 1194 1221 1219 non

129 1243 208 1267 esse
233 1231 385 1266 dandam
409 1231 653 1275 exceptionem
678 1231 728 1272 ei,
754 1230 814 1275 qui
837 1230 1027 1265 interdicto
1053 1229 1219 1264 conveni-

128 1282 206 1312 tur:
240 1280 315 1311 ‘aut
343 1277 411 1311 nisi
438 1276 540 1320 ripae
570 1275 725 1311 tuendae
756 1286 867 1310 causa
896 1275 1034 1310 factum
1057 1275 1127 1317 sit',
1157 1273 1221 1310 sed

128 1323 180 1357 ita
203 1321 449 1367 excipiendum
474 1322 541 1356 ait:
577 1325 689 1356 ‘extra
713 1332 819 1366 quam
845 1321 875 1355 si
899 1320 985 1374 quid
1008 1321 1060 1354 ita
1083 1319 1221 1355 factum

133 1371 170 1402 17
221 1368 298 1409 ‘sit,
330 1367 383 1401 uti
408 1367 453 1401 de
475 1367 552 1411 lege
575 1366 653 1401 fieri
677 1366 802 1401 licuit’.
851 1366 889 1400 Si
912 1376 950 1400 111
973 1366 1062 1400 mari
1086 1365 1221 1410 aliquid

129 1414 203 1456 fiat,
227 1413 376 1448 1101)οοὅ
400 1416 602 1457 competere
624 1412 698 1447 tale
720 1411 966 1446 interdictum:
994 1415 1050 1446 ‘ne
1075 1411 1161 1455 quid
1184 1411 1222 1445 in

130 1458 230 1493 ‘mari
259 1458 338 1492 inve
369 1457 483 1492 litore'
516 1459 597 1515 ί(1110
629 1460 773 1502 portus,
806 1457 915 1492 statio
945 1456 1055 1492 iterve
1079 1456 1220 1499 navigio

132 1507 172 1538 18
221 1502 387 1538 ‘deterius
410 1502 498 1537 fiat'.
535 1502 606 1537 Sed
630 1506 666 1537 et
690 1502 720 1537 si
743 1503 780 1537 in
799 1502 945 1536 flumine
965 1501 1123 1547 publico,
1149 1512 1221 1536 non

133 1552 172 1583 19
220 1552 340 1583 10111011
363 1547 556 1592 navigabili
578 1547 661 1590 fiat,
693 1547 786 1582 idem
819 1549 957 1592 putat⁷.
1007 1547 1147 1582 Deinde
1172 1547 1223 1581 ait

127 1597 291 1639 praetor:
326 1593 441 1637 ‘Quod
470 1594 507 1628 in
536 1593 680 1628 flumine
709 1593 855 1638 publico
884 1593 1006 1637 ripave
1031 1593 1108 1627 eius
1131 1592 1221 1627 fiat⁸

130 1640 213 1674 ‘sive
238 1638 323 1684 quid
341 1639 378 1673 in
397 1639 435 1673 id
454 1638 587 1673 flumen
606 1639 764 1683 ripamve
784 1639 860 1673 eius
878 1638 1076 1673 immissum
1095 1638 1220 1679 habes,

129 1688 212 1729 ‘quo
236 1684 345 1720 statio
369 1685 480 1719 iterve
503 1684 642 1728 navigio
667 1683 824 1718 deterior
848 1683 895 1718 sit
918 1683 1001 1725 fiat,
1025 1683 1221 1719 restituas’.

130 1733 172 1764 20
221 1729 394 1775 Superius
410 1730 639 1764 interdictum
655 1729 930 1774 prohibitorium
945 1733 1011 1771 est,
1030 1730 1100 1764 hoc
1116 1729 1222 1764 resti-

130 1778 169 1811 21
219 1776 403 1816 tutorium,
429 1775 475 1809 ad
499 1775 646 1810 eandem
672 1785 818 1810 causam
842 1774 1036 1819 pertinens.
1072 1774 1222 1810 Iubetur

129 1825 249 1856 01110111
272 1821 313 1864 10,
339 1821 399 1865 (1111
422 1821 559 1855 factum
583 1820 638 1855 vel
661 1820 858 1855 immissum
882 1820 1008 1863 habet,
1033 1820 1222 1855 restituere

130 1866 224 1911 quod
256 1867 384 1919 habet,
420 1866 451 1901 si
480 1865 585 1918 modo
614 1865 652 1899 id
681 1865 778 1918 quod
810 1865 921 1900 habet
952 1865 1144 1901 stationem
1167 1864 1223 1900 vel

129 1910 765 1992 3²1ss²ab1¹2¹3v¹3¹2¹i¹¹¹‹131{{‘1³ss21¹1⁸1nsiffis
794 1910 1223 1991 ffssssidiffibandfiafflss

130 2002 261 2044 teneri,
294 2002 354 2046 qui
378 2001 464 2037 fecit
486 2002 541 2036 vel
564 2002 724 2043 immisit,
755 2001 819 2037 sed
843 2001 904 2046 qui
927 2001 1064 2037 factum
1087 2001 1222 2036 immis-

131 2059 209 2083 sum
239 2048 361 2082 habet.
410 2047 562 2092 denique
586 2047 709 2082 Labeo
743 2047 886 2089 scribit,
921 2047 951 2082 si
980 2051 1109 2082 auctor
1137 2050 1222 2081 tuus

130 2103 259 2138 aquam
280 2092 501 2134 derivaverit‚
525 2092 584 2127 et⁹
607 2093 677 2127 hoc
697 2092 898 2134 interdicto,
923 2093 954 2127 si
974 2103 1017 2127 ea
1034 2096 1075 2126 tu
1094 2092 1221 2127 utaris.

177 2136 201 2175 2
227 2138 455 2173 Pomomvs
477 2138 567 2172 libro
593 2139 642 2172 tri
666 2138 800 2173 ensimo
827 2142 958 2184 quarto
979 2138 1028 2172 ad
1047 2137 1222 2173 Sabinum

130 2183 325 2228 Quominus
366 2193 410 2217 ex
445 2183 589 2227 publico
648 2182 767 2218 umine
799 2183 954 2218 ducatur
985 2193 1095 2228 aqua,
1134 2182 1223 2218 nihil

130 2229 278 2274 impedit
307 2228 389 2269 (nisi
417 2228 612 2272 imperator
636 2232 699 2262 aut
723 2233 869 2264 senatus
894 2232 1022 2272 vetet),
1055 2229 1086 2264 si
1115 2228 1221 2263 modo

131 2285 174 2309 ea
198 2284 292 2319 aqua
314 2274 351 2308 in
374 2284 444 2308 usu
468 2274 613 2318 publico
637 2284 710 2308 non
734 2274 821 2308 erit:
850 2274 913 2309 sed
937 2275 968 2309 si
991 2277 1055 2308 aut
1079 2274 1221 2318 naviga-

133 2320 200 2354 bile
224 2323 281 2355 est
303 2322 366 2354 aut
388 2329 433 2354 ex
456 2329 498 2354 00
524 2319 621 2353 aliud
644 2319 843 2364 navigabile
866 2320 924 2362 fit,
949 2330 1022 2355 non
1046 2319 1221 2364 permitti-

131 2370 191 2399 tur
213 2365 250 2399 id
275 2364 406 2399 facere.

178 2408 202 2448 3
228 2409 388 2445 ΡΑσιυε
414 2409 504 2445 libro
535 2413 640 2444 sexto
664 2410 800 2445 decimo
834 2410 884 2445 ad
907 2409 1081 2445 Sabinum
1134 2409 1221 2445 Flu-

132 2456 227 2490 mina
250 2455 395 2500 publica
419 2465 511 2500 quae
534 2454 693 2489 fluunt¹0
716 2455 888 2500 ripaeque
912 2465 1035 2490 eorum
1056 2455 1223 2500 publicae

138 2506 148 2535 1
200 2505 295 2536 sunt.
349 2500 443 2545 Ripa
472 2510 516 2535 ea
546 2504 696 2545 putatur
727 2511 823 2543 esse,
857 2511 949 2545 quae
978 2501 1224 2545 plenissimum

132 2550 151 2581 2
198 2546 330 2581 flumen
351 2545 518 2581 continet.
558 2545 763 2581 Secundum
779 2546 876 2590 ripas
897 2546 1084 2581 fluminum
1102 2547 1222 2581 loca¹¹

132 2602 204 2627 non
227 2592 346 2626 omnia
369 2591 516 2635 publica
539 2595 641 2634 sunt,
674 2601 755 2626 cum
779 2592 880 2636 ripae
904 2591 1051 2634 cedant,
1084 2602 1129 2627 ex
1153 2602 1222 2637 quo

132 2637 284 2682 primum
308 2647 330 2671 a
353 2636 461 2681 plano
485 2646 630 2680 vergere
653 2636 778 2681 incipit
801 2647 915 2681 usque
939 2637 986 2672 ad
1010 2647 1152 2682 aquam.

178 2681 203 2719 4
228 2681 432 2717 Sofflvom
458 2682 548 2717 libro
570 2682 696 2726 quinto
714 2692 971 2728 responsorum
1013 2682 1222 2726 Quaesitum

131 2731 202 2776 est,
235 2737 283 2761 an
311 2727 359 2768 is,
393 2726 454 2771 qui
481 2726 519 2760 in
542 2730 694 2771 utraque
717 2726 796 2771 ripa
819 2727 973 2762 fluminis
997 2728 1134 2772 publici
1157 2728 1220 2763 do-

133 2783 211 2807 mus
224 2773 251 2793 ¹²
282 2772 431 2824 habeat,
469 2774 613 2815 pontem
649 2771 779 2816 privati
816 2772 905 2808 iuris
938 2772 1059 2808 facere
1089 2776 1220 2818 potest.

132 2816 317 2862 respondit
340 2827 413 2852 non
435 2827 553 2861 posse.

609 2955 706 2994 XIII
718 2955 757 2994 ¹³.

133 3021 198 3054 NE
236 3021 347 3058 QUID
386 3020 437 3053 IN
474 3020 687 3053 FLUMINE
725 3021 922 3055 PUBLICO
962 3022 1090 3063 FIAT,
1132 3023 1222 3060 QUO

179 3066 350 3099 ALITER
373 3066 498 3103 AQUA
520 3066 687 3108 FLUAT,
717 3067 869 3104 ATQUE
898 3067 977 3101 UTI
1008 3068 1178 3101 PRIORE

469 3111 675 3143 AESTATE
699 3112 884 3145 FLUXIT.

183 3175 202 3213 1
237 3176 431 3212 Urmzws
452 3177 542 3212 libro
566 3178 821 3224 sexaqensimo
846 3181 972 3214 octavo
998 3179 1048 3214 ad
1067 3179 1220 3215 edictum

133 3222 196 3257 Ait
218 3225 382 3267 praetor:
409 3222 462 3256 ‘In
485 3222 630 3258 flumine
648 3222 792 3267 publico
811 3222 891 3258 inve
907 3224 987 3268 ripa
1007 3224 1083 3260 eius
1102 3224 1222 3260 facere

135 3270 210 3302 ‘aut
232 3268 270 3302 in
292 3267 329 3302 id
351 3267 484 3303 flumen
508 3268 667 3313 ripamve
692 3268 767 3303 eius
791 3268 995 3311 immittere,
1023 3281 1094 3314 quo
1118 3270 1222 3305 aliter

137 3316 152 3347 1
203 3314 309 3364 ‘aqua
324 3312 424 3354 fluat,
444 3323 551 3357 quam
571 3313 690 3358 priore
708 3316 844 3348 aestate
863 3313 977 3356 fluxit,
1001 3315 1105 3350 veto'.
1141 3315 1221 3350 Hoc

133 3357 322 3392 interdlcto
372 3359 531 3403 rospexit
552 3362 709 3403 praetor,
733 3368 779 3392 ne
803 3358 1081 3395 derivationibus
1105 3360 1220 3395 minus

135 3402 315 3438 concessis
375 3404 495 3438 nmina
528 3406 741 3438 excrescant
755 3403 780 3423 ¹⁴
817 3403 873 3438 vel
906 3408 1066 3440 mutatus
1097 3405 1220 3440 alveus

135 3451 156 3483 2
202 3447 327 3483 vicinis
349 3447 515 3483 iniuriam
539 3448 695 3493 aliquam
719 3447 870 3483 adferat.
917 3449 1078 3486 Pertinet
1101 3454 1221 3485 autem

134 3562 174 3602 (1)
199 3571 220 3593 a
231 3560 407 3594 statuendo
420 3561 468 3594 F¹
566 3564 609 3601 (2)
632 3562 737 3594 iterve
749 3561 884 3603 navigio
898 3574 962 3595 scr.
1059 3565 1103 3605 (3)
1127 3563 1222 3596 navi-

134 3606 184 3648 gii
196 3606 247 3639 F2
324 3607 369 3648 (4)
392 3606 440 3639 sio
452 3605 613 3639 dilatetur
624 3609 664 3639 ut
676 3608 750 3640 dett.
834 3609 877 3648 (5)
902 3609 940 3639 ut
953 3608 1028 3641 dett.
1104 3610 1150 3651 (6)
1174 3609 1223 3641 011

135 3654 197 3684 ins.
209 3651 263 3683 Ι(η
371 3654 414 3691 (1)
442 3656 506 3690 §18
520 3654 687 3685 abundat:
712 3653 753 3695 cs.
771 3656 786 3690 ς
802 3658 835 3685 12
944 3655 987 3692 (8)
1012 3653 1082 3696 fiat]
1096 3654 1221 3687 factum

135 3697 201 3729 Ad.
214 3696 363 3729 Schmidt
462 3697 506 3736 (9)
531 3697 575 3739 01]
588 3698 622 3729 10
633 3697 741 3730 1011011
753 3697 783 3729 S

135 3741 227 3772 mina
236 3740 372 3783 publica
383 3743 462 3773 sunt
475 3751 559 3782 quae
570 3741 683 3774 fluunt
694 3752 822 3784 semper

569 3788 626 3829 (12)
651 3787 786 3819 domum
797 3787 832 3819 F
837 3786 851 3807 ²
858 3785 870 3808 Ῥ

880 3698 940 3739 (10)
965 3700 1143 3742 requiritur
1158 3699 1221 3731 flu-

936 3744 990 3783 (11)
1015 3745 1147 3776 tantum
1159 3745 1220 3777 ins.

137 3787 297 3828 (similite-r
311 3787 476 3826 Cuiaoius)

1216 147 1300 194 687

1879 152 2116 195 XXXXIII
2149 155 2213 196 12.
2243 156 2371 195 13.14

1284 277 1329 311 ad
1364 276 1511 311 flumina
1542 275 1703 320 publica,
1739 277 1812 312 sive
1842 279 2054 323 navigabilia
2084 282 2168 315 sunt
2197 279 2270 315 sive
2302 290 2373 315 non

1286 326 1304 356 3
1354 326 1449 358 sunt.
1498 321 1561 356 Ait
1583 326 1746 366 praetor:
1780 326 1861 366 ‘quo
1886 325 1989 359 aliter
2013 335 2107 370 aqua
2129 325 2236 368 fluat,
2268 335 2373 370 quam

1285 368 1415 412 ‘priore
1447 371 1583 401 aestate
1614 366 1746 400 fluxit'z
1778 378 1850 402 non
1877 370 1989 404 omnis
2013 381 2113 415 ergo,
2147 371 2207 423 qui
2229 370 2375 405 immisit

1285 413 1340 447 vel
1360 412 1421 465 qui
1440 412 1536 454 fecit,
1560 415 1715 452 tenetur,
1737 412 1798 446 sed
1820 414 1879 457 qui
1900 415 2063 450 faciendo
2083 415 2136 450 vel
2154 416 2374 450 immittendo

1286 458 1397 492 eflicit
1417 458 1531 499 aliter,
1557 467 1662 501 quam
1678 456 1797 501 priore
1815 463 1949 492 aestate
1971 460 2083 501 fluxit,
2105 471 2233 505 aquam
2250 461 2372 495 fluere.

1287 503 1382 547 quod
1414 507 1533 537 autem
1566 502 1617 536 ait
1653 502 1769 536 ‘aliter
1798 502 1908 544 fluat',
1950 516 2021 538 non
2060 505 2105 539 ad
2140 506 2374 550 quantitatem

1286 558 1402 593 aquae
1425 548 1568 582 fluentis
1594 547 1758 591 pertinet,
1785 547 1847 581 sed
1871 548 1916 581 ad
1940 550 2082 584 modum
2103 554 2139 584 et
2159 552 2204 584 ad
2225 552 2254 585 ri
2280 561 2373 585 orem

1287 604 1414 628 cursus
1440 603 1554 637 aquae
1579 592 1804 627 referendum
1834 597 1899 627 est.
1948 598 1983 627 et
2014 595 2224 638 generaliter
2254 562 2374 630 510011-

1287 638 1371 673 (111111
1395 643 1450 673 001
1472 638 1524 673 110
1549 638 1689 673 (1011111111
1713 636 1901 672 interdicto
1927 649 2030 682 quem
2054 641 2183 682 teneri,
2209 641 2237 675 si
2262 646 2373 675 mute-

1286 688 1346 718 tur
1370 694 1485 728 aquae
1510 694 1636 718 cursus
1656 693 1726 736 per
1749 682 1818 717 hoc
1844 683 1939 728 quod
1962 684 2097 719 factum
2121 690 2185 727 est,
2215 686 2297 720 dum
2322 686 2374 720 vel

1289 729 1493 773 depressior
1516 729 1572 763 vel
1596 730 1749 763 art10r¹⁵
1773 728 1837 762 fiat
1860 738 1954 772 aqua
1978 739 2021 763 ac
2044 740 2108 774 per
2132 730 2201 765 hoc
2219 731 2376 775 rapidior

1287 775 1329 809 fit
1342 776 1369 795 ¹⁰
1393 785 1475 810 cum
1497 773 1722 809 incommodo
1747 773 2001 808 accolentium:
2036 779 2071 809 et
2099 775 2129 810 si
2162 776 2256 820 quod
2281 776 2377 810 aliud

1286 820 1362 854 vitii
1393 819 1539 855 accolae
1571 829 1615 854 ex
1643 820 1741 854 facto
1772 818 1848 855 eius
1881 819 1941 864 qui
1974 821 2182 855 convenitur
2213 821 2376 860 sentient,

1287 869 1308 900 4
1355 865 1546 900 interdicto
1570 865 1673 900 locus
1704 865 1782 899 erit.
1832 864 1870 899 Si
1900 864 1979 909 quis
2010 875 2055 899 ex
2083 866 2156 900 rivo
2189 870 2283 901 tecto
2313 877 2378 911 per

1288 914 1451 955 apertum
1471 910 1602 945 ducere
1620 910 1704 945 velit
1721 910 1776 945 vel
1796 914 1923 944 contra
1943 910 2004 954 qui
2021 914 2103 944 ante
2124 915 2245 955 aperto
2266 911 2377 952 duxit,

1288 967 1383 991 nunc
1409 960 1533 1000 operto
1558 955 1661 997 velit,
1687 955 1876 990 interdicto
1901 955 2015 990 teneri
2038 955 2193 999 placuit,
2218 957 2247 990 si
2271 956 2376 991 modo

1287 1002 1357 1036 hoc
1387 1001 1523 1036 factum
1553 1001 1630 1036 eius
1661 1000 1926 1036 incommodum
1957 1001 2053 1035 circa
2082 1001 2279 1036 colentibus
2315 1002 2378 1036 ad-

1288 1051 1308 1081 5
1356 1046 1460 1082 ferat.
1499 1046 1611 1081 Simili
1635 1046 1740 1082 modo
1765 1051 1800 1081 01
1825 1047 1855 1081 si
1879 1046 1984 1081 incile
2002 1045 2111 1081 ducat
2129 1050 2191 1080 aut
2210 1047 2279 1083 alio
2299 1047 2378 1081 loco

1288 1092 1399 1127 faciat
1430 1095 1494 1126 aut
1523 1092 1554 1127 si
1583 1092 1723 1126 alveum
1753 1091 1909 1126 fluminis
1933 1095 2062 1134 mutet,
2095 1092 2163 1126 hoc
2192 1091 2378 1126 interdicto

1289 1142 1309 1173 6
1355 1138 1546 1173 tenebitur.
1584 1137 1677 1172 Sunt
1697 1137 1757 1182 qui
1775 1141 1903 1182 putent
1922 1137 2169 1181 excipiendum
2187 1137 2255 1171 hoc
2274 1138 2379 1171 inter-

1290 1183 1386 1218 dicto
1424 1183 1532 1228 ‘quod
1564 1183 1640 1218 eius
1672 1183 1774 1227 ripae
1805 1181 2019 1217 muniendae
2051 1192 2162 1216 causa
2193 1192 2264 1216 non
2295 1182 2380 1223 fiet’‚

1289 1229 1428 1264 scilicet
1442 1232 1494 1270 ut,
1520 1227 1551 1263 si
1569 1227 1653 1273 quid
1669 1228 1745 1270 fiat,
1767 1239 1838 1273 quo
1857 1228 1961 1262 aliter
1979 1237 2074 1272 aqua
2092 1227 2190 1270 fluat,
2213 1228 2242 1261 si
2263 1230 2381 1262 tamen

1290 1274 1505 1309 muniendae
1529 1273 1629 1318 ripae
1654 1283 1763 1309 causa
1787 1274 1866 1316 fiat,
1891 1273 2079 1308 interdicto
2103 1272 2204 1308 locus
2229 1283 2300 1307 non
2324 1274 2380 1306 sit.

1289 1320 1353 1355 sed
1385 1329 1452 1354 nec
1482 1319 1552 1354 hoc
1607 1319 1796 1354 uibusdam
1829 1319 1965 1363 placet:
2005 1328 2120 1362 neque
2154 1318 2248 1352 enim
2284 1318 2382 1362 ripae

1290 1376 1371 1400 cum
1403 1365 1578 1399 incommo
1607 1375 1627 1399 ο
1658 1365 1894 1400 accolentium
1925 1363 2140 1398 muniendae
2172 1367 2264 1398 sunt.
2314 1363 2383 1398 hoc

1291 1414 1412 1446 tamen
1436 1411 1514 1445 iure
1533 1410 1678 1452 utimur,
1703 1413 1744 1444 ut
1767 1414 1914 1455 praetor
1938 1419 1982 1444 ex
2006 1418 2117 1443 causa
2139 1408 2310 1450 aestimet,
2337 1419 2383 1443 an

1289 1456 1384 1491 hanc
1420 1455 1665 1500 exceptionem
1704 1454 1790 1490 dare
1820 1455 1967 1489 debeat:
2004 1454 2214 1499 plerumque
2251 1454 2343 1488 enim
2357 1455 2381 1474 ¹⁷

1291 1505 1308 1536 7
1359 1501 1497 1535 utilitas
1522 1501 1651 1536 suadet
1675 1500 1920 1545 exceptionem
1944 1500 2050 1534 istam
2074 1499 2163 1534 dari.
2200 1499 2270 1534 Sed
2294 1504 2330 1533 et
2353 1499 2383 1534 si

1290 1546 1362 1581 alia
1386 1546 1523 1580 utilitas
1543 1549 1706 1581 vertatur
1723 1545 1812 1588 eius,
1837 1545 1898 1590 qui
1916 1545 2000 1590 quid
2018 1545 2055 1579 in
2074 1544 2219 1579 flumine
2239 1544 2382 1589 publico

1290 1592 1377 1627 fecit
1401 1595 1509 1637 (pone
1534 1592 1624 1626 enim
1649 1591 1784 1635 grande
1804 1591 1973 1625 damnum
1990 1589 2123 1625 fiumen
2141 1590 2173 1624 ei
2194 1590 2280 1625 dare
2300 1590 2381 1624 soli-

1289 1641 1386 1679 tum,
1419 1636 1567 1682 praedia
1598 1637 1674 1672 eius
1707 1636 1948 1682 depopulari),
1981 1636 2012 1670 si
2041 1635 2134 1671 forte
2157 1645 2303 1679 aggeres
2328 1635 2383 1670 vel

1292 1693 1399 1727 quam
1429 1682 1537 1717 aliam
1567 1682 1799 1717 munitionem
1832 1681 2013 1724 adhibuit,
2053 1685 2094 1715 ut
2124 1691 2249 1725 agrum
2280 1691 2382 1716 suum

1291 1732 1455 1763 tueretur
1478 1737 1591 1772 eaque
1614 1738 1673 1763 res
1697 1738 1843 1763 cursum
1866 1726 2022 1762 fluminis
2043 1726 2088 1761 ad
2108 1726 2240 1771 aliquid
2257 1726 2382 1760 immu-

1289 1773 1390 1816 tavit,
1416 1783 1480 1808 cur
1504 1773 1535 1808 ei
1559 1784 1632 1808 non
1656 1773 1891 1808 consulatur?
1923 1773 2114 1817 plerosque
2139 1772 2212 1807 scio
2236 1782 2383 1817 prorsus

1290 1819 1439 1854 flumina
1467 1818 1639 1854 avertisse
1668 1819 1860 1863 alveosque
1895 1821 2069 1860 mutasse,
2107 1816 2191 1852 dum
2254 1816 2382 1851 raediis

1292 1865 1365 1900 suis
1387 1864 1592 1899 consulunt.
1630 1867 1772 1909 oportet
1793 1864 1886 1899 enim
1905 1864 1943 1898 in
1962 1862 2168 1898 huiusmodi
2187 1872 2225 1897 re
2252 1872 2293 1897 us
2314 1862 2382 1896 uti-

1290 1910 1427 1945 litatem
1450 1913 1487 1945 et
1510 1910 1659 1944 tutelam
1683 1909 1848 1944 facientis
1873 1908 2039 1953 spectari,
2064 1908 2140 1943 sine
2163 1907 2294 1943 iniuria
2313 1908 2382 1942 uti-

1293 1959 1311 1990 8
1362 1965 1431 2000 que
1455 1955 1671 1990 accolarum.
1719 1955 1756 1990 Is
1781 1958 1902 1990 autem
1925 1955 1994 1990 hoc
2016 1953 2206 1989 interdicto
2232 1957 2383 1995 tenetur,

1292 2000 1353 2045 qui
1376 2000 1481 2036 aliter
1504 2000 1591 2036 fecit
1612 2000 1735 2042 fluere,
1761 2010 1869 2044 quam
1893 2000 2011 2045 priore
2035 2002 2171 2034 aestate
2195 1997 2308 2033 fluxit.
2349 2002 2384 2033 et

1290 2046 1423 2081 idcirco
1453 2046 1555 2081 aiunt
1585 2049 1790 2091 praetorem
1825 2045 1980 2090 priorem
2017 2048 2189 2080 aestatem
2225 2054 2383 2088 compre-

1291 2091 1475 2134 hendisse,
1517 2092 1602 2136 quia
1632 2101 1773 2135 semper
1803 2091 1935 2126 certior
1965 2095 2021 2126 est
2050 2089 2225 2125 naturalis
2258 2099 2383 2124 cursus

1291 2137 1477 2172 fluminum
1502 2140 1640 2172 aestate
1663 2137 1827 2181 potius¹⁸
1857 2147 1963 2181 quam
1986 2136 2111 2171 hieme.
2160 2145 2225 2170 nec
2254 2134 2300 2169 ad
2330 2137 2383 2169 in-

1292 2187 1446 2218 stantem
1476 2186 1668 2224 aestatem,
1701 2181 1765 2217 sed
1797 2181 1845 2217 ad
1873 2182 2029 2227 priorem
2058 2180 2286 2215 interdictum
2316 2180 2384 2215 hoc

1291 2228 1463 2270 refertur,
1496 2228 1581 2273 quia
1611 2227 1707 2263 illius
1737 2228 1885 2263 aestatis
1917 2227 2035 2262 fluxus
2059 2225 2295 2261 indubitatior
2319 2230 2382 2260 est.

1292 2277 1412 2309 aestas
1437 2273 1483 2308 ad
1507 2273 1773 2317 aequinoctium
1798 2273 2006 2308 autumnale
2019 2272 2047 2293 ¹⁹
2076 2271 2238 2306 refertur.
2287 2274 2322 2306 et
2353 2270 2384 2305 si

1291 2319 1385 2354 forte
1417 2322 1555 2354 aestate
1585 2319 1835 2362 interdicetur,
1873 2319 2036 2363 proxima
2072 2316 2234 2362 superior
2265 2320 2382 2350 aestas

1292 2365 1360 2400 erit
1390 2364 1581 2399 intuenda:
1623 2364 1654 2399 si
1684 2374 1768 2399 vero
1799 2364 1933 2407 hieme,
1965 2367 2052 2398 tunc
2081 2372 2154 2397 non
2183 2362 2382 2406 proxima2⁰

1293 2414 1312 2444 9
1360 2410 1476 2445 hieme
1501 2413 1632 2450 aestas,
1661 2409 1725 2445 sed
1749 2410 1913 2454 superior
1935 2409 2004 2444 erit
2026 2406 2257 2452 inspicienda.
2305 2406 2382 2440 Hoc

1291 2455 1520 2490 interdictum
1544 2455 1654 2490 cuivis
1679 2465 1723 2490 ex
1746 2466 1793 2499 po
1822 2454 1880 2490 ulo
1905 2454 2093 2499 competit,
2124 2452 2187 2487 sed
2218 2462 2288 2486 non
2320 2451 2381 2486 ad-

1292 2511 1415 2536 versus
1440 2511 1582 2543 omnes,
1614 2511 1738 2535 verum
1763 2511 1784 2535 a
1810 2510 1932 2535 versus
1957 2510 2056 2540 eum,
2090 2497 2151 2542 qui
2182 2497 2383 2541 deneget21,

1296 2550 1335 2581 10
1384 2550 1425 2580 ut
1444 2546 1548 2580 aliter
1569 2556 1664 2591 aqua
1682 2545 1821 2588 flueret,
1843 2555 1923 2580 cum
1945 2545 1999 2579 ius
2021 2554 2092 2578 non
2109 2543 2269 2578 haberet.
2305 2542 2379 2577 Hoc

1296 2595 1333 2626 11
1383 2591 1613 2626 interdictum
1633 2595 1670 2627 et
1688 2591 1724 2626 in
1746 2590 1897 2626 heredes
1918 2588 2089 2634 competit
2098 2589 2139 2622 ²².
2175 2586 2312 2622 Deinde
2333 2588 2383 2622 ait

1292 2641 1455 2682 praetor:
1483 2636 1599 2680 ‘Quod
1621 2636 1660 2671 in
1682 2636 1829 2671 flumine
1852 2635 1997 2680 publico
2018 2634 2139 2679 ripave
2156 2633 2230 2668 eius
2248 2632 2382 2667 factum

1294 2682 1378 2718 ‘sive
1402 2682 1489 2727 quid
1511 2683 1589 2717 in²³
1613 2681 1745 2717 fiumen
1769 2681 1926 2726 ripamve
1951 2680 2026 2715 eius
2046 2678 2240 2713 immissum
2259 2678 2381 2719 habes,

1293 2728 1335 2763 ‘si
1367 2728 1413 2763 ob
1446 2728 1484 2762 id
1513 2727 1619 2762 aliter
1648 2737 1742 2772 aqua
1772 2726 1851 2761 fluit
1880 2729 1987 2770 atque
2017 2724 2070 2759 uti
2098 2724 2216 2768 priore
2247 2727 2381 2757 aestate

1296 2776 1335 2807 12
1385 2773 1509 2817 ι11111111,
1534 2773 1727 2808 restituas’.
1769 2772 1849 2806 Hoc
1871 2770 2101 2806 interdictum
2125 2768 2380 2803 restitutorium

1292 2819 1524 2863 proponitur:
1557 2818 1722 2862 superius
1752 2817 1845 2851 enim
1869 2815 2141 2861 prohibitorium
2165 2817 2220 2848 est
2243 2817 2279 2848 et
2300 2823 2380 2861 per-

1292 2865 1382 2899 tinet
1405 2864 1452 2899 ad
1476 2874 1530 2905 ea,
1556 2874 1647 2908 quae
1671 2862 1830 2898 nondum
1853 2861 1952 2896 facta
1977 2863 2071 2896 sunt.
2114 2859 2144 2896 si
2167 2858 2251 2906 quid
2274 2861 2381 2905 igitur

1292 2910 1363 2944 iam
1393 2909 1528 2944 factum
1560 2912 1616 2944 est
1626 2909 1667 2950 ²⁴,
1704 2918 1771 2953 per
1801 2907 1870 2941 hoc
1898 2907 2126 2944 interdictum
2157 2907 2380 2941 restituetur:

1293 2955 1323 2990 si
1348 2955 1434 2999 quid
1458 2965 1503 2989 ne
1527 2954 1591 2988 fiat
1614 2964 1698 2998 pros
1726 2952 1848 2996 icitur,
1882 2955 2065 2999 superiore
2096 2952 2284 2986 interdicto
2314 2952 2381 2985 erit

1292 2999 1476 3042 utendum,
1498 3000 1529 3021 ²⁵
1537 3002 1573 3035 01
1588 2999 1620 3034 01
1637 2964 1724 3043 (1ώὲ
1736 3002 1819 3044 post
1835 2999 2063 3034 interdictum
2081 2997 2256 3033 redditum
2272 2995 2380 3047 fuerit

1295 3049 1335 3080 13
1382 3045 1529 3088 factum,
1555 3043 1779 3079 coercebitur
1788 3046 1828 3080 ²².
1863 3044 1906 3079 In
1930 3045 1999 3080 hoc
2022 3042 2210 3079 interdicto
2235 3044 2378 3075 restitu-

1291 3090 1385 3126 torio
1409 3101 1482 3126 non
1506 3093 1561 3125 est
1583 3089 1756 3134 iniquum,
1780 3092 1822 3124 ut
1843 3089 1968 3125 Labeo
1979 3091 2010 3111 ²⁰
2033 3089 2095 3130 ait,
2119 3086 2238 3121 venire
2262 3086 2378 3123 etiam,

1292 3136 1388 3181 quod
1412 3135 1495 3171 dolo
1519 3135 1657 3170 factum
1681 3138 1736 3170 est
1759 3145 1830 3180 quo
1853 3135 1970 3170 minus
1994 3135 2155 3169 haberes.

1755 3273 1873 3313 XIIII
1883 3270 1923 3309 ²¹¹.

1291 3340 1349 3372 UT
1380 3339 1431 3371 IN
1460 3339 1674 3372 FLUMINE
1703 3338 1900 3372 PUBLICO
1931 3334 2168 3369 NAVIGARE
2196 3334 2376 3368 LICEAT.

1340 3403 1358 3440 1
1394 3404 1590 3440 ULPIANUS
1610 3405 1701 3441 libro
1725 3403 1979 3449 sexaqensimo
2003 3404 2127 3436 octavo
2152 3400 2203 3434 ad
2224 3400 2377 3436 edictum

1290 3451 1440 3485 Praetor
1463 3450 1531 3485 ait:
1558 3450 1647 3495 ‘Quo
1667 3451 1784 3485 minus
1803 3450 1854 3485 illi
1871 3449 1909 3483 in
1927 3446 2070 3481 flumine
2087 3445 2232 3491 publico
2252 3456 2378 3481 navem

1338 3563 1396 3604 (13)
1421 3562 1488 3596 Ed.

1294 3609 1355 3641 del.
1428 3610 1487 3648 (17)
1510 3608 1646 3651 publica
1660 3610 1717 3641 ins.

1292 3652 1442 3685 tumnale
1459 3654 1521 3686 del.
1647 3655 1709 3694 (20)
1734 3662 1754 3684 0
1774 3653 1834 3685 ins.

1293 3699 1355 3739 (22)
1383 3702 1422 3736 §§
1446 3705 1475 3731 9·
1496 3706 1530 3732 10
1552 3698 1729 3732 collocatae
1738 3698 1881 3740 suerunt
1895 3702 1973 3738 post
1991 3699 2007 3733 §
2030 3702 2062 3728 12

1293 3743 1442 3776 Schmidt
1533 3746 1596 3785 (24)
1621 3743 1702 3775 etF
1785 3743 1846 3782 (25)
1871 3750 1938 3781 quo
1951 3740 2011 3773 ins.

1338 3793 1400 3829 (2¹1)
1424 3788 1489 3822 Ed.
1502 3806 1549 3812 --
1562 3789 1647 3821 Bas.
1661 3788 1715 3829 58,
1728 3793 1761 3820 16

1557 3563 1616 3604 (14)
1642 3561 1875 3596 exarescants
1943 3562 2000 3600 (15)
2025 3559 2126 3592 altior
2139 3559 2190 3592 F²
2255 3562 2316 3600 (18)
2341 3561 2378 3592 fit

1790 3610 1849 3647 (18)
1873 3606 1986 3649 potius
1999 3605 2060 3637 del.
2075 3605 2157 3637 Hal.
2234 3608 2294 3645 (19)
2319 3616 2372 3637 au-

1951 3651 2010 3691 (21)
2035 3649 2186 3691 deneget]
2206 3649 2242 3682 id
2260 3650 2330 3692 egit
2350 3652 2377 3683 ὁ·

2171 3697 2235 3736 (23)
2259 3695 2294 3727 id
2316 3697 2374 3728 ins.

2106 3742 2168 3781 (26)
2194 3739 2269 3773 labo
2283 3741 2317 3774 F
