2528 3918
164 145 416 190 XXXXVII
446 148 485 192 7.
509 147 536 191 8

650 273 727 312 VH
737 271 764 313 ¹.

357 336 574 371 Ausonum
597 337 773 372 FURTIH
798 337 1050 372 CAESARUM.

213 402 228 440 1
259 403 314 439 ΡΑ
324 413 418 439 ULUS
444 403 535 439 libro
562 414 656 439 nouo
688 403 739 439 ad
760 402 933 449 Sabinum
981 404 1017 439 Si
1042 404 1163 440 furtim
1187 415 1244 440 ar-

164 448 268 484 bores
292 458 417 484 caesae
441 449 521 492 sint,
545 452 582 484 et
604 459 649 485 ex
670 448 748 495 lege
765 448 909 495 Aquilia
933 453 968 484 et
992 460 1035 485 ex
1059 450 1244 485 duodecim

164 493 365 528 tabularum
389 493 543 528 dandam
567 494 741 530 actionem
765 493 887 530 Labeo
919 495 987 529 ait:
1021 494 1085 530 sed
1109 495 1244 530 Treba-

163 538 234 573 tius
263 538 316 574 ita
345 542 534 584 utramque
564 539 736 582 dandam,
774 543 816 575 ut
845 539 950 575 iudex
983 540 1019 575 in
1047 540 1245 585 posteriore

164 582 317 663 dedgcat
346 583 383 618 id
412 583 509 628 quod
538 593 582 619 ex
604 585 719 631 prima
744 588 956 621 consecutus
979 584 1027 620 sit
1049 588 1086 620 et
1108 584 1244 630 reliquo

164 638 231 664 0011
258 634 384 664 emnet.

209 671 235 710 2
262 673 385 710 Gaios
412 673 504 710 libro
521 674 646 721 primo
677 675 728 711 ad
757 674 868 722 Ieyem
893 673 1080 710 duodecim
1106 674 1245 711 tabula-

164 729 242 754 rum
289 717 476 754 Sciendum
495 723 550 754 est
565 722 683 755 autem
702 730 775 763 eos,
796 718 856 765 qui
875 718 1021 755 arbores
1041 723 1078 755 et
1093 719 1246 756 maxime

163 763 252 799 vites
277 763 480 808 ceciderint,
507 764 612 800 etiam
634 769 815 810 tamquam
838 765 995 800 latrones
1018 764 1149 810 puniri.

209 806 234 846 3
266 807 460 844 ULPJANUs
485 809 576 845 libro
600 811 743 856 quadra
770 812 902 844 ensimo
925 810 1082 845 secundo
1107 810 1157 845 ad
1178 809 1244 845 Sa-

163 853 282 889 binum
329 853 446 889 Vitem
470 853 609 890 arboris
632 854 736 900 appel
752 854 869 889 atione
894 854 1068 890 contineri
1087 854 1175 900 pleri
1201 865 1246 890 ue

168 902 178 933 ¹
231 901 388 934 veterum
413 898 717 935 existimaverunt.
770 899 911 934 Ederae
942 910 1083 945 quoque
1112 900 1149 932 et
1207 910 1245 934 a·

164 946 183 978 2
230 943 398 979 rundines
437 945 584 980 arbores
616 955 686 979 non
718 943 809 978 male
840 942 1014 980 dicentur.
1069 943 1168 980 Idem
1201 944 1245 979 de

163 991 183 1023 3
231 988 421 1024 salicteto²
457 989 644 1025 dicendum
676 992 742 1024 est.
797 988 867 1023 Sed
897 988 929 1024 si
983 989 1038 1024 uis
1070 990 1244 1034 saligneas

163 1033 278 1079 virgas
297 1033 506 1069 instituendi
525 1034 641 1070 salicti
661 1044 771 1069 causa
788 1033 950 1069 defixerit
996 1044 1118 1080 aeque,
1143 1038 1244 1070 ante-

163 1089 270 1124 quam
295 1078 433 1114 radices
458 1079 637 1124 coegerint
647 1078 928 1121 ³„sucoidantur
951 1082 1015 1114 aut
1038 1080 1244 1123 evellantur,

162 1127 260 1160 recte
276 1123 495 1169 Pomponius
519 1124 662 1169 scripsit
684 1135 756 1159 non
778 1134 885 1169 posse
909 1124 965 1169 agi
990 1124 1034 1159 de
1056 1123 1244 1159 arboribus

162 1169 322 1213 succisis,
346 1179 426 1204 cum
450 1169 548 1204 nulla
568 1169 676 1204 arbor
720 1168 838 1214 roprie
859 1168 1011 1210 dicatur,
1036 1179 1127 1214 quae
1149 1170 1244 1204 radi-

164 1217 183 1249 4
232 1223 308 1249 00111
331 1225 404 1250 11011
428 1214 640 1259 conceperit.
722 1213 791 1249 uod
820 1214 850 1249 si
874 1213 953 1267 quis
977 1225 1020 1249 ex
1045 1215 1244 1258 seminario,

162 1258 199 1294 id
227 1262 283 1295 est
312 1259 473 1304 stirpitus
496 1261 659 1294 arborem
682 1259 921 1302 transtulerit,
954 1269 1052 1302 eam,
1086 1260 1245 1304 quamvis

162 1303 319 1340 nondum
344 1304 652 1357 comprehenderit
675 1307 824 1346 terram,
856 1304 1021 1339 arborem
1051 1309 1169 1340 tamen
1194 1304 1244 1340 vi-

163 1349 239 1385 deri
260 1348 348 1385 Pom
377 1359 478 1384 onius
502 1349 594 1384 libro
618 1359 713 1385 nono
738 1349 873 1384 decimo
897 1349 944 1385 ad
967 1349 1137 1385 Sabinum
1161 1360 1245 1395 pro-

162 1397 182 1429 5
229 1394 303 1430 bat.
369 1394 433 1429 deo
466 1403 508 1429 ea
537 1404 679 1439 quoque
708 1395 815 1430 arbor
846 1404 925 1430 esse
955 1394 1110 1439 videtur,
1143 1395 1245 1431 cuius

163 1443 209 1475 5a
252 1438 392 1475 radices
416 1438 601 1474 desinent⁴
625 1440 751 1475 vivere.
792 1439 940 1475 *Radix
963 1443 1081 1475 autem
1106 1440 1245 1475 arboris

163 1486 264 1520 *non
286 1483 425 1519 videtui·
442 1484 582 1520 arboris
599 1484 839 1530 appellatione
858 1485 1060 1520 contineri*
1072 1487 1096 1527 ⁵,
1145 1495 1246 1520 uam-

164 1529 215 1565 vis
239 1528 356 1564 adhuc
380 1533 477 1565 terra
501 1529 746 1565 contineatur:
770 1540 877 1575 quam
895 1530 1107 1565 sententiam
1156 1531 1245 1565 abeo

164 1578 184 1610 6
230 1584 370 1620 quoque
393 1574 534 1620 probat.
580 1574 704 1610 Labeo
729 1574 835 1610 etiam
859 1585 937 1610 eain
960 1575 1125 1610 arborem
1148 1579 1246 1611 recte

163 1619 234 1654 dici
264 1623 386 1664 putat,
424 1629 516 1664 quae
551 1619 722 1655 subversa
753 1630 775 1655 a
803 1619 1008 1655 radicibus⁶
1042 1620 1246 1656 etiamnunc

165 1664 289 1711 reponi
317 1668 455 1718 potest,
485 1668 549 1700 aut
578 1674 669 1710 quae
699 1665 751 1700 ita
779 1665 954 1700 translata
985 1668 1056 1708 est,
1091 1669 1133 1701 ut
1161 1665 1246 1711 poni

164 1713 182 1744 7
229 1715 354 1762 possit.
390 1709 527 1755 Stirpes
551 1709 652 1746 oleae
674 1710 821 1746 arbores
846 1719 924 1746 esse
946 1711 1059 1755 magis
1083 1714 1148 1753 est,
1174 1710 1247 1746 sive

164 1758 183 1790 8
229 1765 300 1790 iam
323 1759 470 1800 egerunt
492 1754 631 1791 radices
655 1755 729 1791 sive
751 1754 921 1791 nondum.
958 1755 1122 1791 Omnium
1141 1755 1248 1801 igitur

163 1800 288 1880 hagim
324 1800 512 1844 arborum,
553 1810 642 1846 quas
677 1801 976 1843 enumeravimus,
1013 1801 1156 1836 nomine
1191 1800 1247 1845 agi

188 1855 208 1880 0
246 1849 303 1880 rit.

162 1856 186 1891 p
207 1888 234 1927 4
268 1889 392 1926 [ἔωσε
427 1889 542 1926 libro⁷
582 1889 632 1925 ad
665 1890 777 1938 quem
816 1890 1002 1927 duodecim
1042 1889 1247 1926 tabularum

164 1935 268 1971 Certe
300 1946 371 1971 non
403 1934 606 1978 dubitatur,
645 1935 676 1970 si
709 1935 829 1971 adhuc
868 1935 958 1971 adeo
997 1939 1158 1971 tenerum
1190 1935 1247 1978 sit,

162 1980 372 2061 ihitbherbae
409 1980 490 2016 loco
529 1980 593 2025 sit,
640 1991 712 2016 non
749 1981 879 2016 debere
921 1981 1062 2016 arboris
1099 1991 1247 2016 numero

188 2035 210 2061 a
237 2035 298 2061 eri.

209 2069 233 2108 5
260 2070 314 2106 ΡΑ
323 2079 418 2106 Utus
450 2070 542 2106 libro
578 2081 674 2105 nono
706 2069 756 2105 ad
785 2069 958 2106 Sabinum
1007 2070 1165 2106 Caedere
1194 2073 1249 2106 est

162 2126 235 2152 non
256 2115 372 2152 solum
391 2115 584 2158 succidere,
604 2114 667 2150 sed
684 2115 791 2150 etiam
811 2115 917 2151 ferire
936 2115 1105 2151 caedendi
1125 2125 1246 2151 causa.

164 2161 306 2206 cingere
337 2164 393 2196 est
423 2160 643 2205 deglabrare.
691 2160 882 2196 subsecare
919 2165 974 2196 est
1003 2161 1246 2196 subsecuisse:

164 2216 235 2242 non
266 2205 359 2241 enim
390 2208 532 2251 poterat
568 2204 740 2241 cecidisse
777 2205 951 2250 intellegi,
986 2206 1047 2251 qui
1070 2215 1169 2241 serra
1193 2216 1248 2241 se·

167 2255 180 2286 1
233 2250 376 2286 cuisset.
420 2250 510 2285 Eius
535 2250 684 2286 actionis
708 2249 831 2286 eadem
855 2261 965 2286 causa
988 2255 1052 2294 est,
1078 2261 1170 2296 quae
1194 2255 1250 2286 est

165 2299 185 2332 2
231 2296 318 2341 legis
355 2295 530 2340 Aquiliae.
591 2295 646 2339 Is,
683 2295 784 2330 cuius
820 2306 907 2331 usus
943 2295 1082 2331 fructus
1118 2299 1174 2331 est
1212 2296 1248 2330 in

163 2341 288 2384 fundo,
312 2341 406 2376 hanc
430 2340 605 2376 actionem
628 2350 700 2376 non
723 2340 848 2376 habet:
874 2340 934 2386 qui
957 2344 1076 2376 autem
1099 2340 1249 2375 fundum

164 2386 372 2431 vectigalem
394 2385 520 2430 habet,
550 2385 644 2421 hanc
668 2386 843 2421 actionem
866 2385 993 2428 habet,
1018 2386 1111 2421 sicut
1134 2395 1249 2431 aquae

164 2431 304 2478 pluviae
327 2430 503 2467 arcendae
527 2431 703 2466 actionem
726 2434 763 2466 et
784 2430 906 2468 finium
930 2430 1180 2476 regundorum.

211 2473 236 2514 6
270 2476 500 2512 Poupomvs
534 2476 625 2512 libro
663 2477 853 2512 vicensimo
893 2475 943 2511 ad
978 2475 1152 2511 Sabinum
1212 2475 1249 2511 Si

165 2521 286 2568 plures
316 2520 462 2557 eandem
486 2521 650 2556 arborem
680 2520 803 2556 furtim
828 2520 1039 2563 ceciderint,
1072 2531 1154 2556 cum
1177 2521 1248 2556 sin-

172 2572 181 2602 ι
233 2566 326 2612 gulis
361 2566 399 2601 in
439 2566 590 2602 solidum
629 2570 765 2611 agetur.
819 2567 869 2601 At
907 2566 936 2601 si
976 2566 1099 2602 eadem
1141 2566 1250 2602 arbor

164 2612 319 2657 plurium
339 2611 457 2654 suerit,
478 2610 650 2646 universis
670 2610 855 2646 dumtaxat
866 2621 939 2646 una
952 2615 988 2646 et
1007 2610 1116 2646 semel
1133 2621 1250 2656 poena

167 2662 187 2692 2
235 2656 488 2702 praestabitur.
535 2655 573 2691 Si
604 2656 713 2692 arbor
743 2657 780 2691 in
804 2656 908 2691 vicini
937 2655 1087 2691 fundum
1110 2656 1249 2692 radices

192 2702 335 2744 orrexit‚
360 2701 517 2737 recidere
540 2711 601 2736 eas
618 2701 734 2736 vicino
753 2711 825 2736 non
848 2700 980 2743 licebit,
1006 2711 1110 2746 agere
1130 2706 1248 2736 autem

166 2713 287 2782 iicebit
308 2757 379 2782 non
400 2756 478 2782 esse
501 2746 533 2782 ei
556 2746 636 2782 ius⁸
659 2746 777 2788 (sicuti
796 2746 931 2791 tignum
952 2749 1015 2781 aut
1034 2749 1249 2791 protectum)

167 2791 350 2827 inmissum
379 2791 521 2827 habere.
577 2791 607 2827 si
638 2790 819 2826 radicibus
847 2791 953 2826 vicini
983 2791 1091 2827 arbor
1123 2791 1247 2834 aletur,

166 2842 286 2872 tamen
310 2836 387 2872 eius
411 2840 481 2881 est,
506 2836 543 2871 in
567 2836 668 2872 cuius
692 2835 802 2871 fundo
828 2836 926 2881 origo
951 2836 1026 2871 eius
1050 2836 1168 2871 fuerit.

215 2879 238 2918 7
271 2881 465 2916 ULPJANUS
496 2881 586 2917 libro
620 2881 827 2933 triqensz’mo
859 2885 984 2917 octavo
1016 2881 1067 2916 ad
1095 2881 1247 2917 edictum

167 2926 307 2962 Furtim
330 2935 456 2962 caesae
479 2926 543 2961 arb
569 2935 626 2961 res
649 2925 830 2968 videntur,
861 2936 952 2970 quae
974 2926 1160 2970 ignorante
1185 2925 1248 2962 do-

171 2975 185 3007 1
234 2970 330 3006 1111110
354 2936 567 3016 0010111110υέ
586 2971 661 3006 eius
687 2981 797 3006 causa
821 2971 1030 3006 caeduntur.
1069 2971 1146 3007 Nec
1170 2980 1249 3007 esse

167 3016 261 3052 hanc
283 3015 372 3051 furti
390 3015 566 3052 actionem
590 3015 714 3051 scribit
729 3015 871 3061 Pedius,
896 3026 978 3051 cum
997 3020 1033 3051 et
1055 3016 1133 3052 sine
1151 3015 1248 3052 furto

168 3064 188 3096 2
234 3060 314 3096 fieri
347 3061 476 3106 possit,
508 3065 549 3095 ut
579 3061 657 3106 quis
689 3061 834 3097 arbores
865 3060 988 3096 furtim
1019 3061 1156 3097 caedat.
1211 3061 1249 3096 Si

167 3106 246 3152 quis
269 3106 440 3142 radicitus
463 3105 626 3141 arborem
648 3106 804 3141 evellerit
822 3106 876 3142 vel
896 3105 1155 3151 exstirpaverit,
1179 3106 1249 3142 hac

167 3151 309 3187 actione
331 3161 404 3187 non
426 3154 583 3187 tenetur:
617 3160 732 3194 neque
756 3151 847 3186 enim
870 3151 926 3186 vel
950 3151 1066 3186 caedit
1088 3151 1143 3187 vel
1167 3161 1248 3187 suc·

167 3195 255 3232 cidit
282 3195 338 3232 vel
368 3195 570 3232 subsecuit:
613 3195 757 3240 Aquilia
792 3200 912 3231 tamen
947 3199 1108 3239 tenetur,
1147 3195 1249 3242 quasi

167 3245 187 3275 3
233 3240 381 3286 ruperit.
428 3240 580 3276 Etiamsi
602 3250 675 3276 11011
699 3244 774 3275 tota
798 3241 905 3276 arbor
928 3251 1034 3277 caesa
1056 3241 1119 3285 sit,
1151 3245 1249 3276 recte

167 3290 188 3321 4
234 3289 355 3322 tamen
377 3289 503 3331 agetur
533 3285 636 3331 quasi
660 3295 775 3321 caesa.
823 3286 903 3321 Sive
927 3290 1045 3322 autem
1070 3286 1149 3331 quis
1173 3286 1248 3322 suis

167 3331 348 3375 manibus,
372 3330 446 3367 sive
470 3331 553 3366 dum
576 3330 728 3384 imperat
751 3339 851 3366 servo
876 3330 1022 3367 arbores
1047 3331 1139 3376 cingi
1163 3331 1248 3367 snb-

167 3376 282 3413 secari
306 3375 407 3412 caedi
416 3376 442 3419 ⁹,
466 3375 535 3411 hac
559 3379 698 3411 actione
720 3379 871 3411 tenetur.
905 3375 999 3411 idem
1022 3380 1059 3412 et
1081 3376 1112 3411 si
1134 3376 1248 3412 libero

168 3424 188 3456 δ
235 3421 396 3467 imperet.
442 3420 546 3466 Quod
569 3420 601 3457 si
623 3430 724 3457 servo
748 3430 813 3457 suo
837 3430 909 3456 non
938 3420 1162 3467 praeceperit
1184 3420 1247 3457 do·

213 3535 252 3577 (ι)
278 3533 359 3568 Sat.
374 3541 397 3568 1.
410 3540 438 3568 s.
452 3541 557 3573 5...1o;
582 3533 763 3573 Ed.ii.12;
789 3532 873 3577 Pap.
887 3540 954 3567 ιι.
974 3551 1020 3558 -
1040 3534 1123 3567 Bas.
1139 3536 1193 3576 60,
1212 3541 1245 3568 io

169 3580 211 3621 (2)
236 3579 372 3613 saliceto
383 3591 446 3612 scr.
546 3581 589 3621 (8)
614 3579 740 3612 radices
751 3578 880 3622 egerint
893 3578 973 3613 Hal.
1075 3583 1118 3617 (4)
1143 3579 1246 3612 desie-

167 3625 239 3657 rint
248 3637 312 3659 ecr.
387 3626 431 3666 (5)
455 3623 550 3657 radix
562 3634 591 3656 a.
603 3634 633 3657 a.
646 3634 679 3656 n.
692 3634 724 3656 v.
737 3634 766 3657 a.
778 3633 853 3667 app.
866 3623 1031 3657 contineri
1044 3636 1101 3657 om.
1117 3624 1154 3666 R
1171 3636 1246 3668 sup·

167 3670 257 3713 plevi
265 3669 436 3703 secundum
451 3669 487 3702 B
540 3671 584 3711 (ὅ)
601 3667 756 3702 subversa
767 3668 927 3702 radicitus
939 3668 1020 3702 Hal.
1077 3670 1119 3711 (Ἰ)
1138 3668 1247 3711 primo
1317 3667 1442 3702 Paulae
1460 3669 1587 3702 videtur
1600 3670 1756 3703 adiecisse

170 3715 229 3747 ine.
244 3714 311 3748 Iac.
325 3713 544 3757 Gothqsredus
602 3715 646 3755 (8)
671 3713 778 3757 eiius]
791 3714 863 3746 eius
875 3713 908 3746 F
962 3714 1008 3756 (ο)
1031 3712 1164 3746 arbores
1175 3714 1247 3746 cin-

170 3757 222 3800 git
231 3757 381 3791 subsecat
393 3757 501 3791 caedit
512 3771 573 3791 ner.
637 3761 698 3798 (ιο)
717 3757 868 3807 noralem
881 3759 953 3792 edd.
1017 3759 1073 3797 (ii)
1089 3757 1181 3790 caedi
1194 3769 1247 3791 ner

1234 146 1322 196 776
1536 150 1593 203 kx,

1463 21 1480 62 N>

1476 64 1547 148 “n

1718 162 1932 195 monim
1961 162 2127 196 mm
2156 161 2388 197 emmim

1314 273 1446 315 minus,
1481 271 1545 308 sed
1565 269 1643 319 ipse
1665 283 1732 310 sua
1754 274 1936 311 voluntate
1958 275 1996 312 id
2018 275 2214 321 admiserit,
2238 275 2392 314 Sabinus

1314 318 1366 353 ait
1388 321 1590 363 competere
1611 319 1741 355 noxale
1751 321 1790 365 ¹⁰,
1813 323 1854 356 ut
1872 320 1908 356 in
1929 321 2055 356 ceteris
2074 321 2276 358 maleficiis:
2301 331 2392 368 quae

1314 366 1342 415 6.
1381 363 1558 398 sententia
1585 373 1671 399 vera
1699 368 1765 401 est.
1811 365 1910 401 Haec
1945 367 2039 402 actio
2063 366 2202 402 etiamsi
2232 367 2392 412 poenalis

1313 410 1375 451 sit,
1398 411 1573 454 perpetua
1595 411 1661 444 est.
1708 410 1771 445 sed
1794 410 1963 446 adversus
1986 411 2151 447 heredem
2175 422 2247 447 non
2270 412 2392 448 datur:

1315 455 1332 486 7
1382 452 1503 488 heredi
1547 453 1742 506 ceterisque
1778 456 2045 491 successoribus
2083 456 2235 492 dabitur.
2300 457 2393 492 Con-

1314 497 1492 533 demnatio
1517 503 1635 534 autem
1660 508 1736 535 eius
1760 499 1906 546 duplum
1930 500 2088 536 continet

1336 538 1385 595 ,8
1410 541 1465 578 ΡΑ
1474 552 1569 578 ULUS
1596 543 1686 579 libro
1716 545 1923 591 triqensimo
1946 556 2040 581 nono
2065 545 2114 581 acl
2141 545 2292 582 edictum
2338 545 2392 581 fa-

1314 586 1441 623 cienda
1454 587 1710 631 aestimatione,
1722 589 1846 634 quanti
1859 590 1989 626 domini
2003 590 2142 626 intersit
2154 601 2227 626 non
2240 590 2333 626 laedi
2344 593 2390 626 ¹¹:

1313 631 1543 677 ipsarumque
1566 633 1734 668 arborum
1765 634 1918 680 pretium
1941 635 2070 670 deduci
2094 646 2115 671 0
2143 639 2236 671 ortet
2259 639 2296 671 et
2317 635 2392 671 eius

1317 680 1331 712 1
1382 677 1477 723 quod
1500 682 1664 722 superest
1686 678 1762 713 fieri
1786 679 2078 716 aestimationem.
2159 679 2264 715 urtim
2288 680 2393 715 arbo-

1314 724 1334 756 2
1381 732 1456 758 rem
1487 723 1622 766 caedit,
1656 723 1716 776 qui
1741 723 1831 758 clam
1862 724 1990 759 caedit.
2037 725 2149 770 Igitur
2172 726 2202 761 si
2227 725 2395 761 ceciderit

1315 770 1351 802 et
1387 766 1478 802 lucri
1514 767 1669 803 faciendi
1705 779 1814 804 causa
1846 770 2134 814 contrectaverit,
2173 770 2279 805 etiam
2309 770 2394 805 furti

1315 813 1498 849 tenebitur
1525 813 1704 859 lignorum
1736 824 1849 850 causa
1872 818 1914 851 et
1946 815 2171 852 condictione
2201 820 2238 852 et
2267 817 2314 852 ad
2337 826 2397 853 ex-

1316 860 1336 893 3
1382 858 1588 894 hibendum.
1636 858 1705 904 Qui
1736 869 1802 905 per
1829 861 1899 896 vim
1929 861 2065 896 sciente
2095 861 2240 898 domino
2271 862 2399 907 caedit,

1314 913 1389 938 non
1412 903 1539 939 incidit
1560 903 1597 939 iii
1621 904 1716 940 hanc
1737 904 1928 941 actionem.

1360 943 1385 983 9
1408 946 1531 982 Galus
1551 946 1642 982 libro
1666 947 1770 982 tertio
1783 947 1918 983 decimo
1937 947 1987 982 ad
2004 947 2157 984 edictum
2167 947 2395 994 provinciale

1314 990 1352 1026 Si
1376 991 1524 1027 colonus
1548 991 1604 1035 sit,
1630 991 1691 1036 qui
1714 991 1882 1027 ceciderit
1899 993 2056 1035 arbores,
2081 992 2187 1029 etiam
2210 1002 2255 1028 ex
2276 993 2395 1028 locato

1314 1046 1395 1115 ἓιιὶιι
1417 1046 1459 1072 00
1483 1036 1540 1082 agi
1562 1039 1692 1082 potest.
1722 1037 1827 1082 plane
1851 1048 1923 1073 una
1946 1037 2086 1073 actione
2105 1041 2294 1073 contentus
2317 1047 2396 1073 esso

1340 1091 1358 1115 e
1384 1084 1419 1116 et
1442 1085 1553 1117 actor.

1362 1124 1412 1163 10
1442 1126 1635 1163 IULIANUS
1662 1127 1752 1163 libro
1783 1128 1886 1163 tertio
1918 1138 1968 1163 ex
1996 1127 2144 1163 Minicio
2190 1127 2227 1163 Si
2257 1128 2396 1173 gemina

1314 1171 1424 1206 arbor
1441 1174 1537 1207 esset
1559 1175 1596 1207 et
1624 1183 1734 1217 supra
1762 1176 1891 1208 terram
1923 1172 2089 1208 iunctura
2117 1172 2192 1208 eius
2217 1173 2395 1215 emineret,

1314 1226 1387 1250 una
1417 1218 1527 1252 arbor
1556 1217 1695 1252 videtur
1727 1228 1815 1253 esse.
1865 1217 1927 1252 sed
1959 1218 1989 1253 si
2026 1217 2063 1253 id
2092 1227 2164 1262 qua
2194 1218 2397 1263 iungeretur

1314 1271 1387 1296 non
1405 1264 1554 1306 extaret,
1574 1262 1722 1298 totidem
1740 1263 1886 1299 arbores
1907 1267 2000 1305 sunt,
2022 1266 2110 1308 quot
2127 1263 2263 1308 species
2276 1273 2396 1298 earum

1314 1315 1356 1341 su
1383 1316 1424 1342 ra
1446 1310 1579 1342 terram
1603 1312 1731 1343 essent.

1392 1349 1409 1388 1
1446 1351 1501 1386 ΡΑ
1511 1361 1605 1388 Ubus
1634 1352 1725 1388 libro
1757 1353 1947 1389 vicensimo
1977 1352 2134 1388 secundo
2165 1351 2215 1388 ad
2244 1352 2396 1388 edictum

1314 1395 1383 1431 Sed
1416 1395 1447 1432 si
1478 1396 1522 1432 de
1550 1397 1739 1434 arboribus
1772 1398 1885 1434 caesis
1922 1407 1966 1432 ex
1996 1397 2073 1442 lege
2103 1397 2247 1442 Aquilia
2278 1400 2397 1433 actum

1314 1441 1378 1485 sit,
1409 1441 1599 1478 interdicto
1631 1442 1726 1488 quod
1748 1442 1782 1478 vi
1805 1447 1869 1478 aut
1900 1442 1990 1478 clam
2014 1442 2152 1478 reddito
2182 1442 2396 1485 absolvetur,

1314 1485 1344 1521 si
1368 1486 1455 1522 satis
1479 1487 1594 1539 prima
1618 1487 1912 1523 condemnatione
1925 1488 1953 1509 ¹²
2021 1486 2178 1523 avaverit
2199 1497 2300 1523 reum
2323 1497 2397 1522 ma-

1313 1535 1420 1611 iiente
1454 1532 1563 1568 nihilo
1594 1532 1710 1568 minus
1742 1533 1882 1569 actione
1911 1542 1956 1568 ex
1999 1542 2061 1578 ege
2085 1531 2270 1568 duodecim
2291 1532 2396 1568 tabu-

1328 1586 1441 1611 arum.

1364 1619 1416 1658 12
1439 1620 1485 1657 ΙΑ
1495 1632 1664 1658 vozeiws
1684 1622 1775 1659 libro
1799 1623 1925 1669 quinto
1949 1622 2085 1658 decimo
2109 1633 2159 1658 ex
2177 1622 2297 1658 Cassio
2329 1621 2398 1667 Qui

1315 1676 1438 1711 agrum
1460 1666 1632 1712 vendidit,
1665 1667 1776 1704 nihilo
1799 1668 1915 1703 minus
1939 1666 2060 1703 furtim
2084 1668 2251 1704 arborum
2276 1677 2398 1703 caesa-

1314 1722 1393 1747 rum
1417 1721 1523 1757 agere
1545 1715 1675 1758 potest.

1786 1849 1933 1890 V111¹³.

1402 1916 1452 1950 VI
1475 1915 1695 1950 BONORUM
1717 1915 1964 1950 RAPTORUM
1987 1915 2047 1949 ΕΤ
2069 1916 2133 1949 DE
2156 1916 2316 1950 TU'RBA.

1367 1979 1384 2018 1
1413 1981 1470 2017 ΡΑ
1479 1991 1574 2017 vsvs
1608 1981 1699 2018 libro
1737 1982 1927 2018 vicensimo
1965 1981 2121 2018 secundo
2159 1981 2210 2018 ad
2245 1982 2397 2018 edictum

1318 2026 1385 2071 Qui
1413 2037 1488 2062 rem
1518 2026 1637 2072 rapuit
1650 2027 1688 2072 ¹⁴,
1719 2030 1755 2062 et
1784 2026 1872 2062 furti
1902 2036 1968 2062 nec
1996 2026 2175 2063 manifesti
2197 2030 2340 2063 tenetur
2361 2028 2398 2063 in

1318 2071 1466 2151 11υέ111111
1502 2075 1539 2107 et
1574 2072 1609 2107 vi
1645 2072 1820 2108 bonorum
1856 2076 2040 2117 raptorum
2076 2072 2114 2107 in
2145 2071 2397 2118 quadruplum.

1317 2126 1356 2151 se
1412 2116 1443 2152 si
1474 2121 1558 2152 ante
1590 2120 1709 2152 actum
1734 2117 1780 2153 sit
1802 2117 1836 2153 vi
1859 2118 2035 2153 bonorum
2056 2120 2258 2163 raptorum,
2291 2116 2398 2153 dene-

1340 2161 1434 2196 anda
1456 2166 1512 2197 est
1534 2161 1639 2198 furti:
1664 2162 1695 2198 si
1718 2166 1802 2198 ante
1825 2162 1912 2197 furti
1935 2166 2054 2198 actum
2077 2166 2140 2205 est,
2163 2173 2236 2198 non
2259 2166 2315 2198 est
2335 2162 2398 2198 illa

1342 2206 1536 2251 eneganda,
1560 2210 1601 2242 ut
1624 2211 1743 2243 tamen
1765 2207 1803 2242 id
1826 2207 1921 2252 quod
1945 2206 2096 2252 amplius
2118 2206 2156 2242 in
2173 2217 2218 2243 ea
2239 2211 2295 2243 est
2313 2217 2398 2243 0011-

1317 2261 1355 2288 se
1380 2256 1498 2287 uatur.

1402 2298 1430 2319 ¹⁵
1456 2296 1649 2333 Uipsanas
1668 2295 1758 2332 libro
1776 2296 2098 2342 quinquaqensimo
2113 2299 2218 2331 sexto
2240 2295 2291 2331 ad
2304 2296 2399 2333 edic-

1318 2345 1392 2376 tum
1437 2342 1589 2377 Praetor
1612 2341 1678 2376 ait:
1718 2340 1768 2376 ‘Si
1791 2341 1850 2375 cui
1881 2340 1960 2376 dolo
1985 2340 2078 2376 malo
2109 2340 2312 2377 hominibus
2337 2351 2398 2377 co-

1318 2386 1421 2422 ‘actis
1445 2386 1563 2422 damni
1581 2385 1666 2438 quid
1684 2384 1819 2421 factum
1839 2395 1918 2421 esse
1938 2385 2077 2420 dicetur
2095 2385 2167 2421 sive
2185 2386 2285 2422 cuius
2305 2386 2398 2422 bona

1318 2435 1371 2468 ‘ra
1395 2435 1434 2466 ta
1458 2441 1535 2467 esse
1559 2430 1740 2473 dicentur,
1770 2431 1808 2465 in
1832 2440 1930 2472 eum,
1955 2430 2016 2475 qui
2037 2430 2074 2465 id
2098 2430 2227 2466 fecisse
2249 2430 2397 2475 dicetur,

1319 2443 1497 2512 ‘iudicium
1529 2476 1632 2511 dabo.
1680 2475 1766 2511 item
1799 2475 1830 2511 si
1861 2485 1983 2510 servus
2013 2474 2142 2511 fecisse
2174 2475 2329 2519 dicetur,
2359 2476 2398 2512 in

1322 2526 1335 2557 1
1387 2521 1579 2557 ‘dominum
1615 2520 1784 2556 iudicium
1829 2520 1956 2555 noxale
1992 2519 2110 2556 dabo'.
2168 2520 2247 2556 Hoc
2281 2520 2397 2557 edicto

1319 2570 1443 2602 contra
1466 2576 1528 2608 ea,
1559 2576 1651 2612 quae
1674 2565 1708 2612 vi
1732 2566 2014 2608 committuntur,
2039 2564 2219 2601 consuluit
2241 2570 2396 2611 praetor.

1318 2622 1401 2647 nam
1431 2611 1462 2647 si
1494 2611 1573 2656 quis
1602 2621 1640 2647 se
1671 2610 1740 2645 vim
1771 2620 1916 2655 passum
1941 2610 2069 2646 docere
2118 2610 2222 2653 ossit‚
2254 2611 2397 2656 publico

1316 2656 1448 2692 iudicio
1473 2656 1517 2692 de
1539 2657 1573 2692 vi
1602 2659 1722 2702 potest
1745 2655 1915 2700 experiri,
1945 2665 2059 2700 neque
2082 2621 2226 2691 1101)ουΒ
2254 2656 2398 2701 publico

1317 2701 1449 2737 iudicio
1480 2701 1620 2746 privata
1651 2701 1793 2736 actione
1823 2699 2062 2746 praeiudicari
2085 2699 2227 2746 quidam
2250 2704 2396 2746 putant:

1318 2747 1380 2783 sed
1416 2746 1539 2782 utilius
1575 2746 1688 2782 visum
1728 2749 1800 2789 est,
1840 2746 1999 2790 quamvis
2035 2744 2292 2790 praeiudicium
2330 2745 2398 2790 legi

1316 2791 1428 2827 Iuliae
1452 2791 1497 2827 de
1515 2791 1550 2827 vi
1571 2791 1712 2837 privata
1730 2790 1805 2832 fiat,
1828 2790 1936 2825 nihilo
1957 2789 2072 2825 minus
2091 2794 2212 2825 tamen
2228 2801 2300 2826 non
2320 2800 2398 2827 esse

1318 2836 1559 2881 denegandam
1590 2836 1766 2871 actionem
1796 2835 2004 2880 eligentibus
2035 2834 2207 2880 privatam
2230 2845 2397 2881 persecu-

1319 2885 1338 2917 2
1385 2882 1530 2917 tionem.
1577 2880 1694 2916 ‘Dolo’
1717 2884 1836 2915 autem
1861 2880 1965 2916 ‘malo
1993 2879 2124 2915 facere‘
2146 2883 2267 2926 potest
2289 2879 2397 2926 (quod

1317 2926 1474 2962 edictum
1510 2926 1573 2970 ait)
1610 2936 1682 2961 11011
1714 2929 1855 2960 tantum
1885 2925 1916 2961 is
1946 2924 2008 2970 qui
2036 2935 2078 2960 ra
2103 2924 2147 2968 it,
2178 2924 2242 2961 sed
2270 2930 2307 2961 et
2337 2924 2398 2970 qui

1316 2971 1552 3017 praecedente
1583 2971 1732 3006 consilio
1763 2970 1809 3005 ad
1833 2971 1903 3006 hoc
1930 2969 1943 3005 i
1969 2980 2046 3005 suin
2102 2969 2234 3006 omines
2265 2969 2399 3016 colligit

1318 3021 1337 3052 3
1385 3020 1561 3059 armatos,
1589 3019 1631 3051 ut
1659 3015 1825 3050 damnum
1853 3014 1914 3051 det
1970 3024 2081 3050 onave
2103 3014 2231 3060 rapiat.
2279 3014 2359 3050 Sive
2370 3016 2397 3036 ¹³

1317 3061 1426 3106 igitur
1454 3061 1532 3107 ipse
1562 3060 1640 3105 quis
1670 3063 1775 3104 cogat
1804 3059 1964 3095 homines
1994 3059 2068 3095 sive
2098 3059 2144 3095 ab
2168 3059 2238 3095 alio
2263 3058 2397 3096 coactis

1317 3107 1431 3142 utitur
1470 3106 1516 3142 ad
1554 3105 1784 3151 rapiendum,
1832 3104 1913 3140 dolo
1950 3105 2042 3140 malo
2089 3103 2208 3140 facere
2245 3104 2395 3140 videtur.

1317 3154 1338 3187 4
1385 3150 1554 3187 Homines
1586 3154 1731 3186 coactos
1762 3149 1925 3195 accipere
1960 3150 2128 3186 debemus
2158 3149 2205 3184 ad
2233 3149 2303 3185 hoc
2336 3159 2396 3185 co-

1317 3200 1336 3232 5
1384 3200 1497 3238 actos,
1521 3199 1562 3231 ut
1578 3194 1745 3230 damnum
1763 3195 1919 3230 daretur.
1953 3194 2078 3240 Neque
2096 3193 2249 3237 additur,
2275 3194 2396 3240 quales

1316 3241 1495 3277 homines:
1567 3239 1820 3285 ualescumque
1858 3239 1930 3275 sive
1974 3239 2102 3275 liberos
2146 3239 2218 3275 sive
2263 3249 2394 3275 servos.

1318 3290 1339 3322 6
1386 3285 1456 3322 Sed
1481 3288 1517 3321 et
1538 3295 1571 3320 si
1593 3295 1686 3321 unus
1710 3285 1816 3320 homo
1841 3288 1987 3320 coactus
2010 3283 2067 3327 sit,
2099 3283 2217 3320 adhuc
2241 3284 2395 3320 dicemus

1318 3335 1337 3366 7
1385 3329 1546 3367 homines
1571 3334 1727 3366 coactos.
1772 3329 1863 3365 Item
1893 3329 1924 3365 si
1953 3338 2134 3375 proponas
2159 3328 2274 3365 solum
2298 3328 2394 3364 dam-

1317 3386 1404 3413 num
1434 3374 1589 3418 dedisse,
1626 3386 1699 3411 11011
1729 3378 1816 3420 puto
1846 3373 1997 3410 deficere
2034 3373 2160 3410 verba:
2199 3374 2268 3410 1100
2302 3374 2396 3410 0111111

1318 3420 1414 3468 quod
1452 3419 1504 3456 ait
1541 3420 1754 3456 ‘hominibus
1795 3418 1953 3462 coactis’,
1997 3421 2039 3454 ut
2075 3418 2148 3455 sive
2188 3419 2287 3456 solus
2327 3418 2395 3454 vim

1315 3534 1375 3576 (12)
1399 3533 1629 3567 condemnatio
1641 3546 1703 3568 scr.

1361 3580 1420 3620 (is)
1445 3579 1510 3612 Ed.
1531 3586 1616 3619 i...5;
1642 3579 1727 3623 Pap.
1742 3586 1770 3613 0.
1788 3595 1833 3603 --
1853 3577 1939 3611 Bas.
1952 3579 2007 3620 60,
2025 3585 2068 3611 ιτ.
2082 3595 2129 3603 -
2151 3577 2294 3621 Ofilnst.
2308 3578 2341 3619 4,
2358 3584 2393 3616 2:

1320 3624 1397 3657 eod.
1414 3624 1448 3666 9,
1467 3630 1503 3658 ³³
1631 3625 1691 3667 (u)
1715 3633 1755 3657 ex
1775 3623 1871 3657 domo
1888 3622 1925 3655 in
1944 3632 2010 3665 qua
2027 3632 2123 3655 1101110
2143 3624 2215 3655 erat
2233 3622 2394 3655 similiave

1869 3668 1927 3709 (15)
1952 3668 2000 3701 ad
2018 3671 2035 3707 ς
2055 3674 2091 3702 22
2111 3667 2153 3712 qr.
2174 3667 2254 3700 Ince.
2276 3668 2309 3709 4,
2328 3673 2356 3709 2,
2375 3673 2392 3699 1

1316 3714 1375 3755 (ιο)
1399 3712 1517 3746 debera
1529 3714 1601 3747 edd.
1695 3717 1753 3752 (m
1776 3722 1850 3746 seve
1863 3712 1898 3745 F
