2528 3918
101 113 159 146 DE
188 111 439 145 RELIGIOSIS

100 225 173 260 sive
193 223 237 259 de
256 221 391 258 itineris
411 219 597 256 latitudine
618 218 693 254 sive
713 218 758 253 de
770 218 939 254 servitute
950 218 1184 253 immittendi¹

125 267 365 312 roiciendique
420 267 606 306 uaeratur,
641 263 715 299 sive
749 272 870 298 aream
893 263 949 298 vel
972 264 1107 308 tignum
1130 262 1185 297 vel

115 314 253 359 apidem
275 312 404 348 metien
429 321 450 346 ο
474 309 641 345 mentitus
663 308 772 344 fuerit

147 358 171 396 7
203 358 396 394 Uzmms
426 355 517 390 libro
554 354 744 390 vicensimo
781 356 912 399 quarto
948 353 998 389 ad
1030 352 1184 389 edictum

103 409 117 440 1
168 404 223 440 vel
247 402 347 438 cuius
379 400 526 436 alterius
556 399 624 442 rei,
657 398 847 434 tenebitur.
895 398 946 433 Et
980 398 1011 433 si
1045 408 1186 433 mensor

99 453 118 484 2
167 446 406 484 machinarius
437 444 622 487 fefellerit,
658 445 747 479 haec
780 443 874 478 actio
908 443 1062 478 dabitur.
1108 442 1186 478 Nec

100 505 170 530 non
194 493 281 528 illud
305 500 445 537 quoque
467 491 556 525 Pom
583 489 685 524 onius
710 489 797 524 dicit
819 489 926 523 etiam
948 489 985 523 in
1010 499 1101 531 eum,
1126 488 1186 533 qui

100 548 240 574 mensor
262 547 335 572 non
357 535 443 578 fuit,
474 501 602 570 fefeffiit
624 538 744 570 tamen
767 534 804 569 in
826 533 951 576 mod0,
985 537 1186 578 competere

99 587 118 620 3
165 584 258 619 hanc
279 581 466 617 actionem.
514 580 592 616 Hoc
618 580 776 624 exemplo
802 579 909 615 etiam
933 579 1103 615 adversus
1128 589 1184 613 ar-

98 629 289 664 chitectum
313 626 406 662 actio
431 625 508 661 dari
533 625 638 660 debet
662 625 722 669 qui
744 623 889 660 fefellit:
914 634 998 659 nam
1022 628 1058 659 et
1081 623 1183 659 divus

98 674 247 710 Severus
271 672 439 707 adversus
464 671 699 706 architectum
723 673 759 706 et
788 669 1049 714 redemptorem
1073 669 1183 705 actio-

98 722 117 754 4
165 728 228 753 1183
253 716 390 752 dandas
415 716 579 751 decrevit.
626 715 705 760 Ego
725 715 833 750 etiam
853 715 1022 750 adversus
1042 714 1183 750 tabula-

98 764 188 799 rium
206 766 294 809 puto
314 762 472 798 actiones
487 761 634 804 dandas,
648 760 709 806 qui
719 761 757 796 in
769 760 1034 805 computatione
1045 759 1182 796 fefellit.

580 853 691 893 V112.

96 923 156 956 DE
169 922 429 954 RELIGIOSIS
449 921 510 953 ΕΤ
530 920 783 953 SUMPTIBUS
805 919 1030 953 FUNERUM
1049 919 1110 952 ΕΤ
1122 919 1182 952 UT

352 966 502 999 FUNUS
528 965 711 998 DUCERE
735 965 914 998 LICEAT.

144 1032 162 1070 1
197 1032 392 1069 ULPJAst
413 1033 502 1069 libro
527 1032 662 1068 decimo
687 1031 738 1067 ad
759 1031 913 1068 edictum
948 1031 1016 1076 Qui
1036 1034 1183 1076 propter

94 1079 202 1115 funus
223 1078 356 1124 aliquid
374 1079 422 1113 im
450 1078 557 1120 cudit,
583 1088 662 1113 cum
683 1076 853 1112 defuncto
876 1077 1087 1112 contrahere
1107 1087 1181 1112 cre-

96 1124 202 1167 ditur,
227 1135 299 1159 non
324 1135 405 1159 cum
454 1123 568 1159 erede.

141 1167 167 1207 2
192 1169 299 1204 IDEM
327 1169 419 1205 libro
450 1169 641 1204 vicensimo
665 1168 790 1214 quinto
815 1167 864 1203 ad
886 1167 1065 1203 ediotum³
1110 1166 1181 1202 Lo-

96 1226 176 1251 cum
194 1215 233 1250 in
253 1225 323 1260 quo
344 1224 466 1250 servus
488 1213 649 1259 sepultus
670 1217 725 1248 est
743 1213 945 1258 religiosum
965 1222 1042 1248 esse
1061 1212 1182 1247 Aristo

98 1265 112 1296 1
163 1261 224 1296 ait.
273 1259 342 1304 Qui
372 1263 551 1295 mortuum
580 1259 617 1293 in
648 1259 767 1294 locum
799 1259 954 1294 alienum
986 1257 1106 1292 intulit
1127 1257 1183 1292 vel

94 1305 225 1342 inferre
249 1305 405 1348 curavit,
435 1304 616 1340 tenebitur
638 1304 676 1338 in
698 1303 836 1339 factum
859 1304 1010 1339 actione.
1048 1303 1097 1338 ‘in
1128 1302 1181 1337 lo-

96 1362 176 1387 cum
201 1350 358 1386 alterius'
383 1350 546 1396 accipere
569 1349 737 1385 debemus
761 1350 834 1385 sive
855 1350 893 1384 in
926 1359 1009 1393 agro
1043 1349 1116 1383 sive
1145 1348 1183 1382 in

95 1395 267 1432 aedificio.
305 1395 368 1431 sed
390 1395 449 1430 hic
474 1405 588 1431 sermo
613 1394 754 1430 domino
787 1395 850 1429 dat
881 1395 1078 1436 actionem,
1110 1404 1183 1429 non

96 1443 210 1478 bonae
234 1441 317 1476 fidei
340 1440 558 1486 possessori:
582 1451 666 1475 nam
691 1450 772 1475 cum
796 1440 892 1475 dicat
916 1440 964 1474 ‘in
988 1439 1107 1475 locum
1131 1439 1182 1474 al-

95 1487 228 1529 terius’,
260 1489 411 1532 apparet
441 1486 487 1522 de
518 1485 659 1521 domino
693 1496 773 1521 eum
804 1485 956 1528 sentire,
986 1484 1023 1519 id
1055 1487 1110 1520 est
1140 1494 1182 1519 eo

97 1533 196 1568 cuius
227 1532 328 1567 locus
360 1535 423 1567 est.
460 1531 524 1567 sed
554 1535 590 1566 et
618 1530 837 1566 fructuarius
867 1529 1052 1566 inferendo
1083 1533 1182 1565 tene-

96 1578 192 1613 bitur
223 1577 365 1613 domino
389 1576 630 1622 proprietatis.
668 1586 714 1611 an
739 1579 774 1612 et
798 1576 916 1612 socius
940 1579 1121 1618 teneatur,
1154 1575 1184 1610 si

95 1623 279 1669 ignorante
302 1623 399 1658 socio
422 1622 599 1665 intulerit,
631 1622 780 1657 tractari
809 1625 944 1667 potest:
980 1625 1034 1656 est
1064 1624 1184 1655 tamen

95 1668 212 1704 verius
243 1667 400 1703 familiae
432 1667 663 1703 erciscundae
693 1667 749 1703 vel
781 1666 959 1702 communi
992 1665 1182 1701 dividundo

97 1716 137 1749 2·
165 1713 346 1750 conveniri
380 1724 459 1749 eum
488 1723 605 1758 posse.
653 1712 804 1748 Praetor
835 1712 904 1747 ait:
937 1711 1053 1747 ‘Sive⁴
1076 1711 1182 1747 homo

96 1763 269 1794 ‘mortuus
294 1769 419 1794 ossave
441 1758 592 1794 hominis
615 1758 746 1793 mortui
768 1758 806 1792 in
829 1758 948 1793 locum
970 1768 1100 1802 purum
1131 1757 1183 1791 al-

97 1805 218 1840 ‘terius
243 1808 306 1839 aut
328 1804 366 1839 in
387 1803 425 1839 id
448 1803 694 1849 sepulchrum,
725 1804 763 1838 in
795 1814 864 1855 quo
889 1803 945 1838 ius
969 1813 1042 1838 non
1065 1802 1182 1845 fuerit,

98 1850 209 1885 ‘illata
240 1859 318 1885 esse
350 1849 538 1884 dicentur.’
575 1849 636 1894 qui
658 1849 727 1884 hoc
749 1848 854 1891 fecit,
887 1848 925 1883 in
955 1847 1092 1883 factum
1123 1857 1183 1883 ac-

96 1899 115 1931 3
162 1895 259 1930 tione
281 1898 424 1930 tenetur
448 1898 484 1930 et
506 1905 624 1940 poena
646 1894 854 1939 pecuniaria
876 1893 1082 1929 subicietur.
1129 1892 1185 1928 De

97 1951 139 1976 ea
172 1943 293 1975 autem
326 1940 485 1975 illatione
515 1943 661 1985 praetor
691 1939 819 1982 sensit,
855 1949 948 1991 quae
978 1939 1184 1983 sepulturae

95 1989 117 2021 4
163 1995 274 2021 causa
296 1984 348 2020 fit.
395 1985 514 2020 Purus
538 1989 657 2020 autem
679 1985 781 2020 locus
806 1984 953 2026 dicitur,
986 1984 1048 2029 qui
1069 1993 1184 2029 neque

96 2041 197 2067 sacer
231 2040 348 2076 neque
382 2034 528 2066 sanctus
565 2034 619 2066 est
653 2040 697 2065 ne
722 2040 768 2065 ue
800 2030 1004 2074 religiosus,
1040 2029 1103 2065 sed
1138 2029 1183 2063 ab

97 2079 116 2112 5
163 2076 324 2112 omnibus
345 2075 547 2111 huiusmodi
567 2075 700 2110 nomini
726 2086 769 2110 us
780 2085 910 2110 vacare
921 2074 1071 2110 videtur.
1120 2073 1183 2109 Se-

121 2121 285 2157 ulchrum
306 2125 372 2164 est,
392 2121 455 2156 ubi
475 2131 606 2166 corpus
626 2131 752 2156 ossave
764 2120 916 2155 hominis
930 2119 1075 2155 condita
1088 2123 1182 2154 sunt.

97 2133 221 2202 gelwe
246 2169 365 2201 autem
389 2166 457 2201 ait:
490 2177 563 2201 non
597 2169 714 2208 totus,
747 2166 808 2211 qui
838 2166 1044 2211 sepulturae
1076 2165 1183 2200 desti-

97 2216 202 2248 natus
227 2215 299 2254 est,
333 2211 434 2247 locus
458 2211 642 2256 religiosus
665 2210 726 2253 fit,
758 2210 822 2246 sed
853 2214 1029 2256 quatenus
1055 2220 1184 2255 corpus

99 2260 118 2294 6
163 2257 349 2292 humatum
372 2260 436 2293 est.
483 2257 755 2292 Monumentum
779 2259 851 2298 est,
877 2255 973 2300 quod
995 2255 1186 2291 memoriae

99 2306 117 2337 '1
164 2302 361 2338 servandae
382 2302 498 2347 gratia
522 2302 652 2337 existat
662 2303 687 2337 ⁶.
736 2300 774 2336 Si
797 2312 903 2336 usum
925 2301 1084 2336 fructum
1130 2301 1186 2336 uis

99 2348 246 2391 habeat,
278 2348 480 2393 religiosum
512 2347 631 2383 locum
662 2358 736 2383 non
758 2346 857 2382 facit.
895 2346 959 2382 sed
983 2350 1018 2381 et
1041 2346 1071 2381 si
1095 2356 1116 2381 a
1132 2346 1185 2381 'us

98 2393 361 2473 proprietatem,
386 2393 477 2428 alius
502 2403 606 2428 usum
628 2391 788 2428 fructum
810 2392 955 2434 habuit,
980 2402 1053 2427 non
1075 2391 1186 2426 faciet

112 2449 215 2474 ocum
236 2439 301 2474 reli
325 2438 439 2474 'osum
461 2449 528 2473 nec
551 2437 830 2482 proprietarius,
862 2437 930 2472 nisi
952 2436 1047 2472 forte
1068 2436 1186 2482 ipsum

101 2484 160 2529 qui
181 2494 285 2519 usum
324 2487 466 2519 ructum
488 2483 659 2529 legaverit
687 2482 864 2525 intulerit,
897 2493 978 2517 cum
1007 2482 1046 2517 in
1078 2482 1186 2517 alium

100 2528 216 2564 locum
231 2529 354 2564 inferri
370 2532 445 2564 tam
464 2532 664 2574 opportune
683 2538 756 2563 non
778 2531 919 2573 posset:
945 2532 982 2563 et
1003 2528 1055 2562 ita
1077 2527 1185 2562 Iulia-

101 2584 166 2609 nus
197 2574 331 2610 scribit.
369 2574 456 2609 alias
481 2577 601 2609 autem
623 2573 733 2609 invito
756 2573 955 2608 fructuario
979 2573 1080 2608 locus
1103 2573 1185 2607 reli-

100 2618 216 2664 giosus
239 2630 311 2655 non
334 2619 415 2654 fiet:
449 2619 511 2654 sed
536 2619 566 2654 si
590 2618 791 2654 consentiat
812 2618 1051 2660 fructuarius,
1075 2618 1186 2662 magis

102 2665 122 2699 8
166 2667 221 2699 est
252 2669 295 2700 ut
328 2665 430 2700 locus
463 2664 648 2709 religiosus
681 2663 756 2698 fiat.
803 2663 942 2699 Locum
984 2663 1045 2708 qui
1079 2663 1187 2698 servit

102 2718 202 2744 nemo
224 2709 428 2755 religiosum
450 2709 558 2752 facit,
583 2709 652 2744 nisi
677 2709 877 2744 consentiat
898 2708 929 2743 is
954 2708 1012 2743 cui
1035 2708 1185 2743 servitus

103 2753 279 2790 debeturfl.
316 2755 379 2790 sed
412 2755 443 2790 si
475 2765 546 2790 non
570 2754 686 2789 minus
711 2753 893 2789 commode
915 2764 980 2798 per
1004 2753 1110 2788 alium
1133 2753 1185 2788 lo-

104 2808 181 2834 cum
203 2800 371 2836 servitute
394 2800 447 2835 uti
496 2803 600 2842 otest,
624 2809 697 2834 non
719 2798 858 2834 videtur
877 2798 1055 2834 servitutis
1075 2798 1185 2843 impe—

103 2843 249 2880 diendae
271 2856 381 2881 causa
403 2845 440 2880 id
491 2845 560 2887 eri,
585 2848 621 2879 et
644 2844 724 2879 ideo
748 2844 933 2888 religiosus
956 2844 1014 2878 fit:
1041 2847 1077 2878 et
1100 2852 1186 2879 sane

105 2890 125 2924 9
167 2889 274 2925 habet
305 2890 375 2926 hoc
398 2890 584 2926 rationem.
632 2890 668 2925 Is
693 2889 753 2934 qui
776 2889 916 2934 pignori
940 2888 1038 2923 dedit
1061 2899 1186 2933 agrum

104 2933 134 2969 si
151 2933 189 2969 in
206 2944 287 2970 eum
307 2936 476 2971 suorum⁷
493 2939 671 2971 mortuum
690 2934 858 2977 intulerit,
883 2934 1086 2979 religiosum
1107 2944 1187 2968 eum

103 2976 206 3015 facit:
231 2980 294 3016 sed
318 2985 354 3016 et
377 2981 407 3016 si
429 2981 506 3026 ipse
528 2980 713 3023 inferatur,
737 2979 831 3015 idem
852 2984 924 3015 est:
951 2983 1107 3015 ceterum
1127 2979 1187 3014 alii

105 3024 297 3060 concedere
319 3036 392 3061 non
415 3029 544 3071 potest.

148 3065 173 3106 3
196 3069 252 3105 ΡΑ
260 3079 354 3106 Uhlss
374 3071 464 3107 libro
488 3071 678 3106 vicensimo
701 3071 852 3117 septimo
873 3069 924 3105 ad
940 3069 1094 3106 edictum
1128 3069 1187 3103 Ex

105 3123 277 3150 consensu
299 3119 420 3150 tamen
443 3116 599 3152 omnium
622 3116 743 3151 utilius
769 3119 823 3150 est
846 3114 964 3150 dicere
986 3114 1187 3160 religiosum

104 3167 208 3203 posse
229 3159 316 3203 fieri,
339 3160 447 3206 idque
469 3161 688 3206 Pomponius
712 3160 846 3196 scribit.

149 3202 175 3241 4
205 3203 398 3241 mmm
437 3206 528 3242 libro
562 3207 754 3242 vicensimo
790 3206 915 3251 quinto
950 3204 1000 3240 ad
1033 3205 1187 3241 edictum

106 3245 183 3284 Scri
207 3252 265 3285 tus
288 3251 390 3286 heres
413 3251 511 3296 prius
559 3261 643 3286 uam
665 3251 898 3286 hereditatem
920 3250 1027 3286 adeat
1048 3254 1187 3295 patrem

104 3291 123 3327 f
202 3294 210 3302 '
285 3299 463 3331 mortuum
494 3296 502 3303 ”
546 3296 675 3332 81811ᾱο
706 3296 824 3331 10011111
855 3295 945 3331 facit
973 3295 1186 3339 religiosum,

104 3346 170 3390 nec
191 3339 268 3384 quis
288 3344 391 3385 putet
408 3341 478 3377 hoc
497 3341 575 3386 ipso
595 3352 660 3386 pro
681 3341 810 3377 herede
831 3350 911 3375 eum
929 3350 1070 3385 gerere:
1094 3340 1187 3385 finge

103 3389 207 3418 emm‘
229 3384 346 3420 adhuc
378 3396 458 3421 eum
490 3386 685 3421 deliberare
716 3386 760 3421 de
791 3385 956 3421 adeunda
978 3385 1185 3421 hereditate.

103 3436 183 3472 ego,
207 3429 343 3464 etiamsi
363 3441 435 3465 non
452 3431 557 3466 heres
578 3441 658 3466 eum
683 3431 851 3474 intulerit,
876 3430 939 3466 sed
963 3430 1076 3476 quivis
1095 3431 1186 3465 alius

107 3542 147 3583 (1)
170 3541 405 3574 inadmittendi
417 3543 451 3574 F

153 3585 195 3626 (2)
219 3586 282 3618 Ed.
296 3593 628 3622 1...14.16.2o...25.2·1.
639 3595 686 3622 29.
697 3595 799 3622 31...37
810 3599 819 3628 ς
832 3588 1020 3621 Sab.15.1s.
1032 3594 1075 3621 19.
1087 3594 1185 3620 2628.

109 3634 155 3662 30.
165 3636 211 3663 38.
222 3637 269 3663 39.
281 3638 322 3664 41.
334 3638 388 3670 ⁴23
412 3631 497 3675 Pap.
506 3640 549 3666 17.
561 3641 610 3666 40.
622 3640 742 3667 43...46.
766 3651 812 3657 --
844 3633 931 3667 Bas.
941 3633 1030 3673 59,1.
1054 3650 1100 3655 -
1135 3632 1187 3675 Cf.

114 3671 189 3707 cod.
203 3675 234 3714 3,
246 3681 282 3708 44
359 3677 402 3717 (3)
427 3676 557 3711 huiusce
569 3678 591 3711 l.
598 3690 654 3720 pr.
667 3685 698 3711 et
711 3683 728 3717 9
742 3685 755 3712 1
768 3678 843 3711 olim
854 3679 1003 3712 videntur
1017 3678 1116 3710 locum
1129 3677 1187 3711 ha-

113 3717 214 3752 baim
226 3719 308 3752 inter
319 3721 458 3754 eiusdem
472 3726 488 3760 <5
503 3728 520 3756 6
534 3729 564 3755 et
576 3730 590 3755 ἰ
661 3723 704 3765 (4)
729 3723 760 3755 si
772 3723 846 3756 edd.
927 3723 970 3765 (5)
996 3724 1106 3754 exstat
1108 3723 1185 3765 for·

1176 91 1254 138 155

2224 95 2342 138 X17

1256 215 1385 251 herede
1416 215 1472 251 vel
1503 219 1666 251 cessante
1697 216 1751 252 vel
1783 217 1930 252 absente
1959 217 2015 252 vel
2044 220 2188 253 verente
2211 227 2257 252 ne
2279 227 2344 263 pro

1256 261 1384 297 herede
1407 271 1529 306 gerere
1552 261 1733 304 videatur,
1766 265 1883 297 tamen
1915 262 2033 298 locum
2065 262 2264 308 religiosum
2290 261 2344 298 fa-

1257 317 1337 342 cere
1361 311 1467 358 puto:
1490 306 1699 386 Elerumque
1719 307 1811 341 enim
1833 307 1991 342 defuncti
2010 312 2093 343 ante
2114 308 2344 353 sepeliuntur,

1256 362 1362 397 quam
1388 362 1466 397 quis
1517 361 1593 386 eres
1619 362 1667 387 e1s
1693 352 1830 387 existet.
1876 353 1938 387 sed
1962 357 2048 388 tunc
2071 353 2174 389 locus
2198 352 2240 388 fit
2262 353 2343 388 reli-

1255 397 1395 441 giosus,
1430 407 1511 432 cum
1543 396 1703 432 defuncti
1734 397 1823 431 fuit:
1856 398 2066 433 naturaliter
2090 398 2183 434 enim
2205 397 2344 433 videtur

1255 442 1302 477 ad
1325 446 1504 477 mortuum
1528 442 1705 487 pertinere
1727 441 1829 477 locus
1852 442 1889 477 in
1913 453 2015 487 quem
2038 443 2208 487 infertur,
2265 454 2344 479 rae-

1254 487 1376 523 sertim
1397 488 1426 522 si
1445 487 1482 522 in
1505 497 1585 522 eum
1603 487 1722 522 locum
1741 487 1926 529 inferatur,
1950 488 1987 522 in
2012 499 2115 533 quem
2139 489 2151 524 i
2178 499 2216 524 se
2261 488 2344 524 esti-

1254 532 1370 567 navit:
1396 542 1509 578 usque
1532 532 1622 567 adeo
1635 559 1644 575 ,
1673 536 1732 575 ut,
1759 532 1897 567 etiamsi
1920 532 1956 567 in
1980 533 2134 578 legatum
2170 545 2275 570 ocum
2298 533 2345 570 sit

1253 578 1373 612 illatus
1399 578 1444 612 ab
1477 578 1623 620 herede,
1655 578 1826 613 inlatione
1849 581 1968 613 tamen
1992 579 2173 614 testatoris
2197 579 2239 614 fit
2261 579 2343 614 reli-

1253 623 1385 668 giosus,
1410 623 1440 658 si
1464 623 1569 658 modo
1585 623 1622 658 in
1644 623 1753 658 alium
1771 623 1890 658 locum
1909 626 1982 658 tam
2002 628 2202 668 opportune
2220 624 2345 660 inferri

1254 678 1328 703 non
1377 668 1478 703 otuit.

1300 712 1324 750 5
1350 679 1476 749 {huns
1492 713 1584 749 libro
1605 724 1700 748 nono
1720 713 1856 749 decimo
1877 713 1927 749 ad
1946 713 2100 750 edictum
2114 714 2345 760 provinciale

1253 758 1459 794 Familiaria
1481 759 1672 803 sepulchra
1696 758 1882 801 dicuntur,
1915 769 2008 811 quae
2038 759 2117 804 quis
2149 759 2217 794 sibi
2240 759 2343 795 fami-

1253 804 1393 849 liaeque
1417 814 1504 839 suae
1528 804 1722 846 constituit,
1747 804 1963 839 hereditaria
1988 808 2125 847 autem,
2150 815 2241 849 quae
2265 805 2343 850 quis

1253 849 1321 884 sibi
1344 849 1605 894 heredibusque
1629 849 1703 884 suis
1728 850 1914 885 constituit

1299 891 1324 932 6
1356 893 1551 930 ΠιΡΙΑΝσε
1579 894 1672 930 libro
1703 895 1895 930 vicensimo
1952 895 2053 930 uinto
2085 894 2135 930 ad
2167 894 2345 931 edictum·

1251 939 1307 975 vel
1323 939 1419 985 quod
1437 943 1541 984 pater
1559 939 1712 975 familias
1733 940 1811 975 iure
1830 941 1916 975 here
1944 939 2045 975 'tario
2067 939 2245 985 adquisiit.
2282 940 2345 976 sed

1251 985 1289 1020 in
1320 989 1400 1020 utro
1427 995 1473 1020 ue
1505 984 1694 1020 heredibus
1726 985 1866 1037 quidem
1901 985 2096 1030 ceterisque
2126 986 2344 1021 successori-

1251 1031 1319 1066 bus
1344 1040 1415 1075 qua
1431 1040 1621 1082 escumque
1651 1030 1785 1065 fuermt
1816 1031 1899 1066 licet
1930 1030 2070 1076 sepeliri
2101 1034 2136 1065 et
2167 1034 2346 1066 mortuum

1251 1075 1401 1118 inferre,
1434 1076 1572 1111 etiamsi
1604 1086 1648 1110 ex
1678 1076 1823 1111 minima
1853 1080 1957 1121 parte
1987 1075 2135 1111 heredes
2168 1086 2212 1111 ex
2235 1080 2344 1112 testa-

1251 1125 1369 1157 mento
1389 1121 1445 1156 vel
1464 1121 1509 1156 ab
1530 1121 1698 1156 intestato
1722 1121 1804 1164 sint,
1828 1121 1913 1157 licet
1936 1132 2007 1156 non
2028 1121 2254 1157 consentiant
2274 1121 2343 1156 alii.

1251 1166 1372 1202 liberis
1406 1170 1525 1201 autem
1557 1166 1811 1212 cuiuscumque
1843 1177 1949 1202 sexus
1982 1167 2038 1202 vel
2069 1166 2202 1212 gradus
2240 1167 2345 1202 etiam

1252 1211 1334 1247 filiis
1369 1211 1525 1247 familiae
1557 1213 1618 1247 et⁹
1649 1212 1881 1257 emancipatis
1916 1212 2010 1247 idem
2044 1212 2100 1247 ius
2137 1222 2346 1248 concessum

1254 1261 1325 1300 est,
1359 1257 1433 1292 sive
1457 1257 1638 1292 extiterint
1660 1257 1810 1292 heredes
1834 1258 1907 1293 sive
1931 1268 2009 1293 sese
2031 1257 2247 1293 abstineant.
2285 1267 2345 1293 ex-

1252 1302 1432 1338 heredatis
1457 1306 1595 1346 autem,
1628 1303 1696 1338 nisi
1728 1303 1931 1348 specialiter
1960 1306 2112 1338 testator
2143 1302 2238 1338 iusto
2264 1303 2344 1338 odio

1254 1352 1451 1383 commotus
1487 1358 1548 1384 eos
1583 1349 1751 1390 vetuerit,
1787 1348 2021 1384 humanitatis
2056 1348 2172 1393 gratia
2205 1352 2344 1385 tantum

1253 1404 1291 1429 se
1319 1393 1416 1436 eliri,
1448 1404 1521 1429 non
1555 1394 1661 1429 etiam
1693 1394 1782 1429 alios
1806 1397 1949 1439 praeter
1973 1404 2074 1429 suam
2097 1393 2346 1439 posteritatem

1252 1439 1265 1474 i
1306 1448 1384 1474 erre
1414 1438 1509 1474 licet.
1544 1439 1660 1474 liberti
1692 1443 1812 1474 autem
1836 1449 1902 1474 nec
1925 1438 2064 1492 sepeliri
2087 1449 2154 1474 nec
2178 1439 2267 1474 alios
2291 1439 2344 1473 in-

1252 1483 1346 1519 ferre
1368 1488 1548 1529 poterunt,
1573 1485 1641 1520 nisi
1663 1484 1811 1520 heredes
1832 1484 2014 1520 extiterint
2033 1488 2197 1529 patrono,
2222 1494 2344 1529 quam-

1252 1530 1304 1565 vis
1329 1529 1473 1575 quidam
1495 1530 1742 1582 inscripserint
1766 1534 2033 1565 monumentum
2051 1529 2119 1564 sibi
2139 1530 2347 1575 libertisque

1253 1575 1327 1610 suis
1358 1574 1504 1610 fecisse:
1537 1579 1573 1610 et
1602 1579 1653 1610 1ta
1676 1575 1896 1620 Papinianus
1927 1575 2112 1620 respondit
2143 1578 2179 1610 et
2210 1575 2345 1620 saepis-

1257 1624 1271 1655 1
1321 1620 1408 1655 sime
1430 1620 1525 1656 idem
1549 1620 1782 1656 constitutum
1806 1625 1870 1656 est.
1919 1619 1957 1656 Si
1987 1620 2106 1655 adhuc
2137 1631 2344 1656 monumen-

1253 1669 1330 1700 tum
1361 1677 1491 1710 purum
1526 1670 1598 1709 est,
1631 1666 1765 1711 poterit
1789 1666 1869 1711 quis
1893 1666 1962 1701 hoc
1987 1670 2022 1701 et
2045 1665 2198 1701 vendere
2222 1670 2258 1701 et
2281 1665 2344 1701 do-

1253 1721 1350 1746 nare.
1386 1711 1417 1746 si
1441 1711 1693 1757 cenotaphium
1717 1711 1768 1753 fit,
1794 1721 1899 1756 posse
1922 1711 1992 1746 hoc
2015 1710 2133 1746 venire
2157 1710 2346 1746 dicendum

1253 1761 1327 1792 est:
1361 1767 1427 1791 nec
1460 1756 1552 1791 enim
1584 1767 1662 1792 esse
1694 1757 1765 1792 hoc
1796 1756 1998 1802 religiosum
2030 1756 2099 1791 divi
2128 1756 2259 1792 fratres
2289 1766 2344 1791 re·

1254 1802 1484 1847 scripserunt.

1301 1845 1323 1883 7
1354 1847 1477 1883 Galus
1505 1847 1596 1883 libro
1620 1857 1715 1882 nono
1730 1847 1759 1868 ¹⁰
1782 1846 1918 1882 decimo
1942 1846 1992 1882 ad
2014 1846 2169 1882 edictum
2195 1847 2346 1893 provin-

1254 1893 1345 1928 ciale
1390 1893 1425 1927 Is
1451 1892 1512 1937 qui
1534 1892 1656 1927 intulit
1678 1895 1859 1927 mortuum
1882 1892 1920 1927 in
1944 1892 2098 1927 alienum
2121 1892 2258 1934 locum,
2283 1895 2346 1926 aut

1253 1938 1378 1973 tollere
1400 1937 1438 1972 id
1461 1937 1557 1983 quod
1579 1937 1701 1972 intulit
1725 1941 1787 1972 aut
1810 1937 1880 1972 loci
1903 1937 2056 1982 pretium
2079 1941 2264 1982 praestare
2285 1947 2345 1972 co-

1252 1983 1348 2028 gitur
1371 1993 1436 2028 per
1457 1983 1495 2018 in
1518 1982 1655 2018 factum
1680 1983 1868 2026 actionem,
1894 1992 1986 2028 quae
2005 1986 2078 2017 tam
2098 1982 2221 2018 heredi
2240 1992 2346 2027 quam

1257 2031 1270 2063 1
1320 2028 1358 2063 in
1387 2028 1554 2063 heredem
1588 2028 1757 2073 competit
1789 2032 1824 2063 et
1854 2038 1900 2073 pe
1946 2031 2029 2063 etua
2053 2031 2117 2063 est.
2165 2027 2346 2062 Adversus

1254 2084 1354 2116 eum,
1387 2074 1447 2118 qui
1470 2074 1507 2108 in
1531 2073 1676 2108 alterius
1702 2083 1823 2108 arcam
1845 2073 1919 2118 lapi
1944 2083 2041 2115 eam,
2073 2073 2110 2108 in
2134 2083 2205 2118 qua
2229 2072 2346 2108 adhuc

1254 2123 1415 2155 mortuus
1440 2129 1512 2154 non
1536 2119 1603 2154 erit
1628 2118 1804 2162 conditus,
1829 2122 2007 2154 mortuum
2031 2118 2200 2160 intulerit,
2226 2118 2346 2153 utilem

1254 2164 1430 2199 actionem
1453 2164 1490 2199 in
1513 2163 1650 2199 factum
1673 2164 1868 2209 proconsul
1892 2163 1973 2205 dat,
1998 2163 2082 2216 quia
2105 2174 2178 2199 non
2201 2163 2347 2208 proprie

1253 2210 1309 2245 vel
1331 2210 1369 2244 in
1393 2210 1621 2255 sepulchrum
1643 2209 1699 2244 vel
1721 2209 1757 2243 in
1781 2209 1900 2245 locum
1924 2209 2070 2244 alterius
2094 2208 2256 2244 intulisse
2277 2208 2347 2244 dici

1281 2258 1386 2290 otest.

1255 2266 1278 2300 p
1301 2297 1325 2338 8
1358 2299 1551 2336 vimmo-s
1592 2300 1683 2336 libro
1718 2300 1910 2336 vicensimo
1945 2300 2071 2345 quinto
2107 2298 2157 2334 ad
2190 2298 2344 2334 edictum

1256 2345 1347 2381 Ossa
1382 2355 1474 2390 quae
1505 2346 1550 2380 ab
1582 2345 1652 2380 alio
1684 2345 1785 2380 illata
1815 2348 1900 2380 sunt
1931 2344 1986 2379 vel
2011 2354 2073 2379 cor
2099 2354 2141 2379 us
2166 2354 2214 2379 an
2237 2343 2345 2378 liceat

1255 2390 1397 2426 domino
1428 2391 1500 2426 loci
1531 2390 1686 2426 effodere
1715 2390 1770 2425 vel
1803 2399 1927 2425 eruere
1958 2389 2034 2424 sine
2083 2393 2201 2424 ecreto
2226 2388 2345 2441 ponti-

1254 2435 1363 2471 ficum
1387 2446 1450 2471 seu
1473 2436 1573 2471 iussu
1595 2435 1778 2481 principis,
1804 2434 2020 2480 quaestionis
2046 2438 2116 2469 est:
2143 2438 2179 2469 et
2202 2438 2252 2468 ait
2270 2433 2344 2469 La-

1255 2482 1321 2517 beo
1347 2480 1625 2526 exspectandum
1648 2480 1702 2515 vel
1726 2481 1936 2526 permissum
1959 2478 2166 2524 pontificale
2189 2489 2252 2514 seu
2271 2478 2344 2514 ius-

1255 2527 1391 2562 sionem
1421 2526 1612 2572 principis,
1647 2526 1804 2571 alioquin
1836 2525 2045 2560 iniuriarum
2066 2524 2145 2559 fore
2169 2524 2344 2559 actionem

1259 2576 1273 2606 1
1324 2571 1494 2607 adversus
1527 2581 1608 2607 eum
1639 2572 1699 2616 qui
1724 2571 1836 2606 eiecit.
1884 2569 1921 2605 Si
1944 2570 2046 2605 locus
2069 2569 2253 2614 religiosus
2278 2579 2343 2614 pro

1255 2627 1346 2662 puro
1370 2617 1508 2652 venisse
1532 2616 1688 2658 dicetur,
1720 2620 1865 2661 praetor
1887 2615 1924 2650 in
1946 2614 2083 2650 factum
2107 2614 2284 2650 actionem
2306 2614 2342 2649 in

1257 2673 1337 2697 eum
1362 2662 1424 2697 dat
1447 2662 1479 2697 ei
1503 2661 1549 2697 ad
1573 2671 1677 2707 quem
1702 2671 1744 2696 ea
1766 2671 1824 2695 res
1855 2659 2026 2705 pertinet:
2059 2669 2151 2704 quae
2182 2659 2276 2695 actio
2310 2662 2344 2695 et

1255 2708 1293 2742 in
1316 2707 1481 2742 heredem
1507 2706 1695 2758 competit,
1728 2716 1808 2741 cum
1831 2705 1935 2750 quasi
1958 2715 2003 2740 ex
2025 2714 2081 2740 em
2107 2708 2145 2740 to
2170 2704 2344 2740 actionem

1257 2755 1277 2787 2
1326 2752 1517 2787 contineat.
1566 2751 1604 2786 S1
1634 2751 1672 2786 in
1701 2751 1821 2786 locum
1851 2750 2003 2795 publicis
2034 2760 2090 2785 1131
2115 2760 2158 2785 113
2189 2750 2344 2786 destina-

1256 2802 1331 2832 tum
1354 2797 1552 2832 intulerit¹¹
1577 2796 1656 2841 quis
1680 2800 1878 2838 mortuum,
1909 2798 2056 2841 praetor
2086 2795 2123 2830 in
2148 2805 2229 2830 eum
2253 2794 2343 2830 iudi-

1258 2843 1350 2878 cium
1383 2842 1463 2884 dat,
1500 2841 1531 2877 si
1563 2841 1645 2876 dolo
1680 2841 1807 2876 fecerit
1840 2845 1877 2876 et
1910 2841 1978 2876 8111
1990 2841 2019 2862 ¹²
2051 2844 2153 2876 extra
2185 2840 2344 2876 ordinem

1256 2887 1486 2932 plectendus,
1518 2886 1659 2922 modica
1690 2891 1811 2922 tamen
1843 2886 2074 2921 coercitione:
2112 2885 2175 2921 sed
2207 2886 2238 2921 si
2269 2885 2345 2920 sine

1257 2935 1276 2968 3
1326 2932 1418 2974 dolo,
1444 2931 1680 2967 absolvendus
1705 2935 1769 2967 est.
1817 2931 1857 2966 In
1881 2931 1951 2966 hac
1975 2934 2094 2966 autem
2113 2931 2255 2966 actione
2274 2930 2343 2966 1001

1256 2981 1278 3012 4
1323 2977 1404 3022 puri
1417 2977 1607 3021 appellatio
1622 2981 1657 3012 et
1669 2977 1715 3011 ad
1727 2976 1927 3012 aedificium
1937 2976 2168 3029 producenda
2178 2980 2242 3011 est.
2267 2975 2301 3010 N
2304 2985 2344 3010 80

1256 3023 1370 3058 solum
1394 3022 1536 3057 domino
1560 3022 1650 3057 haec
1675 3022 1768 3057 actio
1794 3025 1973 3067 competit,
1997 3031 2119 3057 verum
2139 3021 2171 3056 ei
2214 3031 2343 3065 uoque,

1257 3068 1318 3113 qui
1349 3067 1505 3102 eiusdem
1537 3067 1607 3102 loci
1637 3067 1747 3102 habet
1778 3077 1882 3102 usum
1913 3066 2070 3102 fructum
2099 3066 2155 3102 vel
2183 3107 2186 3110 Δ
2225 3066 2232 3073 “
2260 3076 2343 3100 uam

1256 3114 1479 3154 servitutem,
1547 3112 1608 3146 uia
1648 3112 1704 3147 ius
1739 3112 1950 3157 prohibendi
1985 3113 2091 3147 etiam
2126 3112 2164 3147 hi
2197 3111 2245 3146 ha
2272 3114 2341 3145 ent.

1257 3161 1277 3193 5
1324 3158 1381 3200 Ei,
1403 3157 1463 3202 qui
1499 3167 1539 3192 ro
1568 3158 1674 3192 ‘bitus
1688 3161 1742 3193 est
1761 3157 1893 3193 inferre
1912 3157 1950 3192 in
1970 3167 2050 3192 eum
2068 3157 2198 3198 locum,
2220 3166 2290 3208 quo
2312 3155 2343 3190 ei

1256 3203 1312 3238 ius
1336 3202 1474 3237 inferen
1502 3202 1509 3208 '
1536 3206 1640 3245 esset,
1664 3203 1701 3238 in
1725 3202 1861 3238 factum
1884 3202 1979 3238 actio
1997 3202 2167 3247 competit
2182 3205 2218 3236 et
2233 3204 2341 3235 mter-

1257 3248 1403 3290 dictum,
1429 3247 1567 3282 etiamsi
1590 3257 1662 3283 non
1684 3247 1762 3293 ipse
1782 3247 1982 3300 prohibitus
2003 3247 2060 3289 sit,
2086 3246 2149 3282 sed
2168 3255 2340 3291 procura-

1256 3297 1314 3328 tor
1332 3294 1420 3334 eius,
1442 3292 1525 3337 quia
1545 3292 1728 3328 inteHectu
1748 3293 1867 3338 ahquo
1885 3293 1964 3337 ipse
2000 3292 2175 3327 rohibitus
2190 3290 2339 3325 videtur.

1302 3335 1327 3375 9
1355 3338 1477 3374 GAms
1500 3337 1591 3373 libro
1610 3349 1706 3373 nono
1724 3338 1860 3374 decimo
1880 3338 1930 3373 ad
1948 3349 1968 3372 e
1993 3338 2101 3372 ictum
2113 3333 2341 3382 provinciale

1255 3383 1425 3418 Liberum
1449 3385 1503 3417 est
1526 3382 1559 3417 ei
1582 3383 1643 3427 qui
1665 3383 1874 3428 prohibetur
1898 3386 2074 3418 mortuum
2098 3390 2222 3416 ossave
2246 3389 2340 3413 mor-

1255 3428 1309 3463 tui
1331 3427 1463 3463 inferre
1485 3430 1549 3462 aut
1571 3428 1692 3463 statim
1713 3428 1903 3463 interdicto
1927 3427 1999 3469 uti,
2032 3436 2101 3471 quo
2134 3424 2342 3470 prohibetur

1257 3549 1343 3575 tasse
1354 3553 1415 3573 ser.
1429 3553 1492 3574 sec.
1509 3540 1656 3575 Graecos
1714 3542 1758 3582 (6)
1772 3541 1801 3572 is
1815 3541 1870 3572 eui
1882 3550 1966 3571 serv.
1980 3538 2068 3579 deb.]
2082 3537 2178 3570 cuius
2191 3538 2341 3568 servetur

1257 3586 1432 3618 deberetur
1442 3585 1485 3619 15Ἰ
1580 3586 1623 3627 (7)
1649 3596 1746 3627 (1118111
1761 3587 1820 3618 ins.
1839 3585 2051 3628 Canneyieter
2130 3582 2175 3622 (8)
2203 3585 2219 3619 §
2233 3588 2247 3614 1
2261 3588 2339 3614 extr.

1255 3647 1301 3660 ==
1312 3631 1358 3664 D.
1374 3632 1405 3671 1,
1418 3637 1447 3671 8,
1461 3638 1476 3665 't
1593 3632 1637 3673 (9)
1662 3631 1743 3663 filiis
1757 3629 1904 3662 familiae
1917 3632 1951 3661 et
1963 3628 2024 3661 del.
2145 3626 2204 3666 (10)
2229 3636 2296 3657 non
2310 3625 2343 3657 F

1258 3676 1311 3717 (11)
1336 3674 1498 3707 intuleret
1510 3676 1543 3707 F
1635 3677 1693 3715 (12)
1718 3675 1793 3707 dat:
1806 3675 1835 3706 si
1849 3673 1925 3706 dolo
1938 3672 2066 3711 fecerit,
2081 3671 2146 3703 erit
2158 3674 2192 3703 et
2204 3683 2266 3703 scr.
2282 3671 2338 3709 (εί-

1256 3721 1372 3754 militer
1383 3721 1428 3754 A.
1438 3721 1560 3760 Faber)

2001 3772 2063 3804 20*
