<?xml version="1.0" encoding="UTF-8"?>
<!DOCTYPE html PUBLIC "-//W3C//DTD XHTML 1.0 Transitional//EN"
    "http://www.w3.org/TR/xhtml1/DTD/xhtml1-transitional.dtd">
<html xmlns="http://www.w3.org/1999/xhtml" xml:lang="en" lang="en">
 <head>
  <title>
</title>
<meta http-equiv="Content-Type" content="text/html;charset=utf-8" />
  <meta name='ocr-system' content='tesseract 3.04.00' />
  <meta name='ocr-capabilities' content='ocr_page ocr_carea ocr_par ocr_line ocrx_word'/>
</head>
<body>
  <div class='ocr_page' id='page_1' title='image "./corpusjuriscivil01krueuoft_0445.png"; bbox 0 0 2528 3918; ppageno 0'>
   <div class='ocr_carea' id='block_1_1' title="bbox 0 474 6 1041">
    <p class='ocr_par' dir='ltr' id='par_1_1' title="bbox 0 474 6 1041">
     <span class='ocr_line' id='line_1_1' title="bbox 0 474 6 1041; baseline 0 0"><span class='ocrx_word' id='word_1_1' title='bbox 0 474 6 1041; x_wconf 95' lang='lat' dir='ltr'> </span> 
     </span>
    </p>
   </div>
   <div class='ocr_carea' id='block_1_2' title="bbox 0 1027 28 3918">
    <p class='ocr_par' dir='ltr' id='par_1_2' title="bbox 0 1027 28 3918">
     <span class='ocr_line' id='line_1_2' title="bbox 0 1027 28 3918; baseline 0 0"><span class='ocrx_word' id='word_1_2' title='bbox 0 1027 28 3918; x_wconf 95' lang='lat' dir='ltr'> </span> 
     </span>
    </p>
   </div>
   <div class='ocr_carea' id='block_1_3' title="bbox 121 170 798 205">
    <p class='ocr_par' dir='ltr' id='par_1_3' title="bbox 121 170 798 205">
     <span class='ocr_line' id='line_1_3' title="bbox 121 170 798 205; baseline -0.01 0"><span class='ocrx_word' id='word_1_3' title='bbox 121 175 181 205; x_wconf 85' lang='lat' dir='ltr'>DE</span> <span class='ocrx_word' id='word_1_4' title='bbox 210 172 400 204; x_wconf 73' lang='lat' dir='ltr'>AGNOSC.</span> <span class='ocrx_word' id='word_1_5' title='bbox 431 172 487 202; x_wconf 77' lang='lat' dir='ltr'>m·</span> <span class='ocrx_word' id='word_1_6' title='bbox 511 171 679 200; x_wconf 85' lang='lat' dir='ltr'>ALEND.</span> <span class='ocrx_word' id='word_1_7' title='bbox 712 170 798 199; x_wconf 88' lang='lat' dir='ltr'>LIB.</span> 
     </span>
    </p>
   </div>
   <div class='ocr_carea' id='block_1_4' title="bbox 112 278 1204 900">
    <p class='ocr_par' dir='ltr' id='par_1_4' title="bbox 116 278 1204 414">
     <span class='ocr_line' id='line_1_4' title="bbox 119 278 1204 323; baseline -0.006 -5"><span class='ocrx_word' id='word_1_8' title='bbox 119 283 181 318; x_wconf 83' lang='lat' dir='ltr'>vin&#39;</span> <span class='ocrx_word' id='word_1_9' title='bbox 204 282 246 323; x_wconf 81' lang='lat' dir='ltr'>ei,</span> <span class='ocrx_word' id='word_1_10' title='bbox 272 282 328 316; x_wconf 92' lang='lat' dir='ltr'>cui</span> <span class='ocrx_word' id='word_1_11' title='bbox 353 291 430 315; x_wconf 85' lang='lat' dir='ltr'>eam</span> <span class='ocrx_word' id='word_1_12' title='bbox 461 281 512 314; x_wconf 88' lang='lat' dir='ltr'>vir</span> <span class='ocrx_word' id='word_1_13' title='bbox 536 278 830 318; x_wconf 76' lang='lat' dir='ltr'>commodaverit,</span> <span class='ocrx_word' id='word_1_14' title='bbox 864 278 1080 322; x_wconf 82' lang='lat' dir='ltr'>subripuerit</span> <span class='ocrx_word' id='word_1_15' title='bbox 1103 278 1204 322; x_wconf 88' lang='lat' dir='ltr'>isque</span> 
     </span>
     <span class='ocr_line' id='line_1_5' title="bbox 118 322 1203 368; baseline -0.004 -6"><span class='ocrx_word' id='word_1_16' title='bbox 118 330 308 363; x_wconf 88' lang='lat' dir='ltr'>conventus</span> <span class='ocrx_word' id='word_1_17' title='bbox 333 326 396 367; x_wconf 92' lang='lat' dir='ltr'>sit,</span> <span class='ocrx_word' id='word_1_18' title='bbox 429 324 597 359; x_wconf 87' lang='lat' dir='ltr'>habebit¹</span> <span class='ocrx_word' id='word_1_19' title='bbox 630 323 718 358; x_wconf 77' lang='lat' dir='ltr'>furti</span> <span class='ocrx_word' id='word_1_20' title='bbox 749 322 943 364; x_wconf 83' lang='lat' dir='ltr'>actionem,</span> <span class='ocrx_word' id='word_1_21' title='bbox 969 323 1126 368; x_wconf 88' lang='lat' dir='ltr'>quamvis</span> <span class='ocrx_word' id='word_1_22' title='bbox 1151 323 1203 358; x_wconf 88' lang='lat' dir='ltr'>vir</span> 
     </span>
     <span class='ocr_line' id='line_1_6' title="bbox 116 369 488 414; baseline -0.011 -7"><span class='ocrx_word' id='word_1_23' title='bbox 116 373 246 407; x_wconf 81' lang='lat' dir='ltr'>habere</span> <span class='ocrx_word' id='word_1_24' title='bbox 270 381 341 405; x_wconf 91' lang='lat' dir='ltr'>non</span> <span class='ocrx_word' id='word_1_25' title='bbox 365 369 488 414; x_wconf 83' lang='lat' dir='ltr'><strong>possit.</strong></span> 
     </span>
    </p>

    <p class='ocr_par' dir='ltr' id='par_1_5' title="bbox 114 412 1201 726">
     <span class='ocr_line' id='line_1_7' title="bbox 162 412 1201 458; baseline -0.001 -10"><span class='ocrx_word' id='word_1_26' title='bbox 162 414 215 453; x_wconf 85' lang='lat'>29</span> <span class='ocrx_word' id='word_1_27' title='bbox 255 415 531 450; x_wconf 74' lang='lat' dir='ltr'><em>TRYPHONINUS</em></span> <span class='ocrx_word' id='word_1_28' title='bbox 564 414 654 449; x_wconf 76' lang='lat' dir='ltr'>libro</span> <span class='ocrx_word' id='word_1_29' title='bbox 693 412 880 447; x_wconf 75' lang='lat' dir='ltr'>undecimo</span> <span class='ocrx_word' id='word_1_30' title='bbox 917 412 1201 458; x_wconf 78' lang='lat' dir='ltr'><em>disputationum</em></span> 
     </span>
     <span class='ocr_line' id='line_1_8' title="bbox 116 457 1201 502; baseline -0.004 -6"><span class='ocrx_word' id='word_1_31' title='bbox 116 462 247 496; x_wconf 78' lang='lat' dir='ltr'>Rerum</span> <span class='ocrx_word' id='word_1_32' title='bbox 271 463 469 494; x_wconf 89' lang='lat' dir='ltr'>amotarum</span> <span class='ocrx_word' id='word_1_33' title='bbox 499 458 700 493; x_wconf 73' lang='lat' dir='ltr'>aestimatio</span> <span class='ocrx_word' id='word_1_34' title='bbox 725 457 771 492; x_wconf 88' lang='lat' dir='ltr'>ad</span> <span class='ocrx_word' id='word_1_35' title='bbox 801 459 872 492; x_wconf 89' lang='lat' dir='ltr'>tem</span> <span class='ocrx_word' id='word_1_36' title='bbox 899 468 942 492; x_wconf 90' lang='lat' dir='ltr'>us</span> <span class='ocrx_word' id='word_1_37' title='bbox 967 468 1036 502; x_wconf 92' lang='lat' dir='ltr'>quo</span> <span class='ocrx_word' id='word_1_38' title='bbox 1061 460 1201 493; x_wconf 89' lang='lat' dir='ltr'>amotae</span> 
     </span>
     <span class='ocr_line' id='line_1_9' title="bbox 115 501 1201 545; baseline -0.004 -4"><span class='ocrx_word' id='word_1_39' title='bbox 115 509 199 542; x_wconf 89' lang='lat' dir='ltr'>sunt</span> <span class='ocrx_word' id='word_1_40' title='bbox 231 504 354 539; x_wconf 85' lang='lat' dir='ltr'>referri</span> <span class='ocrx_word' id='word_1_41' title='bbox 389 503 511 538; x_wconf 88' lang='lat' dir='ltr'>debet:</span> <span class='ocrx_word' id='word_1_42' title='bbox 558 514 640 538; x_wconf 88' lang='lat' dir='ltr'>nam</span> <span class='ocrx_word' id='word_1_43' title='bbox 687 502 835 537; x_wconf 88' lang='lat' dir='ltr'>veritate</span> <span class='ocrx_word' id='word_1_44' title='bbox 886 506 1005 537; x_wconf 92' lang='lat' dir='ltr'>urtum</span> <span class='ocrx_word' id='word_1_45' title='bbox 1039 501 1098 545; x_wconf 90' lang='lat' dir='ltr'>fit,</span> <span class='ocrx_word' id='word_1_46' title='bbox 1135 502 1201 537; x_wconf 88' lang='lat' dir='ltr'>etsi</span> 
     </span>
     <span class='ocr_line' id='line_1_10' title="bbox 114 547 1198 593; baseline -0.004 -7"><span class='ocrx_word' id='word_1_47' title='bbox 114 551 227 586; x_wconf 85' lang='lat' dir='ltr'>lenius</span> <span class='ocrx_word' id='word_1_48' title='bbox 245 552 428 584; x_wconf 90' lang='lat' dir='ltr'>coercetur</span> <span class='ocrx_word' id='word_1_49' title='bbox 446 548 581 583; x_wconf 90' lang='lat' dir='ltr'>mulier.</span> <span class='ocrx_word' id='word_1_50' title='bbox 607 558 717 593; x_wconf 82' lang='lat' dir='ltr'>quare</span> <span class='ocrx_word' id='word_1_51' title='bbox 733 557 800 582; x_wconf 91' lang='lat' dir='ltr'>nec</span> <span class='ocrx_word' id='word_1_52' title='bbox 824 557 846 581; x_wconf 90' lang='lat' dir='ltr'>a</span> <span class='ocrx_word' id='word_1_53' title='bbox 869 547 986 583; x_wconf 90' lang='lat' dir='ltr'>bonae</span> <span class='ocrx_word' id='word_1_54' title='bbox 1009 547 1092 583; x_wconf 88' lang='lat' dir='ltr'>fidei</span> <span class='ocrx_word' id='word_1_55' title='bbox 1141 558 1198 582; x_wconf 92' lang='lat' dir='ltr'>os-</span> 
     </span>
     <span class='ocr_line' id='line_1_11' title="bbox 114 592 1198 638; baseline -0.003 -7"><span class='ocrx_word' id='word_1_56' title='bbox 114 604 252 631; x_wconf 85' lang='lat' dir='ltr'>sessore</span> <span class='ocrx_word' id='word_1_57' title='bbox 274 594 325 629; x_wconf 88' lang='lat' dir='ltr'>ita</span> <span class='ocrx_word' id='word_1_58' title='bbox 347 604 405 628; x_wconf 90' lang='lat' dir='ltr'>res</span> <span class='ocrx_word' id='word_1_59' title='bbox 429 597 570 628; x_wconf 88' lang='lat' dir='ltr'>amotae</span> <span class='ocrx_word' id='word_1_60' title='bbox 594 593 872 638; x_wconf 86' lang='lat' dir='ltr'>usucapiuntur:</span> <span class='ocrx_word' id='word_1_61' title='bbox 906 592 994 628; x_wconf 82' lang='lat' dir='ltr'>sed²</span> <span class='ocrx_word' id='word_1_62' title='bbox 1025 593 1056 628; x_wconf 88' lang='lat' dir='ltr'>si</span> <span class='ocrx_word' id='word_1_63' title='bbox 1085 604 1110 638; x_wconf 89' lang='lat' dir='ltr'>p</span> <span class='ocrx_word' id='word_1_64' title='bbox 1124 592 1198 628; x_wconf 90' lang='lat' dir='ltr'>uris</span> 
     </span>
     <span class='ocr_line' id='line_1_12' title="bbox 114 638 1199 683; baseline -0.002 -8"><span class='ocrx_word' id='word_1_65' title='bbox 114 640 232 675; x_wconf 79' lang='lat' dir='ltr'>factae</span> <span class='ocrx_word' id='word_1_66' title='bbox 262 649 334 674; x_wconf 91' lang='lat' dir='ltr'>non</span> <span class='ocrx_word' id='word_1_67' title='bbox 366 638 601 673; x_wconf 88' lang='lat' dir='ltr'>restituuntur</span> <span class='ocrx_word' id='word_1_68' title='bbox 632 649 725 683; x_wconf 83' lang='lat' dir='ltr'>quae</span> <span class='ocrx_word' id='word_1_69' title='bbox 760 640 902 672; x_wconf 89' lang='lat' dir='ltr'>amotae</span> <span class='ocrx_word' id='word_1_70' title='bbox 932 641 1034 678; x_wconf 90' lang='lat' dir='ltr'>sunt,</span> <span class='ocrx_word' id='word_1_71' title='bbox 1070 638 1199 674; x_wconf 88' lang='lat' dir='ltr'>crescit</span> 
     </span>
     <span class='ocr_line' id='line_1_13' title="bbox 114 682 980 726; baseline -0.006 -5"><span class='ocrx_word' id='word_1_72' title='bbox 114 683 323 726; x_wconf 78' lang='lat' dir='ltr'>aestimatio,</span> <span class='ocrx_word' id='word_1_73' title='bbox 347 687 388 718; x_wconf 92' lang='lat' dir='ltr'>ut</span> <span class='ocrx_word' id='word_1_74' title='bbox 410 683 446 718; x_wconf 92' lang='lat' dir='ltr'>in</span> <span class='ocrx_word' id='word_1_75' title='bbox 471 683 719 718; x_wconf 83' lang='lat' dir='ltr'>condictione³</span> <span class='ocrx_word' id='word_1_76' title='bbox 741 682 896 717; x_wconf 87' lang='lat' dir='ltr'>furtivae</span> <span class='ocrx_word' id='word_1_77' title='bbox 918 682 980 718; x_wconf 90' lang='lat' dir='ltr'>rei.</span> 
     </span>
    </p>

    <p class='ocr_par' dir='ltr' id='par_1_6' title="bbox 112 727 1198 900">
     <span class='ocr_line' id='line_1_14' title="bbox 158 727 1198 773; baseline -0.004 -7"><span class='ocrx_word' id='word_1_78' title='bbox 158 727 210 767; x_wconf 89' lang='lat'>30</span> <span class='ocrx_word' id='word_1_79' title='bbox 236 728 481 763; x_wconf 70' lang='lat' dir='ltr'><em>PAPJNJANUS</em></span> <span class='ocrx_word' id='word_1_80' title='bbox 501 729 591 764; x_wconf 81' lang='lat' dir='ltr'>libro</span> <span class='ocrx_word' id='word_1_81' title='bbox 615 729 803 764; x_wconf 78' lang='lat' dir='ltr'>undecimo</span> <span class='ocrx_word' id='word_1_82' title='bbox 822 729 1073 773; x_wconf 78' lang='lat' dir='ltr'>quaestionum</span> <span class='ocrx_word' id='word_1_83' title='bbox 1110 727 1198 763; x_wconf 87' lang='lat' dir='ltr'>Cum</span> 
     </span>
     <span class='ocr_line' id='line_1_15' title="bbox 113 772 1197 810; baseline -0.002 0"><span class='ocrx_word' id='word_1_84' title='bbox 113 775 227 810; x_wconf 85' lang='lat' dir='ltr'>soluto</span> <span class='ocrx_word' id='word_1_85' title='bbox 251 773 475 808; x_wconf 88' lang='lat' dir='ltr'>matrimonio</span> <span class='ocrx_word' id='word_1_86' title='bbox 499 783 617 808; x_wconf 90' lang='lat' dir='ltr'>rerum</span> <span class='ocrx_word' id='word_1_87' title='bbox 641 778 840 808; x_wconf 89' lang='lat' dir='ltr'>amotarum</span> <span class='ocrx_word' id='word_1_88' title='bbox 870 772 1040 807; x_wconf 90' lang='lat' dir='ltr'>iudicium</span> <span class='ocrx_word' id='word_1_89' title='bbox 1072 776 1197 808; x_wconf 86' lang='lat' dir='ltr'>contra</span> 
     </span>
     <span class='ocr_line' id='line_1_16' title="bbox 112 818 1196 863; baseline 0 -9"><span class='ocrx_word' id='word_1_90' title='bbox 112 819 291 854; x_wconf 86' lang='lat' dir='ltr'>mulierem</span> <span class='ocrx_word' id='word_1_91' title='bbox 314 818 521 860; x_wconf 81' lang='lat' dir='ltr'>instituitur,</span> <span class='ocrx_word' id='word_1_92' title='bbox 546 818 784 863; x_wconf 84' lang='lat' dir='ltr'>redintegrato</span> <span class='ocrx_word' id='word_1_93' title='bbox 816 828 941 852; x_wconf 90' lang='lat' dir='ltr'>rursus</span> <span class='ocrx_word' id='word_1_94' title='bbox 973 818 1196 854; x_wconf 90' lang='lat' dir='ltr'>matrimonio</span> 
     </span>
     <span class='ocr_line' id='line_1_17' title="bbox 114 863 461 900; baseline -0.006 0"><span class='ocrx_word' id='word_1_95' title='bbox 114 864 259 900; x_wconf 91' lang='lat' dir='ltr'>solvitur</span> <span class='ocrx_word' id='word_1_96' title='bbox 281 863 461 898; x_wconf 80' lang='lat' dir='ltr'>iudicium.</span> 
     </span>
    </p>
   </div>
   <div class='ocr_carea' id='block_1_5' title="bbox 606 954 704 994">
    <p class='ocr_par' dir='ltr' id='par_1_7' title="bbox 606 954 704 994">
     <span class='ocr_line' id='line_1_18' title="bbox 606 954 704 994; baseline 0.01 -1"><span class='ocrx_word' id='word_1_97' title='bbox 606 955 677 994; x_wconf 90' lang='lat'>111.</span> <span class='ocrx_word' id='word_1_98' title='bbox 689 954 704 974; x_wconf 85' lang='lat'>⁴</span> 
     </span>
    </p>
   </div>
   <div class='ocr_carea' id='block_1_6' title="bbox 138 1020 1172 1100">
    <p class='ocr_par' dir='ltr' id='par_1_8' title="bbox 138 1020 1172 1100">
     <span class='ocr_line' id='line_1_19' title="bbox 138 1020 1172 1053; baseline 0 0"><span class='ocrx_word' id='word_1_99' title='bbox 138 1022 198 1053; x_wconf 91' lang='lat' dir='ltr'>DE</span> <span class='ocrx_word' id='word_1_100' title='bbox 222 1020 537 1053; x_wconf 85' lang='lat' dir='ltr'>AGNOSCENDIS</span> <span class='ocrx_word' id='word_1_101' title='bbox 562 1021 622 1052; x_wconf 84' lang='lat' dir='ltr'>ET</span> <span class='ocrx_word' id='word_1_102' title='bbox 646 1020 846 1053; x_wconf 89' lang='lat' dir='ltr'>ALENDIS</span> <span class='ocrx_word' id='word_1_103' title='bbox 872 1020 1055 1053; x_wconf 84' lang='lat' dir='ltr'>LIBERIS</span> <span class='ocrx_word' id='word_1_104' title='bbox 1079 1021 1172 1053; x_wconf 89' lang='lat' dir='ltr'>VEL</span> 
     </span>
     <span class='ocr_line' id='line_1_20' title="bbox 142 1065 1160 1100; baseline 0.001 -2"><span class='ocrx_word' id='word_1_105' title='bbox 142 1066 430 1098; x_wconf 87' lang='lat' dir='ltr'>PARENTIBUS</span> <span class='ocrx_word' id='word_1_106' title='bbox 455 1066 546 1098; x_wconf 85' lang='lat' dir='ltr'>VEL</span> <span class='ocrx_word' id='word_1_107' title='bbox 571 1066 793 1098; x_wconf 86' lang='lat' dir='ltr'>PATRONIS</span> <span class='ocrx_word' id='word_1_108' title='bbox 819 1065 910 1097; x_wconf 86' lang='lat' dir='ltr'>VEL</span> <span class='ocrx_word' id='word_1_109' title='bbox 935 1065 1160 1100; x_wconf 83' lang='lat' dir='ltr'>LIBERTIS.</span> 
     </span>
    </p>
   </div>
   <div class='ocr_carea' id='block_1_7' title="bbox 104 1131 1195 1856">
    <p class='ocr_par' dir='ltr' id='par_1_9' title="bbox 106 1131 1195 1404">
     <span class='ocr_line' id='line_1_21' title="bbox 157 1131 1195 1178; baseline -0.003 -9"><span class='ocrx_word' id='word_1_110' title='bbox 157 1132 175 1169; x_wconf 93' lang='lat'>1</span> <span class='ocrx_word' id='word_1_111' title='bbox 211 1131 406 1168; x_wconf 73' lang='lat' dir='ltr'><em>ULPJANUS</em></span> <span class='ocrx_word' id='word_1_112' title='bbox 436 1131 527 1168; x_wconf 79' lang='lat' dir='ltr'>libro</span> <span class='ocrx_word' id='word_1_113' title='bbox 565 1133 614 1167; x_wconf 79' lang='lat' dir='ltr'>tri</span> <span class='ocrx_word' id='word_1_114' title='bbox 638 1133 747 1167; x_wconf 77' lang='lat' dir='ltr'>esimo</span> <span class='ocrx_word' id='word_1_115' title='bbox 783 1135 914 1178; x_wconf 81' lang='lat' dir='ltr'>quarto</span> <span class='ocrx_word' id='word_1_116' title='bbox 959 1132 1009 1167; x_wconf 87' lang='lat' dir='ltr'>ad</span> <span class='ocrx_word' id='word_1_117' title='bbox 1041 1131 1195 1168; x_wconf 67' lang='lat' dir='ltr'>edictum</span> 
     </span>
     <span class='ocr_line' id='line_1_22' title="bbox 109 1176 1194 1223; baseline -0.001 -9"><span class='ocrx_word' id='word_1_118' title='bbox 109 1177 261 1214; x_wconf 88' lang='lat' dir='ltr'>Senatus</span> <span class='ocrx_word' id='word_1_119' title='bbox 286 1177 498 1219; x_wconf 89' lang='lat' dir='ltr'>consultum,</span> <span class='ocrx_word' id='word_1_120' title='bbox 523 1188 592 1222; x_wconf 91' lang='lat' dir='ltr'>quo</span> <span class='ocrx_word' id='word_1_121' title='bbox 641 1177 776 1212; x_wconf 89' lang='lat' dir='ltr'>factum</span> <span class='ocrx_word' id='word_1_122' title='bbox 798 1180 852 1212; x_wconf 87' lang='lat' dir='ltr'>est</span> <span class='ocrx_word' id='word_1_123' title='bbox 871 1176 915 1212; x_wconf 92' lang='lat' dir='ltr'>de</span> <span class='ocrx_word' id='word_1_124' title='bbox 933 1177 1053 1213; x_wconf 89' lang='lat' dir='ltr'>liberis</span> <span class='ocrx_word' id='word_1_125' title='bbox 1065 1187 1194 1223; x_wconf 87' lang='lat' dir='ltr'>agnos-</span> 
     </span>
     <span class='ocr_line' id='line_1_23' title="bbox 110 1222 1195 1267; baseline -0.001 -9"><span class='ocrx_word' id='word_1_126' title='bbox 110 1222 247 1265; x_wconf 89' lang='lat' dir='ltr'>cendis,</span> <span class='ocrx_word' id='word_1_127' title='bbox 280 1222 367 1258; x_wconf 88' lang='lat' dir='ltr'>duas</span> <span class='ocrx_word' id='word_1_128' title='bbox 399 1223 535 1267; x_wconf 88' lang='lat' dir='ltr'>species</span> <span class='ocrx_word' id='word_1_129' title='bbox 561 1222 824 1267; x_wconf 84' lang='lat' dir='ltr'>complectitur,</span> <span class='ocrx_word' id='word_1_130' title='bbox 857 1233 966 1257; x_wconf 92' lang='lat' dir='ltr'>unam</span> <span class='ocrx_word' id='word_1_131' title='bbox 990 1232 1110 1258; x_wconf 90' lang='lat' dir='ltr'>eorum</span> <span class='ocrx_word' id='word_1_132' title='bbox 1135 1223 1195 1267; x_wconf 95' lang='lat' dir='ltr'>qui</span> 
     </span>
     <span class='ocr_line' id='line_1_24' title="bbox 108 1267 1193 1313; baseline 0 -10"><span class='ocrx_word' id='word_1_133' title='bbox 108 1271 316 1313; x_wconf 85' lang='lat' dir='ltr'>agnoscunt,</span> <span class='ocrx_word' id='word_1_134' title='bbox 342 1268 446 1302; x_wconf 90' lang='lat' dir='ltr'>aliam</span> <span class='ocrx_word' id='word_1_135' title='bbox 471 1269 617 1302; x_wconf 85' lang='lat' dir='ltr'>earum⁵</span> <span class='ocrx_word' id='word_1_136' title='bbox 648 1278 739 1313; x_wconf 90' lang='lat' dir='ltr'>quae</span> <span class='ocrx_word' id='word_1_137' title='bbox 769 1267 900 1302; x_wconf 89' lang='lat' dir='ltr'>falsum</span> <span class='ocrx_word' id='word_1_138' title='bbox 930 1272 1073 1312; x_wconf 86' lang='lat' dir='ltr'>partum</span> <span class='ocrx_word' id='word_1_139' title='bbox 1097 1268 1193 1303; x_wconf 87' lang='lat' dir='ltr'>subi-</span> 
     </span>
     <span class='ocr_line' id='line_1_25' title="bbox 112 1313 1194 1357; baseline 0 -9"><span class='ocrx_word' id='word_1_140' title='bbox 112 1317 124 1348; x_wconf 89' lang='lat'>1</span> <span class='ocrx_word' id='word_1_141' title='bbox 175 1313 283 1348; x_wconf 92' lang='lat' dir='ltr'>ciunt.</span> <span class='ocrx_word' id='word_1_142' title='bbox 330 1313 507 1348; x_wconf 88' lang='lat' dir='ltr'>Permittit</span> <span class='ocrx_word' id='word_1_143' title='bbox 535 1313 642 1357; x_wconf 88' lang='lat' dir='ltr'>igitur</span> <span class='ocrx_word' id='word_1_144' title='bbox 664 1313 802 1347; x_wconf 89' lang='lat' dir='ltr'>mulieri</span> <span class='ocrx_word' id='word_1_145' title='bbox 824 1313 1007 1357; x_wconf 89' lang='lat' dir='ltr'>parentive</span> <span class='ocrx_word' id='word_1_146' title='bbox 1030 1313 1067 1347; x_wconf 93' lang='lat' dir='ltr'>in</span> <span class='ocrx_word' id='word_1_147' title='bbox 1092 1313 1194 1348; x_wconf 90' lang='lat' dir='ltr'>cuius</span> 
     </span>
     <span class='ocr_line' id='line_1_26' title="bbox 106 1358 1194 1404; baseline 0 -11"><span class='ocrx_word' id='word_1_148' title='bbox 106 1361 282 1404; x_wconf 84' lang='lat' dir='ltr'>potestate</span> <span class='ocrx_word' id='word_1_149' title='bbox 306 1361 361 1393; x_wconf 91' lang='lat' dir='ltr'>est</span> <span class='ocrx_word' id='word_1_150' title='bbox 384 1358 439 1392; x_wconf 90' lang='lat' dir='ltr'>vel</span> <span class='ocrx_word' id='word_1_151' title='bbox 464 1358 495 1392; x_wconf 91' lang='lat' dir='ltr'>ei</span> <span class='ocrx_word' id='word_1_152' title='bbox 520 1358 577 1392; x_wconf 92' lang='lat' dir='ltr'>cui</span> <span class='ocrx_word' id='word_1_153' title='bbox 600 1358 808 1393; x_wconf 89' lang='lat' dir='ltr'>mandatum</span> <span class='ocrx_word' id='word_1_154' title='bbox 832 1358 878 1392; x_wconf 89' lang='lat' dir='ltr'>ab</span> <span class='ocrx_word' id='word_1_155' title='bbox 904 1358 953 1393; x_wconf 91' lang='lat' dir='ltr'>eis</span> <span class='ocrx_word' id='word_1_156' title='bbox 979 1361 1050 1401; x_wconf 89' lang='lat' dir='ltr'>est,</span> <span class='ocrx_word' id='word_1_157' title='bbox 1076 1358 1107 1393; x_wconf 93' lang='lat' dir='ltr'>si</span> <span class='ocrx_word' id='word_1_158' title='bbox 1131 1359 1194 1393; x_wconf 78' lang='grc' dir='ltr'>8οθ</span> 
     </span>
    </p>

    <p class='ocr_par' dir='ltr' id='par_1_10' title="bbox 104 1402 1194 1856">
     <span class='ocr_line' id='line_1_27' title="bbox 131 1402 1194 1448; baseline 0.001 -11"><span class='ocrx_word' id='word_1_159' title='bbox 131 1407 207 1438; x_wconf 90' lang='lat' dir='ltr'>utet</span> <span class='ocrx_word' id='word_1_160' title='bbox 229 1407 468 1448; x_wconf 85' lang='lat' dir='ltr'>praegnatem,</span> <span class='ocrx_word' id='word_1_161' title='bbox 494 1402 702 1438; x_wconf 89' lang='lat' dir='ltr'>denuntiare</span> <span class='ocrx_word' id='word_1_162' title='bbox 724 1403 820 1438; x_wconf 88' lang='lat' dir='ltr'>intra</span> <span class='ocrx_word' id='word_1_163' title='bbox 845 1403 920 1438; x_wconf 89' lang='lat' dir='ltr'>dies</span> <span class='ocrx_word' id='word_1_164' title='bbox 943 1403 1088 1448; x_wconf 89' lang='lat' dir='ltr'>triginta</span> <span class='ocrx_word' id='word_1_165' title='bbox 1111 1407 1194 1448; x_wconf 89' lang='lat' dir='ltr'>post</span> 
     </span>
     <span class='ocr_line' id='line_1_28' title="bbox 106 1415 1194 1494; baseline 0 -11"><span class='ocrx_word' id='word_1_166' title='bbox 106 1415 294 1484; x_wconf 62' lang='lat' dir='ltr'>givortium</span> <span class='ocrx_word' id='word_1_167' title='bbox 319 1448 627 1483; x_wconf 88' lang='lat' dir='ltr'>connumerandos</span> <span class='ocrx_word' id='word_1_168' title='bbox 651 1448 719 1493; x_wconf 89' lang='lat' dir='ltr'>ipsi</span> <span class='ocrx_word' id='word_1_169' title='bbox 742 1448 868 1484; x_wconf 90' lang='lat' dir='ltr'>marito</span> <span class='ocrx_word' id='word_1_170' title='bbox 900 1449 954 1483; x_wconf 89' lang='lat' dir='ltr'>vel</span> <span class='ocrx_word' id='word_1_171' title='bbox 985 1449 1126 1494; x_wconf 89' lang='lat' dir='ltr'>parenti</span> <span class='ocrx_word' id='word_1_172' title='bbox 1157 1449 1194 1483; x_wconf 93' lang='lat' dir='ltr'>in</span> 
     </span>
     <span class='ocr_line' id='line_1_29' title="bbox 106 1493 1192 1538; baseline -0.001 -8"><span class='ocrx_word' id='word_1_173' title='bbox 106 1494 207 1530; x_wconf 81' lang='lat' dir='ltr'>cuius</span> <span class='ocrx_word' id='word_1_174' title='bbox 230 1497 410 1538; x_wconf 81' lang='lat' dir='ltr'>potestate</span> <span class='ocrx_word' id='word_1_175' title='bbox 434 1497 498 1534; x_wconf 90' lang='lat' dir='ltr'>est,</span> <span class='ocrx_word' id='word_1_176' title='bbox 524 1497 586 1528; x_wconf 90' lang='lat' dir='ltr'>aut</span> <span class='ocrx_word' id='word_1_177' title='bbox 605 1494 747 1528; x_wconf 92' lang='lat' dir='ltr'>domum</span> <span class='ocrx_word' id='word_1_178' title='bbox 767 1493 986 1536; x_wconf 91' lang='lat' dir='ltr'>denuntiare,</span> <span class='ocrx_word' id='word_1_179' title='bbox 1007 1494 1037 1529; x_wconf 93' lang='lat' dir='ltr'>si</span> <span class='ocrx_word' id='word_1_180' title='bbox 1061 1494 1192 1529; x_wconf 90' lang='lat' dir='ltr'>nullius</span> 
     </span>
     <span class='ocr_line' id='line_1_30' title="bbox 106 1539 1192 1583; baseline 0.001 -10"><span class='ocrx_word' id='word_1_181' title='bbox 106 1542 125 1573; x_wconf 86' lang='lat'><strong>2</strong></span> <span class='ocrx_word' id='word_1_182' title='bbox 173 1549 295 1574; x_wconf 90' lang='lat' dir='ltr'>eorum</span> <span class='ocrx_word' id='word_1_183' title='bbox 319 1539 459 1583; x_wconf 86' lang='lat' dir='ltr'>copiam</span> <span class='ocrx_word' id='word_1_184' title='bbox 484 1539 625 1574; x_wconf 90' lang='lat' dir='ltr'>habeat.</span> <span class='ocrx_word' id='word_1_185' title='bbox 662 1539 817 1574; x_wconf 88' lang='lat' dir='ltr'>Domum</span> <span class='ocrx_word' id='word_1_186' title='bbox 839 1539 917 1574; x_wconf 89' lang='lat' dir='ltr'>acci</span> <span class='ocrx_word' id='word_1_187' title='bbox 945 1549 1003 1574; x_wconf 88' lang='lat' dir='ltr'>ere</span> <span class='ocrx_word' id='word_1_188' title='bbox 1022 1539 1192 1575; x_wconf 90' lang='lat' dir='ltr'>debemus</span> 
     </span>
     <span class='ocr_line' id='line_1_31' title="bbox 105 1584 1191 1629; baseline 0.001 -10"><span class='ocrx_word' id='word_1_189' title='bbox 105 1584 317 1629; x_wconf 91' lang='lat' dir='ltr'>hospitium,</span> <span class='ocrx_word' id='word_1_190' title='bbox 351 1584 382 1619; x_wconf 88' lang='lat' dir='ltr'>si</span> <span class='ocrx_word' id='word_1_191' title='bbox 411 1584 448 1619; x_wconf 93' lang='lat' dir='ltr'>in</span> <span class='ocrx_word' id='word_1_192' title='bbox 481 1584 624 1619; x_wconf 88' lang='lat' dir='ltr'>civitate</span> <span class='ocrx_word' id='word_1_193' title='bbox 654 1587 814 1619; x_wconf 88' lang='lat' dir='ltr'>maneat:</span> <span class='ocrx_word' id='word_1_194' title='bbox 848 1594 918 1629; x_wconf 90' lang='lat' dir='ltr'>quo</span> <span class='ocrx_word' id='word_1_195' title='bbox 976 1584 1007 1620; x_wconf 91' lang='lat' dir='ltr'>si</span> <span class='ocrx_word' id='word_1_196' title='bbox 1038 1595 1110 1620; x_wconf 91' lang='lat' dir='ltr'>non</span> <span class='ocrx_word' id='word_1_197' title='bbox 1134 1585 1191 1627; x_wconf 92' lang='lat' dir='ltr'>sit,</span> 
     </span>
     <span class='ocr_line' id='line_1_32' title="bbox 105 1629 1191 1672; baseline -0.001 -7"><span class='ocrx_word' id='word_1_198' title='bbox 105 1629 168 1665; x_wconf 88' lang='lat' dir='ltr'>sed</span> <span class='ocrx_word' id='word_1_199' title='bbox 190 1630 227 1664; x_wconf 91' lang='lat' dir='ltr'>in</span> <span class='ocrx_word' id='word_1_200' title='bbox 251 1629 333 1663; x_wconf 87' lang='lat' dir='ltr'>villa</span> <span class='ocrx_word' id='word_1_201' title='bbox 355 1629 410 1664; x_wconf 91' lang='lat' dir='ltr'>vel</span> <span class='ocrx_word' id='word_1_202' title='bbox 433 1629 469 1663; x_wconf 90' lang='lat' dir='ltr'>in</span> <span class='ocrx_word' id='word_1_203' title='bbox 493 1629 625 1664; x_wconf 90' lang='lat' dir='ltr'>munici</span> <span class='ocrx_word' id='word_1_204' title='bbox 651 1629 685 1664; x_wconf 92' lang='lat' dir='ltr'>io</span> <span class='ocrx_word' id='word_1_205' title='bbox 696 1630 722 1672; x_wconf 88' lang='lat'>⁷,</span> <span class='ocrx_word' id='word_1_206' title='bbox 753 1629 826 1664; x_wconf 91' lang='lat' dir='ltr'>illic</span> <span class='ocrx_word' id='word_1_207' title='bbox 850 1629 913 1664; x_wconf 92' lang='lat' dir='ltr'>ubi</span> <span class='ocrx_word' id='word_1_208' title='bbox 935 1629 1046 1665; x_wconf 89' lang='lat' dir='ltr'>larem</span> <span class='ocrx_word' id='word_1_209' title='bbox 1070 1630 1191 1665; x_wconf 89' lang='lat' dir='ltr'>matri-</span> 
     </span>
     <span class='ocr_line' id='line_1_33' title="bbox 106 1674 1191 1710; baseline 0 0"><span class='ocrx_word' id='word_1_210' title='bbox 106 1677 124 1710; x_wconf 87' lang='lat'><strong>3</strong></span> <span class='ocrx_word' id='word_1_211' title='bbox 171 1674 288 1709; x_wconf 85' lang='lat' dir='ltr'>monio</span> <span class='ocrx_word' id='word_1_212' title='bbox 315 1674 577 1709; x_wconf 74' lang='lat' dir='ltr'>collocarent-,⁸2</span> <span class='ocrx_word' id='word_1_213' title='bbox 647 1675 832 1710; x_wconf 90' lang='lat' dir='ltr'>enuntiare</span> <span class='ocrx_word' id='word_1_214' title='bbox 863 1679 984 1710; x_wconf 90' lang='lat' dir='ltr'>autem</span> <span class='ocrx_word' id='word_1_215' title='bbox 1016 1675 1087 1710; x_wconf 90' lang='lat' dir='ltr'>hoc</span> <span class='ocrx_word' id='word_1_216' title='bbox 1111 1679 1191 1710; x_wconf 86' lang='lat' dir='ltr'>tan-</span> 
     </span>
     <span class='ocr_line' id='line_1_34' title="bbox 105 1719 1191 1765; baseline 0.001 -11"><span class='ocrx_word' id='word_1_217' title='bbox 105 1723 180 1755; x_wconf 87' lang='lat' dir='ltr'>tum</span> <span class='ocrx_word' id='word_1_218' title='bbox 212 1729 289 1754; x_wconf 90' lang='lat' dir='ltr'>esse</span> <span class='ocrx_word' id='word_1_219' title='bbox 320 1719 500 1754; x_wconf 89' lang='lat' dir='ltr'>mulierem</span> <span class='ocrx_word' id='word_1_220' title='bbox 536 1730 580 1754; x_wconf 89' lang='lat' dir='ltr'>ex</span> <span class='ocrx_word' id='word_1_221' title='bbox 616 1729 656 1755; x_wconf 91' lang='lat' dir='ltr'>eo</span> <span class='ocrx_word' id='word_1_222' title='bbox 690 1723 957 1765; x_wconf 82' lang='lat' dir='ltr'>praegnantem.</span> <span class='ocrx_word' id='word_1_223' title='bbox 1001 1731 1075 1756; x_wconf 91' lang='lat' dir='ltr'>non</span> <span class='ocrx_word' id='word_1_224' title='bbox 1108 1731 1191 1765; x_wconf 89' lang='lat' dir='ltr'>ergo</span> 
     </span>
     <span class='ocr_line' id='line_1_35' title="bbox 104 1764 1193 1806; baseline 0 -6"><span class='ocrx_word' id='word_1_225' title='bbox 104 1765 172 1800; x_wconf 90' lang='lat' dir='ltr'>hoc</span> <span class='ocrx_word' id='word_1_226' title='bbox 205 1764 407 1806; x_wconf 88' lang='lat' dir='ltr'>denuntiat,</span> <span class='ocrx_word' id='word_1_227' title='bbox 440 1768 480 1799; x_wconf 93' lang='lat' dir='ltr'>ut</span> <span class='ocrx_word' id='word_1_228' title='bbox 511 1764 629 1799; x_wconf 90' lang='lat' dir='ltr'>mittat</span> <span class='ocrx_word' id='word_1_229' title='bbox 660 1765 828 1801; x_wconf 87' lang='lat' dir='ltr'>custodes</span> <span class='ocrx_word' id='word_1_230' title='bbox 852 1766 1021 1801; x_wconf 85' lang='lat' dir='ltr'>maritus:</span> <span class='ocrx_word' id='word_1_231' title='bbox 1058 1765 1193 1800; x_wconf 89' lang='lat' dir='ltr'>sufficit</span> 
     </span>
     <span class='ocr_line' id='line_1_36' title="bbox 105 1809 1190 1856; baseline 0.001 -11"><span class='ocrx_word' id='word_1_232' title='bbox 105 1810 196 1845; x_wconf 90' lang='lat' dir='ltr'>enim</span> <span class='ocrx_word' id='word_1_233' title='bbox 219 1810 356 1844; x_wconf 89' lang='lat' dir='ltr'>mulieri</span> <span class='ocrx_word' id='word_1_234' title='bbox 386 1810 456 1844; x_wconf 91' lang='lat' dir='ltr'>hoc</span> <span class='ocrx_word' id='word_1_235' title='bbox 488 1814 611 1845; x_wconf 92' lang='lat' dir='ltr'>notum</span> <span class='ocrx_word' id='word_1_236' title='bbox 641 1809 780 1852; x_wconf 90' lang='lat' dir='ltr'>facere,</span> <span class='ocrx_word' id='word_1_237' title='bbox 806 1810 902 1856; x_wconf 92' lang='lat' dir='ltr'>quod</span> <span class='ocrx_word' id='word_1_238' title='bbox 933 1811 980 1846; x_wconf 89' lang='lat' dir='ltr'>sit</span> <span class='ocrx_word' id='word_1_239' title='bbox 1002 1821 1190 1856; x_wconf 86' lang='lat' dir='ltr'>praegnas.</span> 
     </span>
    </p>
   </div>
   <div class='ocr_carea' id='block_1_8' title="bbox 40 1855 1191 1898">
    <p class='ocr_par' dir='ltr' id='par_1_11' title="bbox 40 1855 1191 1898">
     <span class='ocr_line' id='line_1_37' title="bbox 40 1855 1191 1898; baseline 0 -8"><span class='ocrx_word' id='word_1_240' title='bbox 40 1894 42 1896; x_wconf 50' lang='grc'>,</span> <span class='ocrx_word' id='word_1_241' title='bbox 103 1855 220 1890; x_wconf 87' lang='lat' dir='ltr'>mariti</span> <span class='ocrx_word' id='word_1_242' title='bbox 244 1859 298 1890; x_wconf 89' lang='lat' dir='ltr'>est</span> <span class='ocrx_word' id='word_1_243' title='bbox 317 1855 387 1889; x_wconf 79' lang='lat' dir='ltr'>iam</span> <span class='ocrx_word' id='word_1_244' title='bbox 407 1858 470 1890; x_wconf 91' lang='lat' dir='ltr'>aut</span> <span class='ocrx_word' id='word_1_245' title='bbox 488 1855 627 1890; x_wconf 89' lang='lat' dir='ltr'>mittere</span> <span class='ocrx_word' id='word_1_246' title='bbox 648 1856 815 1891; x_wconf 88' lang='lat' dir='ltr'>custodes</span> <span class='ocrx_word' id='word_1_247' title='bbox 837 1859 900 1890; x_wconf 89' lang='lat' dir='ltr'>aut</span> <span class='ocrx_word' id='word_1_248' title='bbox 919 1856 951 1891; x_wconf 92' lang='lat' dir='ltr'>ei</span> <span class='ocrx_word' id='word_1_249' title='bbox 971 1855 1191 1898; x_wconf 87' lang='lat' dir='ltr'>denuntiare,</span> 
     </span>
    </p>
   </div>
   <div class='ocr_carea' id='block_1_9' title="bbox 101 1900 1199 3301">
    <p class='ocr_par' dir='ltr' id='par_1_12' title="bbox 101 1900 1199 3301">
     <span class='ocr_line' id='line_1_38' title="bbox 104 1900 1193 1946; baseline 0.001 -11"><span class='ocrx_word' id='word_1_250' title='bbox 104 1900 199 1945; x_wconf 89' lang='lat' dir='ltr'>quod</span> <span class='ocrx_word' id='word_1_251' title='bbox 229 1910 301 1935; x_wconf 90' lang='lat' dir='ltr'>non</span> <span class='ocrx_word' id='word_1_252' title='bbox 332 1901 378 1935; x_wconf 89' lang='lat' dir='ltr'>sit</span> <span class='ocrx_word' id='word_1_253' title='bbox 409 1911 452 1935; x_wconf 89' lang='lat' dir='ltr'>ex</span> <span class='ocrx_word' id='word_1_254' title='bbox 484 1910 523 1935; x_wconf 89' lang='lat' dir='ltr'>se</span> <span class='ocrx_word' id='word_1_255' title='bbox 553 1910 749 1945; x_wconf 85' lang='lat' dir='ltr'>praegnas:</span> <span class='ocrx_word' id='word_1_256' title='bbox 790 1901 860 1936; x_wconf 90' lang='lat' dir='ltr'>hoc</span> <span class='ocrx_word' id='word_1_257' title='bbox 892 1905 1012 1936; x_wconf 87' lang='lat' dir='ltr'>autem</span> <span class='ocrx_word' id='word_1_258' title='bbox 1035 1901 1090 1936; x_wconf 92' lang='lat' dir='ltr'>vel</span> <span class='ocrx_word' id='word_1_259' title='bbox 1124 1901 1193 1946; x_wconf 90' lang='lat' dir='ltr'>ipsi</span> 
     </span>
     <span class='ocr_line' id='line_1_39' title="bbox 103 1945 1193 1991; baseline 0.001 -11"><span class='ocrx_word' id='word_1_260' title='bbox 103 1949 124 1980; x_wconf 84' lang='lat'>4</span> <span class='ocrx_word' id='word_1_261' title='bbox 170 1946 295 1980; x_wconf 88' lang='lat' dir='ltr'>marito</span> <span class='ocrx_word' id='word_1_262' title='bbox 308 1945 362 1979; x_wconf 91' lang='lat' dir='ltr'>vel</span> <span class='ocrx_word' id='word_1_263' title='bbox 375 1945 435 1980; x_wconf 91' lang='lat' dir='ltr'>alii</span> <span class='ocrx_word' id='word_1_264' title='bbox 446 1945 587 1980; x_wconf 90' lang='lat' dir='ltr'>nomine</span> <span class='ocrx_word' id='word_1_265' title='bbox 600 1945 674 1981; x_wconf 91' lang='lat' dir='ltr'>eius</span> <span class='ocrx_word' id='word_1_266' title='bbox 686 1945 807 1981; x_wconf 88' lang='lat' dir='ltr'>facere</span> <span class='ocrx_word' id='word_1_267' title='bbox 819 1946 1044 1991; x_wconf 89' lang='lat' dir='ltr'>permittitur.</span> <span class='ocrx_word' id='word_1_268' title='bbox 1070 1946 1193 1981; x_wconf 91' lang='lat' dir='ltr'>Poena</span> 
     </span>
     <span class='ocr_line' id='line_1_40' title="bbox 103 1990 1193 2036; baseline 0.001 -11"><span class='ocrx_word' id='word_1_269' title='bbox 103 1994 223 2025; x_wconf 88' lang='lat' dir='ltr'>autem</span> <span class='ocrx_word' id='word_1_270' title='bbox 246 1990 364 2025; x_wconf 88' lang='lat' dir='ltr'>mariti</span> <span class='ocrx_word' id='word_1_271' title='bbox 388 2001 430 2026; x_wconf 90' lang='lat' dir='ltr'>ea</span> <span class='ocrx_word' id='word_1_272' title='bbox 448 1994 511 2033; x_wconf 90' lang='lat' dir='ltr'>est,</span> <span class='ocrx_word' id='word_1_273' title='bbox 536 1994 587 2033; x_wconf 94' lang='lat' dir='ltr'>ut,</span> <span class='ocrx_word' id='word_1_274' title='bbox 613 1991 682 2026; x_wconf 91' lang='lat' dir='ltr'>nisi</span> <span class='ocrx_word' id='word_1_275' title='bbox 699 1995 762 2026; x_wconf 90' lang='lat' dir='ltr'>aut</span> <span class='ocrx_word' id='word_1_276' title='bbox 783 1991 949 2027; x_wconf 85' lang='lat' dir='ltr'>custodes</span> <span class='ocrx_word' id='word_1_277' title='bbox 969 1991 1193 2036; x_wconf 88' lang='lat' dir='ltr'>praemiserit</span> 
     </span>
     <span class='ocr_line' id='line_1_41' title="bbox 103 2035 1191 2089; baseline 0.001 -19"><span class='ocrx_word' id='word_1_278' title='bbox 103 2040 166 2071; x_wconf 90' lang='lat' dir='ltr'>aut</span> <span class='ocrx_word' id='word_1_279' title='bbox 189 2039 315 2071; x_wconf 90' lang='lat' dir='ltr'>contra</span> <span class='ocrx_word' id='word_1_280' title='bbox 339 2035 596 2071; x_wconf 87' lang='lat' dir='ltr'>denuntiaverit</span> <span class='ocrx_word' id='word_1_281' title='bbox 619 2047 692 2071; x_wconf 93' lang='lat' dir='ltr'>non</span> <span class='ocrx_word' id='word_1_282' title='bbox 717 2047 794 2072; x_wconf 91' lang='lat' dir='ltr'>esse</span> <span class='ocrx_word' id='word_1_283' title='bbox 818 2047 862 2071; x_wconf 89' lang='lat' dir='ltr'>ex</span> <span class='ocrx_word' id='word_1_284' title='bbox 886 2047 925 2072; x_wconf 92' lang='lat' dir='ltr'>se</span> <span class='ocrx_word' id='word_1_285' title='bbox 947 2040 1191 2089; x_wconf 82' lang='lat' dir='ltr'>praegnatem,</span> 
     </span>
     <span class='ocr_line' id='line_1_42' title="bbox 104 2081 1190 2127; baseline 0.002 -12"><span class='ocrx_word' id='word_1_286' title='bbox 104 2084 251 2126; x_wconf 88' lang='lat' dir='ltr'>cogatur</span> <span class='ocrx_word' id='word_1_287' title='bbox 272 2081 421 2116; x_wconf 88' lang='lat' dir='ltr'>maritus</span> <span class='ocrx_word' id='word_1_288' title='bbox 444 2085 587 2126; x_wconf 90' lang='lat' dir='ltr'>partum</span> <span class='ocrx_word' id='word_1_289' title='bbox 611 2091 820 2126; x_wconf 82' lang='lat' dir='ltr'>agnos-cere:</span> <span class='ocrx_word' id='word_1_290' title='bbox 854 2085 906 2124; x_wconf 88' lang='lat' dir='ltr'>et,</span> <span class='ocrx_word' id='word_1_291' title='bbox 932 2092 962 2117; x_wconf 90' lang='lat' dir='ltr'>s1</span> <span class='ocrx_word' id='word_1_292' title='bbox 985 2093 1058 2118; x_wconf 90' lang='lat' dir='ltr'>non</span> <span class='ocrx_word' id='word_1_293' title='bbox 1081 2092 1190 2127; x_wconf 88' lang='lat' dir='ltr'>agno-</span> 
     </span>
     <span class='ocr_line' id='line_1_43' title="bbox 104 2126 1190 2172; baseline 0.001 -11"><span class='ocrx_word' id='word_1_294' title='bbox 104 2126 199 2169; x_wconf 91' lang='lat' dir='ltr'>verit,</span> <span class='ocrx_word' id='word_1_295' title='bbox 224 2130 323 2161; x_wconf 88' lang='lat' dir='ltr'>extra</span> <span class='ocrx_word' id='word_1_296' title='bbox 346 2126 505 2161; x_wconf 89' lang='lat' dir='ltr'>ordinem</span> <span class='ocrx_word' id='word_1_297' title='bbox 530 2130 723 2162; x_wconf 89' lang='lat' dir='ltr'>coercetur.</span> <span class='ocrx_word' id='word_1_298' title='bbox 750 2127 892 2162; x_wconf 89' lang='lat' dir='ltr'>debebit</span> <span class='ocrx_word' id='word_1_299' title='bbox 913 2127 1021 2172; x_wconf 88' lang='lat' dir='ltr'>igitur</span> <span class='ocrx_word' id='word_1_300' title='bbox 1043 2137 1190 2172; x_wconf 89' lang='lat' dir='ltr'>respon-</span> 
     </span>
     <span class='ocr_line' id='line_1_44' title="bbox 104 2171 1191 2217; baseline 0.001 -11"><span class='ocrx_word' id='word_1_301' title='bbox 104 2171 186 2206; x_wconf 89' lang='lat' dir='ltr'>dere</span> <span class='ocrx_word' id='word_1_302' title='bbox 220 2182 292 2206; x_wconf 91' lang='lat' dir='ltr'>non</span> <span class='ocrx_word' id='word_1_303' title='bbox 324 2181 402 2206; x_wconf 90' lang='lat' dir='ltr'>esse</span> <span class='ocrx_word' id='word_1_304' title='bbox 438 2181 481 2206; x_wconf 88' lang='lat' dir='ltr'>ex</span> <span class='ocrx_word' id='word_1_305' title='bbox 517 2182 555 2206; x_wconf 88' lang='lat' dir='ltr'>se</span> <span class='ocrx_word' id='word_1_306' title='bbox 589 2176 820 2217; x_wconf 87' lang='lat' dir='ltr'>praegnatem</span> <span class='ocrx_word' id='word_1_307' title='bbox 855 2176 919 2207; x_wconf 89' lang='lat' dir='ltr'>aut</span> <span class='ocrx_word' id='word_1_308' title='bbox 949 2172 1091 2208; x_wconf 90' lang='lat' dir='ltr'>nomine</span> <span class='ocrx_word' id='word_1_309' title='bbox 1115 2173 1191 2208; x_wconf 86' lang='lat' dir='ltr'>eius</span> 
     </span>
     <span class='ocr_line' id='line_1_45' title="bbox 102 2216 1192 2262; baseline 0.001 -11"><span class='ocrx_word' id='word_1_310' title='bbox 102 2216 326 2262; x_wconf 84' lang='lat' dir='ltr'>responderi:</span> <span class='ocrx_word' id='word_1_311' title='bbox 361 2216 456 2261; x_wconf 91' lang='lat' dir='ltr'>quod</span> <span class='ocrx_word' id='word_1_312' title='bbox 481 2217 510 2251; x_wconf 93' lang='lat' dir='ltr'>si</span> <span class='ocrx_word' id='word_1_313' title='bbox 533 2216 670 2252; x_wconf 87' lang='lat' dir='ltr'>factum</span> <span class='ocrx_word' id='word_1_314' title='bbox 693 2217 812 2261; x_wconf 82' lang='lat' dir='ltr'>fuerit,</span> <span class='ocrx_word' id='word_1_315' title='bbox 837 2228 910 2253; x_wconf 91' lang='lat' dir='ltr'>non</span> <span class='ocrx_word' id='word_1_316' title='bbox 933 2217 1023 2252; x_wconf 87' lang='lat' dir='ltr'>alias</span> <span class='ocrx_word' id='word_1_317' title='bbox 1046 2227 1192 2252; x_wconf 89' lang='lat' dir='ltr'>necesse</span> 
     </span>
     <span class='ocr_line' id='line_1_46' title="bbox 103 2262 1191 2306; baseline 0.002 -10"><span class='ocrx_word' id='word_1_318' title='bbox 103 2264 121 2296; x_wconf 90' lang='lat'>5</span> <span class='ocrx_word' id='word_1_319' title='bbox 168 2262 315 2297; x_wconf 89' lang='lat' dir='ltr'>habebit</span> <span class='ocrx_word' id='word_1_320' title='bbox 350 2271 562 2306; x_wconf 85' lang='lat' dir='ltr'>agnoscere,</span> <span class='ocrx_word' id='word_1_321' title='bbox 597 2262 666 2297; x_wconf 91' lang='lat' dir='ltr'>nisi</span> <span class='ocrx_word' id='word_1_322' title='bbox 700 2273 783 2298; x_wconf 89' lang='lat' dir='ltr'>vere</span> <span class='ocrx_word' id='word_1_323' title='bbox 813 2262 908 2298; x_wconf 89' lang='lat' dir='ltr'>filius</span> <span class='ocrx_word' id='word_1_324' title='bbox 931 2262 1050 2297; x_wconf 88' lang='lat' dir='ltr'>fuerit.</span> <span class='ocrx_word' id='word_1_325' title='bbox 1099 2262 1191 2298; x_wconf 92' lang='lat' dir='ltr'>Illud</span> 
     </span>
     <span class='ocr_line' id='line_1_47' title="bbox 101 2306 1190 2352; baseline 0.001 -11"><span class='ocrx_word' id='word_1_326' title='bbox 101 2306 296 2342; x_wconf 91' lang='lat' dir='ltr'>notandum</span> <span class='ocrx_word' id='word_1_327' title='bbox 332 2311 404 2349; x_wconf 91' lang='lat' dir='ltr'>est,</span> <span class='ocrx_word' id='word_1_328' title='bbox 437 2307 533 2352; x_wconf 89' lang='lat' dir='ltr'>quod</span> <span class='ocrx_word' id='word_1_329' title='bbox 565 2307 785 2343; x_wconf 88' lang='lat' dir='ltr'>denuntiatio</span> <span class='ocrx_word' id='word_1_330' title='bbox 817 2318 840 2342; x_wconf 93' lang='lat' dir='ltr'>a</span> <span class='ocrx_word' id='word_1_331' title='bbox 871 2308 998 2343; x_wconf 91' lang='lat' dir='ltr'>marito</span> <span class='ocrx_word' id='word_1_332' title='bbox 1033 2318 1105 2342; x_wconf 92' lang='lat' dir='ltr'>non</span> <span class='ocrx_word' id='word_1_333' title='bbox 1136 2307 1190 2342; x_wconf 92' lang='lat' dir='ltr'>in-</span> 
     </span>
     <span class='ocr_line' id='line_1_48' title="bbox 103 2351 1189 2397; baseline 0 -9"><span class='ocrx_word' id='word_1_334' title='bbox 103 2355 122 2387; x_wconf 89' lang='grc'><strong>6</strong></span> <span class='ocrx_word' id='word_1_335' title='bbox 169 2352 264 2397; x_wconf 85' lang='lat' dir='ltr'>cipit,</span> <span class='ocrx_word' id='word_1_336' title='bbox 290 2351 353 2387; x_wconf 92' lang='lat' dir='ltr'>sed</span> <span class='ocrx_word' id='word_1_337' title='bbox 376 2362 399 2387; x_wconf 90' lang='lat' dir='ltr'>a</span> <span class='ocrx_word' id='word_1_338' title='bbox 421 2352 584 2387; x_wconf 88' lang='lat' dir='ltr'>muliere:</span> <span class='ocrx_word' id='word_1_339' title='bbox 618 2352 688 2387; x_wconf 89' lang='lat' dir='ltr'>Sed</span> <span class='ocrx_word' id='word_1_340' title='bbox 712 2353 743 2388; x_wconf 93' lang='lat' dir='ltr'>si</span> <span class='ocrx_word' id='word_1_341' title='bbox 766 2353 915 2388; x_wconf 90' lang='lat' dir='ltr'>maritus</span> <span class='ocrx_word' id='word_1_342' title='bbox 950 2352 1044 2388; x_wconf 89' lang='lat' dir='ltr'>ultro</span> <span class='ocrx_word' id='word_1_343' title='bbox 1071 2357 1189 2388; x_wconf 91' lang='lat' dir='ltr'>custo—</span> 
     </span>
     <span class='ocr_line' id='line_1_49' title="bbox 102 2396 1188 2440; baseline 0.001 -8"><span class='ocrx_word' id='word_1_344' title='bbox 102 2396 163 2432; x_wconf 85' lang='lat' dir='ltr'>des</span> <span class='ocrx_word' id='word_1_345' title='bbox 187 2397 315 2432; x_wconf 81' lang='lat' dir='ltr'>offerat</span> <span class='ocrx_word' id='word_1_346' title='bbox 340 2401 375 2432; x_wconf 89' lang='lat' dir='ltr'>et</span> <span class='ocrx_word' id='word_1_347' title='bbox 399 2407 441 2432; x_wconf 89' lang='lat' dir='ltr'>ea</span> <span class='ocrx_word' id='word_1_348' title='bbox 465 2408 538 2432; x_wconf 92' lang='lat' dir='ltr'>non</span> <span class='ocrx_word' id='word_1_349' title='bbox 561 2397 738 2440; x_wconf 86' lang='lat' dir='ltr'>admittat,</span> <span class='ocrx_word' id='word_1_350' title='bbox 762 2398 818 2433; x_wconf 87' lang='lat' dir='ltr'>vel</span> <span class='ocrx_word' id='word_1_351' title='bbox 850 2398 881 2433; x_wconf 90' lang='lat' dir='ltr'>si</span> <span class='ocrx_word' id='word_1_352' title='bbox 904 2408 977 2433; x_wconf 92' lang='lat' dir='ltr'>non</span> <span class='ocrx_word' id='word_1_353' title='bbox 1001 2397 1188 2433; x_wconf 91' lang='lat' dir='ltr'>denuntia-</span> 
     </span>
     <span class='ocr_line' id='line_1_50' title="bbox 101 2442 1189 2488; baseline 0.001 -11"><span class='ocrx_word' id='word_1_354' title='bbox 101 2443 189 2478; x_wconf 86' lang='lat' dir='ltr'>verit</span> <span class='ocrx_word' id='word_1_355' title='bbox 218 2443 361 2484; x_wconf 89' lang='lat' dir='ltr'>mulier,</span> <span class='ocrx_word' id='word_1_356' title='bbox 387 2446 450 2477; x_wconf 87' lang='lat' dir='ltr'>aut</span> <span class='ocrx_word' id='word_1_357' title='bbox 483 2442 513 2477; x_wconf 93' lang='lat' dir='ltr'>si</span> <span class='ocrx_word' id='word_1_358' title='bbox 545 2443 805 2479; x_wconf 85' lang='lat' dir='ltr'>denuntiaverit</span> <span class='ocrx_word' id='word_1_359' title='bbox 835 2443 997 2488; x_wconf 91' lang='lat' dir='ltr'>quidem,</span> <span class='ocrx_word' id='word_1_360' title='bbox 1023 2443 1189 2479; x_wconf 88' lang='lat' dir='ltr'>custodes</span> 
     </span>
     <span class='ocr_line' id='line_1_51' title="bbox 101 2487 1190 2531; baseline 0 -9"><span class='ocrx_word' id='word_1_361' title='bbox 101 2491 219 2523; x_wconf 87' lang='lat' dir='ltr'>autem</span> <span class='ocrx_word' id='word_1_362' title='bbox 255 2487 401 2523; x_wconf 90' lang='lat' dir='ltr'>arbitrio</span> <span class='ocrx_word' id='word_1_363' title='bbox 436 2487 564 2523; x_wconf 87' lang='lat' dir='ltr'>iudicis</span> <span class='ocrx_word' id='word_1_364' title='bbox 606 2499 679 2524; x_wconf 89' lang='lat' dir='ltr'>non</span> <span class='ocrx_word' id='word_1_365' title='bbox 713 2488 894 2524; x_wconf 88' lang='lat' dir='ltr'>admiserit</span> <span class='ocrx_word' id='word_1_366' title='bbox 907 2515 915 2531; x_wconf 95' lang='lat'>,</span> <span class='ocrx_word' id='word_1_367' title='bbox 952 2488 1102 2523; x_wconf 92' lang='lat' dir='ltr'>liberum</span> <span class='ocrx_word' id='word_1_368' title='bbox 1136 2492 1190 2524; x_wconf 90' lang='lat' dir='ltr'>est</span> 
     </span>
     <span class='ocr_line' id='line_1_52' title="bbox 103 2533 1190 2578; baseline 0.001 -11"><span class='ocrx_word' id='word_1_369' title='bbox 103 2535 120 2567; x_wconf 87' lang='lat'><strong>7</strong></span> <span class='ocrx_word' id='word_1_370' title='bbox 167 2533 293 2568; x_wconf 88' lang='lat' dir='ltr'>marito</span> <span class='ocrx_word' id='word_1_371' title='bbox 318 2533 501 2578; x_wconf 88' lang='lat' dir='ltr'>parentive</span> <span class='ocrx_word' id='word_1_372' title='bbox 533 2533 607 2568; x_wconf 89' lang='lat' dir='ltr'>eius</span> <span class='ocrx_word' id='word_1_373' title='bbox 632 2537 775 2578; x_wconf 91' lang='lat' dir='ltr'>partum</span> <span class='ocrx_word' id='word_1_374' title='bbox 798 2545 870 2568; x_wconf 91' lang='lat' dir='ltr'>non</span> <span class='ocrx_word' id='word_1_375' title='bbox 902 2544 1103 2578; x_wconf 86' lang='lat' dir='ltr'>agnoscere.</span> <span class='ocrx_word' id='word_1_376' title='bbox 1152 2533 1190 2568; x_wconf 90' lang='lat' dir='ltr'>Si</span> 
     </span>
     <span class='ocr_line' id='line_1_53' title="bbox 101 2578 1190 2623; baseline 0.001 -11"><span class='ocrx_word' id='word_1_377' title='bbox 101 2578 223 2613; x_wconf 89' lang='lat' dir='ltr'>mulier</span> <span class='ocrx_word' id='word_1_378' title='bbox 258 2588 335 2613; x_wconf 90' lang='lat' dir='ltr'>esse</span> <span class='ocrx_word' id='word_1_379' title='bbox 370 2589 408 2613; x_wconf 90' lang='lat' dir='ltr'>se</span> <span class='ocrx_word' id='word_1_380' title='bbox 442 2582 671 2623; x_wconf 88' lang='lat' dir='ltr'>praegnatem</span> <span class='ocrx_word' id='word_1_381' title='bbox 705 2579 800 2614; x_wconf 89' lang='lat' dir='ltr'>intra</span> <span class='ocrx_word' id='word_1_382' title='bbox 834 2579 979 2623; x_wconf 87' lang='lat' dir='ltr'>triginta</span> <span class='ocrx_word' id='word_1_383' title='bbox 1011 2578 1086 2614; x_wconf 90' lang='lat' dir='ltr'>dies</span> <span class='ocrx_word' id='word_1_384' title='bbox 1117 2589 1190 2614; x_wconf 92' lang='lat' dir='ltr'>non</span> 
     </span>
     <span class='ocr_line' id='line_1_54' title="bbox 102 2622 1189 2669; baseline 0.002 -12"><span class='ocrx_word' id='word_1_385' title='bbox 102 2622 377 2665; x_wconf 84' lang='lat' dir='ltr'>denuntiaverit,</span> <span class='ocrx_word' id='word_1_386' title='bbox 410 2627 535 2668; x_wconf 87' lang='lat' dir='ltr'>postea</span> <span class='ocrx_word' id='word_1_387' title='bbox 555 2623 769 2659; x_wconf 91' lang='lat' dir='ltr'>denuntians</span> <span class='ocrx_word' id='word_1_388' title='bbox 791 2634 901 2659; x_wconf 90' lang='lat' dir='ltr'>causa</span> <span class='ocrx_word' id='word_1_389' title='bbox 919 2624 1061 2669; x_wconf 85' lang='lat' dir='ltr'>cognita</span> <span class='ocrx_word' id='word_1_390' title='bbox 1073 2624 1189 2659; x_wconf 90' lang='lat' dir='ltr'>audiri</span> 
     </span>
     <span class='ocr_line' id='line_1_55' title="bbox 103 2667 1187 2712; baseline 0 -9"><span class='ocrx_word' id='word_1_391' title='bbox 103 2670 122 2702; x_wconf 88' lang='lat'>8</span> <span class='ocrx_word' id='word_1_392' title='bbox 169 2668 321 2703; x_wconf 88' lang='lat' dir='ltr'>debebit.</span> <span class='ocrx_word' id='word_1_393' title='bbox 369 2667 461 2712; x_wconf 78' lang='lat' dir='ltr'>Quin</span> <span class='ocrx_word' id='word_1_394' title='bbox 483 2669 589 2704; x_wconf 89' lang='lat' dir='ltr'>immo</span> <span class='ocrx_word' id='word_1_395' title='bbox 622 2672 658 2704; x_wconf 90' lang='lat' dir='ltr'>et</span> <span class='ocrx_word' id='word_1_396' title='bbox 692 2669 722 2704; x_wconf 89' lang='lat' dir='ltr'>si</span> <span class='ocrx_word' id='word_1_397' title='bbox 745 2669 782 2704; x_wconf 88' lang='lat' dir='ltr'>in</span> <span class='ocrx_word' id='word_1_398' title='bbox 805 2672 921 2704; x_wconf 92' lang='lat' dir='ltr'>totum</span> <span class='ocrx_word' id='word_1_399' title='bbox 946 2669 1103 2704; x_wconf 89' lang='lat' dir='ltr'>omiserit</span> <span class='ocrx_word' id='word_1_400' title='bbox 1127 2668 1187 2704; x_wconf 91' lang='lat' dir='ltr'>de-</span> 
     </span>
     <span class='ocr_line' id='line_1_56' title="bbox 102 2713 1188 2759; baseline 0.001 -11"><span class='ocrx_word' id='word_1_401' title='bbox 102 2713 370 2755; x_wconf 83' lang='lat' dir='ltr'>nuntiationem,</span> <span class='ocrx_word' id='word_1_402' title='bbox 395 2714 556 2749; x_wconf 91' lang='lat' dir='ltr'>Iulianus</span> <span class='ocrx_word' id='word_1_403' title='bbox 582 2714 632 2749; x_wconf 93' lang='lat' dir='ltr'>ait</span> <span class='ocrx_word' id='word_1_404' title='bbox 655 2714 743 2749; x_wconf 92' lang='lat' dir='ltr'>nihil</span> <span class='ocrx_word' id='word_1_405' title='bbox 766 2715 835 2749; x_wconf 90' lang='grc'>1100</span> <span class='ocrx_word' id='word_1_406' title='bbox 867 2724 996 2749; x_wconf 90' lang='grc'>000010</span> <span class='ocrx_word' id='word_1_407' title='bbox 1028 2714 1061 2749; x_wconf 89' lang='grc'>01</span> <span class='ocrx_word' id='word_1_408' title='bbox 1092 2714 1188 2759; x_wconf 88' lang='grc' dir='ltr'>(111οᾱ</span> 
     </span>
     <span class='ocr_line' id='line_1_57' title="bbox 102 2754 1199 2804; baseline 0.001 -11"><span class='ocrx_word' id='word_1_409' title='bbox 102 2760 122 2793; x_wconf 84' lang='grc'>9</span> <span class='ocrx_word' id='word_1_410' title='bbox 169 2758 293 2794; x_wconf 88' lang='lat' dir='ltr'>editur.</span> <span class='ocrx_word' id='word_1_411' title='bbox 349 2759 434 2794; x_wconf 87' lang='lat' dir='ltr'>Dies</span> <span class='ocrx_word' id='word_1_412' title='bbox 470 2763 588 2794; x_wconf 88' lang='lat' dir='ltr'>autem</span> <span class='ocrx_word' id='word_1_413' title='bbox 622 2759 767 2804; x_wconf 85' lang='lat' dir='ltr'>triginta</span> <span class='ocrx_word' id='word_1_414' title='bbox 802 2759 989 2794; x_wconf 91' lang='lat' dir='ltr'>continuos</span> <span class='ocrx_word' id='word_1_415' title='bbox 1026 2754 1199 2803; x_wconf 76' lang='lat' dir='ltr'>accipere‘</span> 
     </span>
     <span class='ocr_line' id='line_1_58' title="bbox 107 2803 1189 2848; baseline 0 -10"><span class='ocrx_word' id='word_1_416' title='bbox 107 2807 144 2838; x_wconf 89' lang='lat'>10</span> <span class='ocrx_word' id='word_1_417' title='bbox 191 2803 359 2839; x_wconf 87' lang='lat' dir='ltr'>debemus</span> <span class='ocrx_word' id='word_1_418' title='bbox 385 2814 428 2839; x_wconf 89' lang='lat' dir='ltr'>ex</span> <span class='ocrx_word' id='word_1_419' title='bbox 453 2804 509 2839; x_wconf 91' lang='lat' dir='ltr'>die</span> <span class='ocrx_word' id='word_1_420' title='bbox 533 2804 691 2847; x_wconf 90' lang='lat' dir='ltr'>divortii,</span> <span class='ocrx_word' id='word_1_421' title='bbox 718 2815 790 2839; x_wconf 92' lang='lat' dir='ltr'>non</span> <span class='ocrx_word' id='word_1_422' title='bbox 822 2804 939 2839; x_wconf 90' lang='lat' dir='ltr'>utiles.</span> <span class='ocrx_word' id='word_1_423' title='bbox 994 2804 1189 2848; x_wconf 87' lang='lat' dir='ltr'>Eleganter</span> 
     </span>
     <span class='ocr_line' id='line_1_59' title="bbox 103 2849 1188 2894; baseline 0.001 -11"><span class='ocrx_word' id='word_1_424' title='bbox 103 2852 218 2884; x_wconf 91' lang='lat' dir='ltr'>autem</span> <span class='ocrx_word' id='word_1_425' title='bbox 243 2849 339 2894; x_wconf 87' lang='lat' dir='ltr'>apud</span> <span class='ocrx_word' id='word_1_426' title='bbox 362 2849 537 2884; x_wconf 90' lang='lat' dir='ltr'>Iulianum</span> <span class='ocrx_word' id='word_1_427' title='bbox 568 2850 658 2884; x_wconf 92' lang='lat' dir='ltr'>libro</span> <span class='ocrx_word' id='word_1_428' title='bbox 683 2860 777 2885; x_wconf 91' lang='lat' dir='ltr'>nono</span> <span class='ocrx_word' id='word_1_429' title='bbox 804 2850 939 2885; x_wconf 90' lang='lat' dir='ltr'>decimo</span> <span class='ocrx_word' id='word_1_430' title='bbox 973 2849 1188 2894; x_wconf 88' lang='lat' dir='ltr'>digestorum</span> 
     </span>
     <span class='ocr_line' id='line_1_60' title="bbox 126 2894 1188 2939; baseline 0.001 -11"><span class='ocrx_word' id='word_1_431' title='bbox 126 2894 299 2936; x_wconf 89' lang='lat' dir='ltr'>uaeritur,</span> <span class='ocrx_word' id='word_1_432' title='bbox 332 2894 362 2929; x_wconf 91' lang='lat' dir='ltr'>si</span> <span class='ocrx_word' id='word_1_433' title='bbox 392 2895 486 2929; x_wconf 90' lang='lat' dir='ltr'>intra</span> <span class='ocrx_word' id='word_1_434' title='bbox 518 2894 591 2929; x_wconf 88' lang='lat' dir='ltr'>dies</span> <span class='ocrx_word' id='word_1_435' title='bbox 623 2895 766 2939; x_wconf 84' lang='lat' dir='ltr'>triginta</span> <span class='ocrx_word' id='word_1_436' title='bbox 798 2895 922 2930; x_wconf 90' lang='lat' dir='ltr'>mulier</span> <span class='ocrx_word' id='word_1_437' title='bbox 954 2894 1081 2930; x_wconf 89' lang='lat' dir='ltr'>marito</span> <span class='ocrx_word' id='word_1_438' title='bbox 1115 2904 1188 2929; x_wconf 89' lang='lat' dir='ltr'>non</span> 
     </span>
     <span class='ocr_line' id='line_1_61' title="bbox 103 2905 1187 2985; baseline 0.001 -12"><span class='ocrx_word' id='word_1_439' title='bbox 103 2905 358 2974; x_wconf 60' lang='lat' dir='ltr'>denuntiaverit</span> <span class='ocrx_word' id='word_1_440' title='bbox 382 2943 418 2974; x_wconf 89' lang='lat' dir='ltr'>et</span> <span class='ocrx_word' id='word_1_441' title='bbox 438 2940 535 2974; x_wconf 90' lang='lat' dir='ltr'>intra</span> <span class='ocrx_word' id='word_1_442' title='bbox 551 2940 695 2985; x_wconf 88' lang='lat' dir='ltr'>triginta</span> <span class='ocrx_word' id='word_1_443' title='bbox 719 2944 860 2984; x_wconf 87' lang='lat' dir='ltr'>partum</span> <span class='ocrx_word' id='word_1_444' title='bbox 878 2940 1037 2982; x_wconf 90' lang='lat' dir='ltr'>ediderit,</span> <span class='ocrx_word' id='word_1_445' title='bbox 1061 2949 1107 2974; x_wconf 89' lang='lat' dir='ltr'>an</span> <span class='ocrx_word' id='word_1_446' title='bbox 1131 2949 1187 2974; x_wconf 88' lang='grc'>80-</span> 
     </span>
     <span class='ocr_line' id='line_1_62' title="bbox 104 2984 1187 3020; baseline 0.002 -2"><span class='ocrx_word' id='word_1_447' title='bbox 104 2988 206 3019; x_wconf 87' lang='lat' dir='ltr'>natus</span> <span class='ocrx_word' id='word_1_448' title='bbox 231 2985 392 3020; x_wconf 89' lang='lat' dir='ltr'>consulto</span> <span class='ocrx_word' id='word_1_449' title='bbox 416 2984 543 3020; x_wconf 76' lang='lat' dir='ltr'>locus⁹</span> <span class='ocrx_word' id='word_1_450' title='bbox 562 2985 618 3020; x_wconf 88' lang='lat' dir='ltr'>sit.</span> <span class='ocrx_word' id='word_1_451' title='bbox 656 2989 692 3020; x_wconf 90' lang='lat' dir='ltr'>et</span> <span class='ocrx_word' id='word_1_452' title='bbox 715 2986 766 3020; x_wconf 89' lang='lat' dir='ltr'>ait</span> <span class='ocrx_word' id='word_1_453' title='bbox 784 2986 1018 3020; x_wconf 89' lang='lat' dir='ltr'>Plancianum</span> <span class='ocrx_word' id='word_1_454' title='bbox 1042 2988 1187 3020; x_wconf 89' lang='lat' dir='ltr'>senatus</span> 
     </span>
     <span class='ocr_line' id='line_1_63' title="bbox 104 3029 1189 3076; baseline 0.001 -13"><span class='ocrx_word' id='word_1_455' title='bbox 104 3029 302 3064; x_wconf 91' lang='lat' dir='ltr'>consultum</span> <span class='ocrx_word' id='word_1_456' title='bbox 339 3040 497 3072; x_wconf 89' lang='lat' dir='ltr'>cessare,</span> <span class='ocrx_word' id='word_1_457' title='bbox 534 3031 617 3074; x_wconf 91' lang='lat' dir='ltr'>quia</span> <span class='ocrx_word' id='word_1_458' title='bbox 652 3030 695 3065; x_wconf 91' lang='lat' dir='ltr'>de</span> <span class='ocrx_word' id='word_1_459' title='bbox 731 3041 772 3066; x_wconf 92' lang='lat' dir='ltr'>eo</span> <span class='ocrx_word' id='word_1_460' title='bbox 808 3035 915 3076; x_wconf 91' lang='lat' dir='ltr'>partu</span> <span class='ocrx_word' id='word_1_461' title='bbox 947 3041 1020 3065; x_wconf 92' lang='lat' dir='ltr'>non</span> <span class='ocrx_word' id='word_1_462' title='bbox 1050 3029 1189 3065; x_wconf 88' lang='lat' dir='ltr'>videtur</span> 
     </span>
     <span class='ocr_line' id='line_1_64' title="bbox 103 3074 1189 3120; baseline 0.002 -12"><span class='ocrx_word' id='word_1_463' title='bbox 103 3074 250 3116; x_wconf 90' lang='lat' dir='ltr'>sentire,</span> <span class='ocrx_word' id='word_1_464' title='bbox 275 3074 335 3119; x_wconf 92' lang='lat' dir='ltr'>qui</span> <span class='ocrx_word' id='word_1_465' title='bbox 365 3075 460 3109; x_wconf 88' lang='lat' dir='ltr'>intra</span> <span class='ocrx_word' id='word_1_466' title='bbox 486 3075 579 3110; x_wconf 89' lang='lat' dir='ltr'>diem</span> <span class='ocrx_word' id='word_1_467' title='bbox 599 3076 817 3120; x_wconf 88' lang='lat' dir='ltr'>trigesimum</span> <span class='ocrx_word' id='word_1_468' title='bbox 836 3079 1023 3110; x_wconf 89' lang='lat' dir='ltr'>nascatur:</span> <span class='ocrx_word' id='word_1_469' title='bbox 1058 3075 1189 3120; x_wconf 88' lang='lat' dir='ltr'>quippe</span> 
     </span>
     <span class='ocr_line' id='line_1_65' title="bbox 104 3118 1187 3165; baseline 0.002 -12"><span class='ocrx_word' id='word_1_470' title='bbox 104 3118 177 3154; x_wconf 89' lang='lat' dir='ltr'>dies</span> <span class='ocrx_word' id='word_1_471' title='bbox 208 3120 352 3164; x_wconf 89' lang='lat' dir='ltr'>triginta</span> <span class='ocrx_word' id='word_1_472' title='bbox 395 3120 441 3155; x_wconf 90' lang='lat' dir='ltr'>ad</span> <span class='ocrx_word' id='word_1_473' title='bbox 477 3120 758 3156; x_wconf 89' lang='lat' dir='ltr'>denuntiandum</span> <span class='ocrx_word' id='word_1_474' title='bbox 792 3121 996 3165; x_wconf 90' lang='lat' dir='ltr'>praestituit</span> <span class='ocrx_word' id='word_1_475' title='bbox 1031 3124 1187 3155; x_wconf 88' lang='lat' dir='ltr'>senatus.</span> 
     </span>
     <span class='ocr_line' id='line_1_66' title="bbox 104 3164 1188 3211; baseline 0.002 -13"><span class='ocrx_word' id='word_1_476' title='bbox 104 3164 165 3199; x_wconf 89' lang='lat' dir='ltr'>sed</span> <span class='ocrx_word' id='word_1_477' title='bbox 186 3164 279 3199; x_wconf 91' lang='lat' dir='ltr'>hanc</span> <span class='ocrx_word' id='word_1_478' title='bbox 298 3175 372 3199; x_wconf 92' lang='lat' dir='ltr'>rem</span> <span class='ocrx_word' id='word_1_479' title='bbox 392 3176 463 3200; x_wconf 91' lang='lat' dir='ltr'>non</span> <span class='ocrx_word' id='word_1_480' title='bbox 483 3165 602 3200; x_wconf 88' lang='lat' dir='ltr'>facere</span> <span class='ocrx_word' id='word_1_481' title='bbox 614 3166 869 3210; x_wconf 88' lang='lat' dir='ltr'>praeiudicium</span> <span class='ocrx_word' id='word_1_482' title='bbox 882 3166 1002 3211; x_wconf 88' lang='lat' dir='ltr'>partui</span> <span class='ocrx_word' id='word_1_483' title='bbox 1024 3165 1188 3200; x_wconf 89' lang='lat' dir='ltr'>arbitror.</span> 
     </span>
     <span class='ocr_line' id='line_1_67' title="bbox 109 3209 1191 3255; baseline 0.003 -13"><span class='ocrx_word' id='word_1_484' title='bbox 109 3212 143 3242; x_wconf 89' lang='lat'>11</span> <span class='ocrx_word' id='word_1_485' title='bbox 193 3209 493 3253; x_wconf 79' lang='lat' dir='ltr'>Quemadmodum</span> <span class='ocrx_word' id='word_1_486' title='bbox 517 3221 582 3255; x_wconf 90' lang='lat' dir='ltr'>per</span> <span class='ocrx_word' id='word_1_487' title='bbox 606 3212 823 3246; x_wconf 89' lang='lat' dir='ltr'>contrarium</span> <span class='ocrx_word' id='word_1_488' title='bbox 847 3211 877 3246; x_wconf 88' lang='lat' dir='ltr'>si</span> <span class='ocrx_word' id='word_1_489' title='bbox 899 3211 1047 3245; x_wconf 89' lang='lat' dir='ltr'>maritus</span> <span class='ocrx_word' id='word_1_490' title='bbox 1078 3221 1191 3245; x_wconf 90' lang='lat' dir='ltr'>uxore</span> 
     </span>
     <span class='ocr_line' id='line_1_68' title="bbox 107 3253 1191 3301; baseline 0.002 -13"><span class='ocrx_word' id='word_1_491' title='bbox 107 3253 334 3289; x_wconf 88' lang='lat' dir='ltr'>denuntiante</span> <span class='ocrx_word' id='word_1_492' title='bbox 370 3255 536 3290; x_wconf 90' lang='lat' dir='ltr'>custodes</span> <span class='ocrx_word' id='word_1_493' title='bbox 572 3256 725 3298; x_wconf 90' lang='lat' dir='ltr'>miserit,</span> <span class='ocrx_word' id='word_1_494' title='bbox 762 3257 898 3291; x_wconf 90' lang='lat' dir='ltr'>nullum</span> <span class='ocrx_word' id='word_1_495' title='bbox 933 3255 1191 3301; x_wconf 89' lang='lat' dir='ltr'>praeiudicium</span> 
     </span>
    </p>
   </div>
   <div class='ocr_carea' id='block_1_10' title="bbox 105 3367 1188 3814">
    <p class='ocr_par' dir='ltr' id='par_1_13' title="bbox 106 3367 989 3410">
     <span class='ocr_line' id='line_1_69' title="bbox 106 3367 989 3410; baseline 0.005 -12"><span class='ocrx_word' id='word_1_496' title='bbox 106 3369 142 3406; x_wconf 88' lang='grc'>(1)</span> <span class='ocrx_word' id='word_1_497' title='bbox 167 3367 196 3399; x_wconf 78' lang='lat' dir='ltr'>is</span> <span class='ocrx_word' id='word_1_498' title='bbox 210 3369 269 3401; x_wconf 81' lang='lat' dir='ltr'>ins.</span> <span class='ocrx_word' id='word_1_499' title='bbox 385 3370 427 3410; x_wconf 80' lang='lat'>(2)</span> <span class='ocrx_word' id='word_1_500' title='bbox 453 3372 486 3400; x_wconf 88' lang='lat' dir='ltr'>et</span> <span class='ocrx_word' id='word_1_501' title='bbox 498 3381 559 3402; x_wconf 84' lang='lat' dir='ltr'>scr.</span> <span class='ocrx_word' id='word_1_502' title='bbox 678 3371 719 3408; x_wconf 87' lang='lat'>(3)</span> <span class='ocrx_word' id='word_1_503' title='bbox 742 3370 941 3402; x_wconf 85' lang='lat' dir='ltr'>condicione</span> <span class='ocrx_word' id='word_1_504' title='bbox 954 3370 989 3402; x_wconf 99' lang='lat' dir='ltr'><em>F</em></span> 
     </span>
    </p>

    <p class='ocr_par' dir='ltr' id='par_1_14' title="bbox 105 3412 1188 3814">
     <span class='ocr_line' id='line_1_70' title="bbox 149 3412 1186 3457; baseline 0.002 -12"><span class='ocrx_word' id='word_1_505' title='bbox 149 3414 189 3452; x_wconf 81' lang='grc'>(4)</span> <span class='ocrx_word' id='word_1_506' title='bbox 215 3412 296 3446; x_wconf 84' lang='lat' dir='ltr'>Sab.</span> <span class='ocrx_word' id='word_1_507' title='bbox 316 3421 393 3447; x_wconf 86' lang='lat'>1...3.</span> <span class='ocrx_word' id='word_1_508' title='bbox 416 3421 451 3452; x_wconf 89' lang='grc'>9;</span> <span class='ocrx_word' id='word_1_509' title='bbox 484 3413 570 3457; x_wconf 85' lang='lat' dir='ltr'>Pap.</span> <span class='ocrx_word' id='word_1_510' title='bbox 593 3422 628 3453; x_wconf 82' lang='lat'>43</span> <span class='ocrx_word' id='word_1_511' title='bbox 654 3416 718 3448; x_wconf 83' lang='lat' dir='ltr'>Ed.</span> <span class='ocrx_word' id='word_1_512' title='bbox 741 3422 825 3448; x_wconf 86' lang='lat'>5...8.</span> <span class='ocrx_word' id='word_1_513' title='bbox 853 3434 892 3439; x_wconf 84' lang='lat'>-</span> <span class='ocrx_word' id='word_1_514' title='bbox 919 3415 1005 3447; x_wconf 79' lang='lat' dir='ltr'>Bas.</span> <span class='ocrx_word' id='word_1_515' title='bbox 1019 3415 1074 3453; x_wconf 81' lang='lat'>31,</span> <span class='ocrx_word' id='word_1_516' title='bbox 1088 3421 1116 3447; x_wconf 80' lang='lat'>6.</span> <span class='ocrx_word' id='word_1_517' title='bbox 1142 3433 1186 3437; x_wconf 96' lang='lat'><strong>—</strong></span> 
     </span>
     <span class='ocr_line' id='line_1_71' title="bbox 110 3456 1187 3502; baseline 0.003 -14"><span class='ocrx_word' id='word_1_518' title='bbox 110 3456 157 3499; x_wconf 69' lang='lat' dir='ltr'>Cf</span> <span class='ocrx_word' id='word_1_519' title='bbox 176 3457 252 3490; x_wconf 88' lang='lat' dir='ltr'>Cod.</span> <span class='ocrx_word' id='word_1_520' title='bbox 267 3460 299 3498; x_wconf 87' lang='lat'>5,</span> <span class='ocrx_word' id='word_1_521' title='bbox 313 3465 348 3491; x_wconf 82' lang='lat'>25</span> <span class='ocrx_word' id='word_1_522' title='bbox 441 3460 483 3499; x_wconf 86' lang='grc'>(5)</span> <span class='ocrx_word' id='word_1_523' title='bbox 509 3469 621 3491; x_wconf 90' lang='lat' dir='ltr'>eorum</span> <span class='ocrx_word' id='word_1_524' title='bbox 636 3460 670 3491; x_wconf 80' lang='lat' dir='ltr'><em>F</em></span> <span class='ocrx_word' id='word_1_525' title='bbox 764 3460 808 3502; x_wconf 84' lang='lat'>(6)</span> <span class='ocrx_word' id='word_1_526' title='bbox 835 3460 864 3491; x_wconf 86' lang='lat' dir='ltr'>si</span> <span class='ocrx_word' id='word_1_527' title='bbox 877 3462 924 3501; x_wconf 90' lang='grc'>80]</span> <span class='ocrx_word' id='word_1_528' title='bbox 939 3473 997 3492; x_wconf 88' lang='lat' dir='ltr'>om.</span> <span class='ocrx_word' id='word_1_529' title='bbox 1015 3460 1045 3491; x_wconf 89' lang='lat' dir='ltr'><em>F</em></span> <span class='ocrx_word' id='word_1_530' title='bbox 1053 3459 1074 3500; x_wconf 88' lang='lat'>¹,</span> <span class='ocrx_word' id='word_1_531' title='bbox 1088 3470 1122 3491; x_wconf 89' lang='lat' dir='ltr'>se</span> <span class='ocrx_word' id='word_1_532' title='bbox 1135 3458 1187 3491; x_wconf 85' lang='lat' dir='ltr'>F²</span> 
     </span>
     <span class='ocr_line' id='line_1_72' title="bbox 105 3503 1184 3546; baseline 0.001 -13"><span class='ocrx_word' id='word_1_533' title='bbox 105 3507 146 3541; x_wconf 73' lang='grc'>(7)</span> <span class='ocrx_word' id='word_1_534' title='bbox 171 3506 302 3534; x_wconf 87' lang='lat' dir='ltr'>mancat</span> <span class='ocrx_word' id='word_1_535' title='bbox 322 3504 358 3534; x_wconf 94' lang='lat' dir='ltr'>in</span> <span class='ocrx_word' id='word_1_536' title='bbox 379 3504 460 3535; x_wconf 88' lang='lat' dir='ltr'>villa</span> <span class='ocrx_word' id='word_1_537' title='bbox 472 3503 525 3535; x_wconf 89' lang='lat' dir='ltr'>vel</span> <span class='ocrx_word' id='word_1_538' title='bbox 535 3504 569 3535; x_wconf 92' lang='lat' dir='ltr'>in</span> <span class='ocrx_word' id='word_1_539' title='bbox 584 3504 790 3546; x_wconf 86' lang='lat' dir='ltr'>municipio:</span> <span class='ocrx_word' id='word_1_540' title='bbox 825 3505 913 3546; x_wconf 89' lang='lat' dir='ltr'>quod</span> <span class='ocrx_word' id='word_1_541' title='bbox 934 3505 962 3537; x_wconf 88' lang='lat' dir='ltr'>si</span> <span class='ocrx_word' id='word_1_542' title='bbox 982 3515 1051 3536; x_wconf 91' lang='lat' dir='ltr'>non</span> <span class='ocrx_word' id='word_1_543' title='bbox 1065 3504 1110 3535; x_wconf 91' lang='lat' dir='ltr'>sit</span> <span class='ocrx_word' id='word_1_544' title='bbox 1122 3516 1184 3537; x_wconf 76' lang='lat' dir='ltr'>scr.</span> 
     </span>
     <span class='ocr_line' id='line_1_73' title="bbox 107 3546 1185 3591; baseline 0.003 -14"><span class='ocrx_word' id='word_1_545' title='bbox 107 3547 149 3586; x_wconf 86' lang='grc'>(8)</span> <span class='ocrx_word' id='word_1_546' title='bbox 174 3546 372 3579; x_wconf 82' lang='lat' dir='ltr'>collocarint</span> <span class='ocrx_word' id='word_1_547' title='bbox 384 3549 594 3581; x_wconf 58' lang='lat' dir='ltr'>Brenn-marm</span> <span class='ocrx_word' id='word_1_548' title='bbox 683 3550 726 3591; x_wconf 82' lang='lat'>(9)</span> <span class='ocrx_word' id='word_1_549' title='bbox 753 3549 843 3581; x_wconf 88' lang='lat' dir='ltr'>locos</span> <span class='ocrx_word' id='word_1_550' title='bbox 859 3550 891 3581; x_wconf 90' lang='lat' dir='ltr'>F&#39;</span> <span class='ocrx_word' id='word_1_551' title='bbox 968 3550 1028 3590; x_wconf 88' lang='grc' dir='ltr'>(1ο)</span> <span class='ocrx_word' id='word_1_552' title='bbox 1054 3548 1185 3590; x_wconf 85' lang='lat' dir='ltr'>siquis]</span> 
     </span>
     <span class='ocr_line' id='line_1_74' title="bbox 106 3590 1188 3637; baseline 0.005 -16"><span class='ocrx_word' id='word_1_553' title='bbox 106 3590 153 3622; x_wconf 85' lang='lat' dir='ltr'>sic</span> <span class='ocrx_word' id='word_1_554' title='bbox 166 3592 260 3632; x_wconf 86' lang='lat' dir='ltr'>quasi</span> <span class='ocrx_word' id='word_1_555' title='bbox 282 3593 415 3625; x_wconf 83' lang='lat' dir='ltr'>Voorda</span> <span class='ocrx_word' id='word_1_556' title='bbox 551 3595 604 3634; x_wconf 87' lang='grc'>(11)</span> <span class='ocrx_word' id='word_1_557' title='bbox 630 3595 652 3634; x_wconf 82' lang='lat'><em>§</em></span> <span class='ocrx_word' id='word_1_558' title='bbox 667 3594 711 3626; x_wconf 75' lang='lat'>14</span> <span class='ocrx_word' id='word_1_559' title='bbox 725 3602 824 3637; x_wconf 81' lang='lat' dir='ltr'>parte</span> <span class='ocrx_word' id='word_1_560' title='bbox 841 3596 954 3637; x_wconf 85' lang='lat' dir='ltr'>priore</span> <span class='ocrx_word' id='word_1_561' title='bbox 966 3595 1076 3627; x_wconf 84' lang='lat' dir='ltr'>eadem</span> <span class='ocrx_word' id='word_1_562' title='bbox 1090 3594 1188 3626; x_wconf 76' lang='lat' dir='ltr'>hahet</span> 
     </span>
     <span class='ocr_line' id='line_1_75' title="bbox 106 3637 1186 3681; baseline 0.003 -14"><span class='ocrx_word' id='word_1_563' title='bbox 106 3646 188 3677; x_wconf 83' lang='lat' dir='ltr'>quae</span> <span class='ocrx_word' id='word_1_564' title='bbox 197 3648 299 3678; x_wconf 82' lang='lat' dir='ltr'>supra</span> <span class='ocrx_word' id='word_1_565' title='bbox 313 3637 459 3679; x_wconf 78' lang='lat' dir='ltr'>Zequntur</span> <span class='ocrx_word' id='word_1_566' title='bbox 471 3639 492 3678; x_wconf 88' lang='lat'><em>§</em></span> <span class='ocrx_word' id='word_1_567' title='bbox 506 3639 544 3670; x_wconf 87' lang='lat'>12</span> <span class='ocrx_word' id='word_1_568' title='bbox 556 3639 588 3670; x_wconf 80' lang='lat' dir='ltr'>in</span> <span class='ocrx_word' id='word_1_569' title='bbox 599 3640 918 3681; x_wconf 75' lang='lat' dir='ltr'>brevioremsormam</span> <span class='ocrx_word' id='word_1_570' title='bbox 931 3640 1085 3672; x_wconf 79' lang='lat' dir='ltr'>redacta:</span> <span class='ocrx_word' id='word_1_571' title='bbox 1098 3638 1186 3670; x_wconf 90' lang='lat' dir='ltr'>idem</span> 
     </span>
     <span class='ocr_line' id='line_1_76' title="bbox 106 3678 1186 3726; baseline 0.004 -16"><span class='ocrx_word' id='word_1_572' title='bbox 106 3678 257 3712; x_wconf 87' lang='lat' dir='ltr'>Iulianus</span> <span class='ocrx_word' id='word_1_573' title='bbox 270 3681 389 3713; x_wconf 86' lang='lat' dir='ltr'>scribit</span> <span class='ocrx_word' id='word_1_574' title='bbox 401 3683 458 3721; x_wconf 83' lang='lat'>(=</span> <span class='ocrx_word' id='word_1_575' title='bbox 472 3682 625 3714; x_wconf 86' lang='lat' dir='ltr'>Iulianus</span> <span class='ocrx_word' id='word_1_576' title='bbox 638 3707 646 3715; x_wconf 95' lang='lat'>.</span> <span class='ocrx_word' id='word_1_577' title='bbox 665 3708 673 3715; x_wconf 94' lang='lat'>.</span> <span class='ocrx_word' id='word_1_578' title='bbox 694 3707 700 3714; x_wconf 88' lang='lat'>.</span> <span class='ocrx_word' id='word_1_579' title='bbox 716 3684 877 3726; x_wconf 86' lang='lat' dir='ltr'>scripsit),</span> <span class='ocrx_word' id='word_1_580' title='bbox 900 3684 928 3715; x_wconf 87' lang='lat' dir='ltr'>si</span> <span class='ocrx_word' id='word_1_581' title='bbox 942 3694 1045 3715; x_wconf 85' lang='lat' dir='ltr'>uxore</span> <span class='ocrx_word' id='word_1_582' title='bbox 1058 3683 1186 3715; x_wconf 89' lang='lat' dir='ltr'>denun-</span> 
     </span>
     <span class='ocr_line' id='line_1_77' title="bbox 107 3724 1187 3767; baseline 0.004 -12"><span class='ocrx_word' id='word_1_583' title='bbox 107 3724 212 3756; x_wconf 87' lang='lat' dir='ltr'>tiante</span> <span class='ocrx_word' id='word_1_584' title='bbox 225 3736 257 3757; x_wconf 89' lang='lat' dir='ltr'>se</span> <span class='ocrx_word' id='word_1_585' title='bbox 270 3729 483 3767; x_wconf 80' lang='lat' dir='ltr'>praegnatem</span> <span class='ocrx_word' id='word_1_586' title='bbox 498 3728 554 3767; x_wconf 87' lang='lat'>(==</span> <span class='ocrx_word' id='word_1_587' title='bbox 565 3727 594 3759; x_wconf 88' lang='lat' dir='ltr'>si</span> <span class='ocrx_word' id='word_1_588' title='bbox 606 3727 727 3759; x_wconf 87' lang='lat' dir='ltr'>mulier</span> <span class='ocrx_word' id='word_1_589' title='bbox 738 3729 810 3761; x_wconf 87' lang='lat' dir='ltr'>viro</span> <span class='ocrx_word' id='word_1_590' title='bbox 824 3729 1073 3760; x_wconf 76' lang='lat' dir='ltr'>denuntiaverit</span> <span class='ocrx_word' id='word_1_591' title='bbox 1092 3738 1126 3759; x_wconf 89' lang='grc'>80</span> <span class='ocrx_word' id='word_1_592' title='bbox 1146 3738 1187 3759; x_wconf 87' lang='lat' dir='ltr'>ex</span> 
     </span>
     <span class='ocr_line' id='line_1_78' title="bbox 108 3771 1185 3814; baseline 0.003 -14"><span class='ocrx_word' id='word_1_593' title='bbox 108 3778 146 3800; x_wconf 86' lang='lat' dir='ltr'>eo</span> <span class='ocrx_word' id='word_1_594' title='bbox 168 3771 370 3811; x_wconf 86' lang='lat' dir='ltr'>concepisse)</span> <span class='ocrx_word' id='word_1_595' title='bbox 384 3771 523 3802; x_wconf 84' lang='lat' dir='ltr'>maritus</span> <span class='ocrx_word' id='word_1_596' title='bbox 541 3782 608 3803; x_wconf 92' lang='lat' dir='ltr'>non</span> <span class='ocrx_word' id='word_1_597' title='bbox 621 3776 794 3813; x_wconf 83' lang='lat' dir='ltr'>negaverit</span> <span class='ocrx_word' id='word_1_598' title='bbox 807 3774 863 3814; x_wconf 86' lang='lat'>(=</span> <span class='ocrx_word' id='word_1_599' title='bbox 877 3783 984 3813; x_wconf 87' lang='lat' dir='ltr'>neque</span> <span class='ocrx_word' id='word_1_600' title='bbox 998 3775 1185 3805; x_wconf 84' lang='lat' dir='ltr'>contestato</span> 
     </span>
    </p>
   </div>
   <div class='ocr_carea' id='block_1_11' title="bbox 1192 153 1276 200">
    <p class='ocr_par' dir='ltr' id='par_1_15' title="bbox 1192 153 1276 200">
     <span class='ocr_line' id='line_1_79' title="bbox 1192 153 1276 200; baseline 0 -1"><span class='ocrx_word' id='word_1_601' title='bbox 1192 153 1276 200; x_wconf 79' lang='lat'>329</span> 
     </span>
    </p>
   </div>
   <div class='ocr_carea' id='block_1_12' title="bbox 2180 159 2357 202">
    <p class='ocr_par' dir='ltr' id='par_1_16' title="bbox 2180 159 2357 202">
     <span class='ocr_line' id='line_1_80' title="bbox 2180 159 2357 202; baseline 0.011 -2"><span class='ocrx_word' id='word_1_602' title='bbox 2180 159 2357 202; x_wconf 85' lang='lat' dir='ltr'>XXV3</span> 
     </span>
    </p>
   </div>
   <div class='ocr_carea' id='block_1_13' title="bbox 1256 277 2363 3300">
    <p class='ocr_par' dir='ltr' id='par_1_17' title="bbox 1260 277 2363 2207">
     <span class='ocr_line' id='line_1_81' title="bbox 1272 277 2359 322; baseline 0.005 -10"><span class='ocrx_word' id='word_1_603' title='bbox 1272 278 1339 312; x_wconf 88' lang='lat' dir='ltr'>sibi</span> <span class='ocrx_word' id='word_1_604' title='bbox 1354 278 1452 314; x_wconf 84' lang='lat' dir='ltr'>facit.</span> <span class='ocrx_word' id='word_1_605' title='bbox 1473 277 1594 312; x_wconf 92' lang='lat' dir='ltr'>licebit</span> <span class='ocrx_word' id='word_1_606' title='bbox 1613 277 1720 321; x_wconf 87' lang='lat' dir='ltr'>igitur</span> <span class='ocrx_word' id='word_1_607' title='bbox 1741 277 1772 311; x_wconf 89' lang='lat' dir='ltr'>ei</span> <span class='ocrx_word' id='word_1_608' title='bbox 1791 282 1935 322; x_wconf 90' lang='lat' dir='ltr'>partum</span> <span class='ocrx_word' id='word_1_609' title='bbox 1957 279 2088 314; x_wconf 89' lang='lat' dir='ltr'>editum</span> <span class='ocrx_word' id='word_1_610' title='bbox 2109 290 2152 315; x_wconf 86' lang='lat' dir='ltr'>ex</span> <span class='ocrx_word' id='word_1_611' title='bbox 2172 290 2211 315; x_wconf 92' lang='lat' dir='ltr'>se</span> <span class='ocrx_word' id='word_1_612' title='bbox 2230 292 2253 315; x_wconf 94' lang='lat' dir='ltr'>n</span> <span class='ocrx_word' id='word_1_613' title='bbox 2319 291 2359 317; x_wconf 84' lang='lat' dir='ltr'>re</span> 
     </span>
     <span class='ocr_line' id='line_1_82' title="bbox 1270 322 2361 366; baseline 0.004 -9"><span class='ocrx_word' id='word_1_614' title='bbox 1270 333 1335 357; x_wconf 91' lang='lat' dir='ltr'>nec</span> <span class='ocrx_word' id='word_1_615' title='bbox 1360 322 1392 357; x_wconf 94' lang='lat' dir='ltr'>ei</span> <span class='ocrx_word' id='word_1_616' title='bbox 1415 322 1569 364; x_wconf 90' lang='lat' dir='ltr'>nocebit,</span> <span class='ocrx_word' id='word_1_617' title='bbox 1595 322 1689 366; x_wconf 90' lang='lat' dir='ltr'>quod</span> <span class='ocrx_word' id='word_1_618' title='bbox 1706 326 1862 357; x_wconf 87' lang='lat' dir='ltr'>ventrem</span> <span class='ocrx_word' id='word_1_619' title='bbox 1883 324 2105 360; x_wconf 90' lang='lat' dir='ltr'>custodierit:</span> <span class='ocrx_word' id='word_1_620' title='bbox 2132 329 2168 360; x_wconf 89' lang='lat' dir='ltr'>et</span> <span class='ocrx_word' id='word_1_621' title='bbox 2190 325 2241 360; x_wconf 89' lang='lat' dir='ltr'>ita</span> <span class='ocrx_word' id='word_1_622' title='bbox 2300 337 2361 361; x_wconf 85' lang='lat' dir='ltr'>ar-</span> 
     </span>
     <span class='ocr_line' id='line_1_83' title="bbox 1271 366 2363 415; baseline 0.004 -13"><span class='ocrx_word' id='word_1_623' title='bbox 1271 367 1378 402; x_wconf 91' lang='lat' dir='ltr'>cellus</span> <span class='ocrx_word' id='word_1_624' title='bbox 1410 367 1500 402; x_wconf 89' lang='lat' dir='ltr'>libro</span> <span class='ocrx_word' id='word_1_625' title='bbox 1534 367 1684 412; x_wconf 91' lang='lat' dir='ltr'>septimo</span> <span class='ocrx_word' id='word_1_626' title='bbox 1717 366 1933 411; x_wconf 89' lang='lat' dir='ltr'>digestorum</span> <span class='ocrx_word' id='word_1_627' title='bbox 1965 370 2126 414; x_wconf 88' lang='lat' dir='ltr'>scripsit:</span> <span class='ocrx_word' id='word_1_628' title='bbox 2170 371 2221 405; x_wconf 89' lang='lat' dir='ltr'>ait</span> <span class='ocrx_word' id='word_1_629' title='bbox 2252 372 2363 415; x_wconf 69' lang='lat' dir='ltr'>enim,</span> 
     </span>
     <span class='ocr_line' id='line_1_84' title="bbox 1268 412 2357 460; baseline 0.006 -13"><span class='ocrx_word' id='word_1_630' title='bbox 1268 413 1342 447; x_wconf 90' lang='lat' dir='ltr'>sive</span> <span class='ocrx_word' id='word_1_631' title='bbox 1366 412 1443 457; x_wconf 91' lang='lat' dir='ltr'>quis</span> <span class='ocrx_word' id='word_1_632' title='bbox 1468 416 1573 457; x_wconf 88' lang='lat' dir='ltr'>neget</span> <span class='ocrx_word' id='word_1_633' title='bbox 1595 421 1741 447; x_wconf 89' lang='lat' dir='ltr'>uxorem</span> <span class='ocrx_word' id='word_1_634' title='bbox 1766 412 1838 446; x_wconf 88' lang='lat' dir='ltr'>sive</span> <span class='ocrx_word' id='word_1_635' title='bbox 1871 424 1913 447; x_wconf 88' lang='lat' dir='ltr'>ex</span> <span class='ocrx_word' id='word_1_636' title='bbox 1945 424 1982 449; x_wconf 91' lang='lat' dir='ltr'>se</span> <span class='ocrx_word' id='word_1_637' title='bbox 2014 421 2255 460; x_wconf 83' lang='lat' dir='ltr'>praegnatem,</span> <span class='ocrx_word' id='word_1_638' title='bbox 2280 418 2357 453; x_wconf 87' lang='grc'>81110</span> 
     </span>
     <span class='ocr_line' id='line_1_85' title="bbox 1268 457 2355 502; baseline 0.006 -10"><span class='ocrx_word' id='word_1_639' title='bbox 1268 457 1486 502; x_wconf 90' lang='lat' dir='ltr'>praeiudicio</span> <span class='ocrx_word' id='word_1_640' title='bbox 1517 460 1615 492; x_wconf 87' lang='lat' dir='ltr'>recte</span> <span class='ocrx_word' id='word_1_641' title='bbox 1645 457 1761 491; x_wconf 89' lang='lat' dir='ltr'>mittet</span> <span class='ocrx_word' id='word_1_642' title='bbox 1792 458 1974 501; x_wconf 86' lang='lat' dir='ltr'>custodes,</span> <span class='ocrx_word' id='word_1_643' title='bbox 2000 461 2151 496; x_wconf 87' lang='lat' dir='ltr'>maxime</span> <span class='ocrx_word' id='word_1_644' title='bbox 2174 462 2204 496; x_wconf 86' lang='lat' dir='ltr'>si</span> <span class='ocrx_word' id='word_1_645' title='bbox 2228 462 2355 498; x_wconf 88' lang='lat' dir='ltr'>missu-</span> 
     </span>
     <span class='ocr_line' id='line_1_86' title="bbox 1271 502 2356 547; baseline 0.006 -11"><span class='ocrx_word' id='word_1_646' title='bbox 1271 506 1310 536; x_wconf 85' lang='lat'>12</span> <span class='ocrx_word' id='word_1_647' title='bbox 1358 513 1419 537; x_wconf 89' lang='lat' dir='ltr'>rus</span> <span class='ocrx_word' id='word_1_648' title='bbox 1450 502 1487 536; x_wconf 94' lang='lat' dir='ltr'>id</span> <span class='ocrx_word' id='word_1_649' title='bbox 1517 503 1635 547; x_wconf 89' lang='lat' dir='ltr'>ipsum</span> <span class='ocrx_word' id='word_1_650' title='bbox 1666 506 1893 546; x_wconf 90' lang='lat' dir='ltr'>protestetur.</span> <span class='ocrx_word' id='word_1_651' title='bbox 1951 503 2107 540; x_wconf 87' lang='lat' dir='ltr'>Iulianus</span> <span class='ocrx_word' id='word_1_652' title='bbox 2138 506 2228 542; x_wconf 88' lang='lat' dir='ltr'>libro</span> <span class='ocrx_word' id='word_1_653' title='bbox 2261 518 2356 543; x_wconf 93' lang='lat' dir='ltr'>nono</span> 
     </span>
     <span class='ocr_line' id='line_1_87' title="bbox 1269 547 2355 592; baseline 0.006 -10"><span class='ocrx_word' id='word_1_654' title='bbox 1269 547 1406 582; x_wconf 89' lang='lat' dir='ltr'>decimo</span> <span class='ocrx_word' id='word_1_655' title='bbox 1443 547 1657 592; x_wconf 89' lang='lat' dir='ltr'>digestorum</span> <span class='ocrx_word' id='word_1_656' title='bbox 1681 547 1843 592; x_wconf 85' lang='lat' dir='ltr'>scripsit:</span> <span class='ocrx_word' id='word_1_657' title='bbox 1885 548 1980 592; x_wconf 89' lang='lat' dir='ltr'>quod</span> <span class='ocrx_word' id='word_1_658' title='bbox 2014 556 2159 586; x_wconf 89' lang='lat' dir='ltr'>senatus</span> <span class='ocrx_word' id='word_1_659' title='bbox 2192 553 2355 588; x_wconf 88' lang='lat' dir='ltr'>consulto</span> 
     </span>
     <span class='ocr_line' id='line_1_88' title="bbox 1268 592 2356 637; baseline 0.006 -10"><span class='ocrx_word' id='word_1_660' title='bbox 1268 593 1562 637; x_wconf 88' lang='lat' dir='ltr'>comprehensum</span> <span class='ocrx_word' id='word_1_661' title='bbox 1587 596 1659 634; x_wconf 87' lang='lat' dir='ltr'>est,</span> <span class='ocrx_word' id='word_1_662' title='bbox 1692 592 1722 627; x_wconf 90' lang='lat' dir='ltr'>si</span> <span class='ocrx_word' id='word_1_663' title='bbox 1756 593 1881 628; x_wconf 91' lang='lat' dir='ltr'>mulier</span> <span class='ocrx_word' id='word_1_664' title='bbox 1916 593 1989 628; x_wconf 90' lang='lat' dir='ltr'>viro</span> <span class='ocrx_word' id='word_1_665' title='bbox 2025 595 2283 632; x_wconf 88' lang='lat' dir='ltr'>denuntiaverit</span> <span class='ocrx_word' id='word_1_666' title='bbox 2318 608 2356 633; x_wconf 88' lang='lat' dir='ltr'>se</span> 
     </span>
     <span class='ocr_line' id='line_1_89' title="bbox 1268 637 2357 682; baseline 0.006 -10"><span class='ocrx_word' id='word_1_667' title='bbox 1268 647 1312 672; x_wconf 89' lang='lat' dir='ltr'>ex</span> <span class='ocrx_word' id='word_1_668' title='bbox 1336 648 1376 673; x_wconf 90' lang='lat' dir='ltr'>eo</span> <span class='ocrx_word' id='word_1_669' title='bbox 1403 637 1610 682; x_wconf 86' lang='lat' dir='ltr'>concepisse</span> <span class='ocrx_word' id='word_1_670' title='bbox 1634 641 1670 672; x_wconf 91' lang='lat' dir='ltr'>et</span> <span class='ocrx_word' id='word_1_671' title='bbox 1692 637 1723 672; x_wconf 91' lang='lat' dir='ltr'>is</span> <span class='ocrx_word' id='word_1_672' title='bbox 1748 638 1806 672; x_wconf 91' lang='lat' dir='ltr'>cui</span> <span class='ocrx_word' id='word_1_673' title='bbox 1826 637 2073 674; x_wconf 88' lang='lat' dir='ltr'>denuntiatum</span> <span class='ocrx_word' id='word_1_674' title='bbox 2098 642 2163 676; x_wconf 89' lang='lat' dir='ltr'>erit</span> <span class='ocrx_word' id='word_1_675' title='bbox 2188 643 2357 678; x_wconf 88' lang='lat' dir='ltr'>custodes</span> 
     </span>
     <span class='ocr_line' id='line_1_90' title="bbox 1267 682 2356 730; baseline 0.006 -13"><span class='ocrx_word' id='word_1_676' title='bbox 1267 682 1313 717; x_wconf 90' lang='lat' dir='ltr'>ad</span> <span class='ocrx_word' id='word_1_677' title='bbox 1336 686 1494 717; x_wconf 90' lang='lat' dir='ltr'>ventrem</span> <span class='ocrx_word' id='word_1_678' title='bbox 1527 682 1798 718; x_wconf 91' lang='lat' dir='ltr'>custodiendum</span> <span class='ocrx_word' id='word_1_679' title='bbox 1829 683 2156 730; x_wconf 90' lang='lat' dir='ltr'>inspiciendumque</span> <span class='ocrx_word' id='word_1_680' title='bbox 2187 698 2259 722; x_wconf 92' lang='lat' dir='ltr'>non</span> <span class='ocrx_word' id='word_1_681' title='bbox 2290 688 2356 724; x_wconf 90' lang='lat' dir='ltr'>mi-</span> 
     </span>
     <span class='ocr_line' id='line_1_91' title="bbox 1266 727 2355 778; baseline 0.006 -16"><span class='ocrx_word' id='word_1_682' title='bbox 1266 727 1352 763; x_wconf 88' lang='lat' dir='ltr'>serit</span> <span class='ocrx_word' id='word_1_683' title='bbox 1374 738 1490 772; x_wconf 90' lang='lat' dir='ltr'>neque</span> <span class='ocrx_word' id='word_1_684' title='bbox 1515 731 1714 763; x_wconf 88' lang='lat' dir='ltr'>contestato</span> <span class='ocrx_word' id='word_1_685' title='bbox 1744 727 1872 762; x_wconf 82' lang='lat' dir='ltr'>dixerit</span> <span class='ocrx_word' id='word_1_686' title='bbox 1896 739 1973 763; x_wconf 90' lang='lat' dir='ltr'>eam</span> <span class='ocrx_word' id='word_1_687' title='bbox 1999 740 2041 764; x_wconf 88' lang='lat' dir='ltr'>ex</span> <span class='ocrx_word' id='word_1_688' title='bbox 2065 741 2103 765; x_wconf 93' lang='lat' dir='ltr'>se</span> <span class='ocrx_word' id='word_1_689' title='bbox 2126 738 2355 778; x_wconf 86' lang='lat' dir='ltr'>praegnatem</span> 
     </span>
     <span class='ocr_line' id='line_1_92' title="bbox 1267 772 2356 820; baseline 0.006 -13"><span class='ocrx_word' id='word_1_690' title='bbox 1267 782 1338 807; x_wconf 91' lang='lat' dir='ltr'>non</span> <span class='ocrx_word' id='word_1_691' title='bbox 1374 782 1462 814; x_wconf 91' lang='lat' dir='ltr'>esse,</span> <span class='ocrx_word' id='word_1_692' title='bbox 1500 776 1539 807; x_wconf 91' lang='lat' dir='ltr'>ut</span> <span class='ocrx_word' id='word_1_693' title='bbox 1575 773 1606 808; x_wconf 91' lang='lat' dir='ltr'>ei</span> <span class='ocrx_word' id='word_1_694' title='bbox 1640 773 1677 807; x_wconf 91' lang='lat' dir='ltr'>id</span> <span class='ocrx_word' id='word_1_695' title='bbox 1713 773 1808 817; x_wconf 90' lang='lat' dir='ltr'>quod</span> <span class='ocrx_word' id='word_1_696' title='bbox 1843 772 1974 808; x_wconf 90' lang='lat' dir='ltr'>editum</span> <span class='ocrx_word' id='word_1_697' title='bbox 2011 775 2056 809; x_wconf 90' lang='lat' dir='ltr'>sit</span> <span class='ocrx_word' id='word_1_698' title='bbox 2087 786 2279 820; x_wconf 86' lang='lat' dir='ltr'>agnoscere</span> <span class='ocrx_word' id='word_1_699' title='bbox 2310 779 2356 814; x_wconf 89' lang='lat' dir='ltr'>sit</span> 
     </span>
     <span class='ocr_line' id='line_1_93' title="bbox 1266 812 2356 866; baseline 0.007 -14"><span class='ocrx_word' id='word_1_700' title='bbox 1266 827 1423 859; x_wconf 90' lang='lat' dir='ltr'>necesse,</span> <span class='ocrx_word' id='word_1_701' title='bbox 1448 828 1521 853; x_wconf 91' lang='lat' dir='ltr'>non</span> <span class='ocrx_word' id='word_1_702' title='bbox 1546 828 1586 853; x_wconf 91' lang='lat' dir='ltr'>eo</span> <span class='ocrx_word' id='word_1_703' title='bbox 1611 817 1784 862; x_wconf 88' lang='lat' dir='ltr'>pertinet,</span> <span class='ocrx_word' id='word_1_704' title='bbox 1818 822 1877 860; x_wconf 92' lang='lat' dir='ltr'>ut,</span> <span class='ocrx_word' id='word_1_705' title='bbox 1902 819 1931 854; x_wconf 91' lang='lat' dir='ltr'>si</span> <span class='ocrx_word' id='word_1_706' title='bbox 1957 820 2033 863; x_wconf 91' lang='lat' dir='ltr'>quis</span> <span class='ocrx_word' id='word_1_707' title='bbox 2049 812 2076 840; x_wconf 65' lang='lat' dir='ltr'>st)</span> <span class='ocrx_word' id='word_1_708' title='bbox 2100 832 2293 866; x_wconf 87' lang='lat' dir='ltr'>agnoscere</span> <span class='ocrx_word' id='word_1_709' title='bbox 2317 834 2356 859; x_wconf 87' lang='lat' dir='ltr'>se</span> 
     </span>
     <span class='ocr_line' id='line_1_94' title="bbox 1265 862 2356 911; baseline 0.007 -14"><span class='ocrx_word' id='word_1_710' title='bbox 1265 862 1376 897; x_wconf 88' lang='lat' dir='ltr'>filium</span> <span class='ocrx_word' id='word_1_711' title='bbox 1409 862 1563 905; x_wconf 92' lang='lat' dir='ltr'>diceret,</span> <span class='ocrx_word' id='word_1_712' title='bbox 1596 873 1700 898; x_wconf 89' lang='lat' dir='ltr'>suum</span> <span class='ocrx_word' id='word_1_713' title='bbox 1735 863 1898 898; x_wconf 90' lang='lat' dir='ltr'>heredem</span> <span class='ocrx_word' id='word_1_714' title='bbox 1927 864 2092 907; x_wconf 87' lang='lat' dir='ltr'>haberet,</span> <span class='ocrx_word' id='word_1_715' title='bbox 2130 869 2286 911; x_wconf 86' lang='lat' dir='ltr'>quamvis</span> <span class='ocrx_word' id='word_1_716' title='bbox 2311 879 2356 904; x_wconf 87' lang='lat' dir='ltr'>ex</span> 
     </span>
     <span class='ocr_line' id='line_1_95' title="bbox 1265 907 2356 959; baseline 0.006 -17"><span class='ocrx_word' id='word_1_717' title='bbox 1265 907 1335 943; x_wconf 88' lang='lat' dir='ltr'>alio</span> <span class='ocrx_word' id='word_1_718' title='bbox 1361 911 1554 952; x_wconf 89' lang='lat' dir='ltr'>conceptus</span> <span class='ocrx_word' id='word_1_719' title='bbox 1589 908 1652 943; x_wconf 85' lang='lat' dir='ltr'>sit:</span> <span class='ocrx_word' id='word_1_720' title='bbox 1687 908 1902 953; x_wconf 89' lang='lat' dir='ltr'>quandoque</span> <span class='ocrx_word' id='word_1_721' title='bbox 1935 909 2045 952; x_wconf 91' lang='lat' dir='ltr'>enim,</span> <span class='ocrx_word' id='word_1_722' title='bbox 2078 911 2203 956; x_wconf 90' lang='lat' dir='ltr'>inquit,</span> <span class='ocrx_word' id='word_1_723' title='bbox 2238 915 2356 959; x_wconf 89' lang='lat' dir='ltr'>coepit</span> 
     </span>
     <span class='ocr_line' id='line_1_96' title="bbox 1265 953 2354 1000; baseline 0.006 -13"><span class='ocrx_word' id='word_1_724' title='bbox 1265 962 1375 988; x_wconf 88' lang='lat' dir='ltr'>causa</span> <span class='ocrx_word' id='word_1_725' title='bbox 1398 953 1473 996; x_wconf 87' lang='lat' dir='ltr'>agi,</span> <span class='ocrx_word' id='word_1_726' title='bbox 1497 953 1632 998; x_wconf 90' lang='lat' dir='ltr'>grande</span> <span class='ocrx_word' id='word_1_727' title='bbox 1662 954 1919 998; x_wconf 89' lang='lat' dir='ltr'>praeiudicium</span> <span class='ocrx_word' id='word_1_728' title='bbox 1943 954 2060 990; x_wconf 90' lang='lat' dir='ltr'>adfert</span> <span class='ocrx_word' id='word_1_729' title='bbox 2083 967 2147 1000; x_wconf 86' lang='lat' dir='ltr'>pro</span> <span class='ocrx_word' id='word_1_730' title='bbox 2173 957 2243 993; x_wconf 87' lang='lat' dir='ltr'>filio</span> <span class='ocrx_word' id='word_1_731' title='bbox 2269 970 2354 994; x_wconf 88' lang='lat' dir='ltr'>con-</span> 
     </span>
     <span class='ocr_line' id='line_1_97' title="bbox 1268 997 2355 1050; baseline 0.006 -18"><span class='ocrx_word' id='word_1_732' title='bbox 1268 1000 1307 1032; x_wconf 89' lang='lat'>13</span> <span class='ocrx_word' id='word_1_733' title='bbox 1354 997 1462 1032; x_wconf 91' lang='lat' dir='ltr'>fessio</span> <span class='ocrx_word' id='word_1_734' title='bbox 1502 998 1616 1050; x_wconf 85' lang='lat' dir='ltr'>patris</span> <span class='ocrx_word' id='word_1_735' title='bbox 1631 999 1668 1032; x_wconf 90' lang='lat'>¹¹.</span> <span class='ocrx_word' id='word_1_736' title='bbox 1732 998 1829 1034; x_wconf 90' lang='lat' dir='ltr'>Idem</span> <span class='ocrx_word' id='word_1_737' title='bbox 1861 1010 1925 1044; x_wconf 89' lang='lat' dir='ltr'>per</span> <span class='ocrx_word' id='word_1_738' title='bbox 1959 1002 2176 1036; x_wconf 90' lang='lat' dir='ltr'>contrarium</span> <span class='ocrx_word' id='word_1_739' title='bbox 2216 1014 2355 1049; x_wconf 89' lang='lat' dir='ltr'>quoque</span> 
     </span>
     <span class='ocr_line' id='line_1_98' title="bbox 1265 1042 2355 1094; baseline 0.006 -17"><span class='ocrx_word' id='word_1_740' title='bbox 1265 1042 1332 1085; x_wconf 88' lang='lat' dir='ltr'>ait,</span> <span class='ocrx_word' id='word_1_741' title='bbox 1369 1043 1399 1078; x_wconf 92' lang='lat' dir='ltr'>si</span> <span class='ocrx_word' id='word_1_742' title='bbox 1434 1043 1559 1078; x_wconf 90' lang='lat' dir='ltr'>muher</span> <span class='ocrx_word' id='word_1_743' title='bbox 1594 1043 1742 1079; x_wconf 92' lang='lat' dir='ltr'>divortio</span> <span class='ocrx_word' id='word_1_744' title='bbox 1777 1043 1875 1079; x_wconf 90' lang='lat' dir='ltr'>facto</span> <span class='ocrx_word' id='word_1_745' title='bbox 1912 1056 1984 1080; x_wconf 92' lang='lat' dir='ltr'>non</span> <span class='ocrx_word' id='word_1_746' title='bbox 2015 1046 2140 1081; x_wconf 89' lang='lat' dir='ltr'>fecerit</span> <span class='ocrx_word' id='word_1_747' title='bbox 2172 1058 2231 1090; x_wconf 90' lang='lat' dir='ltr'>ea,</span> <span class='ocrx_word' id='word_1_748' title='bbox 2264 1059 2355 1094; x_wconf 88' lang='lat' dir='ltr'>quae</span> 
     </span>
     <span class='ocr_line' id='line_1_99' title="bbox 1264 1088 2355 1137; baseline 0.005 -15"><span class='ocrx_word' id='word_1_749' title='bbox 1264 1091 1410 1123; x_wconf 90' lang='lat' dir='ltr'>senatus</span> <span class='ocrx_word' id='word_1_750' title='bbox 1443 1088 1605 1124; x_wconf 91' lang='lat' dir='ltr'>consulto</span> <span class='ocrx_word' id='word_1_751' title='bbox 1637 1089 1924 1134; x_wconf 89' lang='lat' dir='ltr'>praecipiuntur,</span> <span class='ocrx_word' id='word_1_752' title='bbox 1958 1094 1998 1124; x_wconf 94' lang='lat' dir='ltr'>ut</span> <span class='ocrx_word' id='word_1_753' title='bbox 2028 1091 2136 1126; x_wconf 90' lang='lat' dir='ltr'>liceat</span> <span class='ocrx_word' id='word_1_754' title='bbox 2165 1093 2259 1137; x_wconf 88' lang='lat' dir='ltr'>patri</span> <span class='ocrx_word' id='word_1_755' title='bbox 2283 1105 2355 1129; x_wconf 91' lang='lat' dir='ltr'>non</span> 
     </span>
     <span class='ocr_line' id='line_1_100' title="bbox 1264 1135 2356 1185; baseline 0.006 -18"><span class='ocrx_word' id='word_1_756' title='bbox 1264 1143 1469 1185; x_wconf 86' lang='lat' dir='ltr'>agnoscere,</span> <span class='ocrx_word' id='word_1_757' title='bbox 1494 1144 1566 1168; x_wconf 88' lang='lat' dir='ltr'>non</span> <span class='ocrx_word' id='word_1_758' title='bbox 1590 1143 1631 1169; x_wconf 92' lang='lat' dir='ltr'>eo</span> <span class='ocrx_word' id='word_1_759' title='bbox 1656 1135 1844 1178; x_wconf 88' lang='lat' dir='ltr'>pertinere,</span> <span class='ocrx_word' id='word_1_760' title='bbox 1869 1139 1909 1169; x_wconf 90' lang='lat' dir='ltr'>ut</span> <span class='ocrx_word' id='word_1_761' title='bbox 1931 1135 2024 1170; x_wconf 85' lang='lat' dir='ltr'>filius</span> <span class='ocrx_word' id='word_1_762' title='bbox 2051 1141 2157 1172; x_wconf 89' lang='lat' dir='ltr'>natus</span> <span class='ocrx_word' id='word_1_763' title='bbox 2182 1147 2286 1173; x_wconf 91' lang='lat' dir='ltr'>suum</span> <span class='ocrx_word' id='word_1_764' title='bbox 2318 1150 2356 1174; x_wconf 92' lang='grc'>80</span> 
     </span>
     <span class='ocr_line' id='line_1_101' title="bbox 1264 1177 2357 1228; baseline 0.005 -16"><span class='ocrx_word' id='word_1_765' title='bbox 1264 1177 1382 1213; x_wconf 82' lang='lat' dir='ltr'>dicere</span> <span class='ocrx_word' id='word_1_766' title='bbox 1405 1188 1477 1213; x_wconf 91' lang='lat' dir='ltr'>non</span> <span class='ocrx_word' id='word_1_767' title='bbox 1501 1179 1626 1223; x_wconf 87' lang='lat' dir='ltr'>possit,</span> <span class='ocrx_word' id='word_1_768' title='bbox 1653 1179 1715 1214; x_wconf 91' lang='lat' dir='ltr'>sed</span> <span class='ocrx_word' id='word_1_769' title='bbox 1751 1179 1798 1214; x_wconf 90' lang='lat' dir='ltr'>ad</span> <span class='ocrx_word' id='word_1_770' title='bbox 1833 1179 1870 1214; x_wconf 90' lang='lat' dir='ltr'>id</span> <span class='ocrx_word' id='word_1_771' title='bbox 1903 1183 2062 1223; x_wconf 89' lang='lat' dir='ltr'>tantum,</span> <span class='ocrx_word' id='word_1_772' title='bbox 2098 1185 2140 1216; x_wconf 93' lang='lat' dir='ltr'>ut</span> <span class='ocrx_word' id='word_1_773' title='bbox 2173 1182 2224 1217; x_wconf 89' lang='lat' dir='ltr'>ita</span> <span class='ocrx_word' id='word_1_774' title='bbox 2254 1188 2357 1228; x_wconf 89' lang='lat' dir='ltr'>pater</span> 
     </span>
     <span class='ocr_line' id='line_1_102' title="bbox 1263 1223 2356 1268; baseline 0.005 -10"><span class='ocrx_word' id='word_1_775' title='bbox 1263 1223 1358 1258; x_wconf 90' lang='lat' dir='ltr'>alere</span> <span class='ocrx_word' id='word_1_776' title='bbox 1394 1234 1474 1258; x_wconf 90' lang='lat' dir='ltr'>eum</span> <span class='ocrx_word' id='word_1_777' title='bbox 1510 1227 1659 1268; x_wconf 89' lang='lat' dir='ltr'>cogatur</span> <span class='ocrx_word' id='word_1_778' title='bbox 1672 1250 1681 1266; x_wconf 95' lang='lat'>,</span> <span class='ocrx_word' id='word_1_779' title='bbox 1718 1224 1748 1259; x_wconf 92' lang='lat' dir='ltr'>si</span> <span class='ocrx_word' id='word_1_780' title='bbox 1779 1225 1978 1260; x_wconf 89' lang='lat' dir='ltr'>constiterit</span> <span class='ocrx_word' id='word_1_781' title='bbox 2013 1236 2093 1261; x_wconf 91' lang='lat' dir='ltr'>eum</span> <span class='ocrx_word' id='word_1_782' title='bbox 2124 1226 2235 1262; x_wconf 91' lang='lat' dir='ltr'>filium</span> <span class='ocrx_word' id='word_1_783' title='bbox 2266 1238 2356 1264; x_wconf 89' lang='lat' dir='ltr'>esse.</span> 
     </span>
     <span class='ocr_line' id='line_1_103' title="bbox 1267 1268 2356 1311; baseline 0.006 -9"><span class='ocrx_word' id='word_1_784' title='bbox 1267 1271 1307 1303; x_wconf 88' lang='lat'>14</span> <span class='ocrx_word' id='word_1_785' title='bbox 1354 1268 1452 1303; x_wconf 89' lang='lat' dir='ltr'>Idem</span> <span class='ocrx_word' id='word_1_786' title='bbox 1483 1268 1643 1304; x_wconf 89' lang='lat' dir='ltr'>Iulianus</span> <span class='ocrx_word' id='word_1_787' title='bbox 1679 1269 1822 1311; x_wconf 89' lang='lat' dir='ltr'>scribit,</span> <span class='ocrx_word' id='word_1_788' title='bbox 1855 1269 1885 1304; x_wconf 92' lang='lat' dir='ltr'>si</span> <span class='ocrx_word' id='word_1_789' title='bbox 1916 1280 2029 1305; x_wconf 90' lang='lat' dir='ltr'>uxore</span> <span class='ocrx_word' id='word_1_790' title='bbox 2061 1271 2293 1309; x_wconf 89' lang='lat' dir='ltr'>denuntiante</span> <span class='ocrx_word' id='word_1_791' title='bbox 2318 1284 2356 1309; x_wconf 91' lang='grc'>80</span> 
     </span>
     <span class='ocr_line' id='line_1_104' title="bbox 1262 1314 2356 1362; baseline 0.006 -15"><span class='ocrx_word' id='word_1_792' title='bbox 1262 1317 1491 1358; x_wconf 84' lang='lat' dir='ltr'>praegnatem</span> <span class='ocrx_word' id='word_1_793' title='bbox 1516 1314 1664 1349; x_wconf 90' lang='lat' dir='ltr'>maritus</span> <span class='ocrx_word' id='word_1_794' title='bbox 1689 1325 1761 1349; x_wconf 91' lang='lat' dir='ltr'>non</span> <span class='ocrx_word' id='word_1_795' title='bbox 1786 1315 1983 1359; x_wconf 86' lang='lat' dir='ltr'>negaverit,</span> <span class='ocrx_word' id='word_1_796' title='bbox 2008 1326 2081 1351; x_wconf 92' lang='lat' dir='ltr'>non</span> <span class='ocrx_word' id='word_1_797' title='bbox 2104 1317 2228 1362; x_wconf 90' lang='lat' dir='ltr'>ntique</span> <span class='ocrx_word' id='word_1_798' title='bbox 2251 1329 2356 1354; x_wconf 90' lang='lat' dir='ltr'>suum</span> 
     </span>
     <span class='ocr_line' id='line_1_105' title="bbox 1262 1358 2356 1404; baseline 0.005 -11"><span class='ocrx_word' id='word_1_799' title='bbox 1262 1358 1313 1393; x_wconf 90' lang='lat' dir='ltr'>illi</span> <span class='ocrx_word' id='word_1_800' title='bbox 1336 1362 1479 1403; x_wconf 89' lang='lat' dir='ltr'>partum</span> <span class='ocrx_word' id='word_1_801' title='bbox 1504 1358 1609 1401; x_wconf 88' lang='lat' dir='ltr'>effici,</span> <span class='ocrx_word' id='word_1_802' title='bbox 1635 1359 1832 1404; x_wconf 87' lang='lat' dir='ltr'>cogendum</span> <span class='ocrx_word' id='word_1_803' title='bbox 1863 1363 1983 1395; x_wconf 92' lang='lat' dir='ltr'>tamen</span> <span class='ocrx_word' id='word_1_804' title='bbox 2007 1361 2120 1396; x_wconf 87' lang='lat' dir='ltr'>alere:</span> <span class='ocrx_word' id='word_1_805' title='bbox 2158 1366 2315 1398; x_wconf 89' lang='lat' dir='ltr'>ceterum</span> <span class='ocrx_word' id='word_1_806' title='bbox 2329 1364 2356 1384; x_wconf 85' lang='lat'>¹²</span> 
     </span>
     <span class='ocr_line' id='line_1_106' title="bbox 1263 1404 2355 1452; baseline 0.005 -14"><span class='ocrx_word' id='word_1_807' title='bbox 1263 1414 1340 1439; x_wconf 87' lang='lat' dir='ltr'>esse</span> <span class='ocrx_word' id='word_1_808' title='bbox 1360 1404 1446 1439; x_wconf 89' lang='lat' dir='ltr'>satis</span> <span class='ocrx_word' id='word_1_809' title='bbox 1467 1404 1677 1439; x_wconf 89' lang='lat' dir='ltr'>iniuriosum</span> <span class='ocrx_word' id='word_1_810' title='bbox 1696 1405 1757 1447; x_wconf 89' lang='lat' dir='ltr'>ait,</span> <span class='ocrx_word' id='word_1_811' title='bbox 1778 1405 1809 1440; x_wconf 89' lang='lat' dir='ltr'>si</span> <span class='ocrx_word' id='word_1_812' title='bbox 1829 1405 1907 1450; x_wconf 90' lang='lat' dir='ltr'>quis</span> <span class='ocrx_word' id='word_1_813' title='bbox 1927 1406 2031 1451; x_wconf 90' lang='lat' dir='ltr'>longo</span> <span class='ocrx_word' id='word_1_814' title='bbox 2053 1410 2212 1452; x_wconf 88' lang='lat' dir='ltr'>tempore</span> <span class='ocrx_word' id='word_1_815' title='bbox 2225 1408 2355 1444; x_wconf 88' lang='lat' dir='ltr'>afuerit</span> 
     </span>
     <span class='ocr_line' id='line_1_107' title="bbox 1263 1451 2353 1495; baseline 0.006 -12"><span class='ocrx_word' id='word_1_816' title='bbox 1263 1453 1298 1484; x_wconf 91' lang='lat' dir='ltr'>et</span> <span class='ocrx_word' id='word_1_817' title='bbox 1321 1459 1483 1484; x_wconf 89' lang='lat' dir='ltr'>reversus</span> <span class='ocrx_word' id='word_1_818' title='bbox 1507 1460 1656 1485; x_wconf 88' lang='lat' dir='ltr'>uxorem</span> <span class='ocrx_word' id='word_1_819' title='bbox 1669 1451 1697 1471; x_wconf 81' lang='lat'>¹³</span> <span class='ocrx_word' id='word_1_820' title='bbox 1719 1454 1948 1495; x_wconf 88' lang='lat' dir='ltr'>praegnatem</span> <span class='ocrx_word' id='word_1_821' title='bbox 1964 1451 2137 1487; x_wconf 89' lang='lat' dir='ltr'>invenerit</span> <span class='ocrx_word' id='word_1_822' title='bbox 2161 1457 2197 1488; x_wconf 91' lang='lat' dir='ltr'>et</span> <span class='ocrx_word' id='word_1_823' title='bbox 2219 1453 2353 1489; x_wconf 89' lang='lat' dir='ltr'>idcirco</span> 
     </span>
     <span class='ocr_line' id='line_1_108' title="bbox 1261 1494 2353 1540; baseline 0.005 -11"><span class='ocrx_word' id='word_1_824' title='bbox 1261 1494 1487 1536; x_wconf 80' lang='lat' dir='ltr'>reiecerit¹³·‚</span> <span class='ocrx_word' id='word_1_825' title='bbox 1512 1494 1641 1539; x_wconf 90' lang='lat' dir='ltr'>siquid</span> <span class='ocrx_word' id='word_1_826' title='bbox 1661 1505 1704 1530; x_wconf 85' lang='lat' dir='ltr'>ex</span> <span class='ocrx_word' id='word_1_827' title='bbox 1715 1495 1781 1538; x_wconf 89' lang='lat' dir='ltr'>his,</span> <span class='ocrx_word' id='word_1_828' title='bbox 1796 1506 1888 1540; x_wconf 91' lang='lat' dir='ltr'>quae</span> <span class='ocrx_word' id='word_1_829' title='bbox 1909 1500 2054 1532; x_wconf 90' lang='lat' dir='ltr'>senatus</span> <span class='ocrx_word' id='word_1_830' title='bbox 2080 1498 2242 1533; x_wconf 91' lang='lat' dir='ltr'>consulto</span> <span class='ocrx_word' id='word_1_831' title='bbox 2268 1510 2353 1534; x_wconf 91' lang='lat' dir='ltr'>con—</span> 
     </span>
     <span class='ocr_line' id='line_1_109' title="bbox 1264 1540 2354 1583; baseline 0.005 -9"><span class='ocrx_word' id='word_1_832' title='bbox 1264 1543 1304 1574; x_wconf 86' lang='lat'>15</span> <span class='ocrx_word' id='word_1_833' title='bbox 1351 1540 1519 1581; x_wconf 87' lang='lat' dir='ltr'>tinentur,</span> <span class='ocrx_word' id='word_1_834' title='bbox 1545 1540 1712 1583; x_wconf 85' lang='lat' dir='ltr'>omiserit,</span> <span class='ocrx_word' id='word_1_835' title='bbox 1738 1551 1842 1575; x_wconf 92' lang='lat' dir='ltr'>suum</span> <span class='ocrx_word' id='word_1_836' title='bbox 1865 1541 2032 1576; x_wconf 89' lang='lat' dir='ltr'>heredem</span> <span class='ocrx_word' id='word_1_837' title='bbox 2056 1542 2088 1577; x_wconf 91' lang='lat' dir='ltr'>ei</span> <span class='ocrx_word' id='word_1_838' title='bbox 2111 1543 2263 1579; x_wconf 61' lang='lat' dir='ltr'>nasein.</span> <span class='ocrx_word' id='word_1_839' title='bbox 2296 1544 2354 1579; x_wconf 90' lang='lat' dir='ltr'>Ex</span> 
     </span>
     <span class='ocr_line' id='line_1_110' title="bbox 1260 1584 2353 1664; baseline 0.005 -45"><span class='ocrx_word' id='word_1_840' title='bbox 1260 1584 1317 1620; x_wconf 90' lang='lat' dir='ltr'>his</span> <span class='ocrx_word' id='word_1_841' title='bbox 1341 1588 1503 1664; x_wconf 59' lang='lat' dir='ltr'>afflparet,</span> <span class='ocrx_word' id='word_1_842' title='bbox 1529 1585 1602 1620; x_wconf 91' lang='lat' dir='ltr'>sive</span> <span class='ocrx_word' id='word_1_843' title='bbox 1625 1596 1716 1621; x_wconf 87' lang='lat' dir='ltr'>uxor</span> <span class='ocrx_word' id='word_1_844' title='bbox 1744 1586 1920 1628; x_wconf 90' lang='lat' dir='ltr'>omiserit,</span> <span class='ocrx_word' id='word_1_845' title='bbox 1963 1597 2030 1622; x_wconf 88' lang='lat' dir='ltr'>uae</span> <span class='ocrx_word' id='word_1_846' title='bbox 2048 1597 2125 1623; x_wconf 89' lang='lat' dir='ltr'>eam</span> <span class='ocrx_word' id='word_1_847' title='bbox 2147 1598 2190 1623; x_wconf 90' lang='lat' dir='ltr'>ex</span> <span class='ocrx_word' id='word_1_848' title='bbox 2207 1593 2353 1625; x_wconf 91' lang='lat' dir='ltr'>senatus</span> 
     </span>
     <span class='ocr_line' id='line_1_111' title="bbox 1262 1630 2352 1677; baseline 0.005 -12"><span class='ocrx_word' id='word_1_849' title='bbox 1262 1640 1348 1665; x_wconf 92' lang='lat' dir='ltr'>cons</span> <span class='ocrx_word' id='word_1_850' title='bbox 1389 1634 1425 1665; x_wconf 93' lang='lat' dir='ltr'>to</span> <span class='ocrx_word' id='word_1_851' title='bbox 1451 1630 1640 1666; x_wconf 89' lang='lat' dir='ltr'>observare</span> <span class='ocrx_word' id='word_1_852' title='bbox 1671 1631 1848 1675; x_wconf 91' lang='lat' dir='ltr'>oportuit,</span> <span class='ocrx_word' id='word_1_853' title='bbox 1880 1631 1942 1666; x_wconf 88' lang='lat' dir='ltr'>nih</span> <span class='ocrx_word' id='word_1_854' title='bbox 1999 1633 2244 1677; x_wconf 88' lang='lat' dir='ltr'>praeiudicare</span> <span class='ocrx_word' id='word_1_855' title='bbox 2267 1634 2352 1677; x_wconf 92' lang='lat' dir='ltr'>filio,</span> 
     </span>
     <span class='ocr_line' id='line_1_112' title="bbox 1261 1675 2353 1720; baseline 0.004 -10"><span class='ocrx_word' id='word_1_856' title='bbox 1261 1675 1292 1710; x_wconf 90' lang='lat' dir='ltr'>si</span> <span class='ocrx_word' id='word_1_857' title='bbox 1315 1675 1408 1710; x_wconf 89' lang='lat' dir='ltr'>filius</span> <span class='ocrx_word' id='word_1_858' title='bbox 1434 1679 1505 1718; x_wconf 90' lang='lat' dir='ltr'>est,</span> <span class='ocrx_word' id='word_1_859' title='bbox 1541 1686 1615 1711; x_wconf 92' lang='lat' dir='ltr'>non</span> <span class='ocrx_word' id='word_1_860' title='bbox 1648 1679 1788 1711; x_wconf 91' lang='lat' dir='ltr'>tantum</span> <span class='ocrx_word' id='word_1_861' title='bbox 1822 1677 1860 1711; x_wconf 94' lang='lat' dir='ltr'>in</span> <span class='ocrx_word' id='word_1_862' title='bbox 1893 1677 1970 1712; x_wconf 89' lang='lat' dir='ltr'>iure</span> <span class='ocrx_word' id='word_1_863' title='bbox 2005 1678 2078 1720; x_wconf 93' lang='lat' dir='ltr'>sui,</span> <span class='ocrx_word' id='word_1_864' title='bbox 2103 1689 2224 1713; x_wconf 90' lang='lat' dir='ltr'>verum</span> <span class='ocrx_word' id='word_1_865' title='bbox 2249 1690 2293 1714; x_wconf 90' lang='lat' dir='ltr'>ne</span> <span class='ocrx_word' id='word_1_866' title='bbox 2315 1680 2353 1714; x_wconf 92' lang='lat' dir='ltr'>in</span> 
     </span>
     <span class='ocr_line' id='line_1_113' title="bbox 1261 1720 2354 1768; baseline 0.005 -14"><span class='ocrx_word' id='word_1_867' title='bbox 1261 1720 1437 1755; x_wconf 89' lang='lat' dir='ltr'>alimentis</span> <span class='ocrx_word' id='word_1_868' title='bbox 1461 1720 1603 1765; x_wconf 90' lang='lat' dir='ltr'>quidem</span> <span class='ocrx_word' id='word_1_869' title='bbox 1627 1721 1823 1757; x_wconf 90' lang='lat' dir='ltr'>secundum</span> <span class='ocrx_word' id='word_1_870' title='bbox 1848 1721 1917 1757; x_wconf 90' lang='lat' dir='ltr'>divi</span> <span class='ocrx_word' id='word_1_871' title='bbox 1939 1722 1994 1757; x_wconf 92' lang='lat' dir='ltr'>Pii</span> <span class='ocrx_word' id='word_1_872' title='bbox 2018 1723 2247 1768; x_wconf 86' lang='lat' dir='ltr'>rescriptum:</span> <span class='ocrx_word' id='word_1_873' title='bbox 2281 1725 2354 1760; x_wconf 88' lang='lat' dir='ltr'>sive</span> 
     </span>
     <span class='ocr_line' id='line_1_114' title="bbox 1261 1766 2351 1812; baseline 0.005 -12"><span class='ocrx_word' id='word_1_874' title='bbox 1261 1766 1411 1800; x_wconf 91' lang='lat' dir='ltr'>maritus</span> <span class='ocrx_word' id='word_1_875' title='bbox 1436 1766 1629 1810; x_wconf 87' lang='lat' dir='ltr'>neglexerit</span> <span class='ocrx_word' id='word_1_876' title='bbox 1660 1766 1799 1809; x_wconf 87' lang='lat' dir='ltr'>facere,</span> <span class='ocrx_word' id='word_1_877' title='bbox 1834 1777 1926 1812; x_wconf 89' lang='lat' dir='ltr'>quae</span> <span class='ocrx_word' id='word_1_878' title='bbox 1950 1777 1994 1802; x_wconf 85' lang='lat' dir='ltr'>ex</span> <span class='ocrx_word' id='word_1_879' title='bbox 2018 1772 2162 1803; x_wconf 88' lang='lat' dir='ltr'>senatus</span> <span class='ocrx_word' id='word_1_880' title='bbox 2188 1770 2351 1805; x_wconf 88' lang='lat' dir='ltr'>consulto</span> 
     </span>
     <span class='ocr_line' id='line_1_115' title="bbox 1262 1810 2352 1856; baseline 0.005 -11"><span class='ocrx_word' id='word_1_881' title='bbox 1262 1810 1378 1853; x_wconf 89' lang='lat' dir='ltr'>debet,</span> <span class='ocrx_word' id='word_1_882' title='bbox 1402 1815 1527 1846; x_wconf 90' lang='lat' dir='ltr'>natum</span> <span class='ocrx_word' id='word_1_883' title='bbox 1552 1812 1690 1856; x_wconf 90' lang='lat' dir='ltr'>cogitur</span> <span class='ocrx_word' id='word_1_884' title='bbox 1714 1812 1914 1847; x_wconf 89' lang='lat' dir='ltr'>omnimodo</span> <span class='ocrx_word' id='word_1_885' title='bbox 1940 1813 2046 1855; x_wconf 89' lang='lat' dir='ltr'>alere,</span> <span class='ocrx_word' id='word_1_886' title='bbox 2070 1817 2227 1849; x_wconf 87' lang='lat' dir='ltr'>ceterum</span> <span class='ocrx_word' id='word_1_887' title='bbox 2250 1825 2352 1850; x_wconf 88' lang='lat' dir='ltr'>recu-</span> 
     </span>
     <span class='ocr_line' id='line_1_116' title="bbox 1265 1856 2353 1901; baseline 0.005 -11"><span class='ocrx_word' id='word_1_888' title='bbox 1265 1859 1305 1891; x_wconf 86' lang='lat'>16</span> <span class='ocrx_word' id='word_1_889' title='bbox 1352 1866 1432 1891; x_wconf 89' lang='lat' dir='ltr'>sare</span> <span class='ocrx_word' id='word_1_890' title='bbox 1455 1856 1587 1901; x_wconf 89' lang='lat' dir='ltr'>poterit</span> <span class='ocrx_word' id='word_1_891' title='bbox 1610 1856 1731 1891; x_wconf 90' lang='lat' dir='ltr'>filium.</span> <span class='ocrx_word' id='word_1_892' title='bbox 1770 1857 1881 1892; x_wconf 91' lang='lat' dir='ltr'>Plane</span> <span class='ocrx_word' id='word_1_893' title='bbox 1901 1858 1931 1892; x_wconf 92' lang='lat' dir='ltr'>si</span> <span class='ocrx_word' id='word_1_894' title='bbox 1952 1858 2185 1894; x_wconf 87' lang='lat' dir='ltr'>denuntiante</span> <span class='ocrx_word' id='word_1_895' title='bbox 2206 1860 2353 1895; x_wconf 87' lang='lat' dir='ltr'>muliere</span> 
     </span>
     <span class='ocr_line' id='line_1_117' title="bbox 1261 1901 2352 1947; baseline 0.005 -12"><span class='ocrx_word' id='word_1_896' title='bbox 1261 1901 1440 1946; x_wconf 90' lang='lat' dir='ltr'>negaverit</span> <span class='ocrx_word' id='word_1_897' title='bbox 1474 1911 1518 1936; x_wconf 83' lang='lat' dir='ltr'>ex</span> <span class='ocrx_word' id='word_1_898' title='bbox 1549 1911 1588 1936; x_wconf 90' lang='lat' dir='ltr'>se</span> <span class='ocrx_word' id='word_1_899' title='bbox 1621 1912 1699 1936; x_wconf 89' lang='lat' dir='ltr'>esse</span> <span class='ocrx_word' id='word_1_900' title='bbox 1730 1907 1978 1947; x_wconf 89' lang='lat' dir='ltr'>praegnatem,</span> <span class='ocrx_word' id='word_1_901' title='bbox 2011 1904 2154 1938; x_wconf 90' lang='lat' dir='ltr'>tametsi</span> <span class='ocrx_word' id='word_1_902' title='bbox 2185 1905 2352 1940; x_wconf 88' lang='lat' dir='ltr'>custodes</span> 
     </span>
     <span class='ocr_line' id='line_1_118' title="bbox 1262 1946 2353 1993; baseline 0.003 -12"><span class='ocrx_word' id='word_1_903' title='bbox 1262 1957 1333 1982; x_wconf 92' lang='lat' dir='ltr'>non</span> <span class='ocrx_word' id='word_1_904' title='bbox 1357 1946 1510 1989; x_wconf 86' lang='lat' dir='ltr'>miserit,</span> <span class='ocrx_word' id='word_1_905' title='bbox 1546 1957 1618 1981; x_wconf 90' lang='lat' dir='ltr'>non</span> <span class='ocrx_word' id='word_1_906' title='bbox 1644 1946 1807 1990; x_wconf 91' lang='lat' dir='ltr'>evitabit,</span> <span class='ocrx_word' id='word_1_907' title='bbox 1833 1958 1902 1993; x_wconf 93' lang='lat' dir='ltr'>quo</span> <span class='ocrx_word' id='word_1_908' title='bbox 1935 1948 2051 1983; x_wconf 90' lang='lat' dir='ltr'>minus</span> <span class='ocrx_word' id='word_1_909' title='bbox 2077 1953 2280 1993; x_wconf 85' lang='lat' dir='ltr'>quaeratur,</span> <span class='ocrx_word' id='word_1_910' title='bbox 2306 1960 2353 1984; x_wconf 90' lang='lat' dir='ltr'>an</span> 
     </span>
     <span class='ocr_line' id='line_1_119' title="bbox 1261 1991 2353 2037; baseline 0.004 -11"><span class='ocrx_word' id='word_1_911' title='bbox 1261 2002 1306 2026; x_wconf 87' lang='lat' dir='ltr'>ex</span> <span class='ocrx_word' id='word_1_912' title='bbox 1330 2001 1371 2026; x_wconf 91' lang='lat' dir='ltr'>eo</span> <span class='ocrx_word' id='word_1_913' title='bbox 1396 1991 1522 2026; x_wconf 91' lang='lat' dir='ltr'>mulier</span> <span class='ocrx_word' id='word_1_914' title='bbox 1545 2002 1720 2037; x_wconf 88' lang='lat' dir='ltr'>praegnas</span> <span class='ocrx_word' id='word_1_915' title='bbox 1744 1992 1800 2027; x_wconf 87' lang='lat' dir='ltr'>sit.</span> <span class='ocrx_word' id='word_1_916' title='bbox 1834 2002 1927 2037; x_wconf 89' lang='lat' dir='ltr'>quae</span> <span class='ocrx_word' id='word_1_917' title='bbox 1951 2003 2063 2028; x_wconf 87' lang='lat' dir='ltr'>causa</span> <span class='ocrx_word' id='word_1_918' title='bbox 2087 1994 2117 2028; x_wconf 90' lang='lat' dir='ltr'>si</span> <span class='ocrx_word' id='word_1_919' title='bbox 2139 1993 2248 2029; x_wconf 87' lang='lat' dir='ltr'>fuerit</span> <span class='ocrx_word' id='word_1_920' title='bbox 2271 1998 2353 2030; x_wconf 85' lang='lat' dir='ltr'>acta</span> 
     </span>
     <span class='ocr_line' id='line_1_120' title="bbox 1262 2037 2353 2084; baseline 0.004 -13"><span class='ocrx_word' id='word_1_921' title='bbox 1262 2037 1358 2082; x_wconf 90' lang='lat' dir='ltr'>apud</span> <span class='ocrx_word' id='word_1_922' title='bbox 1380 2037 1532 2072; x_wconf 90' lang='lat' dir='ltr'>iudicem</span> <span class='ocrx_word' id='word_1_923' title='bbox 1558 2041 1593 2072; x_wconf 89' lang='lat' dir='ltr'>et</span> <span class='ocrx_word' id='word_1_924' title='bbox 1614 2038 1914 2082; x_wconf 89' lang='lat' dir='ltr'>pronuntiaverit,</span> <span class='ocrx_word' id='word_1_925' title='bbox 1948 2048 2028 2073; x_wconf 89' lang='lat' dir='ltr'>cum</span> <span class='ocrx_word' id='word_1_926' title='bbox 2061 2038 2104 2074; x_wconf 92' lang='lat' dir='ltr'>de</span> <span class='ocrx_word' id='word_1_927' title='bbox 2128 2039 2196 2074; x_wconf 90' lang='lat' dir='ltr'>hoc</span> <span class='ocrx_word' id='word_1_928' title='bbox 2229 2043 2353 2084; x_wconf 88' lang='lat' dir='ltr'>agetur</span> 
     </span>
     <span class='ocr_line' id='line_1_121' title="bbox 1262 2081 2350 2128; baseline 0.004 -12"><span class='ocrx_word' id='word_1_929' title='bbox 1262 2081 1356 2127; x_wconf 91' lang='lat' dir='ltr'>quod</span> <span class='ocrx_word' id='word_1_930' title='bbox 1381 2092 1425 2117; x_wconf 90' lang='lat' dir='ltr'>ex</span> <span class='ocrx_word' id='word_1_931' title='bbox 1448 2092 1489 2117; x_wconf 92' lang='grc' dir='ltr'>οο</span> <span class='ocrx_word' id='word_1_932' title='bbox 1513 2092 1690 2127; x_wconf 89' lang='lat' dir='ltr'>praegnas</span> <span class='ocrx_word' id='word_1_933' title='bbox 1713 2082 1822 2118; x_wconf 86' lang='lat' dir='ltr'>fuerit</span> <span class='ocrx_word' id='word_1_934' title='bbox 1845 2094 1911 2118; x_wconf 91' lang='lat' dir='ltr'>nec</span> <span class='ocrx_word' id='word_1_935' title='bbox 1930 2093 1986 2126; x_wconf 86' lang='lat' dir='ltr'>ne,</span> <span class='ocrx_word' id='word_1_936' title='bbox 2010 2084 2048 2118; x_wconf 87' lang='grc'>10</span> <span class='ocrx_word' id='word_1_937' title='bbox 2069 2094 2111 2119; x_wconf 89' lang='grc'>00</span> <span class='ocrx_word' id='word_1_938' title='bbox 2131 2094 2241 2120; x_wconf 87' lang='grc'>001180</span> <span class='ocrx_word' id='word_1_939' title='bbox 2262 2095 2350 2128; x_wconf 76' lang='lat' dir='ltr'>esse,</span> 
     </span>
     <span class='ocr_line' id='line_1_122' title="bbox 1261 2127 2353 2173; baseline 0.004 -12"><span class='ocrx_word' id='word_1_940' title='bbox 1261 2130 1302 2162; x_wconf 91' lang='lat' dir='ltr'>ut</span> <span class='ocrx_word' id='word_1_941' title='bbox 1325 2127 1471 2172; x_wconf 90' lang='lat' dir='ltr'>agnosci</span> <span class='ocrx_word' id='word_1_942' title='bbox 1495 2127 1642 2162; x_wconf 86' lang='lat' dir='ltr'>debeat:</span> <span class='ocrx_word' id='word_1_943' title='bbox 1673 2127 1746 2163; x_wconf 86' lang='lat' dir='ltr'>sive</span> <span class='ocrx_word' id='word_1_944' title='bbox 1769 2127 1863 2163; x_wconf 91' lang='lat' dir='ltr'>filius</span> <span class='ocrx_word' id='word_1_945' title='bbox 1887 2139 1960 2164; x_wconf 91' lang='lat' dir='ltr'>non</span> <span class='ocrx_word' id='word_1_946' title='bbox 1983 2128 2052 2163; x_wconf 86' lang='lat' dir='ltr'>fuit</span> <span class='ocrx_word' id='word_1_947' title='bbox 2075 2129 2147 2164; x_wconf 89' lang='lat' dir='ltr'>sive</span> <span class='ocrx_word' id='word_1_948' title='bbox 2170 2129 2248 2173; x_wconf 90' lang='lat' dir='ltr'>fuit,</span> <span class='ocrx_word' id='word_1_949' title='bbox 2276 2140 2353 2165; x_wconf 89' lang='lat' dir='ltr'>esse</span> 
     </span>
     <span class='ocr_line' id='line_1_123' title="bbox 1261 2182 1365 2207; baseline -0.01 0"><span class='ocrx_word' id='word_1_950' title='bbox 1261 2182 1365 2207; x_wconf 87' lang='lat' dir='ltr'>suum</span> 
     </span>
    </p>

    <p class='ocr_par' dir='ltr' id='par_1_18' title="bbox 1260 2215 2351 2309">
     <span class='ocr_line' id='line_1_124' title="bbox 1307 2215 2351 2265; baseline 0.001 -11"><span class='ocrx_word' id='word_1_951' title='bbox 1307 2215 1332 2254; x_wconf 87' lang='lat'><strong>2</strong></span> <span class='ocrx_word' id='word_1_952' title='bbox 1356 2216 1381 2252; x_wconf 93' lang='lat' dir='ltr'><em>I</em></span> <span class='ocrx_word' id='word_1_953' title='bbox 1385 2226 1551 2252; x_wconf 62' lang='lat' dir='ltr'>munus</span> <span class='ocrx_word' id='word_1_954' title='bbox 1571 2217 1661 2254; x_wconf 79' lang='lat' dir='ltr'>libro</span> <span class='ocrx_word' id='word_1_955' title='bbox 1686 2229 1782 2253; x_wconf 81' lang='lat' dir='ltr'>nono</span> <span class='ocrx_word' id='word_1_956' title='bbox 1807 2218 1942 2254; x_wconf 78' lang='lat' dir='ltr'>decimo</span> <span class='ocrx_word' id='word_1_957' title='bbox 1967 2219 2188 2265; x_wconf 71' lang='lat' dir='ltr'>diqestorum</span> <span class='ocrx_word' id='word_1_958' title='bbox 2219 2219 2255 2254; x_wconf 91' lang='lat' dir='ltr'>in</span> <span class='ocrx_word' id='word_1_959' title='bbox 2276 2230 2351 2255; x_wconf 91' lang='lat' dir='ltr'>om-</span> 
     </span>
     <span class='ocr_line' id='line_1_125' title="bbox 1260 2262 2350 2309; baseline 0.003 -12"><span class='ocrx_word' id='word_1_960' title='bbox 1260 2262 1364 2298; x_wconf 86' lang='lat' dir='ltr'>nibus</span> <span class='ocrx_word' id='word_1_961' title='bbox 1386 2262 1503 2297; x_wconf 90' lang='lat' dir='ltr'>causis</span> <span class='ocrx_word' id='word_1_962' title='bbox 1519 2264 1642 2307; x_wconf 86' lang='lat' dir='ltr'>(quare</span> <span class='ocrx_word' id='word_1_963' title='bbox 1663 2267 1699 2298; x_wconf 90' lang='lat' dir='ltr'>et</span> <span class='ocrx_word' id='word_1_964' title='bbox 1717 2263 1889 2298; x_wconf 90' lang='lat' dir='ltr'>fratribus</span> <span class='ocrx_word' id='word_1_965' title='bbox 1903 2265 1929 2284; x_wconf 81' lang='lat'>¹⁴</span> <span class='ocrx_word' id='word_1_966' title='bbox 1943 2264 2230 2309; x_wconf 89' lang='lat' dir='ltr'>consanguineus</span> <span class='ocrx_word' id='word_1_967' title='bbox 2253 2265 2350 2308; x_wconf 86' lang='lat' dir='ltr'>erit):</span> 
     </span>
    </p>

    <p class='ocr_par' dir='ltr' id='par_1_19' title="bbox 1256 2305 2350 3300">
     <span class='ocr_line' id='line_1_126' title="bbox 1306 2305 2350 2355; baseline 0 -10"><span class='ocrx_word' id='word_1_968' title='bbox 1306 2305 1330 2345; x_wconf 89' lang='lat'><strong>3</strong></span> <span class='ocrx_word' id='word_1_969' title='bbox 1363 2306 1559 2343; x_wconf 71' lang='lat' dir='ltr'>ULPJANUs</span> <span class='ocrx_word' id='word_1_970' title='bbox 1598 2308 1688 2344; x_wconf 79' lang='lat' dir='ltr'>libro</span> <span class='ocrx_word' id='word_1_971' title='bbox 1725 2310 1908 2355; x_wconf 76' lang='lat' dir='ltr'>triqesz&#39;mo</span> <span class='ocrx_word' id='word_1_972' title='bbox 1970 2314 2076 2344; x_wconf 67' lang='grc' dir='ltr'><em>παντο</em></span> <span class='ocrx_word' id='word_1_973' title='bbox 2113 2310 2162 2344; x_wconf 80' lang='lat' dir='ltr'>ad</span> <span class='ocrx_word' id='word_1_974' title='bbox 2196 2309 2350 2345; x_wconf 78' lang='lat' dir='ltr'>edictum</span> 
     </span>
     <span class='ocr_line' id='line_1_127' title="bbox 1260 2353 2350 2399; baseline 0.001 -11"><span class='ocrx_word' id='word_1_975' title='bbox 1260 2353 1332 2388; x_wconf 90' lang='lat' dir='ltr'>sive</span> <span class='ocrx_word' id='word_1_976' title='bbox 1356 2355 1483 2388; x_wconf 87' lang='lat' dir='ltr'>contra</span> <span class='ocrx_word' id='word_1_977' title='bbox 1505 2353 1806 2397; x_wconf 88' lang='lat' dir='ltr'>pronuntiaverit,</span> <span class='ocrx_word' id='word_1_978' title='bbox 1839 2364 1911 2389; x_wconf 92' lang='lat' dir='ltr'>non</span> <span class='ocrx_word' id='word_1_979' title='bbox 1959 2364 2020 2389; x_wconf 88' lang='lat' dir='ltr'>ore</span> <span class='ocrx_word' id='word_1_980' title='bbox 2052 2365 2165 2396; x_wconf 91' lang='lat' dir='ltr'>suum,</span> <span class='ocrx_word' id='word_1_981' title='bbox 2191 2355 2350 2399; x_wconf 89' lang='lat' dir='ltr'>quamvis</span> 
     </span>
     <span class='ocr_line' id='line_1_128' title="bbox 1259 2397 2348 2442; baseline 0.002 -9"><span class='ocrx_word' id='word_1_982' title='bbox 1259 2408 1346 2433; x_wconf 89' lang='lat' dir='ltr'>suus</span> <span class='ocrx_word' id='word_1_983' title='bbox 1369 2397 1495 2432; x_wconf 89' lang='lat' dir='ltr'>fuerit:</span> <span class='ocrx_word' id='word_1_984' title='bbox 1528 2398 1648 2442; x_wconf 92' lang='lat' dir='ltr'>placet</span> <span class='ocrx_word' id='word_1_985' title='bbox 1673 2398 1764 2433; x_wconf 90' lang='lat' dir='ltr'>enim</span> <span class='ocrx_word' id='word_1_986' title='bbox 1790 2399 1864 2434; x_wconf 92' lang='lat' dir='ltr'>eius</span> <span class='ocrx_word' id='word_1_987' title='bbox 1888 2399 1940 2434; x_wconf 92' lang='lat' dir='ltr'>rei</span> <span class='ocrx_word' id='word_1_988' title='bbox 1962 2399 2114 2434; x_wconf 88' lang='lat' dir='ltr'>iudicem</span> <span class='ocrx_word' id='word_1_989' title='bbox 2138 2399 2194 2434; x_wconf 90' lang='lat' dir='ltr'>ius</span> <span class='ocrx_word' id='word_1_990' title='bbox 2218 2398 2348 2435; x_wconf 88' lang='lat' dir='ltr'>facere.</span> 
     </span>
     <span class='ocr_line' id='line_1_129' title="bbox 1260 2442 2350 2488; baseline 0.001 -10"><span class='ocrx_word' id='word_1_991' title='bbox 1260 2447 1295 2478; x_wconf 92' lang='lat' dir='ltr'>et</span> <span class='ocrx_word' id='word_1_992' title='bbox 1328 2443 1380 2477; x_wconf 87' lang='lat' dir='ltr'>ita</span> <span class='ocrx_word' id='word_1_993' title='bbox 1410 2442 1606 2478; x_wconf 90' lang='lat' dir='ltr'>Marcellus</span> <span class='ocrx_word' id='word_1_994' title='bbox 1641 2443 1731 2478; x_wconf 93' lang='lat' dir='ltr'>libro</span> <span class='ocrx_word' id='word_1_995' title='bbox 1769 2444 1919 2488; x_wconf 87' lang='lat' dir='ltr'>septimo</span> <span class='ocrx_word' id='word_1_996' title='bbox 1955 2444 2172 2488; x_wconf 88' lang='lat' dir='ltr'>digestorum</span> <span class='ocrx_word' id='word_1_997' title='bbox 2207 2445 2350 2488; x_wconf 83' lang='lat' dir='ltr'>probat,</span> 
     </span>
     <span class='ocr_line' id='line_1_130' title="bbox 1262 2487 2349 2532; baseline 0.002 -10"><span class='ocrx_word' id='word_1_998' title='bbox 1262 2492 1276 2522; x_wconf 82' lang='lat'>1</span> <span class='ocrx_word' id='word_1_999' title='bbox 1336 2498 1449 2532; x_wconf 89' lang='grc'>00(1110</span> <span class='ocrx_word' id='word_1_1000' title='bbox 1483 2487 1561 2523; x_wconf 87' lang='grc'>11110</span> <span class='ocrx_word' id='word_1_1001' title='bbox 1595 2488 1739 2523; x_wconf 91' lang='lat' dir='ltr'>utimur.</span> <span class='ocrx_word' id='word_1_1002' title='bbox 1809 2488 1899 2532; x_wconf 80' lang='lat' dir='ltr'>Quia</span> <span class='ocrx_word' id='word_1_1003' title='bbox 1936 2489 2168 2523; x_wconf 89' lang='lat' dir='ltr'>Plancianum</span> <span class='ocrx_word' id='word_1_1004' title='bbox 2204 2494 2349 2525; x_wconf 88' lang='lat' dir='ltr'>senatus</span> 
     </span>
     <span class='ocr_line' id='line_1_131' title="bbox 1259 2532 2350 2579; baseline 0.001 -11"><span class='ocrx_word' id='word_1_1005' title='bbox 1259 2533 1461 2568; x_wconf 89' lang='lat' dir='ltr'>consultum</span> <span class='ocrx_word' id='word_1_1006' title='bbox 1486 2532 1533 2567; x_wconf 89' lang='lat' dir='ltr'>ad</span> <span class='ocrx_word' id='word_1_1007' title='bbox 1557 2543 1618 2568; x_wconf 89' lang='lat' dir='ltr'>eos</span> <span class='ocrx_word' id='word_1_1008' title='bbox 1642 2537 1767 2577; x_wconf 92' lang='lat' dir='ltr'>partus</span> <span class='ocrx_word' id='word_1_1009' title='bbox 1791 2533 1946 2578; x_wconf 91' lang='lat' dir='ltr'>pertinet</span> <span class='ocrx_word' id='word_1_1010' title='bbox 1970 2534 2030 2578; x_wconf 92' lang='lat' dir='ltr'>qui</span> <span class='ocrx_word' id='word_1_1011' title='bbox 2053 2537 2136 2579; x_wconf 91' lang='lat' dir='ltr'>post</span> <span class='ocrx_word' id='word_1_1012' title='bbox 2158 2533 2350 2570; x_wconf 91' lang='lat' dir='ltr'>divortium</span> 
     </span>
     <span class='ocr_line' id='line_1_132' title="bbox 1259 2577 2349 2623; baseline 0.002 -11"><span class='ocrx_word' id='word_1_1013' title='bbox 1259 2578 1428 2620; x_wconf 87' lang='lat' dir='ltr'>eduntur,</span> <span class='ocrx_word' id='word_1_1014' title='bbox 1463 2577 1561 2612; x_wconf 91' lang='lat' dir='ltr'>aliud</span> <span class='ocrx_word' id='word_1_1015' title='bbox 1603 2582 1748 2613; x_wconf 89' lang='lat' dir='ltr'>senatus</span> <span class='ocrx_word' id='word_1_1016' title='bbox 1786 2579 1989 2613; x_wconf 88' lang='lat' dir='ltr'>consultum</span> <span class='ocrx_word' id='word_1_1017' title='bbox 2023 2579 2243 2623; x_wconf 87' lang='lat' dir='ltr'>temporibus</span> <span class='ocrx_word' id='word_1_1018' title='bbox 2280 2579 2349 2614; x_wconf 89' lang='lat' dir='ltr'>divi</span> 
     </span>
     <span class='ocr_line' id='line_1_133' title="bbox 1256 2622 2348 2665; baseline 0.002 -8"><span class='ocrx_word' id='word_1_1019' title='bbox 1256 2623 1431 2658; x_wconf 88' lang='lat' dir='ltr'>Hadriani</span> <span class='ocrx_word' id='word_1_1020' title='bbox 1453 2622 1588 2657; x_wconf 89' lang='lat' dir='ltr'>factum</span> <span class='ocrx_word' id='word_1_1021' title='bbox 1623 2626 1695 2664; x_wconf 88' lang='lat' dir='ltr'>est,</span> <span class='ocrx_word' id='word_1_1022' title='bbox 1727 2626 1784 2665; x_wconf 87' lang='lat' dir='ltr'>ut,</span> <span class='ocrx_word' id='word_1_1023' title='bbox 1811 2623 1990 2658; x_wconf 84' lang='lat' dir='ltr'>etiamsi¹⁵</span> <span class='ocrx_word' id='word_1_1024' title='bbox 2015 2627 2202 2659; x_wconf 90' lang='lat' dir='ltr'>constante</span> <span class='ocrx_word' id='word_1_1025' title='bbox 2226 2625 2348 2659; x_wconf 89' lang='lat' dir='ltr'>matri-</span> 
     </span>
     <span class='ocr_line' id='line_1_134' title="bbox 1258 2668 2346 2714; baseline 0.001 -11"><span class='ocrx_word' id='word_1_1026' title='bbox 1258 2669 1374 2704; x_wconf 91' lang='lat' dir='ltr'>monio</span> <span class='ocrx_word' id='word_1_1027' title='bbox 1426 2672 1525 2702; x_wconf 90' lang='lat' dir='ltr'>artus</span> <span class='ocrx_word' id='word_1_1028' title='bbox 1561 2669 1606 2703; x_wconf 93' lang='lat' dir='ltr'>sit</span> <span class='ocrx_word' id='word_1_1029' title='bbox 1643 2668 1775 2710; x_wconf 90' lang='lat' dir='ltr'>editus,</span> <span class='ocrx_word' id='word_1_1030' title='bbox 1813 2668 1857 2703; x_wconf 90' lang='lat' dir='ltr'>de</span> <span class='ocrx_word' id='word_1_1031' title='bbox 1892 2669 2117 2713; x_wconf 88' lang='lat' dir='ltr'>agnoscendo</span> <span class='ocrx_word' id='word_1_1032' title='bbox 2142 2679 2183 2704; x_wconf 91' lang='lat' dir='ltr'>eo</span> <span class='ocrx_word' id='word_1_1033' title='bbox 2209 2673 2346 2714; x_wconf 88' lang='lat' dir='ltr'>agatur.</span> 
     </span>
     <span class='ocr_line' id='line_1_135' title="bbox 1258 2680 2349 2758; baseline 0.002 -11"><span class='ocrx_word' id='word_1_1034' title='bbox 1258 2717 1277 2748; x_wconf 87' lang='lat'><strong>2</strong></span> <span class='ocrx_word' id='word_1_1035' title='bbox 1326 2680 1422 2757; x_wconf 50' lang='lat' dir='ltr'>Quis</span> <span class='ocrx_word' id='word_1_1036' title='bbox 1452 2723 1555 2757; x_wconf 90' lang='lat' dir='ltr'>ergo,</span> <span class='ocrx_word' id='word_1_1037' title='bbox 1588 2713 1618 2748; x_wconf 94' lang='lat' dir='ltr'>si</span> <span class='ocrx_word' id='word_1_1038' title='bbox 1650 2713 1728 2757; x_wconf 91' lang='lat' dir='ltr'>quis</span> <span class='ocrx_word' id='word_1_1039' title='bbox 1759 2717 1842 2758; x_wconf 89' lang='lat' dir='ltr'>post</span> <span class='ocrx_word' id='word_1_1040' title='bbox 1867 2718 2015 2748; x_wconf 90' lang='lat' dir='ltr'>mortem</span> <span class='ocrx_word' id='word_1_1041' title='bbox 2039 2714 2152 2758; x_wconf 90' lang='lat' dir='ltr'>patris</span> <span class='ocrx_word' id='word_1_1042' title='bbox 2177 2718 2349 2749; x_wconf 90' lang='lat' dir='ltr'>nascatur</span> 
     </span>
     <span class='ocr_line' id='line_1_136' title="bbox 1257 2758 2348 2803; baseline 0.001 -10"><span class='ocrx_word' id='word_1_1043' title='bbox 1257 2769 1322 2794; x_wconf 88' lang='lat' dir='ltr'>avo</span> <span class='ocrx_word' id='word_1_1044' title='bbox 1348 2758 1558 2802; x_wconf 89' lang='lat' dir='ltr'>superstite,</span> <span class='ocrx_word' id='word_1_1045' title='bbox 1592 2759 1629 2793; x_wconf 92' lang='lat' dir='ltr'>in</span> <span class='ocrx_word' id='word_1_1046' title='bbox 1661 2758 1761 2793; x_wconf 85' lang='lat' dir='ltr'>cuius</span> <span class='ocrx_word' id='word_1_1047' title='bbox 1793 2762 1971 2803; x_wconf 88' lang='lat' dir='ltr'>potestate</span> <span class='ocrx_word' id='word_1_1048' title='bbox 1995 2769 2185 2794; x_wconf 90' lang='lat' dir='ltr'>recasurus</span> <span class='ocrx_word' id='word_1_1049' title='bbox 2210 2763 2283 2801; x_wconf 91' lang='lat' dir='ltr'>est,</span> <span class='ocrx_word' id='word_1_1050' title='bbox 2309 2763 2348 2794; x_wconf 91' lang='lat' dir='ltr'>ut</span> 
     </span>
     <span class='ocr_line' id='line_1_137' title="bbox 1257 2803 2348 2849; baseline 0 -10"><span class='ocrx_word' id='word_1_1051' title='bbox 1257 2804 1287 2839; x_wconf 87' lang='grc'>81</span> <span class='ocrx_word' id='word_1_1052' title='bbox 1300 2805 1327 2825; x_wconf 79' lang='lat'>¹⁶</span> <span class='ocrx_word' id='word_1_1053' title='bbox 1351 2814 1395 2838; x_wconf 88' lang='lat' dir='ltr'>ex</span> <span class='ocrx_word' id='word_1_1054' title='bbox 1418 2803 1490 2838; x_wconf 90' lang='lat' dir='ltr'>filio</span> <span class='ocrx_word' id='word_1_1055' title='bbox 1516 2803 1591 2838; x_wconf 91' lang='lat' dir='ltr'>eius</span> <span class='ocrx_word' id='word_1_1056' title='bbox 1615 2807 1801 2847; x_wconf 88' lang='lat' dir='ltr'>susceptus</span> <span class='ocrx_word' id='word_1_1057' title='bbox 1826 2804 2023 2847; x_wconf 85' lang='lat' dir='ltr'>probetur?</span> <span class='ocrx_word' id='word_1_1058' title='bbox 2053 2804 2243 2839; x_wconf 87' lang='lat' dir='ltr'>videndum</span> <span class='ocrx_word' id='word_1_1059' title='bbox 2263 2804 2348 2849; x_wconf 90' lang='lat' dir='ltr'>quid</span> 
     </span>
     <span class='ocr_line' id='line_1_138' title="bbox 1258 2848 2346 2894; baseline 0.001 -11"><span class='ocrx_word' id='word_1_1060' title='bbox 1258 2849 1327 2884; x_wconf 91' lang='lat' dir='ltr'>dici</span> <span class='ocrx_word' id='word_1_1061' title='bbox 1351 2848 1490 2883; x_wconf 89' lang='lat' dir='ltr'>debeat.</span> <span class='ocrx_word' id='word_1_1062' title='bbox 1526 2852 1561 2883; x_wconf 90' lang='lat' dir='ltr'>et</span> <span class='ocrx_word' id='word_1_1063' title='bbox 1586 2852 1681 2883; x_wconf 89' lang='lat' dir='ltr'>certe</span> <span class='ocrx_word' id='word_1_1064' title='bbox 1704 2848 1929 2893; x_wconf 89' lang='lat' dir='ltr'>probandum</span> <span class='ocrx_word' id='word_1_1065' title='bbox 1962 2853 2015 2884; x_wconf 90' lang='lat' dir='ltr'>est</span> <span class='ocrx_word' id='word_1_1066' title='bbox 2047 2860 2129 2884; x_wconf 89' lang='grc'>01101</span> <span class='ocrx_word' id='word_1_1067' title='bbox 2153 2859 2219 2884; x_wconf 91' lang='lat' dir='ltr'>avo</span> <span class='ocrx_word' id='word_1_1068' title='bbox 2243 2860 2346 2894; x_wconf 88' lang='lat' dir='ltr'>prae-</span> 
     </span>
     <span class='ocr_line' id='line_1_139' title="bbox 1256 2893 2345 2939; baseline 0.001 -11"><span class='ocrx_word' id='word_1_1069' title='bbox 1256 2893 1424 2928; x_wconf 89' lang='lat' dir='ltr'>iudicium</span> <span class='ocrx_word' id='word_1_1070' title='bbox 1438 2895 1464 2914; x_wconf 88' lang='lat'>¹⁷</span> <span class='ocrx_word' id='word_1_1071' title='bbox 1497 2893 1541 2927; x_wconf 89' lang='lat' dir='ltr'>de</span> <span class='ocrx_word' id='word_1_1072' title='bbox 1571 2897 1678 2938; x_wconf 90' lang='lat' dir='ltr'>partu</span> <span class='ocrx_word' id='word_1_1073' title='bbox 1709 2893 1934 2937; x_wconf 89' lang='lat' dir='ltr'>agnoscendo</span> <span class='ocrx_word' id='word_1_1074' title='bbox 1968 2894 2127 2930; x_wconf 89' lang='lat' dir='ltr'>similiter</span> <span class='ocrx_word' id='word_1_1075' title='bbox 2159 2894 2345 2939; x_wconf 88' lang='lat' dir='ltr'>agendum.</span> 
     </span>
     <span class='ocr_line' id='line_1_140' title="bbox 1258 2938 2345 2982; baseline 0 -8"><span class='ocrx_word' id='word_1_1076' title='bbox 1258 2943 1277 2974; x_wconf 89' lang='lat'><strong>3</strong></span> <span class='ocrx_word' id='word_1_1077' title='bbox 1325 2938 1417 2982; x_wconf 78' lang='lat' dir='ltr'>Quid</span> <span class='ocrx_word' id='word_1_1078' title='bbox 1441 2938 1471 2973; x_wconf 91' lang='lat' dir='ltr'>si</span> <span class='ocrx_word' id='word_1_1079' title='bbox 1494 2938 1564 2973; x_wconf 93' lang='lat' dir='ltr'>hoc</span> <span class='ocrx_word' id='word_1_1080' title='bbox 1588 2938 1705 2982; x_wconf 88' lang='lat' dir='ltr'>ipsum</span> <span class='ocrx_word' id='word_1_1081' title='bbox 1735 2939 1772 2972; x_wconf 91' lang='lat' dir='ltr'>in</span> <span class='ocrx_word' id='word_1_1082' title='bbox 1821 2939 2041 2974; x_wconf 88' lang='lat' dir='ltr'>uaestionem</span> <span class='ocrx_word' id='word_1_1083' title='bbox 2071 2939 2200 2982; x_wconf 89' lang='lat' dir='ltr'>veniat,</span> <span class='ocrx_word' id='word_1_1084' title='bbox 2226 2943 2345 2974; x_wconf 90' lang='lat' dir='ltr'>utrum</span> 
     </span>
     <span class='ocr_line' id='line_1_141' title="bbox 1257 2983 2347 3027; baseline 0.002 -10"><span class='ocrx_word' id='word_1_1085' title='bbox 1257 2984 1294 3018; x_wconf 92' lang='lat' dir='ltr'>in</span> <span class='ocrx_word' id='word_1_1086' title='bbox 1317 2983 1540 3018; x_wconf 89' lang='lat' dir='ltr'>matrimonio</span> <span class='ocrx_word' id='word_1_1087' title='bbox 1565 2993 1611 3017; x_wconf 92' lang='lat' dir='ltr'>an</span> <span class='ocrx_word' id='word_1_1088' title='bbox 1634 2987 1761 3027; x_wconf 88' lang='lat' dir='ltr'>postea</span> <span class='ocrx_word' id='word_1_1089' title='bbox 1781 2994 1799 3018; x_wconf 90' lang='lat' dir='ltr'>e</span> <span class='ocrx_word' id='word_1_1090' title='bbox 1825 2984 1896 3019; x_wconf 86' lang='lat' dir='ltr'>itus</span> <span class='ocrx_word' id='word_1_1091' title='bbox 1917 2984 1988 3019; x_wconf 85' lang='lat' dir='ltr'>sit?</span> <span class='ocrx_word' id='word_1_1092' title='bbox 2020 2984 2209 3019; x_wconf 88' lang='lat' dir='ltr'>dicendum</span> <span class='ocrx_word' id='word_1_1093' title='bbox 2234 2988 2288 3019; x_wconf 91' lang='lat' dir='ltr'>est</span> <span class='ocrx_word' id='word_1_1094' title='bbox 2312 2988 2347 3019; x_wconf 89' lang='lat' dir='ltr'>et</span> 
     </span>
     <span class='ocr_line' id='line_1_142' title="bbox 1258 3028 2346 3075; baseline 0.002 -13"><span class='ocrx_word' id='word_1_1095' title='bbox 1258 3033 1277 3063; x_wconf 82' lang='lat'><strong>4</strong></span> <span class='ocrx_word' id='word_1_1096' title='bbox 1325 3038 1432 3073; x_wconf 87' lang='lat' dir='ltr'>super</span> <span class='ocrx_word' id='word_1_1097' title='bbox 1454 3028 1523 3062; x_wconf 90' lang='lat' dir='ltr'>hoc</span> <span class='ocrx_word' id='word_1_1098' title='bbox 1548 3038 1591 3063; x_wconf 84' lang='lat' dir='ltr'>ex</span> <span class='ocrx_word' id='word_1_1099' title='bbox 1615 3032 1760 3063; x_wconf 87' lang='lat' dir='ltr'>senatus</span> <span class='ocrx_word' id='word_1_1100' title='bbox 1781 3029 1952 3064; x_wconf 89' lang='lat' dir='ltr'>consultis</span> <span class='ocrx_word' id='word_1_1101' title='bbox 1973 3029 2158 3075; x_wconf 88' lang='lat' dir='ltr'>agendum.</span> <span class='ocrx_word' id='word_1_1102' title='bbox 2191 3030 2241 3064; x_wconf 91' lang='lat' dir='ltr'>Et</span> <span class='ocrx_word' id='word_1_1103' title='bbox 2262 3029 2346 3073; x_wconf 91' lang='lat' dir='ltr'>quid</span> 
     </span>
     <span class='ocr_line' id='line_1_143' title="bbox 1258 3072 2343 3119; baseline -0.002 -10"><span class='ocrx_word' id='word_1_1104' title='bbox 1258 3074 1314 3116; x_wconf 90' lang='lat' dir='ltr'>sit,</span> <span class='ocrx_word' id='word_1_1105' title='bbox 1339 3074 1369 3108; x_wconf 92' lang='lat' dir='ltr'>si</span> <span class='ocrx_word' id='word_1_1106' title='bbox 1393 3083 1439 3107; x_wconf 92' lang='lat' dir='ltr'>an</span> <span class='ocrx_word' id='word_1_1107' title='bbox 1463 3083 1555 3107; x_wconf 90' lang='lat' dir='ltr'>uxor</span> <span class='ocrx_word' id='word_1_1108' title='bbox 1577 3072 1684 3108; x_wconf 91' lang='lat' dir='ltr'>fuerit</span> <span class='ocrx_word' id='word_1_1109' title='bbox 1708 3073 1954 3119; x_wconf 78' lang='lat' dir='ltr'>disceptetur?</span> <span class='ocrx_word' id='word_1_1110' title='bbox 1987 3078 2023 3110; x_wconf 92' lang='lat' dir='ltr'>et</span> <span class='ocrx_word' id='word_1_1111' title='bbox 2053 3075 2212 3110; x_wconf 87' lang='lat' dir='ltr'>Iulianus</span> <span class='ocrx_word' id='word_1_1112' title='bbox 2238 3074 2343 3108; x_wconf 82' lang='lat' dir='ltr'>Sexto</span> 
     </span>
     <span class='ocr_line' id='line_1_144' title="bbox 1259 3118 2342 3165; baseline -0.002 -11"><span class='ocrx_word' id='word_1_1113' title='bbox 1259 3119 1411 3154; x_wconf 88' lang='lat' dir='ltr'>Caecilio</span> <span class='ocrx_word' id='word_1_1114' title='bbox 1444 3118 1615 3153; x_wconf 87' lang='lat' dir='ltr'>Africano</span> <span class='ocrx_word' id='word_1_1115' title='bbox 1640 3119 1825 3163; x_wconf 89' lang='lat' dir='ltr'>respondit</span> <span class='ocrx_word' id='word_1_1116' title='bbox 1855 3119 1973 3155; x_wconf 91' lang='lat' dir='ltr'>locum</span> <span class='ocrx_word' id='word_1_1117' title='bbox 2006 3130 2084 3155; x_wconf 89' lang='lat' dir='ltr'>esse</span> <span class='ocrx_word' id='word_1_1118' title='bbox 2113 3119 2342 3165; x_wconf 88' lang='lat' dir='ltr'>praeiudicio.</span> 
     </span>
     <span class='ocr_line' id='line_1_145' title="bbox 1259 3163 2343 3209; baseline -0.001 -11"><span class='ocrx_word' id='word_1_1119' title='bbox 1259 3168 1277 3198; x_wconf 85' lang='lat'>5</span> <span class='ocrx_word' id='word_1_1120' title='bbox 1327 3163 1418 3198; x_wconf 92' lang='lat' dir='ltr'>Illud</span> <span class='ocrx_word' id='word_1_1121' title='bbox 1441 3163 1632 3198; x_wconf 90' lang='lat' dir='ltr'>tenendum</span> <span class='ocrx_word' id='word_1_1122' title='bbox 1663 3164 1752 3198; x_wconf 90' lang='lat' dir='ltr'>haec</span> <span class='ocrx_word' id='word_1_1123' title='bbox 1785 3168 1931 3200; x_wconf 88' lang='lat' dir='ltr'>senatus</span> <span class='ocrx_word' id='word_1_1124' title='bbox 1957 3165 2121 3201; x_wconf 90' lang='lat' dir='ltr'>consulta</span> <span class='ocrx_word' id='word_1_1125' title='bbox 2145 3168 2227 3209; x_wconf 91' lang='lat' dir='ltr'>post</span> <span class='ocrx_word' id='word_1_1126' title='bbox 2250 3174 2343 3197; x_wconf 90' lang='lat' dir='ltr'>mor-</span> 
     </span>
     <span class='ocr_line' id='line_1_146' title="bbox 1259 3208 2343 3255; baseline -0.002 -12"><span class='ocrx_word' id='word_1_1127' title='bbox 1259 3215 1329 3244; x_wconf 89' lang='lat' dir='ltr'>tem</span> <span class='ocrx_word' id='word_1_1128' title='bbox 1353 3208 1511 3253; x_wconf 82' lang='lat' dir='ltr'>parentis</span> <span class='ocrx_word' id='word_1_1129' title='bbox 1537 3218 1687 3250; x_wconf 88' lang='lat' dir='ltr'>cessare,</span> <span class='ocrx_word' id='word_1_1130' title='bbox 1705 3209 1734 3244; x_wconf 92' lang='lat' dir='ltr'>si</span> <span class='ocrx_word' id='word_1_1131' title='bbox 1757 3209 1787 3244; x_wconf 90' lang='lat' dir='ltr'>is</span> <span class='ocrx_word' id='word_1_1132' title='bbox 1807 3210 1971 3255; x_wconf 89' lang='lat' dir='ltr'>supersit,</span> <span class='ocrx_word' id='word_1_1133' title='bbox 1990 3210 2028 3244; x_wconf 92' lang='lat' dir='ltr'>in</span> <span class='ocrx_word' id='word_1_1134' title='bbox 2049 3210 2147 3245; x_wconf 91' lang='lat' dir='ltr'>cuius</span> <span class='ocrx_word' id='word_1_1135' title='bbox 2166 3212 2343 3254; x_wconf 89' lang='lat' dir='ltr'>potestate</span> 
     </span>
     <span class='ocr_line' id='line_1_147' title="bbox 1260 3253 2343 3300; baseline -0.003 -11"><span class='ocrx_word' id='word_1_1136' title='bbox 1260 3254 1418 3289; x_wconf 89' lang='lat' dir='ltr'>recasuri</span> <span class='ocrx_word' id='word_1_1137' title='bbox 1452 3263 1524 3288; x_wconf 90' lang='lat' dir='ltr'>non</span> <span class='ocrx_word' id='word_1_1138' title='bbox 1559 3254 1694 3288; x_wconf 79' lang='lat' dir='ltr'>sunt¹⁸.</span> <span class='ocrx_word' id='word_1_1139' title='bbox 1743 3254 1827 3299; x_wconf 91' lang='lat' dir='ltr'>quid</span> <span class='ocrx_word' id='word_1_1140' title='bbox 1862 3265 1944 3300; x_wconf 88' lang='lat' dir='ltr'>ergo</span> <span class='ocrx_word' id='word_1_1141' title='bbox 1982 3256 2060 3290; x_wconf 81' lang='lat' dir='ltr'>est?</span> <span class='ocrx_word' id='word_1_1142' title='bbox 2103 3254 2140 3288; x_wconf 93' lang='lat' dir='ltr'>in</span> <span class='ocrx_word' id='word_1_1143' title='bbox 2173 3253 2343 3298; x_wconf 88' lang='lat' dir='ltr'>petitione</span> 
     </span>
    </p>
   </div>
   <div class='ocr_carea' id='block_1_14' title="bbox 1734 3327 2330 3337">
    <p class='ocr_par' dir='ltr' id='par_1_20' title="bbox 1734 3327 2330 3337">
     <span class='ocr_line' id='line_1_148' title="bbox 1734 3327 2330 3337; baseline 0 0"><span class='ocrx_word' id='word_1_1144' title='bbox 1734 3327 2330 3337; x_wconf 95' lang='lat' dir='ltr'> </span> 
     </span>
    </p>
   </div>
   <div class='ocr_carea' id='block_1_15' title="bbox 1257 3331 1386 3337">
    <p class='ocr_par' dir='ltr' id='par_1_21' title="bbox 1257 3331 1386 3337">
     <span class='ocr_line' id='line_1_149' title="bbox 1257 3331 1386 3337; baseline 0 0"><span class='ocrx_word' id='word_1_1145' title='bbox 1257 3331 1386 3337; x_wconf 95' lang='lat' dir='ltr'> </span> 
     </span>
    </p>
   </div>
   <div class='ocr_carea' id='block_1_16' title="bbox 1251 3366 2341 3804">
    <p class='ocr_par' dir='ltr' id='par_1_22' title="bbox 1251 3366 2341 3804">
     <span class='ocr_line' id='line_1_150' title="bbox 1256 3366 2341 3409; baseline -0.003 -10"><span class='ocrx_word' id='word_1_1146' title='bbox 1256 3367 1380 3399; x_wconf 82' lang='lat' dir='ltr'>dixerit</span> <span class='ocrx_word' id='word_1_1147' title='bbox 1392 3378 1464 3399; x_wconf 90' lang='lat' dir='ltr'>eam</span> <span class='ocrx_word' id='word_1_1148' title='bbox 1477 3377 1516 3399; x_wconf 85' lang='lat' dir='ltr'>ex</span> <span class='ocrx_word' id='word_1_1149' title='bbox 1531 3377 1568 3399; x_wconf 89' lang='lat' dir='ltr'>se</span> <span class='ocrx_word' id='word_1_1150' title='bbox 1583 3370 1798 3409; x_wconf 84' lang='lat' dir='ltr'>praegnatem</span> <span class='ocrx_word' id='word_1_1151' title='bbox 1811 3378 1878 3399; x_wconf 92' lang='lat' dir='ltr'>non</span> <span class='ocrx_word' id='word_1_1152' title='bbox 1900 3372 1993 3409; x_wconf 87' lang='lat' dir='ltr'>esse),</span> <span class='ocrx_word' id='word_1_1153' title='bbox 2016 3378 2083 3399; x_wconf 90' lang='lat' dir='ltr'>non</span> <span class='ocrx_word' id='word_1_1154' title='bbox 2105 3366 2223 3407; x_wconf 83' lang='lat' dir='ltr'>utique</span> <span class='ocrx_word' id='word_1_1155' title='bbox 2244 3375 2341 3397; x_wconf 89' lang='lat' dir='ltr'>suum</span> 
     </span>
     <span class='ocr_line' id='line_1_151' title="bbox 1256 3410 2340 3454; baseline -0.004 -10"><span class='ocrx_word' id='word_1_1156' title='bbox 1256 3413 1308 3444; x_wconf 91' lang='lat' dir='ltr'>illi</span> <span class='ocrx_word' id='word_1_1157' title='bbox 1323 3416 1454 3454; x_wconf 90' lang='lat' dir='ltr'>partum</span> <span class='ocrx_word' id='word_1_1158' title='bbox 1468 3412 1554 3444; x_wconf 87' lang='lat' dir='ltr'>effici</span> <span class='ocrx_word' id='word_1_1159' title='bbox 1570 3414 1626 3452; x_wconf 89' lang='lat'>(=</span> <span class='ocrx_word' id='word_1_1160' title='bbox 1637 3423 1706 3444; x_wconf 90' lang='lat' dir='ltr'>non</span> <span class='ocrx_word' id='word_1_1161' title='bbox 1727 3423 1765 3444; x_wconf 89' lang='lat' dir='ltr'>eo</span> <span class='ocrx_word' id='word_1_1162' title='bbox 1785 3413 1933 3454; x_wconf 85' lang='lat' dir='ltr'>pertinet</span> <span class='ocrx_word' id='word_1_1163' title='bbox 1953 3416 2031 3445; x_wconf 91' lang='lat' dir='ltr'>ut..</span> <span class='ocrx_word' id='word_1_1164' title='bbox 2044 3437 2051 3445; x_wconf 91' lang='lat'>.</span> <span class='ocrx_word' id='word_1_1165' title='bbox 2073 3422 2168 3443; x_wconf 92' lang='lat' dir='ltr'>suum</span> <span class='ocrx_word' id='word_1_1166' title='bbox 2187 3410 2340 3441; x_wconf 90' lang='lat' dir='ltr'>heredem</span> 
     </span>
     <span class='ocr_line' id='line_1_152' title="bbox 1255 3455 2340 3501; baseline -0.005 -11"><span class='ocrx_word' id='word_1_1167' title='bbox 1255 3457 1424 3497; x_wconf 61' lang='lat' dir='ltr'>haberem:</span> <span class='ocrx_word' id='word_1_1168' title='bbox 1451 3458 1565 3500; x_wconf 83' lang='lat' dir='ltr'>quibus</span> <span class='ocrx_word' id='word_1_1169' title='bbox 1577 3458 1714 3491; x_wconf 76' lang='lat' dir='ltr'>sublatis</span> <span class='ocrx_word' id='word_1_1170' title='bbox 1727 3470 1810 3500; x_wconf 84' lang='lat' dir='ltr'>quae</span> <span class='ocrx_word' id='word_1_1171' title='bbox 1829 3465 2005 3501; x_wconf 78' lang='lat' dir='ltr'>sequuntur</span> <span class='ocrx_word' id='word_1_1172' title='bbox 2025 3455 2210 3497; x_wconf 85' lang='lat' dir='ltr'>cogendum</span> <span class='ocrx_word' id='word_1_1173' title='bbox 2230 3458 2340 3486; x_wconf 83' lang='lat' dir='ltr'>tamen</span> 
     </span>
     <span class='ocr_line' id='line_1_153' title="bbox 1257 3501 2340 3542; baseline -0.003 -8"><span class='ocrx_word' id='word_1_1174' title='bbox 1257 3527 1263 3534; x_wconf 88' lang='lat'>.</span> <span class='ocrx_word' id='word_1_1175' title='bbox 1280 3527 1286 3534; x_wconf 91' lang='lat'>.</span> <span class='ocrx_word' id='word_1_1176' title='bbox 1302 3527 1308 3533; x_wconf 93' lang='lat'>.</span> <span class='ocrx_word' id='word_1_1177' title='bbox 1323 3502 1478 3534; x_wconf 86' lang='lat' dir='ltr'>heredem</span> <span class='ocrx_word' id='word_1_1178' title='bbox 1490 3502 1521 3534; x_wconf 88' lang='lat' dir='ltr'>ei</span> <span class='ocrx_word' id='word_1_1179' title='bbox 1533 3502 1628 3534; x_wconf 80' lang='lat' dir='ltr'>nasci</span> <span class='ocrx_word' id='word_1_1180' title='bbox 1638 3503 1712 3536; x_wconf 83' lang='lat' dir='ltr'>olim</span> <span class='ocrx_word' id='word_1_1181' title='bbox 1721 3504 1871 3536; x_wconf 81' lang='lat' dir='ltr'>videntur</span> <span class='ocrx_word' id='word_1_1182' title='bbox 1884 3503 1983 3535; x_wconf 80' lang='lat' dir='ltr'>locum</span> <span class='ocrx_word' id='word_1_1183' title='bbox 1996 3502 2146 3534; x_wconf 78' lang='lat' dir='ltr'>habuisse</span> <span class='ocrx_word' id='word_1_1184' title='bbox 2154 3506 2230 3542; x_wconf 86' lang='lat' dir='ltr'>post</span> <span class='ocrx_word' id='word_1_1185' title='bbox 2241 3501 2340 3532; x_wconf 83' lang='lat' dir='ltr'>verba</span> 
     </span>
     <span class='ocr_line' id='line_1_154' title="bbox 1256 3544 2339 3589; baseline -0.004 -9"><span class='ocrx_word' id='word_1_1186' title='bbox 1256 3549 1277 3588; x_wconf 83' lang='lat'><em>§</em></span> <span class='ocrx_word' id='word_1_1187' title='bbox 1294 3547 1408 3589; x_wconf 76' lang='lat' dir='ltr'>12fln.</span> <span class='ocrx_word' id='word_1_1188' title='bbox 1422 3547 1586 3580; x_wconf 86' lang='lat' dir='ltr'>confessio</span> <span class='ocrx_word' id='word_1_1189' title='bbox 1596 3548 1713 3589; x_wconf 84' lang='lat' dir='ltr'>patris.</span> <span class='ocrx_word' id='word_1_1190' title='bbox 1727 3548 1875 3580; x_wconf 80' lang='lat' dir='ltr'>similiter</span> <span class='ocrx_word' id='word_1_1191' title='bbox 1884 3548 1905 3588; x_wconf 86' lang='lat'><em>§</em></span> <span class='ocrx_word' id='word_1_1192' title='bbox 1918 3548 1958 3579; x_wconf 83' lang='lat'>11</span> <span class='ocrx_word' id='word_1_1193' title='bbox 1973 3553 2001 3579; x_wconf 85' lang='lat' dir='ltr'>et</span> <span class='ocrx_word' id='word_1_1194' title='bbox 2014 3547 2036 3587; x_wconf 84' lang='lat'><em>§</em></span> <span class='ocrx_word' id='word_1_1195' title='bbox 2048 3545 2091 3578; x_wconf 83' lang='lat'>16</span> <span class='ocrx_word' id='word_1_1196' title='bbox 2101 3546 2119 3577; x_wconf 87' lang='lat' dir='ltr'>l.</span> <span class='ocrx_word' id='word_1_1197' title='bbox 2133 3544 2156 3577; x_wconf 87' lang='lat'><em>3</em></span> <span class='ocrx_word' id='word_1_1198' title='bbox 2163 3557 2217 3587; x_wconf 83' lang='lat' dir='ltr'>pr.</span> <span class='ocrx_word' id='word_1_1199' title='bbox 2229 3545 2339 3577; x_wconf 81' lang='lat' dir='ltr'>eadem</span> 
     </span>
     <span class='ocr_line' id='line_1_155' title="bbox 1251 3591 2337 3636; baseline -0.005 -12"><span class='ocrx_word' id='word_1_1200' title='bbox 1251 3599 1439 3635; x_wconf 79' lang='lat' dir='ltr'>proponunt</span> <span class='ocrx_word' id='word_1_1201' title='bbox 1441 3594 1555 3636; x_wconf 84' lang='lat' dir='ltr'>forma</span> <span class='ocrx_word' id='word_1_1202' title='bbox 1570 3600 1692 3626; x_wconf 84' lang='lat' dir='ltr'>mutata</span> <span class='ocrx_word' id='word_1_1203' title='bbox 1740 3597 1797 3634; x_wconf 84' lang='grc'>(12)</span> <span class='ocrx_word' id='word_1_1204' title='bbox 1811 3593 1840 3624; x_wconf 88' lang='grc'>81</span> <span class='ocrx_word' id='word_1_1205' title='bbox 1854 3593 1912 3624; x_wconf 81' lang='lat' dir='ltr'>ins.</span> <span class='ocrx_word' id='word_1_1206' title='bbox 1926 3592 1961 3623; x_wconf 90' lang='lat' dir='ltr'><em>F</em></span> <span class='ocrx_word' id='word_1_1207' title='bbox 2003 3591 2059 3631; x_wconf 86' lang='lat'>(13)</span> <span class='ocrx_word' id='word_1_1208' title='bbox 2073 3599 2239 3621; x_wconf 87' lang='lat' dir='ltr'>reversum</span> <span class='ocrx_word' id='word_1_1209' title='bbox 2254 3599 2337 3620; x_wconf 80' lang='lat' dir='ltr'>uxo-</span> 
     </span>
     <span class='ocr_line' id='line_1_156' title="bbox 1254 3634 2338 3677; baseline -0.003 -9"><span class='ocrx_word' id='word_1_1210' title='bbox 1254 3647 1306 3668; x_wconf 87' lang='lat' dir='ltr'>res</span> <span class='ocrx_word' id='word_1_1211' title='bbox 1315 3637 1369 3674; x_wconf 77' lang='lat' dir='ltr'>F1,</span> <span class='ocrx_word' id='word_1_1212' title='bbox 1379 3647 1545 3669; x_wconf 87' lang='lat' dir='ltr'>reversum</span> <span class='ocrx_word' id='word_1_1213' title='bbox 1557 3636 1749 3670; x_wconf 81' lang='lat' dir='ltr'>uxoremF²</span> <span class='ocrx_word' id='word_1_1214' title='bbox 1824 3638 1880 3677; x_wconf 81' lang='lat'>13⁸)</span> <span class='ocrx_word' id='word_1_1215' title='bbox 1899 3635 2037 3668; x_wconf 86' lang='lat' dir='ltr'>eiecerit</span> <span class='ocrx_word' id='word_1_1216' title='bbox 2045 3647 2106 3667; x_wconf 83' lang='lat' dir='ltr'>scr.</span> <span class='ocrx_word' id='word_1_1217' title='bbox 2192 3637 2248 3673; x_wconf 80' lang='lat'><strong>(14)</strong></span> <span class='ocrx_word' id='word_1_1218' title='bbox 2268 3634 2338 3665; x_wconf 82' lang='lat' dir='ltr'>suis</span> 
     </span>
     <span class='ocr_line' id='line_1_157' title="bbox 1257 3679 2337 3723; baseline -0.003 -9"><span class='ocrx_word' id='word_1_1219' title='bbox 1257 3683 1317 3714; x_wconf 81' lang='lat' dir='ltr'>ins.</span> <span class='ocrx_word' id='word_1_1220' title='bbox 1338 3680 1391 3714; x_wconf 82' lang='lat' dir='ltr'>F2</span> <span class='ocrx_word' id='word_1_1221' title='bbox 1491 3684 1549 3723; x_wconf 80' lang='lat'><strong>(15)</strong></span> <span class='ocrx_word' id='word_1_1222' title='bbox 1575 3683 1726 3714; x_wconf 86' lang='lat' dir='ltr'>etiamsic</span> <span class='ocrx_word' id='word_1_1223' title='bbox 1739 3682 1774 3714; x_wconf 90' lang='lat' dir='ltr'><em>F</em></span> <span class='ocrx_word' id='word_1_1224' title='bbox 1860 3683 1918 3720; x_wconf 81' lang='grc'>(16)</span> <span class='ocrx_word' id='word_1_1225' title='bbox 1945 3684 1984 3712; x_wconf 90' lang='lat' dir='ltr'>ut</span> <span class='ocrx_word' id='word_1_1226' title='bbox 1996 3680 2037 3719; x_wconf 89' lang='lat' dir='ltr'>si]</span> <span class='ocrx_word' id='word_1_1227' title='bbox 2052 3679 2110 3710; x_wconf 92' lang='lat' dir='ltr'>ubi</span> <span class='ocrx_word' id='word_1_1228' title='bbox 2123 3691 2183 3711; x_wconf 87' lang='lat' dir='ltr'>scr.</span> <span class='ocrx_word' id='word_1_1229' title='bbox 2279 3683 2337 3718; x_wconf 78' lang='grc'>(17)</span> 
     </span>
     <span class='ocr_line' id='line_1_158' title="bbox 1256 3724 2337 3770; baseline -0.003 -13"><span class='ocrx_word' id='word_1_1230' title='bbox 1256 3726 1466 3767; x_wconf 80' lang='lat' dir='ltr'>praeiudicio</span> <span class='ocrx_word' id='word_1_1231' title='bbox 1479 3728 1551 3760; x_wconf 85' lang='lat' dir='ltr'>edd.</span> <span class='ocrx_word' id='word_1_1232' title='bbox 1631 3729 1690 3770; x_wconf 87' lang='grc'>(18)</span> <span class='ocrx_word' id='word_1_1233' title='bbox 1716 3727 1744 3758; x_wconf 85' lang='lat' dir='ltr'>si</span> <span class='ocrx_word' id='word_1_1234' title='bbox 1765 3737 1833 3758; x_wconf 92' lang='lat' dir='ltr'>non</span> <span class='ocrx_word' id='word_1_1235' title='bbox 1854 3725 1999 3767; x_wconf 88' lang='lat' dir='ltr'>supersit</span> <span class='ocrx_word' id='word_1_1236' title='bbox 2020 3725 2055 3755; x_wconf 90' lang='lat' dir='ltr'>in</span> <span class='ocrx_word' id='word_1_1237' title='bbox 2075 3724 2170 3756; x_wconf 86' lang='lat' dir='ltr'>cuius</span> <span class='ocrx_word' id='word_1_1238' title='bbox 2190 3726 2337 3765; x_wconf 76' lang='lat' dir='ltr'>potesta-</span> 
     </span>
     <span class='ocr_line' id='line_1_159' title="bbox 1257 3772 1670 3804; baseline 0.005 -2"><span class='ocrx_word' id='word_1_1239' title='bbox 1257 3775 1322 3802; x_wconf 84' lang='lat' dir='ltr'>tem</span> <span class='ocrx_word' id='word_1_1240' title='bbox 1336 3772 1482 3803; x_wconf 88' lang='lat' dir='ltr'>recasuri</span> <span class='ocrx_word' id='word_1_1241' title='bbox 1507 3775 1585 3804; x_wconf 88' lang='lat' dir='ltr'>sunt</span> <span class='ocrx_word' id='word_1_1242' title='bbox 1608 3784 1670 3804; x_wconf 83' lang='lat' dir='ltr'>scr.</span> 
     </span>
    </p>
   </div>
   <div class='ocr_carea' id='block_1_17' title="bbox 2020 3827 2062 3857">
    <p class='ocr_par' dir='ltr' id='par_1_23' title="bbox 2020 3827 2062 3857">
     <span class='ocr_line' id='line_1_160' title="bbox 2020 3827 2062 3857; baseline 0 0"><span class='ocrx_word' id='word_1_1243' title='bbox 2020 3827 2062 3857; x_wconf 82' lang='lat'>42</span> 
     </span>
    </p>
   </div>
  </div>
 </body>
</html>
