2528 3918
88 153 438 194 QUEMADMODUM
466 153 670 184 PETATUR

85 266 117 302 si
139 266 207 302 hae
229 265 370 300 fructus
393 263 657 309 intelleguntur,
670 274 736 309 pro
755 264 921 309 portione
940 264 1026 299 anni
1045 263 1176 300 debent

85 309 225 347 restitui
259 313 355 354 (puto
380 312 519 351 autem,
544 308 575 344 si
599 308 745 344 arbores
771 309 928 344 caeduae
951 308 1097 345 fuerunt
1118 309 1175 345 vel

84 354 268 401 gremiales
282 355 303 396 ¹,
328 353 399 389 dici
422 353 587 398 oportet²
609 353 647 388 in
670 353 791 389 fructu
815 354 966 397 cedere),
992 354 1022 389 si
1045 354 1174 398 minus,

84 399 188 446 quasi
221 398 431 434 deteriorem
461 397 611 433 fundum
642 398 779 441 fecerit,
811 399 960 434 maritus
984 399 1173 434 tenebitur.

84 443 147 481 sed
159 443 238 480 etsi
259 443 294 479 vi
317 443 539 488 tempestatis
552 442 760 479 ceciderunt
771 444 808 486 2¹,
833 443 903 479 dici
927 448 1069 489 oportet
1091 454 1173 489 pre-

84 490 174 524 tium
207 498 330 523 earum
364 487 622 523 restituendum
655 488 793 524 mulieri
835 499 902 524 nec
936 489 972 524 in
1015 488 1173 524 fructum

83 533 219 576 cedere,
244 543 317 568 non
340 532 463 577 magis,
488 542 595 585 quam
613 533 650 568 ¹si
673 533 888 569 thensaurus
911 533 1021 569 fuerit
1050 534 1172 569 inven-

84 583 159 615 tus:
190 577 228 612 in
257 577 414 614 fructum
447 587 538 612 enim
569 588 642 613 non
674 578 959 623 computabitur,
991 578 1055 614 sed
1086 589 1172 624 pars

87 626 125 658 13
172 622 247 659 eius
260 621 404 658 dimidia
421 623 630 657 restituetur
665 623 744 658 uasi
762 623 799 658 in
820 623 934 659 alieno
954 624 1098 659 inventi.
1134 623 1172 659 Si

82 669 135 703 vir
164 667 200 703 in
231 666 342 702 fundo
374 667 529 703 mulieris
560 667 606 703 do
662 668 668 675 ”
708 668 919 713 lapidicinas
954 678 1172 704 marmoreas

82 711 252 748 invenerit
274 713 333 747 et³
356 712 507 747 fundum
530 712 805 748 fructuosiorem
835 712 979 756 fecerit,
1003 723 1170 756 marmor,

82 757 176 803 quod
199 766 343 792 caesum
367 767 482 802 neque
506 761 735 802 exportatum
766 761 839 800 est,
866 759 1007 793 “mariti
1038 762 1074 793 et
1104 758 1169 793 im-

81 811 191 848 pensa
213 812 286 837 non
310 805 366 837 est
389 802 421 837 ei
443 802 672 847 praestanda,
697 803 782 847 quia
812 813 879 838 nec
909 803 947 838 in
969 803 1091 839 fructu
1115 806 1171 838 est

81 856 252 882 marmor:
286 847 353 882 nisi
376 847 448 882 tale
464 847 512 882 sit
522 848 546 889 ⁵,
565 851 606 882 ut
626 847 718 892 lapis
733 847 783 882 ibi
802 852 1024 891 renascatur,
1045 848 1169 894 quales

84 895 122 926 14
170 895 254 927 sunt
285 891 322 926 in
347 890 482 934 Gallia,
515 896 600 928 sunt
631 896 667 927 et
697 892 734 927 in
757 893 856 928 Asia.
906 893 977 928 Sed
1008 893 1039 928 si
1063 893 1169 928 creti-

79 936 240 979 fodinae,
271 937 408 981 argenti
438 936 581 972 fodinae
611 937 666 972 vel
698 938 776 972 auri
809 938 865 972 vel
897 938 997 973 cuius
1022 938 1169 974 alterius

80 981 249 1016 materiae
260 981 332 1016 sint
344 982 398 1016 vel
414 981 583 1024 harenae,
596 983 720 1027 utique
738 983 776 1017 in
795 982 917 1017 fructu
929 983 1167 1018 habebuntur.

84 1029 121 1061 15
168 1026 350 1062 Interdum
373 1026 500 1062 marito
525 1027 570 1062 de
600 1026 776 1062 fructibus
801 1037 824 1062 a
846 1028 993 1062 muliere
1025 1031 1171 1063 cavetur

79 1078 116 1106 et
138 1071 225 1106 nihil
248 1071 388 1114 retinet,
414 1072 444 1106 si
466 1071 644 1107 fructibus
668 1072 848 1107 stantibus
871 1072 1020 1107 fundum
1044 1073 1170 1108 mulier

78 1116 150 1152 reci
174 1116 264 1151 iet⁶:
307 1116 483 1152 interdum
525 1117 692 1152 retinebit
732 1118 897 1152 tantum⁷
939 1117 1089 1152 maritus
1134 1121 1171 1153 et

79 1161 153 1196 nihi
196 1161 377 1204 restituet,
409 1161 446 1196 id
479 1165 534 1197 est
564 1162 594 1197 si
626 1172 700 1197 non
730 1162 812 1214 plus
844 1162 912 1198 erit
922 1163 946 1205 ⁸,
971 1172 1079 1207 quam
1102 1172 1168 1207 pro

77 1206 241 1252 portione
265 1216 345 1241 eum
367 1206 519 1242 retinere
543 1210 703 1252 oportet:
735 1207 914 1243 mterdum
930 1217 1013 1243 vero
1035 1211 1070 1242 et
1086 1207 1168 1242 red-

77 1251 159 1294 det,
195 1251 226 1287 si
259 1251 340 1296 plus
373 1252 534 1296 percepit
568 1262 676 1297 quam
711 1262 792 1287 eum
827 1252 981 1288 retinere
1015 1255 1167 1297 oportet.

77 1296 201 1331 eadem
233 1296 395 1332 condicio
428 1297 495 1332 erit
525 1297 650 1340 etiam,
683 1297 714 1332 si
746 1308 828 1332 cum
858 1308 984 1333 socero
1008 1298 1063 1332 vel
1087 1308 1168 1332 cum

81 1344 121 1376 16
167 1341 299 1377 herede
311 1342 516 1376 alterutrius
530 1341 573 1377 de
593 1342 677 1378 dote
696 1346 833 1387 agatur.
869 1342 1031 1388 Impendi
1049 1346 1169 1377 autem

76 1386 257 1421 fructuum
291 1386 600 1432 percipiendorum
635 1387 854 1433 Pomponius
890 1388 941 1422 ait
954 1414 963 1430 ,
1001 1387 1097 1432 quod
1130 1387 1168 1422 in

76 1431 211 1468 arando
236 1431 459 1476 serendoque
489 1442 573 1477 agro
605 1432 804 1477 impensum
837 1436 910 1475 est,
943 1432 1109 1478 quodque
1131 1433 1167 1467 in

77 1477 226 1511 tutelam
260 1476 503 1512 aedificiorum
551 1487 593 1512 ae
696 1488 738 1513 ve
781 1488 921 1514 servum
956 1477 1167 1520 curandum,

75 1520 213 1556 scilicet
235 1521 265 1556 si
289 1531 334 1556 ex
357 1521 520 1557 aedificio
552 1488 608 1557 vei
640 1532 742 1559 servo
773 1522 913 1558 fructus
947 1523 1057 1568 aliqui
1085 1533 1166 1568 per-

76 1566 309 1611 cipiebantur.
353 1566 416 1602 sed
448 1567 519 1602 hae
551 1567 721 1613 inpensae
756 1579 828 1603 non
862 1571 1050 1613 petentur,
1086 1578 1167 1602 cum

77 1611 224 1646 maritus
246 1611 404 1646 fructum
435 1615 551 1647 totum
581 1613 666 1647 anni
697 1613 844 1656 retinet,
870 1612 978 1658 quia⁹
1002 1623 1045 1648 ex
1067 1612 1167 1648 fruc-

75 1656 171 1691 tibus
215 1656 315 1701 prius
350 1657 518 1702 impensis
555 1657 846 1693 satisfaciendum
882 1662 948 1693 est.
995 1658 1103 1703 plane
1137 1658 1168 1693 si

76 1711 204 1736 novam
226 1701 345 1736 villain
368 1702 569 1738 necessario
594 1704 769 1738 exstruxit
799 1703 855 1738 vel
877 1707 1032 1739 veterem
1055 1706 1167 1738 totam

75 1746 151 1782 sine
182 1746 289 1791 culpa
319 1756 386 1782 sua
417 1747 624 1799 conlapsam
654 1749 868 1791 restituerit,
902 1748 969 1784 erit
1002 1748 1077 1784 eius
1101 1748 1166 1783 im-

101 1800 208 1826 ensae
242 1791 386 1836 petitio:
426 1791 529 1827 simili
559 1793 663 1828 modo
700 1797 736 1828 et
766 1794 797 1829 si
826 1794 970 1839 pastina
1000 1793 1165 1829 instituit.

75 1802 144 1871 Bae
167 1836 260 1871 enim
283 1836 453 1881 inpensae
476 1841 539 1872 aut
561 1838 598 1873 in
617 1848 675 1873 res
688 1840 716 1860 ¹⁰
736 1839 958 1874 necessarias
978 1842 1042 1874 aut
1060 1839 1166 1874 utiles

39 1889 43 1892 ’
76 1880 207 1917 cedunt
229 1881 375 1926 pariunt
399 1893 444 1918 ue
467 1883 594 1918 marito
619 1884 806 1919 actionem.

122 1923 146 1963 8
171 1925 330 1962 mes
350 1927 379 1962 li
399 1938 441 1962 ro
464 1929 616 1974 septimo
640 1928 689 1963 ad
712 1928 885 1964 Sabinum
900 1930 928 1950 ¹¹
971 1928 1009 1963 Si
1031 1928 1165 1964 fundus

74 1971 112 2007 in
136 1971 256 2006 dotem
280 1971 384 2007 datus
415 1972 479 2015 sit,
511 1973 548 2008 in
579 1984 649 2018 quo
681 1973 773 2019 lapis
805 1973 979 2016 caeditur,
1003 1973 1165 2019 lapidici-

75 2026 200 2052 narum
236 2017 458 2054 commodum
501 2018 548 2053 ad
591 2019 757 2053 maritum
798 2019 975 2064 pertinere
1011 2022 1164 2062 constat,

74 2061 159 2106 quia
182 2061 302 2106 palam
332 2063 379 2097 sit
410 2073 451 2098 eo
484 2063 601 2098 animo
633 2063 774 2099 dedisse
797 2064 979 2099 mulierem
1001 2063 1165 2108 fundum,

76 2110 116 2141 ut
137 2106 206 2141 iste
227 2105 368 2142 fructus
393 2108 439 2142 ad
463 2108 629 2143 maritum
652 2109 842 2154 pertineat,
866 2109 936 2144 nisi
966 2109 997 2145 si
1021 2112 1164 2145 contra-

74 2151 164 2188 riam
187 2151 406 2187 voluntatem
435 2153 473 2187 in
505 2153 588 2189 dote
619 2153 739 2189 danda
769 2154 1003 2190 declaraverit
1026 2154 1163 2190 mulier.

79 2201 93 2230 1
144 2196 247 2240 Quod
268 2197 306 2231 in
330 2201 522 2233 sementem
547 2202 732 2243 erogatur,
766 2199 798 2234 si
820 2209 895 2235 non
917 2199 1166 2244 responderint

72 2251 219 2321 iinesses,
245 2251 289 2276 ex
311 2242 489 2278 vindemia
504 2242 710 2286 deducetur,
731 2244 815 2289 quia
835 2244 946 2279 totius
968 2244 1052 2279 anni
1071 2254 1164 2280 unus

90 2290 212 2321 ructus
238 2291 301 2322 est.

121 2328 146 2369 9
170 2331 400 2367 POMPONIUS
434 2332 525 2368 libro
565 2336 696 2378 quarto
732 2333 868 2368 decimo
905 2333 956 2369 ad
988 2332 1163 2370 Sabinum

74 2376 113 2411 Si
135 2386 236 2411 mora
259 2387 323 2421 per
345 2377 526 2412 mulierem
548 2377 628 2420 fuit,
653 2388 723 2423 quo
746 2378 864 2413 minus
884 2378 1004 2414 dotem
1026 2379 1162 2425 recipe-

74 2424 139 2463 ret,
164 2421 283 2456 dolum
306 2422 438 2457 malum
461 2421 649 2457 dumtaxat
670 2423 708 2457 in
732 2432 774 2458 ea
796 2433 847 2466 re,
871 2434 945 2460 non
957 2424 1064 2459 etiam
1088 2425 1163 2459 cul-

74 2476 157 2511 pam
180 2467 329 2502 maritus
360 2470 546 2512 praestare
577 2467 701 2511 debet,
732 2478 778 2504 ne
806 2467 905 2504 facto
936 2469 1094 2504 mulieris
1126 2469 1164 2504 in

75 2515 284 2557 perpetuum
303 2522 426 2557 agrum
446 2512 521 2548 eius
542 2512 659 2548 colere
679 2516 844 2558 cogatur:
868 2513 1008 2549 fructus
1031 2518 1163 2557 tamen,

73 2557 134 2601 qui
182 2557 399 2592 ervenissent
422 2557 470 2592 ad
492 2557 616 2599 virum,
640 2558 849 2594 redduntur.

123 2600 142 2638 1
197 2601 306 2637 IDEM
324 2602 415 2638 libro
465 2603 566 2638 uz'nto
591 2603 728 2639 decimo
752 2603 803 2639 ad
824 2602 999 2640 Sabinum
1054 2603 1093 2639 Si
1116 2604 1162 2639 ab

74 2646 236 2682 hostibus
273 2650 380 2692 capta
456 2648 499 2691 'a,
535 2658 627 2693 quae
661 2652 775 2693 nupta
809 2652 886 2684 erat
921 2652 958 2684 et
991 2649 1110 2684 dotem
1141 2659 1164 2684 a

101 2694 175 2727 atre
197 2691 396 2737 profectam
418 2693 587 2735 habebat,
610 2693 660 2728 ibi
684 2693 896 2737 decesserit,
927 2697 1015 2739 puto
1040 2693 1162 2729 dicen·

98 2747 158 2772 um
188 2737 335 2782 perinde
365 2737 589 2773 observanda
619 2739 739 2774 omnia
764 2748 806 2774 ac
837 2738 868 2774 si
899 2742 1012 2784 nupta
1040 2739 1162 2774 deces-

73 2781 190 2824 sisset,
213 2785 265 2824 ut,
290 2782 429 2818 etiamsi
451 2783 489 2818 in
512 2786 692 2828 potestate
722 2793 795 2819 non
817 2782 928 2819 fuerit
949 2784 1074 2829 patris,
1098 2784 1162 2819 dos

80 2829 94 2860 1
143 2827 188 2862 ab
221 2837 262 2862 eo
294 2827 458 2872 profecta
487 2828 617 2863 reverti
648 2828 695 2863 ad
734 2839 814 2864 eum
846 2828 985 2864 debeat.
1042 2828 1081 2864 Si
1110 2829 1163 2864 vir

76 2881 222 2907 uxorem
257 2882 358 2907 suam
392 2873 581 2916 occiderit,
626 2873 718 2909 dotis
761 2874 938 2909 actionem
971 2873 1163 2910 heredibus

77 2916 197 2952 uxoris
221 2916 375 2952 dandam
399 2928 477 2953 esse
488 2918 664 2954 Proculus
688 2919 751 2961 ait,
776 2922 813 2954 et
835 2922 950 2954 recte:
977 2929 1050 2954 non
1069 2919 1163 2954 enim

75 2970 227 3006 aequum
258 2965 313 2997 est
342 2963 455 2998 virum
486 2963 531 2998 ob
563 2963 704 2999 facinus
737 2974 842 3000 suum
873 2964 992 3000 dotem
1015 2974 1163 3009 sperare

77 3004 295 3042 lucrifacere.
318 3007 483 3053 idemque
506 3012 542 3044 et
566 3019 586 3044 e
610 3009 789 3045 contrario
814 3009 1044 3044 statuendum
1068 3012 1132 3045 est.

125 3049 171 3088 11
210 3051 319 3087 IDEM
355 3053 446 3090 libro
485 3057 591 3088 sexto
626 3054 762 3090 decimo
797 3054 848 3090 ad
880 3053 1055 3090 Sabinum
1124 3053 1163 3090 Si

77 3095 228 3132 alienam
248 3107 323 3132 rem
347 3098 462 3133 sciens
484 3098 611 3133 mulier
633 3098 671 3133 in
695 3099 814 3134 dotem
838 3099 986 3143 dederit,
1010 3099 1161 3135 redden·

78 3139 124 3192 da
147 3141 179 3176 ei
201 3145 265 3185 est,
291 3143 393 3187 quasi
416 3153 518 3179 suain
536 3143 702 3187 dedisset,
728 3148 763 3179 et
784 3143 924 3180 fructus
937 3145 965 3166 ¹²
987 3155 1052 3190 pro
1076 3155 1161 3190 por-

77 3188 172 3221 tione
195 3187 290 3229 anni,
314 3198 384 3233 quo
410 3188 597 3223 divortium
620 3188 758 3224 factum
782 3193 846 3225 est.

126 3228 176 3267 12
207 3230 400 3268 UM’JANUS
426 3233 517 3269 libro
549 3234 732 3280 triqesz'mo
762 3237 869 3270 sexto
904 3234 955 3270 ad
986 3233 1160 3270 Sabinum

78 3274 246 3311 Maritum
275 3277 314 3312 in
343 3278 380 3313 id
411 3278 508 3323 quod
537 3277 657 3314 facere
686 3282 807 3324 potest
838 3278 1068 3315 condemnari
1099 3289 1160 3314 ex-

77 3319 255 3365 ploratum
278 3325 350 3357 est:
376 3323 439 3358 sed
458 3323 528 3358 hoc
551 3323 674 3359 heredi
696 3334 769 3359 non
793 3334 872 3360 esse
894 3324 1160 3370 praestandum,

128 3362 177 3402 13
201 3365 359 3402 Panos
386 3367 477 3403 libro
508 3369 659 3413 septimo
691 3369 742 3404 ad
763 3368 936 3405 Sabinum
983 3369 1067 3421 quia
1089 3369 1162 3404 tale

78 3407 288 3446 beneficium
304 3413 491 3456 personale
510 3417 565 3448 est
585 3417 620 3448 et
639 3424 720 3448 cum
739 3424 894 3459 persona
913 3414 1159 3459 exstinguitur.

127 3452 178 3491 14
216 3454 408 3492 Uipsanas
435 3457 526 3492 libro
558 3459 741 3503 trigesimo
772 3463 878 3494 sexto
908 3458 959 3494 ad
986 3458 1161 3494 Sabinum

81 3497 162 3549 Alia
185 3510 295 3535 causa
325 3505 381 3536 est
411 3501 624 3545 defensoris,
657 3514 761 3548 quem
791 3503 911 3548 placet
941 3503 1162 3539 sufficienter

78 3543 189 3578 videri
212 3544 422 3588 defendisse,
446 3547 476 3581 si
498 3550 638 3582 tantum
662 3549 763 3583 uxori
787 3551 962 3593 praestet,
988 3552 1161 3593 quantum

82 3655 121 3694 (ι)
134 3656 305 3688 cremiaies
319 3658 400 3693 Ηαι,
450 3660 492 3699 ‹2›
506 3635 575 3691 dici
588 3662 721 3702 oportet
734 3661 797 3694 «121.
847 3662 900 3699 ‹r›
913 3661 1100 3694 ceciderint
1110 3660 1159 3693 Ρ

83 3699 125 3737 (3)
138 3710 199 3732 nec
216 3701 369 3735 Cuiacz'us
416 3704 458 3744 (4)
472 3707 523 3735 est
536 3705 596 3737 ins.
608 3705 787 3739 For-nerins
841 3708 883 3746 (5)
908 3706 976 3738 nisi
990 3706 1074 3739 tales
1087 3707 1158 3738 sint

81 3754 142 3776 scr.
182 3747 226 3786 (e)
238 3746 380 3788 recipiat
392 3747 440 3778 F2
488 3750 530 3788 (7)
544 3751 649 3780 totum
660 3751 731 3783 cdd.
781 3751 824 3790 (8)
838 3751 918 3793 erit]
929 3751 1082 3792 percepit
1093 3763 1155 3783 scr.

1171 139 1248 186 321

2099 148 2332 192 XX11113

1245 267 1260 299 1
1312 269 1600 311 consequeretur,
1622 267 1653 302 si
1672 266 1788 312 ipsum
1802 268 1968 304 maritum
1981 268 2216 306 convenisset.
2248 269 2334 306 Ele-

1241 313 1368 390 {anter
1399 310 1537 356 quaerit
1567 310 1787 357 Pomponius
1826 313 1918 349 libro
1961 314 2083 366 quinto
2119 314 2256 351 decimo
2290 325 2335 351 ex

1269 355 1389 398 abino,
1413 355 1444 391 si
1493 355 1673 391 aciscatur
1703 357 1872 401 maritus,
1905 369 1950 394 ne
1973 370 2010 394 in
2032 359 2070 394 id
2094 359 2192 405 quod
2213 359 2335 396 facere

1241 400 1356 444 possit
1381 410 1450 436 con
1475 404 1647 443 emnetur,
1672 402 1736 437 sed
1758 402 1796 436 in
1821 403 1992 446 solidum,
2025 414 2073 440 an
2095 404 2165 441 hoc
2188 408 2335 450 pactum

1241 444 1454 480 servandum
1472 444 1546 481 sit?
1570 449 1606 481 et
1617 450 1724 491 negat
1734 448 1866 482 servari
1889 453 2063 493 oportere,
2100 449 2173 485 uod
2192 449 2334 496 quidem

1242 493 1277 523 et
1300 490 1386 524 mihi
1409 489 1550 526 videtur
1572 501 1713 527 verum:
1750 501 1904 537 namque
1928 498 2054 529 contra
2104 505 2192 531 onos
2215 505 2334 531 mores

1239 533 1276 569 id
1299 538 1445 579 pactum
1471 545 1550 571 esse
1572 536 1697 571 melius
1722 539 1777 572 est
1800 536 1929 580 dicere,
1954 540 2085 583 quippe
2105 550 2186 575 cum
2207 543 2334 575 contra

1239 584 1420 623 receptam
1442 580 1687 624 reverentiam,
1713 591 1806 626 quae
1823 582 1962 618 maritis
1983 584 2184 620 exhibenda
2207 588 2273 628 est,
2296 585 2334 620 id

1241 634 1319 659 esse
1342 628 1493 704 apparet
1506 626 1545 660 ¹³.

1288 667 1338 705 15
1396 679 1524 705 AULUS
1543 670 1634 706 libro
1666 671 1817 716 septimo
1850 671 1901 706 ad
1922 670 2095 707 Sabinum
2142 673 2209 709 Rei
2240 674 2332 710 iudi-

1240 717 1343 749 catae
1378 718 1519 760 tempus
1555 718 1761 760 spectatur,
1829 719 1983 751 uatenus
2018 718 2167 753 maritus
2211 718 2333 756 facere

1243 762 1256 793 1
1306 762 1436 804 potest.
1482 759 1615 795 Heredi
1645 759 1781 803 mariti,
1827 760 1898 796 icet
1928 761 1965 796 in
1989 762 2140 797 solidum
2165 764 2331 799 condem-

1238 807 1354 846 netur,
1380 804 1690 849 compensationes
1723 808 1862 848 tamen,
1896 816 1987 851 quae
2019 807 2065 842 ad
2085 809 2333 859 pecuniariam

1239 859 1386 884 causam
1409 849 1615 894 respiciunt,
1639 849 1848 894 proderunt,
1881 855 1923 885 ut
1953 851 2023 887 hoc
2047 863 2163 887 minus
2197 854 2244 889 sit
2267 854 2331 890 ob-

1237 893 1378 938 ligatus,
1402 894 1512 929 veluti
1535 895 1581 930 ob
1605 905 1662 929 res
1687 895 1839 931 donatas
1860 900 1895 931 et
1919 900 2057 932 amotas
2077 901 2112 932 et
2133 897 2330 943 impensas:

1238 941 1258 973 2
1304 949 1443 974 morum
1484 949 1568 974 vero
1613 940 1860 976 coercitionem
1902 952 1975 976 non
2009 942 2129 976 habet.
2199 942 2330 979 Socero

1238 994 1390 1028 quoque,
1426 995 1508 1019 cum
1538 995 1608 1029 quo
1644 995 1756 1020 nurus
1788 985 1832 1021 de
1864 985 1947 1021 dote
1978 987 2069 1032 agit,
2101 987 2194 1022 idem
2217 988 2332 1024 honor

1237 1029 1402 1071 habetur,
1426 1033 1468 1064 ut
1481 1030 1507 1050 ¹⁴
1531 1029 1568 1064 in
1591 1029 1628 1064 id
1652 1029 1841 1065 damnetur
1864 1031 1959 1076 quod
1982 1031 2104 1067 facere
2126 1036 2256 1077 potest,

1289 1071 1338 1110 16
1372 1074 1606 1110 Poupomvs
1637 1074 1729 1110 libro
1762 1079 1868 1111 sexto
1904 1076 2041 1112 decimo
2073 1076 2123 1112 ad
2157 1076 2331 1113 Sabinum

1239 1117 1323 1162 quia
1345 1119 1505 1163 parentis
1529 1119 1649 1155 locum
1672 1130 1775 1155 socer
1799 1120 1947 1165 optinet.

1287 1159 1338 1199 17
1363 1162 1525 1198 Pinus
1545 1164 1813 1215 libro-septimo
1831 1166 1881 1200 ad
1899 1165 2074 1202 Sabinum
2108 1165 2168 1201 Ex
2192 1166 2330 1203 diverso

1238 1207 1269 1243 si
1292 1217 1396 1243 socer
1420 1218 1464 1243 ex
1487 1217 1724 1252 promissione
1756 1217 1779 1242 a
1809 1210 1936 1244 marito
1963 1211 2214 1253 conveniatur,
2241 1211 2333 1246 solet

1238 1252 1381 1298 quaeri,
1414 1262 1461 1287 an
1491 1252 1585 1288 idem
1618 1253 1651 1287 ei
1680 1252 1797 1288 honor
1826 1253 2014 1289 habendus
2056 1254 2120 1290 sit:
2163 1255 2331 1292 Neratius

1237 1298 1337 1333 libris
1362 1298 1648 1333 membranarum
1673 1301 1709 1332 et
1719 1297 1896 1334 Proculus
1921 1299 2083 1334 scribunt
2105 1299 2174 1335 hoc
2198 1300 2331 1335 iustum

1240 1347 1253 1377 1
1305 1352 1394 1378 esse.
1442 1343 1531 1378 Item
1555 1342 1585 1378 si
1608 1342 1734 1378 mulier
1757 1352 1801 1378 ex
1823 1344 2058 1388 promissione
2088 1345 2331 1388 conveniatur,

1236 1388 1348 1433 magis
1382 1388 1520 1433 placuit
1555 1387 1814 1423 defendendam
1849 1398 1928 1423 eam
1969 1399 2034 1434 per
2066 1390 2330 1435 exceptionem:

1235 1432 1330 1468 idem
1355 1436 1391 1468 et
1412 1432 1590 1468 Proculus
1614 1433 1683 1468 ait:
1716 1433 1823 1468 sicuti
1847 1444 1928 1469 cum
1952 1434 2051 1469 socia
2073 1434 2162 1478 fuit,
2187 1435 2333 1470 dabitur

1237 1481 1256 1512 2
1305 1477 1339 1513 ei
1373 1478 1558 1523 exceptio,
1593 1478 1753 1522 quamvis
1782 1478 1859 1513 iure
1883 1478 1976 1515 civili
2006 1479 2053 1515 sit
2076 1479 2245 1525 obligata.
2293 1479 2332 1515 Si

1235 1523 1273 1558 in
1304 1522 1436 1559 iudicio
1470 1523 1562 1558 dotis
1590 1523 1698 1558 iudex
1729 1523 1931 1568 ignorantia
1960 1524 2049 1559 iuris
2083 1525 2206 1570 lapsus
2244 1535 2330 1561 con-

1237 1568 1455 1604 demnaverit
1473 1568 1641 1603 maritum
1660 1568 1698 1603 in
1719 1568 1882 1611 solidum,
1902 1568 2071 1605 Neratius
2085 1569 2239 1606 Sabinus
2258 1570 2331 1606 doli

1237 1623 1323 1649 exce
1350 1613 1447 1648 tione
1471 1623 1551 1649 eum
1574 1613 1628 1648 uti
1652 1616 1817 1658 oportere
1840 1614 1941 1649 aiunt
1961 1624 2074 1660 eaque
2098 1618 2215 1650 tutum
2238 1614 2328 1651 fore.

1285 1624 1348 1697 Ῑέ)
1371 1658 1603 1694 Pom’omvs
1631 1657 1723 1694 libro
1758 1662 1864 1695 sexto
1899 1659 2036 1695 decimo
2071 1659 2122 1695 ad
2154 1659 2329 1696 Sabinum

1235 1704 1356 1739 Etiam
1387 1703 1480 1739 filios
1512 1703 1686 1746 mulieris,
1719 1703 1780 1748 qui
1811 1704 1906 1749 patri
1928 1704 2078 1740 heredes
2102 1705 2327 1748 exstiterunt,

1235 1749 1273 1784 in
1295 1750 1332 1785 id
1357 1748 1453 1795 quod
1475 1748 1596 1784 facere
1619 1751 1771 1793 possunt
1802 1749 2092 1785 condemnandos
2115 1749 2240 1786 Labeo
2265 1750 2327 1785 ait.

1239 1798 1253 1829 1
1302 1795 1408 1830 Licet
1437 1794 1475 1828 in
1505 1793 1686 1829 dotalibus
1717 1793 1824 1829 rebus
1856 1804 1930 1829 non
1960 1794 2078 1830 solum
2101 1794 2240 1837 dolum,
2265 1794 2329 1831 sed

1236 1843 1272 1875 et
1296 1838 1437 1885 culpam
1460 1839 1609 1874 maritus
1632 1842 1804 1883 praestet,
1829 1849 1910 1874 cum
1933 1842 2053 1874 tamen
2085 1840 2268 1885 quaeritur
2290 1840 2329 1875 in

1234 1884 1365 1920 iudicio
1403 1884 1446 1919 de
1481 1883 1564 1919 dote
1599 1893 1646 1918 aii
1681 1883 1802 1919 facere
1836 1884 1962 1928 possit,
2001 1884 2104 1920 dolus
2141 1884 2329 1920 dumtaxat

1235 1928 1558 1975 comprehenditur,
1583 1928 1667 1974 quia
1689 1928 1727 1963 in
1745 1938 1864 1963 rerum
1887 1928 1999 1974 ipsius
2020 1929 2328 1965 administratione

1234 1985 1307 2010 non
1331 1977 1409 2010 erat
1433 1974 1478 2009 ab
1504 1984 1545 2009 eo
1563 1973 1669 2018 culpa
1686 1973 1869 2018 exigenda.
1896 1984 2111 2019 quamquam
2128 1985 2210 2010 euin
2227 1974 2327 2010 dum-

1233 2023 1337 2055 taxat
1360 2019 1481 2055 dolum
1505 2019 1537 2054 ei
1560 2029 1691 2054 nocere
1713 2022 1854 2064 putem,
1887 2020 1918 2054 si
1947 2019 2067 2055 facere
2097 2030 2170 2055 non
2201 2020 2327 2065 possit,

1233 2075 1338 2110 quem
1368 2068 1517 2110 propter
1546 2073 1694 2099 uxorem
1725 2063 1905 2107 adhibuit,
1938 2074 1984 2100 ne
2016 2065 2047 2100 ei
2078 2065 2233 2100 solidum
2257 2065 2327 2100 sol-

1232 2113 1347 2153 veret,
1378 2120 1451 2145 non
1511 2112 1635 2154 ropter
1668 2109 1860 2154 quemlibet
1890 2109 2009 2144 alium.
2058 2109 2184 2145 Ofilius
2209 2113 2326 2145 autem

1233 2155 1363 2198 aiebat,
1390 2155 1421 2190 si
1445 2154 1489 2189 do
1505 2165 1526 2190 o
1543 2154 1661 2189 mariti
1683 2163 1742 2189 res
1766 2153 1895 2189 dotalis
1914 2155 2095 2190 interisset
2115 2158 2152 2190 et
2171 2155 2327 2200 alioquin

1233 2199 1402 2235 solvendo
1426 2210 1499 2234 non
1523 2202 1628 2242 esset,
1662 2198 1821 2244 quamvis
1853 2199 1942 2234 nihil
1967 2199 2049 2235 dolo
2073 2199 2230 2242 fecisset,
2255 2210 2326 2245 quo

1233 2245 1350 2280 minus
1374 2244 1542 2280 solvendo
1568 2247 1681 2286 esset,
1713 2243 1862 2289 perinde
1894 2247 2014 2280 tamen
2047 2255 2128 2280 eum
2153 2244 2326 2280 damnan-

1233 2290 1318 2325 dum
1341 2290 1417 2325 eius
1440 2289 1492 2324 rei
1516 2288 1644 2325 dotalis
1674 2289 1818 2324 nomine
1847 2289 1886 2324 in
1916 2300 1987 2334 qua
2018 2289 2139 2325 dolum
2170 2290 2324 2332 fecisset,

1233 2338 1342 2380 atque
1371 2334 1401 2370 si
1435 2334 1516 2370 dolo
1552 2334 1627 2370 eius
1659 2334 1795 2369 factum
1827 2337 1938 2377 esset,
1963 2345 2033 2380 quo
2066 2335 2181 2370 minus
2204 2334 2326 2370 facere

1232 2380 1358 2425 possit.
1395 2382 1552 2415 ceterum
1583 2379 1614 2415 si
1645 2379 1742 2415 circa
1771 2379 1953 2414 interitum
1986 2379 2039 2414 rei
2070 2379 2198 2415 dotalis
2223 2379 2325 2415 dolus

1232 2425 1345 2461 malus
1371 2428 1407 2460 et
1431 2425 1538 2469 culpa
1560 2423 1679 2459 mariti
1701 2424 1806 2465 absit,
1832 2424 1991 2458 actiones
2024 2425 2119 2458 solas
2132 2450 2141 2466 ‚
2167 2434 2257 2469 quas
2282 2434 2323 2459 eo

1232 2470 1374 2504 nomine
1409 2469 1510 2514 quasi
1546 2468 1695 2503 maritus
1737 2467 1867 2510 habet,
1902 2468 2139 2513 praestandas
2175 2468 2324 2511 mulieri,

1231 2514 1341 2549 veluti
1363 2513 1451 2548 furti
1475 2513 1530 2548 vel
1555 2513 1674 2548 damni
1696 2512 1858 2548 iniuriae.

1280 2556 1331 2596 19
1363 2558 1559 2595 ULPIANUS
1587 2558 1678 2594 libro
1711 2558 1893 2610 trzyesimo
1923 2560 2029 2593 sexto
2069 2558 2120 2593 ad
2149 2557 2322 2594 Sabinum

1232 2603 1269 2639 si
1303 2604 1431 2639 mulier
1466 2602 1648 2639 diverterit
1681 2605 1718 2638 et
1751 2602 1882 2637 iudicio
1924 2602 1967 2637 de
2003 2603 2086 2638 dote
2121 2606 2321 2639 contestato

1230 2659 1373 2684 reversa
1404 2648 1514 2684 fuerit
1543 2648 1581 2683 in
1613 2647 1896 2690 matrimonium,
1927 2647 2167 2693 redintegrato
2199 2649 2320 2683 matri-

1230 2694 1349 2730 monio
1363 2695 1391 2715 ¹⁵
1415 2694 1574 2739 exspirat
1595 2693 1766 2728 iudicium
1790 2696 1826 2728 et
1849 2692 1967 2727 omnia
1988 2693 2025 2728 in
2050 2697 2148 2728 statu
2171 2693 2321 2738 pristino

1230 2742 1386 2775 manent.

1277 2782 1330 2822 20
1354 2783 1412 2819 ΡΑ
1420 2793 1516 2819 σιω]
1543 2782 1634 2818 libro
1664 2782 1815 2828 septimo
1847 2781 1899 2817 ad
1920 2781 2094 2819 Sabinum
2153 2782 2321 2827 Quamvis

1230 2829 1356 2864 mulier
1391 2839 1465 2864 non
1498 2828 1537 2863 in
1570 2828 1640 2863 hoc
1674 2826 1831 2872 accipiat
1873 2830 2061 2863 constante
2095 2828 2319 2863 matrimonio

1230 2874 1368 2916 dotem,
1402 2877 1445 2908 ut
1477 2883 1538 2908 aes
1574 2872 1728 2907 alienum
1764 2871 1879 2907 solvat
1913 2876 1978 2907 aut
2010 2872 2159 2925 praedia
2191 2873 2322 2909 idonea

1231 2922 1336 2962 emat,
1361 2918 1424 2954 sed
1448 2921 1489 2953 ut
1511 2918 1632 2953 liberis
1656 2927 1700 2953 ex
1723 2916 1792 2952 alio
1817 2917 1891 2952 viro
1906 2918 2088 2962 egentibus
2113 2921 2177 2953 aut
2198 2917 2319 2953 fratri-

1229 2964 1298 2999 bus
1322 2967 1386 2998 aut
1408 2963 1618 3008 parentibus
1639 2962 1841 2998 consuleret
1862 2962 1918 2997 vel
1940 2966 1982 2997 ut
2001 2972 2063 2998 eos
2088 2972 2132 2997 ex
2155 2963 2318 2998 hostibus

1229 3009 1428 3051 redimeret,
1453 3008 1538 3053 quia
1559 3007 1656 3042 iusta
1679 3010 1715 3042 et
1736 3006 1886 3042 honesta
1906 3017 2017 3043 causa
2041 3011 2106 3050 est,
2130 3018 2203 3043 non
2222 3007 2318 3042 vide-

1229 3058 1290 3089 tur
1312 3054 1405 3088 male
1428 3052 1592 3098 accipere
1616 3055 1652 3087 et
1674 3051 1753 3087 ideo
1777 3056 1876 3088 recte
1899 3052 1932 3087 ei
1955 3053 2120 3088 solvitur:
2154 3052 2260 3097 idque
2284 3056 2319 3087 et

1228 3099 1267 3135 in
1290 3098 1364 3134 filia
1385 3097 1539 3133 familias
1563 3097 1784 3133 observatur.

1276 3142 1326 3181 21
1370 3143 1565 3179 Uipsanas
1591 3141 1683 3178 libro
1714 3142 1818 3177 tertio
1849 3141 1906 3178 dis
1933 3143 2133 3178 utationum
2189 3140 2257 3176 Sed
2283 3143 2318 3175 et

1229 3189 1260 3225 si
1283 3189 1363 3224 ideo
1396 3188 1545 3223 maritus
1581 3197 1626 3222 ex
1660 3186 1743 3222 dote
1775 3197 1888 3239 expen
1913 3188 1959 3230 it,
1992 3191 2034 3222 ut
2064 3197 2087 3222 a
2117 3186 2315 3236 latronibus

1229 3234 1419 3270 redimeret
1440 3231 1663 3268 necessarias
1685 3231 1825 3267 mulieri
1847 3243 2018 3278 personas
2050 3232 2104 3267 vel
2127 3234 2169 3265 ut
2191 3230 2316 3264 muher

1230 3279 1379 3315 vinculis
1402 3277 1558 3313 vindicet
1576 3276 1621 3312 de
1639 3277 1836 3313 necessaris
1856 3278 1931 3313 suis
1949 3278 2111 3322 aliquem,
2130 3278 2315 3326 reputatur

1231 3324 1263 3359 ei
1292 3324 1330 3359 id
1362 3322 1457 3368 quod
1490 3332 1686 3367 expensum
1717 3325 1773 3358 est
1783 3323 1812 3344 ¹⁶
1843 3323 1915 3358 sive
1943 3333 2027 3367 pars
2052 3321 2143 3356 dotis
2168 3324 2223 3371 sit,
2246 3329 2313 3364 pro

1231 3379 1274 3404 ea
1297 3372 1411 3414 parte,
1436 3367 1509 3403 sive
1532 3370 1611 3402 tota
1633 3367 1698 3403 dos
1723 3367 1779 3410 sit,
1805 3367 1900 3403 actio
1926 3367 2017 3402 dotis
2042 3367 2230 3401 evanescit.
2279 3366 2314 3397 et

1229 3414 1341 3449 multo
1366 3412 1477 3457 magis
1500 3411 1594 3447 idem
1607 3413 1634 3433 ¹⁷
1666 3412 1854 3447 dicendum
1879 3416 1951 3454 est,
1976 3412 2006 3447 si
2038 3421 2140 3446 socer
2164 3411 2257 3459 agat.
2270 3407 2314 3442 de

1231 3459 1325 3500 dote,
1350 3458 1479 3492 debere
1501 3457 1676 3493 rationem
1694 3458 1820 3492 haberi
1844 3457 1918 3492 eius
1939 3456 2034 3501 quod
2053 3456 2090 3490 in
2108 3456 2224 3499 ipsum
2247 3463 2312 3504 im-

1229 3513 1379 3548 pensum
1404 3505 1469 3545 est,
1502 3502 1574 3537 sive
1609 3502 1621 3537 i
1647 3513 1685 3538 se
1716 3502 1864 3537 maritus
1896 3503 1964 3536 hoc
1997 3501 2083 3535 fecit
2115 3499 2188 3534 sive
2218 3497 2312 3531 fihae

1229 3552 1271 3582 ut
1292 3547 1404 3582 faciat
1427 3546 1540 3582 dedit:
1577 3557 1616 3583 se
1665 3551 1700 3582 et
1724 3547 1754 3583 si
1777 3558 1848 3582 non
1871 3550 1973 3591 pater
1997 3544 2223 3589 experiretur,
2249 3540 2312 3576 sed

1852 3660 1905 3698 (11)
1931 3657 2169 3699 inscriptionem
2182 3655 2243 3688 del.
2256 3654 2292 3687 F
2297 3656 2312 3677 ¹

2077 3702 2134 3742 (14)
2159 3703 2197 3732 ut
2208 3712 2266 3733 om.
2280 3698 2316 3733 F

2046 3747 2102 3787 (17)
2135 3744 2223 3777 idem
2243 3743 2309 3778 del.

1993 3804 2032 3836 41

1228 3661 1270 3700 (9)
1297 3659 1407 3701 quaF

1227 3709 1284 3743 (12)
1310 3714 1442 3746 quoque
1454 3706 1514 3738 ins.
1527 3705 1580 3738 F²

1227 3750 1284 3789 (15)
1309 3749 1561 3782 matrimonium
1573 3749 1626 3783 F2

1517 3661 1576 3702 (1ο)
1601 3671 1653 3693 res
1674 3661 1736 3694 del.

1673 3707 1730 3746 (13)
1756 3706 1916 3746 appareat
1926 3701 1979 3735 F2

1741 3751 1799 3790 (16)
1825 3752 1858 3780 et
1870 3750 1928 3781 ins.
