2528 3918
120 127 438 164 LIBERTA'I'IBUS

119 244 275 279 rationes
304 241 454 279 reddere
482 241 587 278 heres
616 239 818 276 libertatem
842 249 914 273 non
937 240 1114 283 praestet,
1148 237 1200 273 di-

119 288 232 324 cendo
269 298 330 324 eos
364 298 437 324 non
469 286 614 333 placere
648 284 735 327 sibi,
775 294 821 319 an
857 283 1036 319 audienda
1072 287 1166 320 esset
1179 284 1200 318 ¹.

118 333 303 379 respondit
325 343 398 368 non
419 343 437 369 s
464 330 670 373 ectandum,
703 329 798 375 quod
822 329 1013 365 heredibus
1037 328 1090 364 dis
1118 329 1201 364 lice-

118 383 191 423 ret,
215 379 278 415 sed
300 378 337 414 id
360 388 430 423 quo
477 376 552 412 viro
575 376 670 411 bono
694 377 818 420 posset
840 374 1000 419 placere,
1029 377 1070 409 ut
1109 374 1201 409 'ber-

118 428 138 459 5
185 428 296 460 tatem
327 432 434 459 conse
458 425 600 457 uantur.
649 420 763 456 Lucia
793 420 890 455 Titia
919 420 1087 455 heredum
1118 418 1202 454 fidei

118 469 310 513 commisit,
343 467 397 503 uti
426 433 649 511 flamphilam
680 465 846 501 ancillam
876 464 980 500 Seiae
1009 475 1090 500 cum
1121 463 1201 515 filiis

117 515 193 551 eius
211 513 424 550 redimerent
442 515 478 547 et
497 511 796 553 manumitterent,
817 514 853 546 et
873 510 1056 552 iuridicus,
1078 514 1202 555 quanti

117 559 246 604 singuli
275 560 392 594 essent
413 556 625 598 redimendi,
656 556 873 592 aestimavit:
905 555 1019 591 medio
1043 559 1202 599 tempore

117 603 320 649 Pamphila,
359 605 551 647 antequam
580 601 760 647 pecunia²
789 601 1004 644 solveretur,
1043 599 1200 646 peperit:

118 659 264 695 quaero,
293 648 330 683 id
354 647 448 693 quod
478 652 602 682 natum
631 651 688 683 est
717 657 762 682 ex
785 646 972 691 Pamphila
1004 649 1124 681 utrum
1156 644 1202 679 ad

116 694 264 730 heredes
289 692 390 729 Seiae
412 702 460 728 an
485 692 554 727 ad³
577 691 744 727 heredem
765 691 880 727 Titiae
903 691 1091 736 pertineat.
1127 700 1200 725 res-

114 739 240 785 pondit
261 738 308 781 id,
334 738 431 783 quod
454 741 578 773 natum
603 740 658 773 est
679 747 725 773 ex
739 736 940 782 Pamphila,
965 736 1041 772 eius
1060 735 1201 781 quidem

116 794 208 828 esse,
238 783 340 819 cuius
369 793 413 819 ea
436 782 556 818 fuerat
578 786 665 817 tunc
690 793 771 818 cuin
821 786 955 817 areret:
985 792 1108 817 verum
1139 781 1201 815 he-

114 829 243 873 redem,
267 828 300 864 si
322 838 459 864 moram
481 828 776 863 fideicommissae
813 826 958 863 ibertati
981 826 1077 869 fecit,
1106 836 1200 861 com-

114 873 315 920 pellendum
371 878 488 908 artum
520 883 662 919 quoque
690 872 738 908 ad
765 872 968 908 libertatem
991 872 1199 917 perducere.

115 924 135 955 6
182 919 318 954 Lucius
343 884 459 954 'fitius
481 919 534 954 ita
556 922 769 954 testamento
794 917 906 954 cavit:
940 917 1106 953 ‘medicos
1137 916 1203 952 tibi

115 964 333 1001 ‘commendo
364 964 464 999 illum
496 968 532 1000 et
562 964 679 999 illum:
716 964 755 998 in
783 967 847 998 tuo
879 963 1009 999 iudicio
1040 962 1124 1005 erit,
1162 965 1203 996 ut

116 1010 261 1046 ‘habeas
295 1010 410 1045 bonos
443 1010 591 1045 libertos
626 1013 663 1044 et
698 1008 866 1044 medicos.
922 1007 1019 1054 quod
1049 1009 1080 1043 si
1111 1007 1201 1052 ego⁴

117 1055 325 1091 ‘libertatem
354 1055 404 1090 eis
435 1055 630 1098 dedissem,
662 1055 796 1090 veritus
826 1064 923 1096 sum,
961 1052 1056 1099 quod
1087 1052 1202 1089 sorori

114 1104 226 1136 ‘meae
258 1100 462 1136 carissimae
492 1100 657 1135 fecerunt
686 1099 814 1135 medici
843 1099 935 1135 servi
965 1099 1041 1135 eius
1076 1108 1202 1133 manu-

113 1146 224 1182 ‘missi
248 1146 293 1181 ab
318 1156 361 1181 ea
407 1145 468 1191 qui
492 1145 622 1181 salario
646 1145 788 1190 expleto
811 1145 1034 1189 reliquerunt
1042 1144 1067 1165 ⁴¹
1091 1144 1200 1179 eam’:

114 1201 258 1237 quaero,
283 1201 330 1226 an
353 1173 627 1227 fideicommissa
645 1191 793 1226 libertas
814 1200 924 1235 supra
942 1189 1085 1235 scriptis
1105 1199 1202 1224 com-

113 1241 234 1282 petere
257 1240 387 1282 potest.
435 1236 621 1281 respondit
649 1236 845 1272 secundum
875 1245 919 1271 ea
948 1245 1040 1280 quae
1067 1245 1201 1279 propo-

113 1285 281 1318 nerentur
304 1292 377 1317 non
400 1282 648 1317 necessitatem
671 1281 862 1316 heredibus
885 1280 1107 1325 impositam,
1139 1279 1202 1316 sed

115 1332 131 1361 7
181 1327 368 1362 arbitrium
404 1327 629 1372 permissum.
682 1326 799 1362 Titius
833 1325 956 1361 Sticho
993 1336 1095 1362 servo
1135 1335 1200 1361 suo

112 1373 312 1408 libertatem
336 1372 443 1415 dedit,
469 1373 500 1408 si
523 1372 683 1408 rationes
707 1371 759 1408 sic
779 1370 959 1407 dederit⁵2
985 1381 1131 1416 quaero,
1155 1381 1203 1405 an

112 1418 204 1453 ratio
233 1427 300 1463 per
328 1427 410 1453 eum
442 1421 543 1463 gesta
573 1417 625 1452 ita
656 1417 775 1463 putari
804 1416 952 1459 debeat,
989 1420 1030 1451 ut
1060 1416 1201 1458 damna,

113 1473 203 1517 quae
229 1473 314 1498 casu
340 1462 436 1498 conti
461 1466 577 1505 erunt,
602 1462 648 1497 ad
673 1473 763 1498 onus
787 1462 1004 1507 reliquorum
1025 1472 1098 1497 non
1119 1471 1201 1506 per-

111 1512 259 1544 tineant.
308 1518 440 1553 respon
468 1508 518 1543 ἰθ
549 1508 586 1543 in
618 1507 778 1553 negotio,
812 1507 906 1552 quod
929 1507 1114 1542 voluntate
1138 1506 1201 1541 do-

111 1553 197 1589 mini
220 1553 488 1589 administrasse
510 1557 744 1598 proponatur,
770 1563 814 1588 ea
833 1553 973 1595 damna,
1000 1562 1093 1598 quae
1114 1562 1202 1587 casu

111 1599 163 1634 ita
193 1598 406 1642 acciderint,
438 1603 480 1634 ut
508 1609 611 1634 servo
643 1598 732 1633 nihil
762 1598 877 1644 possit
906 1598 1092 1643 imputari,
1129 1608 1203 1632 non

112 1647 132 1680 8
178 1644 358 1690 pertinere
381 1643 428 1679 ad
450 1644 515 1680 reli
540 1654 668 1679 uorum
692 1654 794 1679 onus.
836 1643 927 1679 Item
951 1653 1096 1688 quaero,
1122 1653 1202 1678 cum

112 1700 216 1726 omne
247 1689 427 1735 peculium
457 1655 605 1726 reddere
627 1689 748 1725 iussus
773 1689 835 1732 sit,
866 1698 912 1724 an
942 1688 994 1723 ita
1022 1688 1202 1733 peculium

113 1746 191 1772 com
218 1735 313 1770 utari
337 1735 481 1779 debeat,
506 1739 548 1769 ut
569 1734 607 1770 id
631 1734 746 1770 solum
768 1734 902 1779 peculii
926 1744 1005 1769 esse
1027 1734 1201 1776 videatur,

112 1791 182 1826 quo
261 1790 378 1826 uaque
408 1790 453 1815 ex
484 1780 618 1815 causa⁷
658 1779 800 1815 domino
838 1779 968 1815 debeat
1004 1789 1200 1824 superesse.

111 1836 243 1871 respon
270 1826 297 1860 't
332 1825 370 1860 in
408 1835 451 1860 ea
486 1825 621 1871 specie,
660 1824 705 1860 de
739 1835 809 1869 qua
843 1828 1093 1905 quaereretur,
1129 1834 1203 1859 non

112 1872 242 1908 debere
280 1870 407 1906 deduci
444 1880 488 1906 ex
516 1870 677 1916 peculio,
717 1870 811 1915 quod
868 1870 984 1905 omino
1018 1869 1201 1905 debeatur.

113 1920 132 1951 9
178 1917 268 1952 Item
292 1926 446 1961 quaer0,
477 1926 542 1958 an,
575 1916 606 1951 si
635 1925 679 1950 ex
710 1915 856 1960 reliquis
887 1915 925 1950 in
947 1915 1114 1960 peculio⁸
1137 1915 1201 1949 ali-

112 1961 199 2007 quid
224 1961 447 2003 converterit‚
473 1961 602 1996 deduci
619 1961 689 1996 hoc
709 1971 754 1995 ex
769 1960 911 2006 peculio
935 1959 1115 1995 reddendo
1141 1960 1202 1995 de-

111 2008 206 2043 beat.
254 2006 456 2052 respondit,
489 2006 520 2042 si
542 2006 598 2049 id,
631 2005 727 2051 quod
750 2016 795 2041 ex
819 2015 930 2041 causa
954 2015 1046 2050 quae
1068 2015 1201 2050 propo-

111 2056 257 2088 neretur
279 2052 317 2087 in
340 2052 519 2098 peculium
542 2062 682 2087 versum
707 2055 779 2095 est,
811 2051 1030 2096 reliquorum
1061 2050 1203 2086 nomine

113 2098 314 2134 desolutum
338 2102 402 2142 est,
427 2097 505 2132 fieri
529 2097 616 2133 satis
642 2096 854 2141 condicioni,
879 2096 909 2131 si
932 2095 981 2138 id,
1006 2095 1103 2141 quod
1120 2096 1201 2131 reli-

116 2146 156 2178 10
205 2154 314 2188 quum
337 2147 392 2178 est
437 2141 553 2186 eculii,
578 2142 748 2177 solvatur.
781 2142 1003 2177 Libertatem
1021 2142 1073 2176 ita
1090 2144 1202 2176 testa-

112 2192 230 2225 mento
249 2188 365 2224 dedit:
393 2191 401 2207 ‘
435 2187 575 2233 upitum
589 2197 729 2222 servum
745 2197 874 2229 meum,
899 2197 980 2221 cum
994 2186 1202 2221 Marcianus

113 2234 217 2269 ‘filius
241 2244 340 2269 meus
365 2233 519 2269 sedecim
538 2243 652 2269 annos
671 2232 878 2277 impleverit,
903 2232 1103 2267 rationibus
1121 2231 1202 2266 red-

113 2279 207 2315 ‘ditis
231 2279 383 2315 liberum
407 2288 485 2314 esse
508 2277 620 2313 volo’:
651 2282 735 2323 post
763 2282 912 2313 mortem
935 2277 1119 2313 testatoris
1143 2280 1202 2311 tu-

111 2329 209 2360 tores
234 2323 362 2370 Cupito
389 2323 610 2359 exactionem
635 2323 887 2359 commiserunt
909 2323 939 2359 is
966 2333 1011 2358 ue
1037 2332 1202 2357 nummos

111 2370 279 2406 redactos
308 2369 516 2415 expensavit
548 2368 679 2405 eisdem
709 2368 907 2404 tutoribus:
969 2368 1072 2404 einde
1105 2366 1201 2403 filius

111 2415 274 2461 impubes
299 2414 467 2458 decessit,
501 2414 560 2450 cui
582 2418 696 2449 mater
719 2414 822 2449 heres
847 2414 965 2449 extitit
987 2417 1024 2449 et
1045 2416 1201 2449 tutorem

111 2460 246 2496 tutelae
267 2460 399 2495 iudicio
422 2459 488 2495 filii
512 2459 787 2495 condemnatum
810 2458 955 2494 habuit:
983 2458 1132 2504 Cupitus
1154 2458 1201 2493 ad

111 2506 312 2542 libertatem
344 2505 545 2551 proclamat
581 2515 623 2541 eo
657 2511 837 2550 tempore,
872 2514 962 2549 quo,
1002 2504 1034 2540 si
1068 2503 1202 2539 viveret

112 2551 336 2595 Marcianus,
373 2561 485 2586 annos
524 2550 680 2586 sedecim
714 2550 842 2585 aetatis
872 2550 1062 2585 habiturus
1095 2553 1199 2593 esset,

113 2596 265 2633 offerens
301 2596 458 2632 rationes
492 2595 599 2631 unius
631 2595 715 2630 anni
746 2595 783 2630 in
811 2594 902 2630 diem
934 2595 1059 2630 mortis
1089 2598 1201 2630 testa-

114 2642 219 2684 toris,
258 2641 354 2687 quod
384 2644 523 2677 ceterae
546 2641 772 2685 subscriptae
795 2639 952 2675 fuerunt.
1001 2639 1201 2685 quaesitum

113 2692 184 2730 est,
216 2697 263 2721 an
291 2696 352 2722 eas
383 2696 523 2731 quoque
546 2686 719 2729 rationes,
753 2696 841 2730 quas
871 2689 1009 2721 tutores
1038 2685 1200 2731 periculo

113 2742 179 2768 suo
203 2735 367 2777 egerunt,
399 2731 548 2776 Cupitus
578 2730 726 2766 reddere
751 2731 914 2783 compelli
937 2731 1075 2766 debeat.
1124 2740 1200 2766 res-

115 2777 238 2823 pondit
261 2787 342 2812 eum
366 2776 409 2811 de
434 2787 504 2821 quo
528 2776 713 2821 quaeritur
730 2775 931 2811 condicioni
950 2775 1099 2811 rationis
1118 2775 1200 2811 red-

114 2822 251 2858 dendae
283 2821 334 2857 ita
365 2821 476 2857 videri
505 2821 689 2866 paruisse,
720 2821 751 2857 si
781 2822 909 2857 omne⁹
937 2831 983 2857 ex
1013 2831 1073 2865 eo,
1105 2820 1201 2866 quod

112 2867 237 2913 gessit,
262 2871 359 2902 recte
382 2866 578 2902 desiderari
599 2870 736 2912 potest,
760 2866 973 2902 reddiderit:
1004 2876 1087 2901 nam
1110 2866 1199 2902 alte-

114 2923 190 2948 ram
214 2912 458 2949 condicionem
477 2911 687 2947 humaniore
703 2911 998 2957 interpretatione
1013 2911 1066 2947 ita
1085 2911 1201 2957 accipi

113 2968 236 3004 posse,
273 2961 316 2993 ut
349 2957 518 2993 defuncto
557 2957 692 3002 pupillo
726 2960 883 3003 tempus,
922 2968 1009 3002 quo,
1047 2957 1078 2993 si
1105 2957 1199 2992 vive-

114 3007 179 3046 ret,
206 3002 361 3039 sedecim
384 3012 497 3038 annos
520 3002 703 3048 impleret,
735 3006 944 3047 exspectare
968 3002 1055 3038 satis
1078 3002 1199 3038 fuerit.

116 3047 578 3129 Jgefiggfifflgggteggffisss
610 3047 880 3129 ssffsstffi’essi
903 3047 1062 3128 ‘230533
1082 3047 1200 3129 22?ss

114 3120 283 3181 rationes,
306 3149 429 3174 verum
451 3138 483 3174 si
506 3148 578 3183 qua
600 3104 671 3173 gna
696 3137 844 3174 consilio
867 3120 905 3174 e’t
926 3138 1052 3174 fraude
1077 3148 1201 3174 eorum

115 3187 235 3220 amota
265 3187 368 3228 sunt,
396 3183 573 3229 praestari
604 3183 649 3218 ab
679 3182 734 3219 his
759 3182 928 3227 debeant,
959 3187 1001 3218 ut
1023 3183 1070 3218 ad
1092 3183 1200 3218 liber-

115 3233 227 3265 tatem
254 3228 473 3274 perveniant.
519 3227 706 3273 respondit
732 3228 911 3264 rationum
938 3228 1201 3264 reddendarum

117 3273 318 3311 condicioni
342 3274 517 3310 contineri
540 3283 655 3316 omne,
680 3272 776 3318 quod
821 3284 941 3319 uoquo
959 3284 1089 3319 genere
1109 3273 1201 3309 servi

122 3323 160 3354 12
206 3322 327 3354 actum
349 3318 526 3365 fidemque
548 3319 754 3365 respiceret.
813 3322 894 3354 ntra
918 3323 1017 3355 certa
1039 3323 1201 3364 tempora

118 3363 318 3400 condicioni
356 3364 617 3400 reddendarum
660 3364 837 3399 rationum
879 3375 954 3400 non
992 3368 1199 3410 paruerunt,

117 3413 243 3455 postea
272 3409 390 3454 parati
420 3413 542 3446 erant:
604 3409 782 3445 uaesitum
815 3412 885 3452 est,
918 3419 965 3444 an
993 3409 1201 3462 perveniant

117 3454 164 3490 ad
186 3454 396 3490 libertatem.
442 3464 573 3500 respon
611 3458 643 3497 t,
668 3455 698 3490 si
722 3464 787 3500 per
808 3453 907 3499 ipsos
931 3457 1104 3497 stetisset,
1129 3464 1199 3499 quo

117 3500 233 3534 minus
255 3500 350 3535 intra
371 3503 534 3546 tempora
556 3500 781 3546 praescripta
801 3498 1003 3535 condicioni
1022 3503 1199 3545 parerent,

118 3614 158 3654 (1)
182 3613 294 3646 esseF
346 3614 389 3655 (2)
411 3613 637 3656 pecuniamF
686 3614 729 3655 (8)
753 3612 796 3645 ad
808 3612 937 3646 deLF²
992 3614 1034 3655 (4)
1060 3623 1139 3655 ergo
1151 3611 1204 3646 F²

120 3658 174 3698 (4⁸)
198 3657 433 3700 relinquerunt
444 3659 478 3691 F

115 3704 188 3746 fere
200 3710 235 3736 ut
247 3703 328 3736 Hal.

119 3746 203 3780 lium
215 3760 275 3780 scr.

549 3659 592 3699 (5)
618 3657 710 3691 dedit
721 3658 768 3690 sic
782 3658 821 3690 ‘si
832 3657 978 3690 rationes
989 3657 1126 3691 dederit'
1139 3670 1202 3691 scr.

399 3706 441 3743 (6)
466 3702 623 3746 respondi
636 3703 671 3737 F
731 3703 775 3746 (7)
799 3713 820 3735 a
833 3704 892 3736 ins.
907 3702 959 3736 F²

375 3751 419 3789 (9)
444 3747 552 3790 omne]
566 3758 695 3780 omnem
707 3757 791 3790 quae
804 3760 865 3781 scr.

1185 110 1269 160 627

1035 3704 1078 3745 (8)
1102 3713 1203 3746 pecu-

967 3749 1026 3791 (10)
1052 3748 1151 3780 etiam
1164 3747 1203 3780 de

2133 119 2300 161 XXXX
2334 122 2358 161 5

1271 247 1342 272 non
1366 237 1502 273 idcirco
1527 237 1659 273 liberos
1683 238 1780 282 fore,
1806 240 1901 284 quod
1924 245 2050 286 postea
2073 243 2228 279 rationes
2252 243 2361 279 velint

1277 285 1314 318 13
1361 283 1524 319 reddere.
1563 283 1631 318 ‘Ab
1652 283 1842 320 heredibus
1861 287 1946 321 meis
1969 292 2051 332 peto
2069 288 2222 333 fideique
2238 299 2360 324 eorum

1272 328 1479 371 ‘committo,
1505 338 1586 363 cum
1611 327 1705 364 filius
1730 340 1829 365 meus
1855 332 2005 367 sedecim
2024 343 2137 369 annos
2153 334 2360 379 impleverit,

1273 373 1446 408 ‘Stichum
1478 373 1678 409 rationibus
1708 374 1856 410 redditis
1891 379 2175 414 manumittant’:
2215 389 2360 424 quaero,

1271 428 1317 452 an
1333 419 1360 440 ¹⁰
1389 418 1542 454 eundem
1571 429 1713 454 servum
1741 423 1893 455 testator
1917 421 1953 455 in
1977 422 2069 457 diem
2093 435 2206 469 usque
2229 425 2359 469 puber-

1271 464 1355 499 tatis
1381 463 1443 499 filii
1467 464 1525 499 sui
1548 469 1668 499 actum
1692 474 1799 510 agere
1821 466 1984 501 voluerit.
2031 469 2216 513 respondit
2248 470 2360 504 mani-

1272 508 1403 545 festum
1427 519 1507 544 esse
1531 513 1740 545 testatorem
1765 510 1870 545 huius
1895 523 2035 556 quoque
2060 518 2162 549 actus
2186 514 2361 550 rationem

1277 557 1315 588 14
1363 564 1386 589 a
1419 553 1542 590 Sticho
1574 554 1675 590 reddi
1705 556 1870 591 voluisse.
1919 556 2074 593 ‘Stichus
2108 570 2230 595 servus
2261 570 2361 595 meus

1272 599 1390 634 ‘iubeo
1414 603 1455 634 ut
1480 600 1540 635 det
1563 603 1723 645 praestet
1745 599 1841 635 filiae
1865 604 1901 636 et
1923 603 2027 637 uxori
2050 613 2149 639 meae
2171 605 2360 641 heredibus

1273 644 1370 680 ‘meis
1395 645 1471 680 sine
1495 645 1569 680 ulla
1594 646 1838 682 controversia
1861 650 1917 682 tot
1940 657 2087 683 aureos:
2118 654 2153 683 et
2182 654 2223 684 ut
2244 650 2362 695 ipsum

1273 690 1549 733 ‘manumittant,
1573 690 1656 726 fidei
1681 701 1804 727 eorum
1829 692 2039 727 committo':
2074 695 2272 738 quaesitum
2297 699 2362 739 est,

1273 745 1355 770 cum
1386 746 1478 770 uxor
1506 736 1552 771 ab
1582 736 1779 772 hereditate
1809 737 2037 779 abstinuerit,
2071 743 2190 774 utrum
2222 740 2362 776 duobus

1272 791 1319 815 an
1350 780 1445 816 filiae
1474 785 1660 825 praestare
1695 781 1836 818 debeat.
1895 783 2082 828 respondit
2117 784 2231 828 filiae,
2295 796 2362 821 uae

1271 826 1375 861 heres
1399 835 1445 861 ex
1469 836 1549 862 asse
1575 827 1735 863 extitisse
1759 832 2033 873 proponeretur,
2057 840 2123 874 pro
2142 830 2255 866 solido
2298 841 2361 866 an-

1277 874 1314 905 15
1362 871 1458 906 dum.
1507 871 1649 907 Herede
1680 872 1754 908 filio
1787 884 1853 909 suo
1885 883 1930 908 ex
1959 883 2040 909 asse
2070 875 2232 910 instituto
2257 875 2361 911 liber-

1271 919 1383 952 tatem
1413 916 1512 952 dedit
1540 917 1578 952 in
1607 918 1699 953 haec
1729 919 1856 954 verba:
1899 919 2110 955 ‘December
2139 920 2363 965 dispensator

1273 963 1395 1004 ‘meus,
1421 962 1571 1014 Severus
1595 963 1722 999 vilicus
1747 967 1784 999 et
1800 964 1987 1000 Victorina
2009 964 2113 1000 vilica
2135 965 2254 1000 Severi
2278 977 2362 1001 con-

1273 1007 1480 1043 ‘tubernalis
1504 1018 1542 1043 in
1566 1017 1681 1044 annos
1706 1013 1789 1044 octo
1819 1009 1924 1045 liberi
1953 1013 2078 1045 sunto:
2112 1021 2202 1055 quos
2231 1011 2268 1045 in
2298 1011 2362 1046 mi-

1273 1052 1430 1104 ‘nisterio
1460 1052 1524 1088 filii
1552 1054 1622 1089 mei
1651 1064 1730 1090 esse
1761 1054 1861 1090 volo:
1897 1057 1969 1090 ¹¹te
1993 1060 2131 1099 autem,
2163 1056 2290 1091 Severe
2314 1056 2364 1091 fili

1273 1101 1478 1142 ‘carissime,
1502 1102 1598 1143 peto,
1622 1099 1676 1134 uti
1692 1099 1929 1135 Decembrem
1948 1104 1985 1136 et
2000 1100 2169 1136 Severum
2186 1111 2362 1137 commen-

1273 1142 1387 1195 ‘datos
1405 1143 1553 1197 habeas,
1579 1144 1708 1197 quibus
1723 1149 1949 1190 praesentem
1963 1146 2167 1182 libertatem
2183 1157 2257 1182 non
2273 1146 2364 1188 dedi,

1274 1191 1326 1223 ‘ut
1349 1188 1480 1224 idonea
1502 1191 1699 1226 mimsteria
1722 1191 1886 1233 haberes,
1912 1202 2002 1236 quos
2025 1202 2131 1237 spero
2151 1195 2186 1226 te
2205 1195 2240 1226 et
2259 1192 2363 1227 liber-

1274 1236 1341 1270 ‘tos
1372 1234 1522 1270 idoneos
1552 1236 1782 1271 habiturum'.
1830 1247 1983 1289 quaero,
2015 1248 2098 1272 cum
2127 1247 2169 1272 eo
2193 1241 2364 1282 tempore,

1272 1290 1342 1324 quo
1368 1279 1485 1315 Titius
1510 1284 1762 1316 testamentum
1785 1281 1961 1325 faciebat,
1993 1282 2089 1319 filius
2121 1286 2228 1318 natus
2253 1293 2364 1318 anno-

1271 1335 1352 1359 rum
1380 1324 1501 1360 fuerat
1531 1336 1658 1362 novem
1690 1332 1726 1362 et
1755 1327 1873 1363 Titius
1909 1331 1994 1374 post
2024 1328 2205 1363 biennium
2238 1332 2273 1363 et
2303 1338 2366 1363 sex

1271 1380 1411 1406 menses
1443 1370 1652 1414 decesserit,
1683 1373 1769 1407 anni
1800 1376 1901 1416 octo,
1930 1373 1968 1408 in
1997 1384 2086 1419 quos
2115 1373 2265 1408 libertas
2289 1377 2366 1409 erat

1273 1415 1401 1467 dilata,
1433 1426 1478 1452 ex
1500 1418 1706 1454 testamenti
1728 1417 1818 1453 facti
1840 1422 2001 1471 tempore
2025 1429 2072 1454 an
2094 1429 2177 1454 vero
2203 1429 2247 1454 ex
2269 1429 2364 1454 mor-

1271 1464 1317 1496 tis
1341 1462 1521 1497 numerari
1551 1462 1717 1499 debeant.
1763 1464 1949 1509 respondit
1976 1475 2083 1510 posse
2113 1464 2225 1499 videri
2254 1467 2364 1499 testa-

1271 1510 1386 1542 torem
1415 1517 1477 1542 eos
1510 1517 1624 1544 annos
1657 1513 1738 1545 octo
1769 1508 1901 1545 dilatae
1929 1509 2106 1545 libertatis
2132 1509 2364 1554 comprehen-

1273 1551 1401 1605 disse„
1418 1552 1495 1606 qui-
1511 1554 1744 1598 computandi
1775 1559 1860 1590 sunt
1891 1565 1914 1590 a
1943 1555 2001 1590 die
2030 1554 2236 1590 testamenti
2266 1554 2364 1598 facti,

1273 1600 1330 1678 ‘iguo
1358 1608 1435 1678 1iligsi
1449 1597 1549 1633 aliud
1562 1599 1754 1679 ιιοΙιῒιιίΙῗεθ12
1767 1604 1995 1680 ιθειαιιέιιιέῗῶ
1990 1601 2214 1653 probaretur.
2240 1600 2364 1652 ‘Spen-

1407 1654 1425 1677 r
2349 1664 2365 1672 α

1273 1653 1400 1740 ‘tioli’ies
1427 1653 1697 1741 111(ῗὸηὲἓῖῌῇὼέ
1716 1655 1815 1726 Ξὲἓθ
1823 1649 2364 1733 ωαᾱὲιίιιίεθὶτὲὲιαξεθξὲἇᾱὶειίθὲῑ,

1274 1733 1374 1769 ‘liber
1393 1734 1502 1785 esto':
1527 1734 1602 1769 fiha
1620 1745 1699 1770 cum
1718 1735 1837 1771 adhuc
1854 1737 1969 1781 pubes
1983 1737 2010 1758 ¹³
2033 1740 2138 1779 esset,
2162 1737 2242 1772 vivo
2262 1740 2366 1781 patre

1273 1778 1427 1814 decessit
1441 1783 1477 1814 et
1493 1789 1538 1814 ex
1551 1780 1807 1817 substitutione
1818 1781 1922 1817 Seius
1936 1782 2040 1818 heres
2058 1782 2191 1817 extitit:
2217 1791 2363 1834 quaero,

1274 1834 1354 1876 cum
1374 1824 1653 1870 Spendophorus
1676 1826 1834 1862 rationes
1859 1827 2018 1872 pupillae
2041 1838 2115 1863 non
2138 1827 2364 1862 administra-

1272 1872 1365 1921 verit
1391 1874 1428 1921 et
1457 1870 1535 1906 vivo
1564 1874 1669 1915 patre
1699 1871 1853 1908 familias
1887 1872 2032 1908 desierit
2061 1873 2175 1917 ipsius
2206 1872 2364 1908 rationes

1272 1914 1521 1966 administrare
1546 1920 1596 1959 et,
1629 1916 1662 1952 si
1684 1917 1836 1960 viveret,
1861 1917 1959 1952 Titia
1983 1928 2094 1953 annos
2115 1918 2267 1953 haberet
2289 1928 2365 1952 am-

1270 1960 1366 2012 plius
1390 1960 1594 2011 duodecim,
1619 1972 1667 1996 an
1691 1972 1735 1997 ex
1757 1965 1971 1999 testamento
1995 1963 2085 1998 liber
2108 1963 2167 1999 sit.
2215 1973 2272 1998 res
2300 1973 2364 1998 on-

1272 2005 1342 2048 dit,
1375 2015 1406 2041 si
1435 2005 1552 2041 nullas
1582 2007 1738 2043 rationes
1763 2007 2065 2051 administrasset,
2096 2019 2186 2053 quas
2216 2019 2255 2044 re
2282 2008 2366 2043 dere

1271 2049 1394 2102 heredi
1430 2051 1594 2094 deberet,
1634 2053 1831 2088 secundum
1869 2063 1912 2089 ea
1951 2063 2043 2099 quae
2079 2058 2366 2100 proponerentur

1276 2098 1314 2129 17
1362 2095 1516 2147 liberum
1539 2106 1629 2133 esse.
1678 2098 1851 2134 ‘Stichum
1881 2099 2079 2134 rationibus
2110 2098 2259 2134 redditis
2289 2108 2365 2133 ma-

1273 2141 1426 2193 ‘numitti
1463 2142 1569 2195 vqlo’.
1625 2142 1768 2179 Stichus
1808 2144 1970 2179 arcarius
2007 2145 2186 2189 probante
2222 2143 2365 2179 domino

1271 2196 1416 2221 nomina
1438 2186 1527 2222 fecit
1549 2191 1586 2223 et
1608 2189 1767 2225 rationes
1791 2199 1814 2224 a
1837 2189 1980 2225 domino
2011 2190 2233 2234 subscriptas
2246 2189 2273 2210 ¹⁴
2305 2200 2364 2224 ex-

1271 2231 1371 2267 hibet
1393 2241 1460 2267 nec
1483 2236 1610 2277 postea
1640 2244 1770 2270 nomen
1800 2234 1912 2270 ullum
1924 2235 1954 2257 ¹⁵
1983 2234 2087 2270 fecit:
2121 2245 2254 2280 quaero
2268 2260 2277 2275 ,
2306 2244 2363 2276 an,

1271 2277 1302 2312 si
1326 2276 1387 2322 qui
1411 2277 1528 2313 minus
1553 2278 1723 2315 solvendo
1746 2279 1882 2315 fuerint
1911 2280 2108 2322 debitores,
2142 2280 2272 2325 quibus
2304 2280 2365 2315 alii

1271 2326 1455 2376 exactores
1481 2328 1584 2358 erant
1607 2325 1778 2369 applicati
1791 2326 1829 2367 ¹⁶,
1860 2325 2019 2360 nondum
2048 2325 2213 2360 videatur
2242 2324 2364 2360 condi-

1271 2378 1364 2403 ciom
1388 2368 1624 2404 satisfactum.
1668 2370 1855 2416 respondit
1879 2370 2074 2406 secundum
2099 2381 2142 2406 ea
2165 2380 2256 2415 quae
2279 2380 2362 2415 pro·

1269 2418 1489 2465 ponerentur
1521 2425 1594 2449 non
1624 2415 1804 2460 pertinere
1836 2416 1882 2450 ad
1906 2426 1995 2451 onus
2020 2415 2281 2451 reddendarum
2303 2425 2362 2450 ra-

1270 2463 1419 2500 tionum,
1445 2459 1540 2504 quod
1563 2459 1732 2496 solvendo
1756 2471 1828 2496 non
1853 2464 1972 2496 essent
1996 2460 2188 2497 debitores.

1316 2501 1644 2556 42·M.1E01.11ws
1681 2506 1772 2542 libro
1813 2507 1965 2553 septimo
2005 2506 2363 2551 fideicommissorum

1269 2549 1472 2586 Antoninus
1484 2550 1668 2595 Augustus
1680 2551 1767 2587 Pius
1789 2555 1921 2594 noster,
1947 2562 2018 2596 quo
2042 2551 2192 2586 militum
2216 2561 2363 2588 suorum

1269 2605 1335 2639 per
1358 2595 1478 2630 omnia
1505 2599 1587 2631 rata
1618 2600 1713 2632 esset
1736 2596 1901 2632 voluntas
1925 2606 2112 2642 suprema,
2145 2607 2227 2632 cum
2250 2600 2287 2632 et
2308 2597 2362 2632 in-

1248 2640 1416 2675 -stitutus
1449 2644 1485 2675 et
1515 2641 1731 2677 substitutus
1754 2641 1792 2677 in
1816 2642 2030 2685 continenti,
2053 2641 2263 2687 priusqam
2287 2642 2361 2678 adi-

1269 2688 1350 2738 rent
1372 2685 1618 2729 hereditatem,
1642 2686 1899 2730 decessissent,
1924 2697 1998 2730 eos,
2022 2687 2153 2732 quibus
2177 2687 2224 2723 ab
2247 2687 2304 2722 his
2328 2691 2364 2723 et

1269 2731 1417 2766 hbertas
1438 2735 1474 2766 et
1493 2732 1673 2767 hereditas
1693 2742 1716 2767 a
1734 2732 1845 2768 milite
1863 2742 1930 2777 per
1945 2732 2258 2768 fideicommissum
2279 2732 2363 2768 data

1269 2780 1381 2818 esset,
1416 2776 1564 2821 perinde
1593 2777 1725 2813 liberos
1763 2781 1800 2813 et
1829 2777 1978 2813 heredes
2008 2788 2089 2814 esse
2111 2777 2233 2822 iussit,
2264 2788 2308 2813 ac
2332 2778 2362 2813 si

1269 2824 1460 2866 utrumque
1491 2822 1626 2858 directo
1651 2823 1887 2867 accepissent.
1936 2833 2060 2859 eorum
2084 2826 2223 2866 autem,
2256 2823 2317 2868 qui
2340 2833 2362 2857 a

1268 2876 1410 2912 pagano
1434 2867 1634 2903 libertatem
1658 2871 1693 2902 et
1716 2868 1950 2903 hereditatem
1971 2879 2037 2914 per
2048 2867 2361 2904 fideicommissum

1269 2916 1500 2957 acceperant,
1534 2923 1615 2948 cum
1639 2923 1752 2958 aeque
1773 2913 1812 2948 in
1836 2914 2036 2949 continenti
2059 2917 2095 2949 et
2117 2914 2301 2949 institutus
2325 2917 2361 2948 et

1269 2957 1487 3038 ffibstitutus
1508 2958 1793 3001 decessissentfl,
1812 2959 1899 2995 satis
1917 2959 2045 2995 habuit
2061 2959 2262 2994 libertatem
2275 2968 2359 2994 con-

1314 3012 1422 3038 mare.

1316 3045 1369 3086 43
1396 3048 1555 3084 Psvws
1585 3048 1676 3084 libro
1734 3051 1841 3083 παντο
1865 3049 1915 3084 ad
1937 3048 2112 3085 Sabinum
2159 3047 2359 3084 Fideicom-

1268 3093 1378 3172 rinissa
1413 3093 1560 3129 libertas
1591 3103 1664 3129 non
1700 3058 1852 3129 gebatur
1880 3094 1929 3137 ei,
1960 3104 2066 3139 quem
2093 3097 2221 3139 postea
2249 3092 2361 3127 vinxit

1294 3148 1444 3173 ominus.

1315 3181 1369 3219 44
1393 3183 1622 3219 ΡοΜΡοΝιιῙΒ
1651 3183 1742 3219 libro
1770 3184 1923 3230 septimo
1947 3183 1997 3218 ad
2019 3182 2192 3218 Sabinum
2238 3180 2294 3216 De
2316 3180 2358 3216 li-

1269 3228 1408 3263 bertate
1437 3227 1765 3264 fideicommissarii).
1793 3228 2012 3275 praestanda
2043 3237 2166 3263 servus
2190 3236 2270 3262 cum
2294 3225 2357 3261 do-

1269 3274 1364 3309 mino
1388 3276 1485 3309 recte
1509 3273 1705 3309 contendit.

1315 3317 1368 3356 45
1401 3318 1596 3354 ULPJAst
1624 3319 1715 3356 libro
1773 3320 1874 3355 uinto
1907 3317 2188 3363 disputationum
2235 3315 2272 3350 Si
2297 3315 2357 3351 de-

1270 3364 1365 3400 bitor
1387 3367 1534 3408 rogatus
1559 3364 1606 3400 sit
1630 3374 1652 3399 a
1676 3329 1853 3400 credqitore
1876 3363 2043 3398 ancillam
2067 3370 2169 3414 suam
2190 3360 2354 3413 pignera-

1269 3413 1342 3443 tam
1370 3410 1639 3452 manumittere,
1676 3409 1864 3445 dicendum
1903 3411 1958 3442 est
1993 3406 2356 3441 fideicommissariam

1269 3454 1487 3490 libertatem·
1509 3454 1644 3490 utiliter
1680 3455 1842 3490 relictam
1873 3463 1896 3488 a
1927 3451 2098 3487 debitore.
2148 3450 2231 3495 quid
2263 3450 2355 3484 enim

1270 3500 1432 3543 interest,
1466 3503 1565 3535 certa
1588 3499 1771 3544 quantitas
1794 3499 1840 3533 ab
1872 3507 1912 3532 eo
1941 3496 2164 3542 relinquatur
2186 3505 2233 3529 an
2256 3494 2355 3530 fidei-

1271 3611 1395 3655 pupilli
1414 3612 1602 3646 rationibus
1621 3611 1797 3646 reddendis
1814 3610 1997 3652 cogitatum
2017 3608 2179 3650 videatur,
2198 3618 2274 3641 cum
2293 3610 2352 3641 ins.

1273 3659 1328 3699 (11)
1353 3667 1373 3690 a
1392 3659 1453 3692 ins.
1598 3660 1658 3700 (12)
1683 3656 1841 3690 voluisset
1861 3655 1897 3688 F
2029 3654 2088 3694 (1³)
2111 3652 2261 3695 impubes
2279 3654 2353 3686 dett„

1274 3705 1331 3742 (14)
1355 3704 1404 3736 εἰσ
1419 3703 1603 3737 Gronovius
1621 3716 1689 3736 cum
1702 3701 1775 3743 BS,
1794 3699 1934 3742 scriptas
1945 3699 1980 3731 F
2098 3699 2158 3739 (15)
2183 3697 2314 3730 nullum
2329 3698 2362 3731 F

1274 3749 1332 3789 (16)
1357 3747 1528 3791 amplicati
1539 3749 1574 3781 F
1660 3747 1719 3788 (17)
1746 3744 1933 3778 decessisset
1945 3744 1980 3776 F

2015 3801 2077 3831 79*
