2528 3918
194 115 444 158 XXXVIIII
473 118 499 158 6

194 243 236 275 ut
259 249 323 291 ego
347 235 484 282 aliquid
504 235 646 281 faciam,
670 241 734 274 aut
757 242 798 274 ut
818 238 956 276 Lucius
980 238 1095 275 Titius
1107 241 1130 283 ¹,
1161 241 1226 274 aut
1247 242 1288 275 ut

193 281 328 329 aliquid
367 281 549 328 optingat,
590 285 627 318 et
660 282 699 318 in
732 282 812 321 istis
849 284 1053 321 condictio¹
1089 283 1286 330 sequitur'.

196 328 217 360 4
260 327 391 381 Mortis
412 337 525 380 causa
547 326 693 382 donatio
715 327 760 382 fit
780 329 902 366 multis
921 329 1051 382 modis:
1077 329 1167 366 alias
1185 333 1287 365 extra

193 372 1168 471 lffiffisswssffitgflsslffimimg“iuiusfflso‘i-{emmssssiss
1190 374 1287 465 ἔὲξίἰ

193 464 280 500 tatio
306 466 378 500 est:
412 462 503 499 alias
526 472 574 498 ex
595 466 692 500 metu
715 465 840 501 mortis
865 469 928 500 aut
951 475 996 500 ex
1018 464 1202 510 praesenti
1224 475 1285 510 pe-

193 508 307 545 riculo
331 511 397 544 aut
420 517 464 544 ex
486 507 631 551 futuro,
664 509 695 545 si
718 510 859 555 quidem
882 515 980 546 terra
1001 509 1179 555 marique,
1212 513 1286 545 tam

192 555 230 590 in
284 564 349 590 ace
372 563 482 599 quam
511 552 551 590 in
572 553 694 591 bello⁴
728 560 765 591 et
786 558 860 590 tam
892 555 987 591 domi
1010 565 1117 601 quam
1140 555 1286 591 militiae

192 611 226 635 m
267 600 313 635 tis
336 598 528 645 generibus
544 599 669 636 mortis
693 600 893 645 periculum
909 600 1020 636 metui
1043 603 1175 646 potest.
1203 611 1289 636 nam

194 650 230 680 et
254 645 306 680 sic
328 647 451 690 potest
473 643 617 690 donari,
648 648 691 680 ut
714 645 914 682 omnimodo
945 656 991 682 ex
1019 656 1064 682 ea
1093 645 1288 681 valitudine

194 691 369 726 donatore
398 692 541 726 mortuo
572 699 631 726 res
660 701 733 727 ιιοιι
762 690 949 735 reddatur,
982 695 1019 727 et
1041 694 1083 726 ut
1105 690 1287 733 reddatur,

192 735 331 772 etiamsi
367 734 469 781 prior
506 745 551 771 ex
587 735 713 771 eadem
743 736 975 773 valetudine⁸
1010 736 1219 779 decesserit,
1254 735 1286 772 si

192 786 313 817 tamen
335 783 474 816 mutata
490 780 674 817 voluntate
696 781 839 816 restitui
862 781 931 818 sibi
952 781 1120 818 voluerit.
1157 783 1218 818 ‘et
1236 781 1289 817 sic

193 825 319 863 donari
342 829 479 872 potest,
503 829 545 861 ιιι
568 836 640 862 ιιοιι
664 826 768 862 aliter
790 826 979 870 reddatur,
1004 837 1111 873 quam
1134 827 1166 863 si
1189 826 1290 873 prior

192 872 251 908 ille
277 871 342 938 Ιβιιί
378 871 520 917 accepit
551 870 757 907 decesserit.
806 872 858 908 sic
895 883 1037 918 quoque
1073 875 1194 918 potest
1224 872 1288 908 do-

193 917 271 953 nari
323 916 448 953 mortis
479 926 608 960 causa,
647 919 690 952 ιιι
717 917 817 953 nullo
849 928 936 954 casu
966 918 1014 954 sit
1036 918 1220 963 repetitio,
1251 916 1289 952 id

193 967 211 998 5
261 965 317 998 est
337 971 383 998 ne
407 962 461 997 si⁸
492 962 712 998 convaluerit
735 962 878 1008 quidem
902 963 1055 999 donator
1064 964 1090 999 ⁹.
1138 962 1176 999 si
1208 962 1287 1009 quis

191 1007 401 1044 societatem
428 1017 495 1053 per
526 1007 756 1044 donationem
778 1007 904 1044 mortis
928 1018 1040 1044 causa
1062 1008 1201 1052 inierit,
1234 1007 1287 1043 di-

192 1057 213 1088 6
261 1052 414 1089 cendum
444 1055 499 1088 est
529 1052 666 1088 nullam
698 1053 906 1090 societatem
937 1064 1027 1089 esse.
1076 1053 1115 1089 Si
1145 1053 1287 1090 duobus

192 1097 414 1134 debitoribus
438 1098 563 1133 mortis
588 1108 699 1135 causa
723 1098 923 1135 donaturus
954 1098 1112 1134 creditor
1141 1099 1203 1134 uni
1227 1109 1286 1134 ac-

192 1148 337 1190 ceptum
371 1142 456 1179 tulit
468 1145 496 1165 ¹⁰
530 1147 568 1179 et
603 1144 842 1188 convaluerit,
878 1144 1007 1189 eligere
1040 1147 1179 1190 potest,
1215 1145 1289 1179 utri

192 1193 210 1224 7
260 1199 384 1225 eorum
409 1188 587 1224 condicat.
636 1188 707 1225 Sed
738 1190 799 1235 qui
822 1189 948 1225 mortis
978 1199 1090 1225 causa
1112 1189 1150 1225 in
1173 1199 1287 1225 annos

192 1234 351 1280 singulos
382 1234 571 1280 pecuniam
604 1234 797 1279 stipulatus
821 1238 894 1277 est,
920 1245 992 1270 non
1017 1238 1072 1270 est
1095 1234 1219 1271 similis
1241 1234 1286 1278 ei,

192 1280 250 1316 cui
273 1279 313 1316 in
334 1289 449 1315 annos
479 1279 507 1315 s'
598 1289 639 1315 os
671 1279 828 1325 legatum
851 1284 923 1316 est:
959 1290 1043 1315 nam
1066 1279 1152 1316 licet
1174 1280 1289 1315 multa

192 1329 314 1362 essent
341 1325 478 1369 legata,
512 1324 696 1370 stipulatio
728 1328 849 1360 tamen
879 1335 953 1361 una
983 1329 1040 1361 est
1063 1329 1101 1361 et
1123 1325 1287 1362 condicio

191 1372 269 1407 eius
293 1370 352 1406 cui
376 1370 636 1415 expromissum
659 1371 752 1406 est¹¹
777 1370 886 1406 semel
908 1370 1082 1406 intuenda
1104 1374 1172 1407 est.

237 1413 291 1454 36
331 1414 527 1451 ΠιΗΑΝσε
558 1415 651 1451 libro
683 1419 809 1451 octavo
848 1415 899 1451 ad
935 1416 1048 1463 leqem
1086 1415 1222 1452 Iuliam
1253 1420 1288 1451 et

191 1460 348 1508 Papiam
396 1459 500 1505 Quod
541 1460 762 1496 condicionis
793 1460 994 1506 implendae
1026 1471 1138 1497 causa
1169 1461 1287 1506 datur,

191 1506 277 1542 licet
317 1515 390 1541 non
425 1515 470 1542 ex
510 1505 616 1542 bonis
655 1506 790 1542 mortui
829 1506 1073 1552 proficiscitur
1083 1509 1123 1550 ¹2,
1159 1516 1289 1552 capere

191 1557 312 1588 tamen
335 1560 448 1596 supra
469 1550 616 1587 modum
638 1562 712 1588 non
740 1552 873 1598 poterit
895 1552 944 1595 is,
969 1552 1029 1588 cui
1052 1556 1190 1588 certum
1211 1563 1289 1588 mo-

192 1597 276 1633 dum
293 1596 341 1632 ad
362 1607 405 1632 ca
430 1595 575 1632 iendum
591 1597 651 1633 lex
671 1597 860 1633 concessit.
897 1601 994 1634 certe
1014 1597 1111 1643 quod
1129 1608 1153 1633 a
1171 1601 1288 1634 statu-

191 1644 303 1679 libero
329 1653 398 1678 con
426 1641 551 1678 'cionis
573 1641 777 1688 implendae
802 1653 914 1679 causa
937 1642 1064 1685 datur,
1088 1642 1289 1679 indubitate

192 1688 296 1724 modo
320 1687 397 1733 lege
410 1688 437 1709 ¹³
461 1698 633 1724 concesso
658 1688 874 1741 imputatur:
905 1688 958 1725 sic
983 1692 1114 1732 tamon,
1140 1689 1172 1725 si
1193 1699 1288 1725 mor-

190 1734 238 1770 tis
269 1737 429 1778 tempore
459 1733 498 1768 in
527 1733 670 1779 peculio
699 1733 738 1769 1d
766 1733 905 1769 habuit.
954 1737 1112 1770 ceterum
1144 1734 1175 1770 si
1204 1737 1290 1779 post

191 1782 342 1815 mortem
393 1778 448 1814 vel
480 1778 588 1814 etiam
618 1779 651 1815 si
673 1779 767 1815 alius
790 1790 857 1833 pro
883 1789 925 1815 eo
950 1779 1067 1822 dedit,
1102 1779 1187 1825 quia
1214 1790 1289 1815 non

191 1825 262 1860 fuit
283 1834 328 1877 ειι
350 1806 408 1860 his
432 1823 556 1867 bonis,
588 1834 682 1870 quae
705 1829 832 1861 mortis
861 1828 1023 1871 tempore
1045 1828 1201 1861 testator
1223 1825 1287 1860 ha-

191 1870 280 1914 buit,
304 1880 342 1905 ιιι
366 1868 490 1905 eadem
514 1874 621 1906 erunt
645 1880 766 1914 causa,
790 1870 829 1906 in
852 1880 925 1916 qua
948 1874 1051 1914 sunt,
1077 1880 1170 1916 quae
1191 1880 1215 1906 a
1236 1870 1288 1906 le-

191 1914 341 1961 gatariis
365 1914 509 1951 dantur.

238 1958 291 1999 37
306 1961 335 1982 ¹⁴
366 1959 474 1996 IDEM
502 1959 594 1997 libro
627 1961 754 2007 quinto
779 1960 918 1997 decimo
942 1961 993 1997 ad
1015 1961 1130 2008 leqcm
1153 1960 1290 1997 Iuliam

193 2010 228 2042 et
258 2005 416 2058 Papiam
467 2005 561 2041 Illud
590 2005 805 2050 generaliter
835 2006 1038 2043 meminisse
1049 2008 1078 2029 ²⁶
1109 2006 1291 2052 oportebit

192 2051 404 2089 donationes
435 2050 561 2087 mortis
594 2061 706 2087 causa
735 2051 853 2088 factas
883 2051 1010 2098 legatis
1041 2055 1288 2098 comparatas:

192 2096 442 2143 quodcumque
468 2096 579 2141 igitur
600 2096 639 2132 in
668 2096 795 2142 legatis
822 2096 912 2133 iuris
935 2101 1008 2141 est,
1043 2097 1081 2133 id
1103 2098 1141 2133 in
1162 2097 1289 2134 mortis

198 2147 213 2178 1
264 2152 377 2178 causa
414 2141 670 2178 donationibus
710 2141 778 2178 erit
815 2141 1075 2187 accipiendum.
1128 2142 1290 2178 Iulianus

193 2187 260 2223 ait:
293 2187 326 2224 si
349 2187 429 2233 quis
453 2197 595 2223 servum
625 2187 752 2223 mortis
777 2197 888 2223 causa
917 2187 985 2223 sibi
1009 2187 1182 2223 donatum
1204 2198 1288 2223 ven-

194 2232 323 2269 diderit
346 2236 384 2268 et
405 2231 476 2268 hoc
499 2231 578 2268 vivo
603 2231 777 2268 donatore
799 2232 937 2276 fecerit,
962 2233 1069 2278 pretii
1092 2233 1288 2270 condictio-

192 2288 275 2314 nem
298 2277 452 2314 donator
475 2277 640 2321 habebit,
665 2277 697 2314 si
721 2277 961 2314 convaluisset
984 2282 1020 2314 et
1043 2279 1113 2314 hoc
1137 2278 1291 2315 donator

195 2324 228 2360 el
268 2323 351 2377 erit.
399 2322 558 2368 alioquin
588 2327 625 2359 et
654 2323 774 2368 ipsum
805 2333 946 2359 servum
975 2324 1163 2360 restituere
1193 2334 1289 2360 com·

193 2380 296 2453 pe38
321 2412 563 2450 Maecenas
591 2412 683 2450 libro
706 2413 832 2460 primo
863 2413 913 2449 ad
943 2413 1057 2460 legem
1089 2413 1225 2450 Iuliam
1256 2419 1290 2450 et

196 2459 354 2507 Papiam
399 2458 500 2496 Inter
529 2458 655 2494 mortis
688 2468 800 2494 causa
831 2457 1058 2495 donationem
1089 2463 1127 2495 et
1158 2459 1289 2502 omnia,

220 2515 288 2540 uae
317 2504 442 2541 mortis
472 2514 585 2540 causa
620 2504 700 2548 quis
737 2504 891 2550 ceperit,
928 2508 984 2540 est
1014 2514 1138 2540 earum
1171 2515 1290 2540 rerum

196 2517 414 2586 differentia:
438 2559 522 2585 nam
545 2550 671 2585 mortis
692 2559 803 2585 causa
822 2548 979 2585 donatur
1003 2549 1099 2595 quod
1118 2560 1290 2596 praesens

195 2594 377 2641 praesenti
400 2595 480 2638 dat,
506 2595 629 2631 mortis
654 2605 764 2631 causa
788 2595 870 2639 capi
892 2595 1111 2641 intellegitur
1135 2599 1171 2631 et
1194 2595 1291 2641 quod

197 2652 271 2676 non
306 2640 402 2676 cadit
447 2640 523 2676 ιιι*6
572 2640 727 2685 speciem
769 2639 984 2676 donationis.
1039 2641 1169 2676 etenim
1209 2652 1290 2677 cum

195 2690 408 2722 testamento
434 2685 514 2731 quis
537 2696 603 2721 suo
615 2685 843 2730 Pamphilum
858 2695 999 2721 servum
1015 2696 1121 2722 suum
1138 2686 1290 2722 liberum

197 2741 277 2767 esse
298 2730 413 2773 iussit,
438 2731 469 2766 si
491 2730 579 2766 mihi
601 2730 723 2766 decem
747 2730 895 2774 dederit,
919 2730 1009 2766 nihil
1027 2731 1114 2766 mihi
1137 2731 1290 2769 donasse

197 2775 393 2817 videbitur,
429 2779 466 2811 et
499 2779 639 2819 tamen,
684 2775 714 2811 si
749 2786 924 2822 accepero
958 2786 982 2811 a
1016 2786 1118 2812 servo
1154 2776 1288 2820 decem,

197 2821 322 2857 mortis
355 2831 465 2856 causa
494 2821 679 2866 accepisse
707 2831 764 2857 me
797 2821 973 2858 convenit.
1020 2821 1114 2857 idem
1146 2822 1288 2867 accidit,

197 2866 334 2947 guod²⁷
366 2866 445 2917 quis
478 2867 525 2902 sit
555 2867 658 2902 heres
681 2866 883 2910 institutus,
916 2867 947 2903 si
971 2866 1057 2902 mihi
1080 2867 1203 2904 decem
1228 2868 1290 2904 de-

222 2911 309 2947 erit:
346 2921 428 2946 nam
460 2911 668 2957 accipiendo
701 2912 747 2948 ab
779 2922 841 2956 eo,
878 2912 938 2958 qui
968 2912 1072 2949 heres
1103 2913 1290 2950 institutus

198 2961 279 3009 est,
305 2956 524 2992 condicionis
548 2957 745 3002 explendae
767 2957 846 2994 eius
870 2967 1000 3001 causa,
1030 2958 1156 2995 mortis
1181 2968 1292 2995 causa

199 3012 315 3048 capio.

198 3117 239 3156 (ι)
263 3114 367 3147 timus
379 3114 415 3148 F
499 3115 542 3156 (2)
566 3114 718 3148 condicio
732 3116 767 3149 F
850 3117 895 3157 (3)
920 3115 1010 3159 quod
1022 3126 1060 3149 ca
1072 3126 1157 3158 quae
1169 3120 1228 3150 aut
1238 3117 1288 3150 ita

1275 113 1357 162 612

1509 0 1514 41 ί

1518 39 1579 83 ἦ

1568 100 1571 118 ι
1602 145 1613 149 »
1647 130 1709 161 DE
1737 129 1903 162 MORTIS
1932 129 2074 162 CAUSA
2101 129 2436 163 nominemus

1401 236 1463 277 39-
1478 238 1638 277 Panas
1657 240 1748 277 libro
1772 241 1922 287 septimo
1946 239 2082 276 decimo
2105 239 2156 276 ad
2177 239 2361 276 Blaminm
2403 240 2441 276 Si

1353 283 1403 326 is,
1428 283 1486 320 cui
1507 284 1632 322 mortis
1655 295 1768 322 causa
1791 295 1914 321 servus
1938 284 2093 321 donanis
2114 288 2187 328 est,
2211 294 2293 322 eum
2315 295 2441 322 manu·

1354 328 1461 372 misit,
1485 333 1630 367 tenetur
1651 330 1875 367 condictione
1898 330 1935 365 in
1957 330 2111 376 pretium
2134 330 2245 374 servi,
2274 330 2441 377 quoniam

1354 374 1424 410 scit
1471 385 1552 411 osse
1574 375 1644 412 sibi
1667 375 1819 419 condici,
1842 374 1875 412 si
1897 375 2121 412 convaluerit
2143 375 2307 412 donator.

1401 385 1470 458 40p
1481 419 1725 457 hemma
1745 421 1837 457 libro
1859 421 2050 457 vicensim0
2074 431 2170 457 nono
2193 421 2442 467 quaestionum

1355 464 1395 501 Si
1416 466 1542 501 mortis
1563 475 1676 502 causa
1695 466 1793 503 inter
1809 466 1924 502 virum
1948 470 1984 502 et
2007 476 2156 501 uxorem
2175 465 2322 502 donatio
2345 465 2443 502 facta

1355 510 1419 553 sit,
1454 514 1568 547 morte
1597 514 1723 547 secuta
1755 510 1941 547 reducitur
1969 511 2017 546 ad
2047 511 2086 546 id
2114 515 2254 557 tempus
2288 511 2443 554 donatio,

1357 566 1428 600 quo
1451 555 1668 601 interposita
1688 556 1828 592 fuisset.

1401 599 1451 638 41
1479 600 1588 636 IDEM
1607 601 1698 637 libro
1720 601 1878 638 secundo
1900 612 2156 649 responsorum
2202 600 2306 647 Quod
2329 604 2443 638 statu-

1357 645 1450 682 liber
1471 647 1536 681 uni
1557 656 1604 682 ex
1625 646 1816 683 heredibus
1840 646 1885 682 de
1907 647 2048 692 peculio
2073 646 2181 690 dedit,
2205 648 2238 683 ei
2261 646 2323 693 qui
2342 656 2443 682 acce-

1356 691 1410 736 pit
1443 691 1482 726 in
1516 691 1702 728 Falcidiae
1735 692 1912 728 rationem
1946 692 2043 727 venit
2082 696 2118 728 ει
2159 692 2198 727 in
2237 691 2444 728 hereditatis

1357 735 1540 782 petitione,
1564 736 1650 772 item
1672 747 1717 773 ex
1739 736 1964 773 Trebelliano
1988 737 2201 774 restituitur.
2237 747 2283 773 ex
2304 737 2445 783 peculio

1357 785 1477 818 autem
1500 781 1642 818 videtur
1663 781 1752 825 dari,
1801 782 1875 817 uod
1898 782 2087 818 statuliber
2110 782 2282 819 donatum
2306 783 2447 828 accepit

1357 830 1395 862 et
1424 826 1533 863 dedit.
1579 830 1617 863 et
1645 827 1742 873 quod
1772 793 1818 863 ὃ)
1848 827 1919 863 alio
1955 829 2098 864 nomine
2124 828 2239 874 ipsius
2269 838 2311 864 eo
2342 838 2445 874 prae-

1358 876 1458 908 sente
1477 873 1594 917 datur,
1643 883 1731 919 rope
1751 877 1818 915 est,
1842 876 1884 908 ut
1902 872 1948 908 ab
1967 873 2047 918 ipso
2067 873 2191 909 datum
2210 873 2445 919 intellegatur.

1402 915 1457 956 42
1487 917 1596 954 loru
1692 929 1714 954 o
1746 918 1851 953 tertio
1888 917 2025 954 decimo
2056 929 2311 971 responsorum
2365 917 2447 954 Seia

1359 974 1441 999 cum
1478 963 1584 999 bonis
1621 963 1697 1000 suis
1736 963 1989 999 traditionibus
2030 962 2137 999 factis
2169 963 2263 999 Titio
2295 967 2447 1009 cognato

1357 1008 1559 1045 donationis
1581 1018 1694 1045 causa
1716 1010 1893 1052 cessisset,
1918 1018 2023 1044 usum
2046 1007 2203 1044 fructum
2227 1009 2295 1045 sibi
2312 1009 2448 1054 recepit

1357 1058 1394 1090 et
1417 1053 1592 1097 convenit,
1616 1059 1667 1097 ut,
1693 1053 1725 1090 si
1742 1053 1859 1089 Titius
1882 1057 1966 1089 ante
1989 1054 2104 1099 ipsam
2127 1054 2201 1090 vita
2225 1054 2446 1096 decessisset,

1356 1099 1557 1179 Eroprietas
1591 1098 1638 1135 ad
1669 1109 1747 1135 eam
1783 1098 1934 1142 rediret,
1971 1099 2004 1136 si
2038 1102 2165 1145 postea
2195 1099 2446 1145 superstitibus

1372 1145 1478 1181 'beris
1503 1144 1589 1180 Titii
1611 1148 1754 1180 mortua
1776 1144 1922 1188 fuisset,
1953 1148 2040 1180 ιιιιιε
2062 1145 2110 1180 ad
2133 1155 2196 1181 eos
2218 1145 2316 1181 bona
2337 1145 2446 1190 perti·

2055 1190 2206 1226 heredes
2234 1190 2339 1226 Lucii
2363 1190 2447 1226 Titii

1357 1235 1554 1277 vindicent,
1594 1235 1667 1271 doli
1702 1246 1775 1271 non
1810 1235 1984 1271 inutiliter
2024 1238 2227 1281 opponetur
2269 1235 2445 1281 exceptio.

1356 1281 1473 1316 bonae
1496 1280 1581 1316 fidei
1605 1284 1726 1316 autem
1748 1280 1880 1317 iudicio
1906 1281 2100 1317 constituto
2125 1281 2376 1327 quaerebatur,
2399 1291 2446 1316 an

1355 1326 1483 1361 mulier
1505 1326 1713 1379 promittere
1737 1325 1866 1362 debeat
1889 1336 1929 1362 se
1952 1327 2067 1369 bona,
2093 1337 2175 1362 cum
2196 1327 2446 1369 moreretnr¹⁹,

1354 1370 1438 1407 filiis
1470 1371 1557 1407 Titii
1595 1372 1855 1407 restituturam.
1903 1372 2113 1407 incurrebat
2149 1372 2339 1408 haesitatio
2375 1382 2448 1408 non

1356 1416 1624 1462 extorquendae
1647 1416 1868 1460 donationis,
1902 1427 1994 1462 quae
2017 1417 2175 1453 nondum
2198 1418 2235 1452 in
2256 1427 2447 1463 personam

1355 1461 1513 1497 filiorum
1534 1462 1675 1497 initium
1699 1465 1899 1516 acceperat.
1948 1462 2011 1498 sed
2041 1462 2214 1508 numquid
2235 1462 2448 1508 interposita

1357 1507 1526 1543 cautione
1573 1507 1646 1543 rior
1669 1507 1832 1551 donatio,
1870 1518 1961 1553 quae
1991 1507 2146 1544 dominio
2176 1508 2351 1544 translato
2374 1509 2448 1554 pri-

1357 1552 1437 1588 dem
1466 1563 1513 1598 pe
1549 1556 1629 1588 ecta
1659 1557 1734 1595 est,
1792 1557 1916 1598 ropter
1944 1553 2055 1598 legem
2083 1554 2122 1588 in
2150 1553 2297 1590 exordio
2327 1552 2447 1589 datam

1356 1598 1542 1642 retinetur,
1564 1609 1638 1634 non
1654 1608 1766 1634 secun
1791 1599 2067 1644 apromittitur?
2091 1603 2211 1634 utrum
2224 1609 2308 1644 ergo
2328 1603 2448 1635 certae

1359 1643 1579 1679 condicionis
1603 1643 1749 1679 donatio
1773 1643 1842 1679 fuit
1859 1654 1907 1679 an
1931 1654 2022 1689 quae
2045 1645 2169 1681 mortis
2193 1644 2382 1681 consilium
2405 1655 2448 1680 ac

1356 1688 1500 1724 titulum
1518 1689 1695 1725 haberet?
1715 1688 1779 1725 sed
1800 1689 1966 1734 denegari
1979 1700 2054 1725 non
2065 1693 2185 1735 potest
2202 1690 2325 1726 mortis
2339 1700 2449 1726 causa

1356 1733 1491 1769 factam
1514 1734 1637 1770 videri.
1685 1734 1864 1788 sequitur,
1896 1738 1939 1769 ut
1961 1735 2080 1770 soluta
2102 1735 2222 1781 priore
2245 1735 2448 1779 donatione,

1358 1779 1526 1825 quoniam
1558 1779 1640 1816 Seia
1669 1779 1763 1815 Titio
1801 1783 1983 1825 superstes
2020 1779 2107 1823 fuit,
2143 1790 2297 1826 sequens
2328 1785 2447 1817 extor-

1356 1824 1461 1906 ἓξὲξ
1482 1824 1859 1906 ἴέῗιῗι“ἒι’·ωέῗὲἐίῗὲ
1882 1825 2448 1908 ἶξῶἓὲἓεέἒέἑθῖιῗίιῖᾞξὲἓὲἒῗ

1356 1916 1495 1961 pei-int,
1527 1915 1784 1952 contributioni
1837 1920 1963 1963 ropter
1993 1916 2190 1952 Falcidiam
2218 1927 2265 1953 ex
2378 1927 2448 1953 ona

1361 1965 1376 1996 1
1426 1971 1494 1997 sua
1527 1962 1756 1997 tenebuntur.
1837 1973 1896 1997 um
1934 1965 2041 2007 pater
2078 1962 2117 1998 in
2150 1965 2318 1998 extremis
2354 1963 2447 1998 vitae

1359 2006 1575 2042 constitutus
1599 2006 1825 2053 emancipato
1855 2007 1930 2043 filio
1963 2007 2137 2052 quaedam
2166 2008 2243 2044 sine
2266 2008 2340 2043 ulla
2363 2018 2447 2044 con-

1358 2052 1497 2088 dicione
1525 2051 1737 2098 redhibendi
1768 2053 1938 2089 donasset
1966 2063 2010 2088 ac
2041 2052 2172 2089 fratres
2196 2057 2234 2089 et
2255 2053 2448 2089 coheredes

1358 2098 1435 2133 eius
1457 2097 1563 2133 bonis
1593 2097 1773 2133 contribui
1803 2098 2012 2134 donationes
2035 2097 2220 2134 Falcidiae
2243 2109 2354 2135 causa
2376 2099 2447 2134 vel-

1357 2142 1453 2186 lent,
1485 2142 1542 2178 ius
1573 2143 1759 2189 antiquum
1791 2143 2003 2179 servandum
2039 2154 2118 2180 esse
2152 2143 2339 2189 respondi:
2374 2155 2447 2180 non

1358 2189 1453 2223 enim
1482 2187 1529 2223 ad
1562 2188 1634 2223 alia
1664 2189 1955 2224 constitutionem
1985 2189 2180 2234 pertinere,
2219 2199 2326 2235 quam
2356 2200 2449 2236 quae

1357 2233 1436 2278 lege
1459 2236 1559 2269 certa
1578 2233 1800 2269 donarentur
1815 2238 1853 2269 et
1868 2238 1983 2270 morte
2004 2234 2168 2270 insecuta
2187 2235 2448 2280 quodammodo

1357 2279 1462 2314 bonis
1483 2278 1712 2314 auferrentur
1731 2289 1795 2325 spe
1812 2279 1989 2315 retinendi
2000 2283 2203 2326 perempta:
2223 2290 2305 2316 eum
2317 2284 2447 2324 autem,

1359 2323 1421 2369 qui
1453 2324 1618 2360 absolute
1650 2324 1817 2366 donaret,
1850 2335 1922 2360 non
1953 2329 2027 2360 tam
2050 2326 2174 2361 mortis
2208 2335 2318 2362 causa
2341 2337 2445 2372 quam

1357 2369 1567 2405 morientem
1591 2369 1738 2405 donare.

1405 2412 1458 2453 43
1473 2414 1586 2450 Nam
1592 2424 1680 2450 was
1695 2414 1919 2461 libroprim0
1931 2426 2187 2462 responsorum
2216 2416 2297 2452 Γυι
2303 2427 2447 2454 cmlvs:

1356 2459 1452 2495 inter
1474 2459 1588 2496 virum
1617 2463 1656 2496 et
1678 2470 1827 2496 uxorem
1855 2460 1980 2496 mortis
2010 2471 2121 2497 causa
2145 2461 2373 2499 donationem
2395 2462 2448 2498 ita

1357 2504 1453 2549 fieri,
1487 2505 1519 2541 si
1542 2505 1695 2541 donator
1724 2505 1958 2542 iustissimum
1986 2506 2110 2542 mortis
2139 2512 2273 2542 metum
2302 2507 2446 2544 habeat.

1359 2551 1579 2587 Nzcfflmvs:
1623 2549 1791 2587 sufficere
1825 2551 2120 2587 existimationem
2155 2551 2322 2589 donantis
2355 2553 2445 2589 hano

1358 2606 1447 2639 esse,
1472 2599 1514 2631 ut
1532 2596 1744 2632 moriturum
1767 2606 1807 2632 se
1830 2600 1950 2641 putet:
1976 2607 2083 2642 quam
2101 2597 2195 2633 iuste
2219 2608 2285 2634 nec
2304 2609 2350 2635 ne
2367 2609 2438 2635 sus·

1358 2641 1504 2687 ceperit,
1529 2651 1602 2677 non
1625 2641 1879 2687 quaerendum.
1928 2641 2024 2687 quod
2050 2643 2162 2687 magis
2186 2643 2358 2679 tuendum
2379 2648 2445 2680 est.

1405 2685 1459 2724 44
1485 2686 1644 2723 Paetus
1663 2686 1755 2723 libro
1772 2688 1898 2733 primo
1916 2687 2138 2723 manualium
2173 2687 2213 2724 Si
2230 2698 2332 2725 servo
2352 2700 2446 2726 mor-

1358 2732 1404 2768 tis
1429 2742 1541 2768 causa
1563 2731 1736 2768 donatum
1765 2733 1831 2775 sit,
1865 2732 2064 2775 videamus,
2100 2733 2241 2769 cuius²⁰
2271 2744 2368 2770 mors
2390 2734 2445 2770 in-

1358 2777 1449 2823 spici
1458 2778 1488 2800 ²¹
1513 2776 1658 2820 debeat,
1693 2781 1735 2812 ut
1763 2778 1811 2813 sit
1838 2777 1939 2814 locus
1972 2777 2206 2821 condictioni,
2244 2779 2378 2815 domini
2399 2790 2446 2815 an

1358 2823 1472 2868 ipsius
1495 2823 1599 2859 servi.
1644 2822 1709 2859 sed
1730 2823 1843 2869 magis
1867 2823 1943 2859 eius
1966 2823 2188 2869 inspicienda
2210 2828 2275 2868 est,
2300 2825 2359 2860 cui
2381 2825 2445 2861 do·

1361 2872 1483 2904 natum
1506 2871 1610 2904 esset.
1659 2867 1724 2904 sed
1750 2872 1872 2904 tamen
1900 2873 1984 2914 post
2012 2873 2163 2905 mortem
2194 2873 2278 2905 ante
2300 2875 2444 2916 apertas

1358 2913 1500 2950 tabulas
1534 2913 1739 2949 testamenti
1778 2914 2031 2950 manumissum
2067 2914 2157 2950 haec
2194 2914 2340 2952 donatio
2373 2927 2444 2951 ιιοιι

1358 2959 1531 3005 sequitur.

1357 1193 1494 1226 nerent.
1542 1190 1652 1235 igitur
1679 1190 1711 1226 si
1738 1200 1797 1226 res
1810 1190 1839 1211 ¹⁸
1888 1189 1896 1197 ⁸

1357 3118 1412 3159 (ιι)
1436 3117 1493 3150 oui
1503 3116 1702 3160 promissum
1714 3119 1763 3150 est
1781 3130 1843 3152 scr.
1942 3119 2001 3159 (12)
2026 3117 2135 3159 Quod,
2154 3118 2362 3154 condicionis
2379 3119 2439 3154 im-

200 3160 334 3199 dantur,
354 3162 394 3193 ιιι
411 3158 542 3202 aliquid
559 3160 675 3202 facias,
696 3164 756 3193 aut
773 3164 812 3194 ιιι
831 3171 892 3204 ego
912 3161 1042 3205 aliquid
1060 3163 1205 3205 capiam,
1228 3165 1288 3195 aut
1355 3161 1496 3206 plendae
1509 3172 1608 3196 causa
1618 3161 1699 3196 licet
1711 3162 1821 3205 datur,
1838 3173 1880 3196 ex
1897 3162 1994 3198 bonis
2003 3163 2130 3196 mortui
2139 3163 2361 3207 proficiscitur
2377 3178 2442 3200 scr.

201 3208 239 3238 ιιι
249 3205 378 3239 Lucius
388 3204 508 3246 Titius,
528 3208 588 3256 aut
607 3208 646 3238 ut
665 3205 795 3247 aliquid
811 3206 976 3285 εριὶιὲᾖει,
996 3207 1164 3241 condictio
1175 3208 1286 3250 sequi-

200 3254 257 3284 tur
267 3263 330 3284 scr.
416 3251 461 3292 (4)
486 3252 554 3283 tam
566 3260 602 3282 ιιι
614 3260 695 3293 pace
706 3261 805 3292 quam
817 3262 854 3284 m
866 3251 888 3285 b
935 3262 955 3285 o
968 3253 1029 3286 ἀεῖ.
1117 3254 1160 3294 (5)
1184 3252 1286 3286 dona-

201 3299 255 3328 tor
273 3297 333 3329 ins.
354 3295 375 3329 Ι.
393 3308 472 3360 gem.
578 3299 622 3337 (θ)
646 3295 703 3328 sod
724 3298 781 3328 ins.
805 3298 826 3329 l.
844 3310 923 3340 qem.

201 3342 246 3382 (e)
270 3340 337 3373 nini
355 3340 390 3373 F
523 3341 569 3381 (ο)
593 3341 668 3374 vide
683 3351 718 3384 p.
740 3347 792 3374 οιο
814 3354 845 3377 n.
866 3349 900 3377 is
1017 3345 1076 3384 (ιο)
1102 3342 1221 3376 tulerit
1235 3342 1288 3376 17²

1024 3299 1069 3339 (7)
1093 3297 1217 3331 donare
1237 3297 1288 3331 F‘
1356 3298 1418 3340 (1⁹)
1441 3297 1713 3331 morerenturffl

1357 3210 1416 3250 (13)
1439 3209 1487 3241 sic
1497 3220 1559 3242 sec.
1575 3208 1610 3241 B
1627 3208 1789 3248 Cuiaciue,
1802 3208 1907 3250 legati
1919 3208 1957 3242 F
2037 3211 2095 3251 (14)
2121 3210 2168 3243 od
2180 3214 2197 3249 θ
2211 3217 2225 3244 1
2239 3212 2280 3254 qs:
2295 3211 2315 3243 l.
2329 3217 2363 3245 ta
2375 3211 2406 3245 Ιι.
2419 3218 2440 3245 t.

1357 3255 1415 3294 (ιι)
1438 3252 1620 3286 mixnininse
1634 3253 1669 3286 F·
1724 3254 1787 3295 (ιε)
1811 3254 1822 3286 i
1836 3254 1872 3287 F
1927 3255 1986 3295 (ιι)
2010 3254 2144 3296 quando
2155 3266 2217 3288 scr.
2281 3256 2341 3297 (ιε)
2365 3266 2402 3290 re
2414 3256 2444 3290 F

1805 3301 1869 3339 (20)
1894 3298 1966 3332 oin·
1978 3298 2013 3332 F
2097 3301 2155 3340 (21)
2179 3299 2286 3343 inpioi
2298 3301 2334 3334 F
