2528 3918
179 114 327 158 XXVI
346 116 386 158 6.
403 116 425 156 Ἰ

226 232 254 273 2
277 234 383 271 Imm
403 233 497 270 libro
512 234 639 281 primo
662 233 941 270 excusationum
1010 232 1091 268 Εὰν
1113 232 1149 268 οἰ
1172 228 1271 287 ἀφή-

181 279 273 316 ame
302 279 352 324 μὴ
383 281 492 320 ἔχωσι
521 278 604 313 τοὺς
635 279 676 312 ἐκ
704 278 782 312 τοῖν
812 276 940 323 νόμων
971 275 1181 323 κηδεμόνας,
1207 279 1274 312 ίαν

180 326 248 371 μὲν
276 321 488 370 ἐπιτρόπων
519 320 674 357 δέωνται
706 320 767 357 διὰ
795 322 865 366 τὴν
895 319 1054 366 ἡλικίαν,
1098 320 1273 357 δύνανται

182 369 329 410 αἰτῆσαι
362 365 481 403 αὺτοῖς
511 365 727 414 ἐπιτρόπους
757 367 1037 409 κατασταθῆναι
1068 367 1109 402 οἷ
1125 379 1168 402 τε
1191 379 1272 414 συγ·

180 417 290 461 γενεῖς
299 415 360 447 καὶ
369 412 407 447 οἱ
412 408 490 447 κατ’
500 415 697 460 ἐπιγαμίαν
708 413 833 447 οἰκεῖοι
846 414 986 459 γονέων
993 407 1157 460 ἀρρένων
1162 424 1205 447 τε
1211 414 1273 447 καὶ

181 456 355 501 θηλειῶν·
379 455 554 492 δύνανται
576 460 637 492 καὶ
660 455 762 505 φίλοι
782 459 860 492 τῶν
879 459 1020 512 ἴονέων
1042 459 1104 491 καὶ
1125 460 1273 511 τροφεῖῖε

183 506 199 539 1
250 498 371 537 αὐτῶν
391 504 468 537 τῶν
496 500 644 538 παίδων
671 504 780 537 τοῦτο
813 502 970 544 αἰτησαι.
1037 500 1083 536 Οἱ
1209 514 1274 536 ουν

182 545 286 583 ἄλλοι
317 549 357 581 ἐκ
388 550 633 593 προαιρέσεως
667 548 830 582 αἰτοῦσιν
860 544 1085 592 ἐπιτρόπους·
1134 547 1201 582 εἰσὶ
1234 544 1275 580 δε·

179 604 274 629 τινες
294 590 349 629 οῖς
369 591 566 639 ἐπάναγκές
584 594 683 628 ἐστιν
696 592 810 626 αἰτεῖν
821 590 1046 638 ἐπιτρόπους,
1062 590 1144 626 οἷον
1153 590 1275 647 μήτηρ

181 639 242 671 καὶ
252 631 415 672 hedes&
457 648 503 672 οι·
536 639 576 672 ἐκ
597 636 742 672 τούτων
762 636 832 684 γὰρ
858 636 973 681 αἳμὲν
991 636 1221 681 ζημιοῦνται,
1237 649 1273 670 οι

181 680 222 716 δὲ
245 684 307 716 καὶ
342 679 432 717 κολά
456 695 572 723 ονται,
612 682 676 717 ίὰν
713 681 762 725 μὴ
795 679 973 724 αἰτήσωσι
1002 681 1084 716 τοὺς
1121 683 1160 715 ἐκ
1196 681 1275 715 τῶν

179 725 308 770 νόμων
330 724 540 773 κηδεμόνας.
567 724 590 770 ἡ
648 729 657 739 “
707 726 776 773 γὰρ
806 724 925 770 μήτηρ
957 724 1183 765 ἐξελαύνεται
1211 726 1273 769 τῆς

179 773 245 806 τοῦ
266 769 399 808 παιδὸς
421 775 575 817 νομίμου
589 740 836 815 κῖήνονομίαε,
863 768 912 806 ὡς
935 764 1025 805 οὖσα
1050 766 1183 811 ἀναξία
1205 770 1271 806 λα-

178 820 261 861 βεῖν
282 815 416 864 κλῆρον
437 816 601 862 νόμιμον,
626 829 678 870 μή
700 818 927 862 φροντίσασα
951 811 1050 859 αὐτῷ
1086 828 1271 850 καταστα-

179 862 295 904 θῆναι
317 864 528 928 ἐπίτροπον.
554 864 614 895 καὶ
638 874 681 895 ου
703 860 820 906 μόνον
849 860 914 895 ἐὰν
934 860 985 905 μὴ
1008 859 1147 907 αἰτήσῃ,
1183 855 1272 895 ἀλλὰ

181 909 251 947 καί,
278 903 323 942 ὃν
346 905 392 941 ἂν
438 906 577 954 αἰτήσῃ,
605 903 704 941 ὁσίας
733 904 842 952 χάριν
853 904 982 953 αἰτήσῃ
994 905 1060 941 τὸν
1084 901 1107 939 εἷ
1139 905 1273 948 εθῆναι

181 949 391 997 δυνάμενον,
420 951 497 986 εἶτα
522 947 724 998 ἀφεθέντος
742 946 852 985 αὐτοῦ
879 949 896 960 '¹
922 953 983 985 καὶ
996 946 1098 994 ἆποβ
1118 950 1273 993 ηθέντος

181 994 292 1031 ἄλλον
312 996 363 1042 μὴ
387 995 517 1044 αἴτ’σῃ
541 994 661 1037 πάλιν,
688 994 711 1038 ἢ
734 995 878 1038 ἐξεπίτη
904 1008 937 1031 ες
969 996 1097 1031 κακοὺς
1130 993 1271 1042 αἰτήσῃ.

181 1036 424 1088 ἀπελεύθεροι
471 1044 488 1076 ἑ
511 1043 551 1076 ἐκ
573 1039 717 1075 τούτων
737 1041 815 1074 τῶν
837 1041 968 1075 αἰτιῶν
999 1039 1270 1088 κατηγορηθέν-

179 1098 236 1122 ‘tes
265 1088 325 1121 ἐπὶ
357 1088 422 1121 τοῦ
453 1084 475 1128 ἡ
500 1088 649 1140 ουμένου
681 1084 900 1125 κολάζονται
932 1086 1174 1131 ἐπιστρεφῶς,
1209 1083 1274 1118 ἐὰν

212 1134 390 1165 αίνωνται
413 1129 435 1174 ἢ
485 1126 507 1165 ι’
534 1129 703 1175 αμέλειαν
725 1129 747 1172 ἣ
773 1129 833 1164 διὰ
858 1133 991 1164 κακίαν
1018 1130 1068 1175 μὴ
1090 1126 1271 1173 ἦτηκότες.

180 1143 209 1211 ζ
251 1176 300 1210 Τὰ
336 1174 376 1210 δὲ
407 1178 490 1221 περὶ
520 1177 583 1219 τῆς
615 1175 749 1220 μητρὸς
771 1177 1015 1221 προειρημένα
1040 1164 1211 1226 δηλοῦται
1234 1176 1275 1208 έν

181 1219 351 1264 ὀπιστολῆ
376 1220 556 1267 Σεβήρου,
571 1213 611 1262 ἧς
628 1220 674 1254 τὰ
688 1219 734 1267 ῥή
763 1233 834 1253 ατα
844 1216 1124 1256 ὑποτέτακταιέ
1147 1219 1272 1255 ‘Divus

181 1255 343 1301 ‘Severus
376 1265 506 1311 Cuspio
539 1264 683 1301 Rufino.
722 1234 870 1300 (qmnem
893 1274 950 1300 me
971 1265 1146 1301 rationem
1170 1263 1272 1299 adhi-

181 1310 278 1347 ‘bere
302 1309 576 1346 subveniendis8
588 1309 744 1362 pupillis,
771 1320 850 1345 cum
875 1309 922 1345 ad
946 1320 1070 1345 curam
1092 1309 1274 1356 publicam

181 1356 380 1401 ‘pei-tinem,
404 1355 539 1401 liquere
552 1355 716 1391 omnibus
734 1355 826 1390 volo.
854 1355 916 1390 ⁴et
939 1355 1019 1391 ideo
1044 1365 1137 1401 quae
1159 1357 1274 1390 mater

180 1401 246 1436 ‘vel
270 1411 343 1436 non
365 1400 508 1446 petierit
537 1403 675 1435 tutores
707 1399 855 1436 idoneos
887 1399 968 1435 filiis
1000 1401 1075 1436 suis
1098 1400 1153 1436 vel
1176 1399 1273 1445 prio-

180 1446 291 1481 ‘ribus
316 1445 494 1481 excusatis
518 1445 702 1480 reiectisve
723 1455 796 1480 non
820 1445 1009 1480 confestim
1032 1445 1185 1482 aliorum
1208 1455 1273 1480 no·

181 1491 290 1525 ‘mina
322 1490 502 1532 dederit⁵‚
533 1490 590 1525 ius
625 1500 698 1525 non
734 1490 867 1525 habeat
889 1490 1183 1526 vindicandorum
1206 1489 1275 1525 sibi

180 1538 200 1571 3
239 1535 428 1571 ‘bonorum
450 1535 701 1571 intestatorum
712 1534 890 1570 filiorum’.
924 1531 1015 1570 Ἐὰν
1030 1538 1155 1580 μέντοι
1174 1547 1228 1569 τις
1251 1532 1274 1576 ἢ

181 1578 368 1623 δανειστὴς
399 1579 421 1622 ἢ
444 1579 680 1626 λεγατάριοςθ
703 1579 726 1635 ἢ
750 1578 862 1622 ἄλλην
875 1576 1079 1627 ἀναγκαίαν
1100 1582 1160 1624 ἔχη
1184 1578 1275 1625 πρὸς

179 1625 246 1659 τὸν
268 1620 438 1671 ὀρφανὸν
461 1625 652 1666 σύστασιν,
680 1624 785 1661 αυτὸς
806 1627 874 1669 μὲν
886 1620 951 1659 οὖκ
969 1624 1109 1669 αἰτήσει
1125 1616 1274 1670 ἐπίτρο-

179 1682 253 1705 πον
274 1671 329 1714 τῷ
355 1665 523 1727 ὀρφανῷ,
550 1665 640 1724 {Md
649 1669 731 1706 τοὺς
752 1670 867 1704 αἰτεῖν
879 1668 1095 1715 δυναμένους
1126 1666 1275 1711 ἀξιώσει

181 1715 345 1758 αἰτῆσαι,
382 1728 405 1758 η
435 1714 500 1749 ἐὰν
530 1727 632 1749 ουτοι
663 1710 908 1758 ἇποκνήσωσι,
945 1713 1032 1750 τότε
1053 1714 1276 1760 προσελθών

180 1761 235 1804 τῷ
269 1757 457 1817 ἡγουμένῳ
495 1755 583 1795 αὐτὸ
615 1761 724 1794 τοῦτο
759 1763 835 1806 ἐρεῖ
840 1788 852 1815 3
888 1760 948 1794 ἵνα
980 1761 1275 1796 κατασταθέντος

180 1807 380 1851 ἐπιτροπου
410 1808 563 1850 νομίμου
586 1801 608 1847 ἡ
631 1805 721 1851 πρὸς
742 1805 810 1840 τὸν
832 1804 1002 1852 ορφανὸν
1030 1808 1178 1853 γε’νηται
1210 1804 1273 1841 σῦ-

180 1853 202 1885 4
251 1862 384 1886 στασις.
453 1852 570 1884 Ταῦτα
601 1852 668 1894 μὲν
690 1853 773 1896 περὶ
796 1849 1018 1897 ἐπιτρόπων
1051 1849 1274 1897 κουρότεραι

182 1892 223 1928 δὲ
245 1895 383 1931 ἑαυτοῖς
407 1894 618 1939 αἰτήσουσιν
640 1894 678 1930 οἱ
700 1891 891 1941 ἇφήλικες,
926 1895 992 1931 ἐὰν
1019 1899 1087 1941 μὲν
1115 1897 1270 1943 παρῶσι,

181 1935 228 1974 δι’
265 1940 414 1974 ἑαυτῶν·
447 1940 512 1974 ἐὰν
543 1938 583 1974 δὲ
607 1935 705 1975 ἆποδ
728 1942 777 1987 μῇ
807 1953 862 1977 τις
893 1936 1021 1983 αὗτῶν,
1048 1939 1189 1984 αἰτήσει
1213 1939 1274 1975 διὰ

180 1988 201 2020 5
251 1987 482 2031 φροντιστοῠ.
529 1986 576 2020 Εἰ
600 1983 640 2019 δὲ
664 1984 686 2019 ἆ
730 1998 768 2021 οε
791 1986 938 2029 αἰτῆσαι
969 1985 1175 2033 κουράτορα
1208 1984 1272 2021 δύ-

180 2042 290 2064 ναται
311 2031 367 2074 τῷ
393 2026 549 2076 εἷφήλικι,
576 2029 752 2073 ἐζητήθη.
779 2033 841 2065 καὶ
855 2026 1053 2067 Οὐλπιανὸς
1077 2028 1097 2065 ὁ
1121 2029 1272 2077 κράτισ-

180 2087 242 2110 τος
267 2070 381 2110 οὕτως
402 2074 548 2121 γράφει,
584 2073 631 2111 ὥς
667 2074 752 2109 δέον
788 2074 895 2110 ἄλλον
935 2071 1035 2120 αὖτῴ
1065 2076 1115 2121 μὴ
1147 2078 1269 2118 αἰτεῖν,

186 2115 276 2154 ἀλλὰ
300 2117 410 2154 αὐτὸν
433 2120 550 2163 ἑαυτιξ1
554 2121 577 2161 ⁷,
605 2124 641 2156 ει
669 2120 766 2165 apud
788 2121 942 2157 Paulum
963 2122 1055 2157 libro
1087 2131 1183 2157 nono
1216 2131 1272 2156 re-

183 2175 398 2210 sponsorum
421 2165 473 2200 ita
495 2167 648 2201 relatum
680 2169 734 2201 est
764 2170 966 2202 curatorem
989 2167 1176 2212 ignorante
1205 2176 1273 2202 nec

182 2209 374 2245 mandante
385 2210 522 2255 pupilla
541 2221 613 2246 non
625 2214 725 2246 recte
750 2211 782 2246 ei
805 2221 828 2246 a
849 2215 970 2247 tutore
989 2212 1141 2257 petitum
1163 2211 1273 2247 videri

179 2254 448 2300 periculumque
483 2266 623 2297 eorum,
658 2265 750 2301 quae
782 2259 928 2292 curator
958 2267 1029 2292 non
1062 2257 1142 2292 iure
1165 2256 1272 2292 datus

179 2299 299 2345 gessit,
323 2310 396 2335 non
421 2300 498 2335 sine
520 2301 660 2336 ratione
683 2311 762 2336 eum
786 2301 848 2347 qui
870 2302 961 2347 petit
983 2301 1179 2346 cogendum
1210 2311 1271 2346 ag-

180 2354 339 2380 noscere.
365 2348 402 2380 et
424 2345 496 2380 alia
518 2350 622 2391 parte
645 2345 803 2381 eiusdem
826 2346 908 2381 libri
940 2347 992 2382 ita
1023 2356 1080 2382 res
1107 2346 1218 2389 ondit,
1242 2346 1273 2382 si

180 2389 304 2425 matris
327 2390 498 2425 iudicium
521 2391 688 2436 princeps
712 2395 857 2427 secutus
875 2395 1059 2427 curatores
1116 2391 1124 2399 ‘
1151 2401 1171 2427 e
1194 2391 1271 2427 eius

183 2434 290 2477 dedit,
323 2435 522 2481 periculum
555 2436 873 2472 administrationis
909 2446 1033 2473 eorum
1057 2446 1136 2472 eam
1157 2436 1270 2482 respi-

182 2482 203 2515 6
251 2490 333 2515 cere
358 2479 497 2515 debere.
549 2480 594 2515 Οἱ
616 2479 787 2516 ὁπωσοῦν
811 2476 1015 2526 ἀφεθέντες
1048 2477 1095 2515 δι’
1120 2491 1271 2517 excusa-

179 2525 298 2560 tionos
332 2526 396 2568 τῆς
418 2527 615 2571 ἐπιτροπῆς
639 2521 802 2573 ἀνάγκην
825 2521 889 2561 οὐκ
901 2528 1043 2569 ἔχουσιν
1059 2527 1174 2561 αἰτεῖν
1195 2530 1271 2562 τοῖς

182 2565 367 2648 ὀρφανέἶε,
383 2572 597 2654 ἰπξίτρεοπον,
625 2566 673 2606 ὥς
699 2583 793 2617 φησι
825 2570 996 2618 Σεβήρσυ
1028 2573 1089 2605 καὶ
1119 2566 1268 2605 Ἀντω-

180 2627 203 2647 ν
218 2627 282 2648 1101)
332 2628 416 2648 ιαῒα
442 2628 470 2650 ις
496 2642 503 2648 .

227 2656 252 2696 3
277 2658 436 2695 Patmos
456 2660 548 2695 libro
571 2660 708 2696 decimo
731 2671 987 2706 responsorum
1029 2660 1182 2697 Decreto
1206 2660 1268 2696 de-

182 2703 367 2739 curionum
398 2708 434 2739 et
463 2705 578 2757 ipsum
603 2706 848 2751 magistratum
879 2709 1080 2741 curatorem
1103 2706 1181 2741 dari
1202 2716 1268 2751 po-

182 2748 296 2784 tuisse
318 2749 497 2794 respondi.

227 2791 254 2830 4
280 2793 558 2831 Tarmomvs
577 2795 669 2831 libro
693 2796 797 2831 tertio
822 2795 957 2832 decimo
981 2795 1267 2843 disputationum

181 2907 222 2948 (i)
247 2901 291 2940 ὃν
303 2903 359 2947 ἂν]
374 2901 463 2939 ὅταν
474 2920 535 2940 scr.
619 2909 662 2949 (2)
689 2908 727 2941 id
737 2916 804 2943 est.-
829 2909 867 2941 Si
880 2909 1027 2942 minores
1038 2920 1108 2943 non
1122 2908 1272 2943 habeant

182 2951 243 2994 qui
263 2950 396 2994 legibus
408 2953 578 2994 provisam
599 2963 713 2986 curam
726 2964 840 2986 eorum
853 2958 970 2996 agant,
988 2955 1019 2987 si
1031 2954 1167 2998 quidem
1179 2957 1270 2988 tuto-

181 3006 256 3030 rum
271 2995 448 3038 indigeant
460 3001 598 3039 propter
607 3001 760 3037 aetatem,
772 3001 900 3031 tutores
913 3003 953 3032 ut
961 3000 1005 3033 iis
1018 3000 1272 3033 constituantur

181 3044 297 3084 petere
321 3044 472 3083 possunt,
514 3043 652 3084 cognati
679 3046 713 3076 et
749 3043 865 3076 affines
899 3047 969 3077 tam
1008 3045 1144 3087 paterni
1172 3055 1270 3088 quam

182 3086 327 3119 materni
340 3089 491 3129 possunt,
513 3088 615 3119 etiam
628 3088 729 3120 amici
743 3092 921 3131 parentum
943 3092 976 3122 et
987 3089 1139 3131 ipsorum
1149 3101 1270 3133 puero·

184 3133 200 3165 1
251 3141 326 3164 rum
356 3130 551 3164 educatores
572 3132 634 3164 hoc
658 3136 781 3174 petere.
821 3134 870 3166 Et
890 3134 1013 3177 reliqui
1033 3145 1073 3167 ex
1097 3135 1270 3168 voluntate

183 3178 312 3209 tutores
346 3179 486 3219 petunt:
534 3181 613 3209 sunt
651 3182 761 3210 autem
802 3179 939 3221 quidam
977 3180 1099 3222 quibus
1136 3191 1270 3213 necesse

183 3225 235 3254 est
255 3224 383 3254 tutores
399 3225 527 3274 petere,
548 3225 587 3253 ut
611 3225 716 3254 mater
738 3226 772 3255 et
789 3222 925 3257 liberti:
947 3234 987 3257 ex
1014 3225 1068 3258 his
1088 3225 1179 3258 enim
1210 3225 1271 3258 ins

183 3265 307 3299 damno
319 3266 477 3306 afficitur,
500 3266 625 3299 bivero
639 3267 740 3299 etiam
750 3269 976 3311 corriguntur,
990 3269 1056 3303 nisi
1069 3273 1198 3312 petant,
1211 3270 1270 3312 qui

184 3321 298 3344 curam
311 3322 424 3344 eorum
445 3310 627 3344 secundum
639 3310 730 3353 leges
741 3317 854 3355 agant.
891 3318 997 3347 mater
1020 3315 1110 3347 enim
1137 3319 1272 3348 arcetur

183 3366 205 3388 a
223 3355 288 3389 filii
310 3355 464 3399 legitima
495 3355 691 3396 hereditate,
716 3361 833 3399 utpote
855 3359 999 3401 indigna
1021 3370 1106 3402 quae
1135 3369 1175 3393 ex
1195 3359 1269 3402 lege

183 3401 278 3434 heres
290 3400 360 3441 fiat,
378 3402 407 3434 si
419 3400 578 3444 neglegat
592 3405 735 3434 tutorem
748 3403 779 3434 ei
792 3404 974 3437 constitui:
995 3407 1030 3437 et
1041 3415 1109 3438 non
1119 3404 1228 3437 solum
1240 3405 1267 3437 si

185 3455 254 3479 non
266 3449 372 3488 petat,
383 3446 440 3480 sed
450 3446 550 3479 etiam
564 3446 604 3488 si,
614 3456 690 3479 cum
699 3450 802 3488 petat,
816 3448 902 3480 dicis
913 3459 1014 3481 causa
1025 3453 1122 3492 petat
1133 3460 1269 3482 excusa·

184 3491 277 3524 tione
285 3490 508 3532 liberandum,
517 3490 639 3524 deinde
647 3490 789 3524 dimisso
802 3503 840 3524 eo
850 3493 900 3525 vel
914 3494 1015 3527 etiam
1028 3494 1152 3528 reiecto
1165 3494 1270 3527 alium

184 3545 301 3568 rursus
324 3546 393 3569 non
414 3539 517 3579 petat,
539 3535 593 3569 vel
605 3536 637 3570 si
648 3535 764 3569 dedita
775 3546 877 3579 opera
897 3538 1001 3571 malos
1025 3542 1130 3581 petat.
1153 3538 1270 3572 liberti

184 3582 295 3613 autem
307 3584 446 3624 propter
458 3581 518 3614 has
531 3590 650 3614 causas
663 3581 811 3614 accusati
822 3582 914 3624 apud
923 3583 1111 3624 praesidem
1119 3585 1270 3627 graviter

183 3625 385 3668 puniuntur,
398 3626 427 3658 si
440 3629 603 3669 appareat
613 3635 670 3659 eos
690 3629 751 3659 aut
769 3626 985 3669 neglegentia
1007 3638 1067 3661 sua
1086 3633 1147 3662 aut
1166 3629 1269 3662 etiam

185 3669 207 3703 2
240 3669 329 3703 mala
340 3669 457 3703 fraude
470 3681 537 3703 non
550 3670 721 3714 petivisse.
746 3669 796 3704 De
806 3675 914 3704 matre
924 3681 1001 3705 vero
1014 3683 1098 3715 qnae
1111 3673 1268 3714 diximus,

186 3714 432 3758 intelleguntur
453 3725 491 3747 ex
508 3715 654 3758 epistula
666 3715 798 3758 Severi,
819 3716 917 3750 cuins
929 3716 1030 3750 verbs
1053 3717 1266 3752 subiecimus.

1252 109 1340 158 34⁰

1476 156 1477 166 γ
1924 126 1987 156 m:
2014 125 2431 161 Anumisriiffionn
2474 123 2489 159 ,ὲ

1482 168 1542 187 Ὗ
2481 173 2483 175 ,

1342 226 1581 278 Οτεᾱειιᾱιιιιιχ
1591 237 1646 269 εει
1668 238 1705 270 ει
1725 244 1803 270 eain
1814 237 1964 287 matrem
1976 236 2230 273 constitutione
2242 236 2430 281 contineri,

1341 288 1515 359 ‘effluis
1526 282 1643 359 Ῑέιῖῗ.
1663 289 1754 360 ¹33.
1770 279 2348 379 'ffiffizfitffiftffiffit
2369 282 2432 363 52

1344 371 1359 403 1
1411 371 1510 403 creto
1543 368 1756 404 confirmari.
1805 369 1868 405 Sin
1898 374 2018 405 autem
2048 370 2185 407 idoneis
2216 371 2310 407 datis
2333 375 2431 408 tuto·

1341 412 1441 448 ribus
1464 412 1627 458 pluribus
1639 424 1731 449 unus
1745 424 1867 450 eorum
1878 414 1933 450 vel
1954 414 2108 451 decessit
2125 416 2181 452 vel
2201 416 2432 461 temporalem

1342 457 1611 494 excusationem
1635 459 1787 505 accepit,
1811 463 1935 502 mater,
1961 469 2054 505 quae
2076 466 2268 506 propterea
2290 461 2327 496 in
2350 461 2431 497 loco

1340 502 1436 538 illius
1460 502 1569 538 alium
1592 513 1666 539 non
1715 504 1788 547 etit,
1814 505 1897 549 quia
1927 514 2097 541 numerus
2128 506 2345 551 reliquorum
2367 505 2431 541 ad·

1341 547 1593 583 ministrationi
1624 551 1700 584 tute
1714 559 1756 584 ae
1798 549 2019 592 sufficiebat,
2060 550 2184 586 incidit
2218 550 2359 597 quidem
2394 551 2432 587 in

1342 594 1363 627 2
1398 592 1509 628 verba
1533 593 1809 637 constitutionis,
1835 594 1898 629 sed
1922 595 2100 630 sententia
2123 600 2324 631 excusatur.
2362 595 2431 633 Sed

1342 637 1374 673 si
1397 641 1565 683 suspecto
1590 641 1708 674 tutore
1731 639 1857 684 pupilli
1881 643 2052 675 accusato
2086 640 2268 676 decretum
2301 640 2368 676 erit
2399 640 2432 676 ei

1341 682 1487 728 adiungi
1510 682 1610 724 alios,
1635 687 1749 718 mater
1772 694 1834 719 eos
1858 694 1999 729 quoque
2031 689 2153 730 petere
2186 685 2293 721 debet
2323 689 2377 727 et,
2402 685 2433 721 si

1342 730 1362 763 3
1398 738 1470 763 non
1482 728 1583 773 petit,
1595 728 1729 764 incidet
1738 729 1774 764 in
1787 729 2000 764 sententiam
2013 730 2289 766 constitutionis.
2331 730 2432 766 Haec

1341 775 1462 808 autem
1485 776 1599 808 mater
1622 773 1668 808 ab
1692 774 1788 809 omni
1812 773 1954 819 quidem
1985 774 2162 810 bonorum
2193 775 2433 811 vindicatione

1340 817 1592 853 intestatorum
1621 817 1774 853 filiorum
1805 829 1844 853 re
1871 819 1999 854 ellitur.
2043 820 2073 855 si
2103 830 2188 855 vero
2219 820 2369 855 maritus
2401 820 2433 856 ei

1341 862 1652 898 fideicommissum
1676 873 1699 898 a
1721 863 1793 899 filio
1814 874 1852 899 re
1866 864 2004 908 iquerit‚
2030 864 2088 900 cui
2110 865 2236 901 mulier
2247 875 2320 900 non
2342 864 2434 910 petit

1341 911 1509 950 tutorem,
1533 907 1576 943 ‘si
1599 908 1677 943 sine
1698 908 1818 944 liberis
1842 908 2067 953 decesserit,
2090 910 2146 945 vel
2168 910 2236 945 sub
2260 910 2330 945 hac
2352 910 2434 962 ipsa

1342 952 1554 988 condicione
1578 953 1621 988 ‘si
1654 953 1844 989 intestatus
1867 958 2031 990 mortuus
2055 954 2146 997 erit’,
2169 954 2433 990 fideicommissi

1340 997 1485 1043 petitio,
1517 1007 1612 1043 quae
1646 1008 1690 1033 ex
1724 998 1837 1034 alieno
1872 998 2005 1034 iudicio
2038 998 2242 1042 descendit,
2274 1010 2347 1035 non
2379 1003 2434 1035 est

1341 1045 1363 1077 4
1409 1046 1604 1088 perempta.
1652 1042 1752 1087 Quae
1783 1046 1903 1078 autem
1936 1048 2142 1096 suspectum
2172 1048 2327 1080 tutorem
2359 1055 2432 1080 non

1341 1086 1448 1130 fecit,
1492 1097 1560 1123 nec
1594 1088 1710 1123 verbis
1746 1098 1812 1123 nec
1858 1092 2035 1124 sententia
2048 1089 2063 1110 ⁹
2098 1089 2362 1125 constitutionis
2396 1090 2433 1125 in

1341 1142 1494 1178 poenam
1524 1132 1667 1175 incidit,
1703 1133 1800 1179 quod
1837 1133 2008 1169 eiusmodi
2046 1133 2148 1169 facta
2179 1134 2374 1170 diiudicare
2398 1138 2434 1170 et

1342 1177 1533 1213 aestimare
1565 1177 1675 1213 virilis
1710 1178 1818 1213 animi
1854 1183 1910 1214 est
1946 1182 1982 1214 et
2004 1183 2125 1224 potest
2161 1180 2267 1215 etiam
2302 1179 2434 1216 delicta

1341 1222 1507 1267 ignorare
1540 1226 1673 1265 mater,
1705 1223 1864 1268 satisque
1886 1227 1941 1259 est
1964 1234 2044 1259 eam
2074 1224 2206 1276 petisse
2227 1224 2347 1267 talem,
2373 1225 2432 1270 qui

1342 1267 1572 1313 inquisitione
1605 1277 1670 1312 per
1699 1273 1902 1313 praetorem
1932 1269 2057 1304 habita
2078 1268 2230 1305 idoneus
2253 1270 2434 1315 apparuit.

1344 1316 1381 1348 et
1401 1312 1482 1348 ideo
1507 1322 1574 1348 nec
1596 1312 1765 1348 iudicium
1787 1314 1863 1349 eius
1887 1314 2022 1349 sufficit
2033 1313 2080 1349 ad
2093 1314 2272 1359 eligendos
2282 1318 2432 1357 tutores,

1344 1357 1407 1393 sed
1440 1357 1621 1403 inquisitio
1651 1358 1712 1400 fit,
1746 1358 1885 1394 etiamsi
1919 1359 2071 1394 maxime
2099 1359 2138 1394 in
2168 1359 2265 1395 bona
2287 1359 2431 1405 propria

1343 1402 1464 1439 liberis
1489 1403 1562 1438 suis
1586 1407 1800 1439 testamento
1825 1407 1966 1439 tutores
1991 1403 2127 1440 dederit
2142 1406 2186 1440 ¹⁰.-

1824 1587 1899 1625 V11
1910 1586 1949 1624 ¹¹.

1342 1651 1404 1684 DE
1429 1650 1854 1685 ADMINISTRATIONE
1878 1652 1939 1684 ΕΤ
1962 1651 2192 1684 PERICULO
2214 1651 2429 1685 TUTORUM

1378 1696 1439 1729 ET
1464 1696 1745 1729 CURATORUM
1769 1697 1849 1733 QUI
1873 1696 2131 1730 GESSERINT
2145 1695 2173 1717 ¹²
2195 1697 2287 1730 VEL
2313 1698 2409 1732 NON

1372 1741 1433 1774 ΕΤ
1456 1742 1518 1774 DE
1543 1741 1807 1820 ΑΘΕΝΤΙξΕῗ
1829 1741 2290 1820 ἕξῐᾶᾙῖἓὲἕΕΝΙΕΝΒῙὸ
2314 1742 2408 1775 UNO

1391 1850 1411 1889 1
1446 1851 1643 1889 ULPJANUS
1680 1852 1772 1889 libro
1809 1854 1993 1900 triqesimo
2028 1854 2155 1899 quinto
2189 1852 2240 1888 ad
2276 1852 2431 1890 edictum

1343 1896 1477 1933 Gerere
1510 1901 1619 1943 atque
1654 1898 1903 1934 administrare
1945 1898 2094 1933 tutelam
2134 1901 2239 1933 extra
2272 1898 2432 1936 ordinem

1345 1946 1360 1978 1
1410 1946 1509 1978 tutor
1533 1943 1612 1988 cogi
1635 1943 1736 1979 solet.
1782 1943 1840 1978 Ex
1895 1954 1940 1979 uo
1970 1943 2039 1979 scit
2070 1953 2109 1979 se
2130 1946 2286 1979 tutorem
2309 1943 2432 1980 datum

1342 1987 1373 2023 si
1397 1991 1514 2023 cesset
1537 1991 1647 2031 tutor,
1671 1998 1737 2023 suo
1762 1989 1859 2034 peric
1899 1999 1920 2024 0
1945 1992 2081 2024 cessat:
2114 1987 2152 2023 id
2182 1988 2274 2023 enim
2304 1999 2327 2023 a
2350 1989 2431 2025 divo

1341 2032 1467 2068 Marco
1493 2033 1728 2069 constitutum
1752 2037 1816 2076 est,
1837 2038 1889 2076 ut,
1913 2034 1974 2079 qui
1997 2034 2066 2069 scit
2084 2043 2123 2069 se
2141 2036 2297 2069 tutorem
2310 2033 2432 2070 datum

1342 2087 1409 2114 nec
1441 2078 1707 2114 excusationem
1738 2079 1769 2114 si
1800 2089 1908 2124 quam
1941 2079 2052 2114 habet
2074 2078 2204 2123 allegat
2225 2078 2320 2114 intra
2342 2083 2431 2115 tem·

1341 2125 1362 2158 2
1409 2133 1499 2169 pora
1532 2123 1765 2169 praestituta,
1809 2134 1874 2159 suo
1907 2123 2068 2176 periculo
2104 2126 2231 2159 cesset.
2291 2123 2432 2160 Sufficit

1340 2167 1521 2204 tutoribus
1545 2168 1593 2203 ad
1615 2168 1757 2214 plenam
1781 2168 2033 2211 defensionem,
2058 2168 2131 2204 sive
2160 2168 2231 2214 ipsi
2260 2168 2431 2205 iudicium

1341 2213 1541 2258 suscipiant
1563 2213 1637 2249 sive
1659 2213 1816 2259 pupillus
1839 2214 1927 2260 ipsis
1951 2213 2169 2255 auctoribus,
2193 2223 2260 2248 nec
2283 2214 2432 2259 cogendi

1341 2261 1427 2293 sunt
1460 2261 1599 2294 tutores
1634 2269 1770 2301 cavere,
1805 2263 1847 2294 ut
1882 2258 2089 2294 defensores
2123 2258 2251 2294 solent.
2287 2259 2433 2295 licentia

1340 2302 1449 2348 igitur
1472 2303 1549 2346 erit,
1573 2306 1694 2338 utrum
1724 2304 1849 2339 malint
1878 2304 1949 2349 ipsi
1979 2303 2160 2348 suscipere
2190 2302 2360 2339 iudicium
2384 2314 2431 2340 an

1340 2347 1515 2393 pupillum
1539 2348 1718 2391 exhibere,
1742 2353 1784 2384 ut
1805 2349 1893 2394 ipsis
1917 2348 2125 2384 auctoribus
2155 2347 2327 2384 iudiciuin
2351 2360 2431 2385 sus-

1341 2393 1374 2428 ci
1400 2393 1512 2427 iatur:
1543 2393 1596 2428 ita
1618 2397 1750 2436 tamen,
1774 2397 1816 2429 ut
1826 2404 1891 2446 pro
1915 2394 1983 2437 his,
2008 2393 2070 2439 qui
2091 2393 2161 2428 fari
2183 2403 2257 2429 non
2278 2398 2432 2439 possunt

1340 2448 1361 2473 v
1418 2437 1550 2481 absint,
1573 2438 1643 2484 ipsi
1665 2441 1803 2474 tutores
1826 2439 1997 2474 iudicium
2028 2438 2245 2483 suscipiant,
2277 2449 2343 2484 pro
2375 2439 2432 2476 his

1340 2485 1480 2526 autem,
1512 2482 1574 2528 qui
1604 2493 1716 2535 supra
1750 2484 1940 2529 septimum
1970 2494 2104 2519 annum
2134 2484 2264 2519 aetatis
2286 2487 2372 2520 sunt
2395 2489 2431 2520 et

1340 2530 1360 2563 3
1406 2531 1552 2573 praesto
1575 2527 1720 2571 fuerint,
1740 2529 1991 2564 auctoritatem
2014 2531 2209 2574 praestent.
2245 2529 2287 2564 In
2311 2530 2430 2566 causis

1338 2576 1459 2608 autem
1489 2572 1694 2609 adultorum
1723 2573 1868 2609 licentia
1899 2574 1966 2609 erit
2000 2573 2187 2619 agentibus
2226 2574 2280 2609 vel
2312 2575 2430 2619 ipsum

1338 2617 1502 2653 adultum
1524 2623 1750 2664 praesentem
1773 2619 1811 2654 in
1833 2619 2003 2654 iudicium
2022 2628 2162 2661 vocare,
2186 2622 2229 2653 ut
2252 2629 2429 2655 consensu

1338 2662 1515 2698 curatoris
1548 2663 1799 2707 conveniatur,
1830 2664 1887 2699 vel
1918 2667 2045 2700 contra
2075 2666 2279 2699 curatorem
2314 2675 2428 2709 agere,

1337 2712 1378 2743 ut
1400 2708 1479 2753 ipse
1501 2708 1599 2743 litem
1621 2709 1804 2754 suscipiat.
1843 2709 1882 2744 in
1912 2708 2120 2745 absentibus
2154 2712 2273 2744 autem
2298 2709 2428 2746 adultis

1337 2755 1358 2787 4
1405 2753 1606 2789 omnimodo
1632 2758 1759 2789 contra
1783 2758 1984 2790 curatorem
2008 2753 2195 2799 agendum.
2251 2754 2335 2790 Non
2367 2754 2427 2791 de-

1336 2798 1458 2843 negari
1498 2801 1617 2834 autem
1662 2808 1777 2845 neque
1817 2799 1996 2835 tutoribus
2040 2807 2155 2844 neque
2203 2800 2428 2836 curatoribus

1342 2913 1384 2953 (3)
1398 2911 1621 2945 subveniendi
1632 2924 1694 2946 scr.
1857 2913 1899 2954 (4)
1913 2914 1957 2956 ej:
1973 2913 2135 2956 Ulpianus
2154 2913 2200 2946 D.
2223 2914 2335 2955 38,17,
2349 2921 2376 2955 2,
2391 2921 2428 2948 2³

1341 2958 1385 2998 (5)
1410 2956 1556 2989 ediderit
1572 2957 1648 3000 Uip.
1662 2956 1682 2990 l.
1697 2968 1724 2990 c.
1826 2958 1870 2999 (ὅ)
1893 2949 1916 3003 ᾗ
1930 2959 1989 2991 ins.
2084 2960 2126 2999 (7)
2152 2959 2189 2991 id
2207 2966 2271 2992 est.-
2296 2958 2333 2991 Si
2345 2969 2427 2991 vero

1340 3002 1417 3044 quis
1429 3001 1483 3034 vel
1495 3001 1643 3035 creditor
1661 3001 1712 3034 vel
1732 3001 1917 3044 legatarius
1938 3002 1984 3035 sit
2010 3002 2063 3035 vel
2090 3003 2191 3035 aliam
2204 3004 2427 3036 necessariam

1340 3056 1416 3079 cum
1428 3046 1561 3090 pupillo
1573 3046 1674 3079 habet
1692 3047 1972 3088 controversiam,
1987 3047 2061 3090 ipse
2081 3048 2214 3090 quidem
2237 3058 2305 3081 uon
2333 3051 2426 3091 petet

1340 3094 1485 3124 tutorem
1495 3091 1638 3135 pupillo,
1650 3091 1707 3124 sed
1717 3092 1776 3133 qui
1786 3095 1900 3135 petere
1912 3095 2054 3134 possunt
2065 3096 2104 3125 ut
2115 3094 2234 3136 petant
2251 3097 2357 3136 roget,
2373 3092 2427 3126 vel

1340 3137 1370 3168 si
1382 3136 1419 3169 hi
1432 3135 1617 3179 defugiant,
1639 3139 1711 3169 tum
1732 3136 1919 3179 praesidem
1931 3137 2030 3170 adeat
2042 3141 2075 3170 et
2086 3137 2122 3170 id
2141 3138 2250 3180 ipsum
2271 3137 2373 3178 dicat,
2387 3141 2426 3172 ut

1340 3182 1361 3215 4
1382 3181 1569 3214 constituto
1581 3184 1692 3214 tutore
1704 3183 1932 3215 controversia
1940 3193 2016 3214 cum
2028 3182 2160 3225 pupillo
2169 3182 2317 3215 finiatur.
2330 3183 2424 3216 Haec

1338 3225 1379 3258 de
1393 3224 1571 3259 tutoribus.
1585 3229 1756 3259 curatores
1775 3230 1886 3260 autem
1912 3227 1979 3260 sibi
2002 3227 2070 3270 ipsi
2090 3227 2236 3260 minores
2248 3230 2381 3270 petunt,
2394 3227 2424 3261 si

1339 3270 1473 3313 quidem
1486 3270 1620 3313 adsunt,
1633 3281 1694 3313 per
1706 3282 1741 3304 se
1753 3271 1859 3314 ipsos,
1871 3272 1987 3304 sivero
2001 3282 2115 3304 eorum
2127 3273 2203 3314 quis
2214 3282 2354 3315 peregre
2367 3272 2425 3314 sit,

1339 3317 1358 3349 5
1384 3318 1477 3359 petet
1489 3326 1550 3359 per
1561 3319 1821 3359 procuratorem.
1847 3318 1899 3349 An
1912 3316 2000 3349 alius
2020 3321 2206 3350 curatorem
2227 3317 2352 3350 minori
2364 3327 2422 3361 pe·

1338 3363 1408 3393 tere
1437 3361 1557 3403 possit,
1585 3361 1774 3403 quaesitum
1805 3364 1866 3395 est.
1908 3364 1943 3394 et
1962 3361 2083 3394 scribit
2113 3362 2423 3404 praestantissimus

1338 3404 1505 3448 Ulpianus
1518 3405 1623 3438 alium
1636 3406 1668 3439 ei
1681 3409 1794 3449 petere
1808 3416 1877 3438 non
1889 3405 2019 3448 debere,
2034 3406 2092 3439 sed
2104 3406 2170 3439 sibi
2183 3407 2306 3449 ipsum.
2377 3408 2422 3449 (Β)

1338 3450 1376 3484 id
1386 3457 1432 3484 en
1441 3463 1452 3483 .-
1476 3450 1543 3487 Qui
1556 3460 1765 3494 quocumque
1777 3450 1878 3483 modo
1890 3461 1951 3493 per
1959 3452 2207 3484 excusationem
2221 3451 2327 3485 tutela
2338 3451 2422 3484 libe·

1338 3495 1406 3527 rati
1418 3498 1507 3535 sunt,
1527 3505 1662 3528 necesse
1680 3506 1748 3528 non
1770 3494 1897 3528 liabent
1921 3495 2064 3538 pupillis
2084 3500 2229 3529 tutorem
2246 3499 2371 3540 petere,
2383 3499 2423 3529 ut

1337 3539 1388 3617 ait
1400 3539 1513 3617 Βέζετί
1526 3542 1560 3573 ει
1570 3540 1739 3573 Antonini
1750 3539 1951 3574 constitutio
2015 3542 2058 3583 (9)
2072 3542 2183 3574 sentia
2193 3541 2228 3574 F
2291 3543 2352 3582 (ιο)
2364 3540 2421 3574 dc-

1364 3584 1393 3617 it

1383 3629 1439 3670 (ιι)
1452 3628 1534 3663 Sub.
1547 3636 1572 3664 1.
1585 3636 1612 3664 s.
1626 3637 1708 3664 s...·1.
1723 3637 1818 3664 amu.
1833 3637 1966 3669 ie...2i.3
1990 3631 2057 3664 Ed.
2067 3638 2095 3665 ι.
2110 3638 2136 3665 ι.
2152 3638 2179 3666 s.
2195 3638 2320 3669 amsi:
2334 3631 2419 3673 Pap.

1337 3681 1382 3708 ιε.
1396 3680 1523 3714 ³5...ss;
1546 3674 1761 3718 App.ss...ci.
1785 3693 1829 3700 —
1849 3675 1934 3708 Bas.
1949 3677 2004 3716 37,
2019 3683 2046 3709 τ.
2058 3693 2101 3701 -
2117 3675 2168 3717 Cf.
2185 3676 2261 3710 Cod.
2277 3677 2310 3717 5,
2322 3682 2367 3710 si.
2381 3681 2418 3709 ss

1337 3719 1397 3759 (¹2)
1421 3722 1597 3760 gesserunt
1610 3719 1677 3754 ind.
1690 3719 1780 3754 Flor.
