2528 3918
211 109 425 153 xvnni

210 241 290 269 rere
311 230 514 267 servitutem
535 227 707 264 volueris:
730 227 889 274 iniquum
912 231 967 265 est
986 228 1079 264 enim
1098 237 1155 264 me
1172 227 1297 270 teneri,

211 278 242 314 si
275 279 423 322 propter
455 274 525 309 hoc
559 273 746 319 adquirere
779 274 984 309 servitutem
1019 284 1092 308 non
1152 272 1297 314 otueris,

213 326 234 358 6
280 321 364 367 quia
387 319 548 355 dominus
571 318 677 354 vicini
694 318 796 354 fundi
814 329 886 354 non
903 318 1024 354 fueris.
1073 317 1119 352 Se
1167 316 1297 352 81188-

213 367 296 403 dum
318 365 383 400 tibi
401 363 589 399 vendidero
610 367 647 399 et
665 363 698 399 ei
717 363 831 399 fundo
844 363 912 399 iter
924 373 1152 398 accessurum
1163 362 1297 403 dixero,

212 409 412 447 omnimodo
436 408 585 444 tenebor
606 407 741 444 itineris
765 408 916 449 nomine,
941 408 1024 453 quia
1044 407 1228 452 utriusque
1247 406 1298 442 rei

213 459 231 490 ¹1
279 454 382 500 quasi
404 463 498 489 unus
521 452 684 489 venditor
706 453 883 498 obligatus
915 463 1004 488 sum.
1052 452 1090 487 Si
1120 451 1214 487 filius
1242 451 1297 486 fa-

211 500 325 537 milias
348 509 423 534 rem
445 497 642 534 vendiderit
663 498 749 533 mihi
771 502 807 533 et
829 497 1032 539 tradiderit,
1058 497 1109 532 sic
1133 500 1174 531 ut
1195 499 1299 541 pater

212 547 233 580 8
278 543 431 579 familias
450 542 641 578 tenebitur.
688 542 726 578 Si
745 542 826 578 dolo
845 542 937 577 malo
957 541 1092 586 aliquid
1110 541 1197 576 fecit
1213 551 1297 576 ven-

213 589 307 624 ditor
329 588 367 623 in
390 598 431 623 re
452 587 614 630 vendita,
638 598 683 623 ex
707 591 825 633 empto
850 597 891 622 eo
916 586 1059 622 nomine
1082 586 1176 621 actio
1201 595 1297 630 emp-

211 634 282 670 tori
305 632 490 678 competit:
516 643 599 668 nain
623 637 659 668 et
682 632 800 668 dolum
824 632 954 666 malum
979 641 1019 666 eo
1040 630 1170 666 iudicio
1191 630 1297 665 aesti-

212 678 301 714 mari
324 681 483 724 oportet,
508 681 549 713 ut
570 677 627 721 id,
651 677 747 723 quod
769 680 1035 722 praestaturum
1058 685 1097 711 se
1120 685 1198 710 esse
1220 675 1297 720 pol-

213 726 233 759 9
279 723 398 759 1181188
417 723 465 758 811
482 722 644 759 venditor
663 722 825 767 emptori,
849 720 1026 766 praestari
1049 724 1223 766 oporteat.
1261 719 1299 754 Si

213 768 373 805 venditor
402 767 518 804 sciens
541 767 735 812 obligatum
759 770 822 801 881
845 766 999 801 81188881
1022 765 1240 801 vendidisset
1264 768 1299 800 et

212 813 389 849 adiectum
413 813 460 848 sit
482 815 581 848 ‘neve
605 823 647 848 eo
671 812 811 847 nomine
835 810 920 856 quid
942 811 1167 856 praestaret',
1192 810 1297 845 aesti-

213 857 303 894 mari
325 860 467 903 oportet
489 857 609 893 dolum
639 857 770 892 malum
802 856 896 898 eius,
929 866 1033 901 quem
1064 865 1137 891 sem
1165 865 1202 890 er
1234 855 1297 890 ab·

213 912 292 939 esse
314 906 456 948 oportet
478 902 516 937 in
538 902 669 937 iudicio
694 901 812 946 empti,
860 900 933 936 uod
955 900 1072 936 bonae
1095 900 1119 934 fi
1146 900 1178 935 ei
1200 899 1259 952 sit.
1288 944 1297 952 ·

259 945 284 984 7
309 947 418 983 10⁸1
442 946 534 983 libro
566 947 702 982 decimo
726 946 776 981 ad
796 945 848 982 Sa
873 946 971 981 inum
1016 944 1181 980 Fundum
1213 944 1299 980 181111

213 1004 296 1029 8881
317 992 486 1028 1811118188
510 991 661 1027 (18118810
685 1001 755 1026 8811
776 990 898 1026 fructu
911 1017 920 1033 ‚
945 990 1067 1025 dixisti
1090 1000 1171 1025 eum
1194 1000 1299 1025 usum

211 1037 370 1074 fructum
389 1037 475 1072 Titii
494 1046 583 1079 esse,
609 1047 689 1071 cuin
710 1036 742 1071 is
766 1035 863 1081 apud
885 1038 922 1071 te
945 1045 1173 1071 remansurus
1193 1038 1297 1070 esset.

213 1083 244 1119 si
268 1082 428 1128 coeperis
453 1092 532 1117 eum
555 1092 658 1116 usum
680 1080 838 1116 fructum
860 1080 1059 1123 vindicare,
1083 1080 1212 1116 reverti
1235 1079 1298 1114 ad-

212 1137 335 1164 versus
358 1131 395 1163 te
418 1137 489 1162 non
512 1130 657 1171 potero,
690 1125 803 1161 donec
827 1125 942 1160 Titius
965 1125 1061 1160 vivat
1090 1135 1157 1160 nec
1186 1125 1224 1160 in
1257 1134 1299 1160 ea

214 1183 325 1209 88888
356 1182 434 1208 8888
466 1171 640 1216 coeperit,
671 1174 731 1213 81,
763 1170 902 1206 etiamsi
931 1170 1007 1206 eius
1041 1180 1128 1205 usus
1158 1169 1298 1205 fructus

213 1222 320 1260 esset,
342 1217 537 1252 amissurus
561 1227 641 1251 eum
664 1215 788 1251 fuerit:
813 1225 896 1250 nain
920 1220 1018 1257 tunc,
1041 1215 1079 1250 id
1102 1218 1157 1251 est
1178 1215 1210 1250 si
1234 1225 1295 1250 ca-

212 1263 286 1308 pite
309 1262 511 1298 deminutus
533 1261 588 1296 vel
611 1265 771 1296 mortuus
794 1259 903 1295 fuerit
925 1260 1059 1302 Titius,
1082 1259 1212 1295 reverti
1234 1270 1298 1305 po-

213 1312 290 1344 tero
320 1307 367 1342 ad
399 1311 435 1342 te
458 1305 685 1342 venditorem.
720 1305 883 1350 idemque
912 1305 999 1340 iuris
1031 1309 1104 1348 est,
1137 1306 1168 1340 si
1199 1304 1298 1340 dicas

213 1363 293 1388 eum
315 1363 419 1387 usum
441 1351 597 1386 fructum
621 1350 705 1386 Titii
728 1360 816 1393 esse,
841 1361 923 1385 cuin
946 1350 993 1385 sit
1016 1349 1085 1385 Sei.

259 1394 284 1435 8
308 1396 468 1432 Panas
487 1396 577 1431 libro
601 1396 727 1448 quinto
752 1395 802 1431 ad
823 1394 999 1431 Sabinum
1046 1394 1084 1430 Si
1114 1395 1180 1430 tibi
1211 1394 1298 1430 libe-

212 1453 291 1478 rum
313 1441 496 1487 praedium
519 1441 718 1483 tradidero,
744 1451 826 1476 cum
847 1440 1003 1476 serviens
1026 1440 1169 1475 tradere
1192 1440 1298 1476 debe-

212 1497 298 1530 rem,
323 1486 429 1522 etiam
453 1485 630 1521 condictio
655 1485 782 1521 incerti
806 1486 975 1531 competit
996 1485 1094 1528 811111,
1119 1489 1161 1520 81
1182 1485 1298 1531 patia-

215 1535 230 1567 1
279 1532 328 1567 ris
352 1541 430 1566 eam
453 1531 669 1574 servitutem,
694 1541 801 1576 quam
824 1530 947 1566 debuit
962 1531 984 1573 ¹,
1007 1530 1152 1575 imponi.
1197 1530 1300 1574 Quod

212 1577 243 1613 81
265 1587 404 1613 servum
427 1575 611 1622 praedium
633 1576 674 1614 in.
694 1575 887 1611 traditione
909 1575 1048 1618 fecero,
1082 1575 1177 1620 quod
1209 1576 1297 1610 libe-

211 1633 291 1657 rum
312 1622 380 1657 tibi
401 1621 544 1656 tradere
568 1621 693 1663 debui,
724 1624 765 1656 tu
798 1631 841 1656 ex
873 1624 990 1665 empto
1014 1620 1163 1655 habebis
1187 1621 1298 1655 actio-

212 1678 292 1702 nem
308 1665 572 1747 geliiiittendaffl
602 1666 678 1701 eius
709 1666 889 1701 servitutis
920 1665 1055 1710 gratia,
1087 1676 1193 1710 quam
1224 1665 1300 1710 pati

212 1723 283 1748 non
333 1722 352 1746 e
379 1722 451 1747 eas.

257 1754 283 1794 9
314 1756 544 1791 Poupoivws
571 1756 662 1792 libro
693 1756 858 1791 vicesimo
889 1755 940 1791 ad
967 1754 1142 1791 Sabinum
1189 1754 1227 1790 Si
1255 1755 1298 1797 is,

235 1802 273 1837 ui
287 1801 425 1846 lapides
442 1811 486 1836 ex
500 1800 612 1836 fundo
631 1800 765 1843 emerit,
789 1800 914 1835 tollere
938 1810 999 1835 eos
1022 1800 1122 1842 nolit,
1148 1810 1192 1836 ex
1213 1809 1298 1835 ven-

238 1847 285 1882 'to
356 1846 364 1853 '
390 1856 471 1881 cum
495 1856 537 1881 eo
560 1849 692 1890 potest,
716 1849 757 1880 ut
781 1855 842 1880 eos
864 1845 979 1880 toHat.

260 1857 539 1930 waglilbpmws
568 1890 660 1926 libro
691 1889 968 1936 quadraqesimo
991 1893 1097 1925 sexto
1123 1889 1174 1925 ad
1195 1888 1299 1925 Sabi-

211 1947 297 1972 num
342 1935 425 1971 Non
449 1939 504 1971 est
526 1945 674 1978 novum,
705 1938 748 1971 ut
770 1934 863 1970 duae
886 1934 1120 1980 obligationes
1143 1934 1182 1970 in
1206 1933 1298 1970 eius-

212 1981 294 2017 dem
316 1990 470 2027 persona
493 1980 539 2015 de
562 1979 686 2015 eadem
708 1990 748 2015 re
772 1983 1007 2015 concurrant:
1039 1990 1121 2015 cum
1152 1979 1245 2015 enim
1267 1979 1298 2015 is

212 2025 952 2115 ἓξᾱῖιίῗῗὲέοἱῖᾘῗέῗὲἶέυέῗῗέέῖζ
979 2024 1299 2105 ἷέεὲῑῖὲήῗωὲῗιῗ

1168 2096 1178 2112 2

212 2120 285 2151 stat
315 2116 406 2151 duas
437 2125 515 2150 esse
545 2115 704 2150 actiones
727 2114 764 2150 in
788 2115 946 2151 eiusdem
969 2125 1124 2160 persona
1148 2125 1299 2150 concur-

211 2165 342 2203 rentes,
366 2159 547 2205 propriam
571 2163 607 2195 et
629 2159 896 2203 hereditariam,
921 2164 957 2195 et
981 2160 1111 2195 debere
1133 2159 1300 2195 heredem

211 2206 424 2248 institutum,
449 2205 480 2240 si
502 2205 586 2240 velit
608 2205 801 2249 separatim
825 2204 975 2240 duarum
998 2205 1180 2240 actionum
1203 2215 1297 2240 com-

212 2250 318 2286 modo
350 2251 421 2293 uti,
454 2253 538 2285 ante
561 2249 694 2285 aditam
716 2249 948 2285 hereditatem
970 2250 1153 2294 proprium
1175 2249 1298 2285 vendi-

211 2301 323 2332 torem
346 2294 544 2337 eonvenire,
565 2294 693 2330 deinde
712 2295 810 2330 adita
820 2294 1016 2330 hereditate
1027 2294 1298 2330 hereditarium:

212 2340 309 2394 quod
331 2340 362 2376 si
384 2340 484 2386 prius
508 2339 636 2375 adierit
658 2339 909 2382 hereditatem,
941 2350 1050 2375 unam
1073 2339 1215 2385 quidem
1239 2349 1298 2375 ac-

211 2390 344 2422 tionem
367 2395 508 2421 movere
528 2388 662 2437 potest,
686 2384 750 2420 sed
772 2385 834 2427 ita,
859 2388 900 2420 ut
921 2395 987 2430 per
1010 2395 1089 2421 eam
1111 2384 1300 2430 utriusque

213 2434 421 2467 contractus
445 2433 577 2466 sentiat
601 2429 836 2466 commodum.
872 2440 916 2465 ex
947 2430 1126 2466 contrario
1159 2440 1301 2475 quoque

212 2476 243 2512 si
265 2476 427 2511 venditor
448 2475 624 2511 venditori
646 2475 748 2510 heres
773 2475 964 2518 exstiterit,
989 2475 1109 2521 palam
1132 2479 1187 2511 est
1209 2475 1300 2511 duas

213 2521 404 2556 evictiones
427 2530 508 2556 euin
530 2524 715 2565 praestare
739 2519 878 2555 debere.

261 2564 309 2602 11
336 2565 444 2601 Imm
471 2565 562 2601 libro
586 2566 768 2612 triqesimo
790 2564 948 2601 secundo
971 2564 1021 2600 ad
1042 2564 1196 2600 edictum
1241 2564 1300 2599 Ex

216 2614 230 2645 1
281 2614 400 2656 empto
433 2611 574 2646 actione
603 2610 635 2646 is
667 2610 729 2655 qui
751 2610 836 2646 emit
858 2610 981 2645 utitur.
1028 2609 1080 2644 Et
1108 2609 1146 2644 in
1176 2609 1300 2655 primis

213 2655 395 2691 sciendum
419 2659 473 2690 est
494 2655 532 2690 in
554 2656 624 2691 hoc
647 2655 778 2691 iudicio
801 2655 839 2690 id
863 2654 1003 2690 demum
1027 2654 1171 2697 deduci,
1204 2654 1301 2706 quod

212 2701 388 2746 praestari
419 2700 601 2735 convenit:
638 2711 719 2736 cum
750 2700 843 2735 enim
874 2700 921 2735 sit
953 2700 1071 2735 110888
1102 2699 1186 2735 fidei
1207 2699 1299 2734 iudi-

214 2745 319 2788 cium,
343 2745 429 2780 nihil
452 2745 562 2790 magis
586 2746 702 2780 bonae
725 2745 808 2780 fidei
827 2746 990 2789 congruit
1012 2755 1119 2790 quain
1138 2744 1175 2780 id
1195 2755 1299 2789 prae-

213 2790 320 2832 stari,
356 2790 452 2835 quod
481 2790 575 2825 inter
605 2790 857 2826 contrahentes
888 2794 1008 2825 actum
1040 2793 1104 2826 est.
1141 2789 1238 2835 quod
1270 2789 1300 2825 81

213 2835 301 2870 811111
325 2835 508 2877 8011181111,
533 2839 619 2871 tunc
643 2845 686 2870 ea
734 2835 1006 2877 raestabuntur‚
1061 2845 1130 2871 uae
1152 2838 1299 2870 natura·

214 2883 235 2915 2
281 2879 361 2914 liter
383 2880 505 2915 insunt
527 2880 633 2915 huius
656 2881 694 2915 iu
721 2881 778 2916 'cii
800 2884 989 2925 potestate.
1070 2883 1087 2915 t
1117 2880 1155 2915 in
1178 2879 1299 2924 primis

213 2925 226 2960 i
252 2935 328 2960 88111
351 2934 426 2959 rem
449 2929 632 2969 praestare
654 2925 873 2961 venditorem
896 2928 1056 2970 oportet,
1089 2925 1126 2960 id
1149 2928 1204 2960 est
1225 2929 1299 2960 tra—

239 2979 315 3005 ere:
342 2979 433 3014 quae
456 2980 524 3011 res,
549 2970 579 3005 81
603 2970 744 3015 quidem
768 2970 931 3006 dominus
954 2969 1024 3005 fuit
1045 2970 1219 3012 venditor,
1243 2970 1298 3005 fa·

215 3014 265 3049 cit
287 3018 324 3050 et
346 3017 540 3059 emptorem
564 3014 761 3058 dominum,
785 3016 816 3051 si
839 3026 911 3051 non
933 3014 1020 3057 fuit,
1044 3018 1184 3050 tantum
1206 3015 1298 3050 evic-

214 3059 321 3095 tionis
345 3059 487 3094 nomine
516 3060 733 3095 venditorem
764 3060 915 3105 obligat,
948 3060 979 3095 si
1009 3059 1114 3096 modo
1145 3060 1298 3105 pretium

215 3107 270 3140 est
299 3108 524 3139 numeratum
556 3109 619 3139 aut
650 3114 691 3140 eo
723 3106 864 3140 1101111118
888 3104 1123 3140 satisfactum.
1161 3115 1215 3140 ein
1243 3109 1299 3140 tor

215 3152 236 3185 3
283 3152 403 3184 autem
433 3159 595 3184 nummos
629 3149 821 3186 venditoris
855 3150 975 3185 facere
1007 3150 1154 3202 cogitur.
1237 3149 1297 3184 ed-

213 3194 422 3230 hibitionem
452 3204 593 3239 quoque
626 3195 799 3230 contineri
829 3195 938 3240 empti
960 3194 1090 3230 iudicio
1116 3198 1152 3230 et
1173 3194 1297 3230 Labeo

215 3242 237 3274 4
283 3242 320 3274 et
342 3238 496 3274 Sabinus
527 3242 656 3283 putant
686 3243 721 3274 et
744 3250 810 3275 nos
833 3240 1036 3285 probamus.
1083 3239 1299 3275 Auimalium

215 3293 358 3330 quoque
379 3283 541 3319 venditor
564 3293 690 3319 cavere
712 3284 818 3320 debet
842 3295 885 3320 ea
915 3294 1006 3320 sana
1035 3284 1230 3329 praestari,
1262 3288 1298 3319 81

215 3329 277 3374 qui
307 3329 466 3364 iumenta
494 3327 676 3363 vendidit³
699 3329 789 3364 solet
819 3330 871 3364 ita
901 3329 1108 3375 promittere
1132 3332 1221 3365 ‘esse
1243 3329 1296 3364 bi-

215 3377 236 3410 5
283 3374 390 3416 ‘bei-e,
414 3376 456 3408 ut
477 3373 642 3418 oportet’.
690 3373 727 3408 Si
751 3374 829 3418 quis
852 3374 1021 3420 virginem
1038 3384 1077 3410 88
1096 3384 1213 3410 emere
1229 3385 1296 3419 pu·

215 3422 346 3462 tasset,
380 3428 463 3454 cum
484 3417 610 3453 mulier
631 3418 804 3460 venisset,
837 3423 873 3454 81
902 3419 1019 3455 881888
1050 3419 1194 3455 811818*
1217 3429 1296 3455 8818

215 3463 378 3500 venditor
410 3473 540 3509 passus
573 3462 639 3505 sit,
674 3462 945 3499 redhibitionem
978 3463 1119 3509 quidem
1154 3474 1198 3499 ex
1226 3464 1296 3499 hac

216 3519 327 3545 causa
355 3519 428 3545 non
460 3518 557 3551 esse,
587 3517 709 3543 verum
738 3511 856 3543 18111811
889 3519 932 3543 88
956 3513 1073 3554 empto
1098 3512 1296 3554 competere

217 3624 255 3661 (1)
280 3620 380 3654 debui
392 3633 455 3655 scr.
593 3621 637 3662 (2)
660 3618 863 3652 remittenda
874 3620 907 3651 F
1037 3623 1080 3663 (8)
1103 3621 1221 3654 vendit
1231 3633 1293 3655 scr.

217 3669 261 3706 (⁴)
273 3676 384 3698 errore
396 3666 430 3697 F
482 3669 524 3700 (ω
538 3667 577 3698 ut
589 3666 664 3698 deu.
723 3666 768 3704 (ο)
782 3674 822 3696 ex
833 3674 994 3697 88888888
1007 3666 1041 3698 F
1081 3666 1124 3707 (7)
1137 3668 1254 3708 oporte
1266 3666 1300 3698 F

218 3711 262 3749 (Β)
275 3710 487 3742 nimafentum
502 3710 535 3743 F
597 3711 643 3751 (9)
655 3709 774 3751 quinto
786 3709 831 3742 D.
848 3707 1063 3752 Gothqsredus
1133 3714 1191 3751 (10)
1208 3710 1293 3751 fiori]

1283 102 1368 149 244

1362 3508 1573 3554 interposita
1596 3512 1667 3551 est,
1701 3519 1744 3544 ex
1768 3509 1940 3554 stipulatu
1963 3519 2036 3544 non
2058 3508 2253 3551 tenebitur,
2277 3508 2351 3544 sive
2372 3518 2444 3544 non

1362 3667 1420 3706 (13)
1445 3665 1550 3707 quiF'

2092 118 2153 148 DE
2180 117 2448 150 Ac'nozmms

1367 226 1544 262 actionem
1566 227 1614 263 ad
1637 226 1882 264 resolvendam
1905 237 1960 263 em
1985 226 2136 270 tionem,
2167 229 2227 263 et⁸
2255 228 2369 273 pretio
2391 239 2447 265 re—
2485 227 2487 230 “

1368 276 1388 307 6
1435 271 1560 308 81111110
1583 272 1711 308 mulier
1733 272 1917 308 reddatur.
1982 282 1999 307 s
2030 272 2093 318 qui
2121 271 2204 307 vina
2233 273 2316 308 emit
2347 283 2450 309 arrae
2491 309 2493 314 ,

1367 317 1510 352 nomine
1529 321 1664 354 certam
1683 327 1856 353 suminam
1875 317 1989 353 dedit:
2014 320 2139 362 postea
2163 322 2385 361 convenerat,
2410 322 2450 354 ut

1368 362 1498 407 emptio
1521 362 1624 397 irrita
1645 362 1756 398 fieret.
1803 362 1962 397 Iulianus
1986 372 2030 397 ex
2053 365 2169 407 empto
2189 362 2246 407 agi
2263 373 2370 408 posse
2388 363 2449 406 ait,
2500 394 2502 397 .

1368 410 1408 441 ut
1426 417 1509 441 arra
1527 407 1750 450 restituatur,
1769 407 1960 452 utilemque
1981 417 2058 442 esse
2079 407 2256 443 actionem
2276 418 2320 443 ex
2332 418 2390 443 8111
2411 412 2449 443 10
2518 439 2519 442 ,

1368 451 1474 486 811818
1497 451 1543 487 ad
1566 451 1843 495 distrahendam,
1866 452 1992 497 inquit,
2017 451 2240 497 emptionem.
2277 463 2340 498 ego
2365 453 2372 461 ‘
2402 453 2450 488 ud

1368 506 1520 541 quaero:
1551 496 1585 532 si
1615 497 1742 532 anulus
1774 496 1878 532 datus
1910 497 1957 532 sit
1980 506 2082 531 arrae
2106 498 2246 532 nomine
2269 501 2305 533 et
2327 501 2450 533 secuta
2498 519 2523 543 3.

1368 541 1546 620 emdptione
1566 541 1750 587 pretioque
1769 545 1953 577 numerato
1973 545 2010 576 et
2028 541 2161 576 tradita
2179 551 2219 577 re
2238 542 2366 578 anulus
2378 553 2450 578 nou
2503 548 2528 585 ζ,

1367 595 1406 621 18
1432 585 1554 628 datur,
1590 596 1662 631 qua
1691 586 1833 622 actione
1856 586 2029 631 agendum
2053 589 2118 628 est,
2142 590 2260 621 utrum
2284 587 2449 622 condica-

1367 634 1445 673 tur,
1479 630 1583 676 quasi
1614 631 1659 666 ob
1686 641 1832 666 causam
1857 631 1961 666 datus
1985 631 2032 666 sit
2055 634 2090 665 et
2114 632 2247 666 causa⁶
2269 631 2370 667 finita
2393 632 2448 674 sit,
2494 662 2496 664 ,

1367 685 1415 710 811
1444 685 1528 711 1810
1563 685 1608 711 88
1639 679 1756 720 empto
1788 676 1961 721 agendum
1984 675 2040 710 sit.
2077 678 2113 710 et
2135 675 2293 712 Iulianus
2319 677 2451 712 diceret
2492 687 2524 714 ’1

1368 730 1412 755 88
1435 724 1553 765 empto
1579 720 1636 766 agi
1654 731 1778 766 posse:
1805 724 1901 756 certe
1921 720 2027 755 etiam
2047 720 2186 755 condici
2205 721 2344 766 poterit,
2394 722 2452 757 uia

1368 768 1387 799 7
1435 765 1505 800 18111
1529 765 1606 801 81118
1629 775 1740 801 causa
1760 765 1854 810 apud
1873 765 2090 800 venditorem
2109 769 2164 800 est
2181 766 2319 801 anulus.
2390 777 2450 802 en-
2490 799 2491 802 ,

1368 810 1535 852 ditorem‚
1568 810 1706 846 etiamsi
1728 811 1894 855 ignorans
1919 809 2133 852 vendiderit,
2165 809 2349 855 fugitivum
2379 822 2450 846 non
2517 809 2520 834 ἲ

1369 857 1389 890 8
1437 864 1514 890 esse
1525 858 1709 900 praestare
1722 865 1775 890 em
1802 855 1872 890 tori
1885 854 2251 900 oportere⁷Neratius
2263 856 2323 890 ait.
2355 856 2451 891 Idem

1367 899 1554 942 Neratius,
1588 900 1726 935 etiamsi
1796 900 1912 935 ‘enum
1936 910 2074 934 servum
2098 899 2313 943 vendideris,
2346 900 2451 936 furtis
2496 909 2501 938 ·,
2519 933 2525 945 ,Α

1368 945 1541 990 noxisque
1575 945 1731 981 solutum
1764 948 1949 990 praestare
1982 948 2019 980 te
2051 944 2179 980 debere
2210 945 2256 980 ab
2288 946 2452 981 omnibus
2496 948 2528 980 ’,ῖ-

1367 994 1550 1034 receptum
1574 990 1625 1025 ait
1647 993 1684 1025 et
1707 1000 1751 1025 ex
1775 993 1894 1034 empto
1918 989 2095 1025 actionem
2119 1000 2214 1032 esse,
2247 994 2288 1025 ut
2318 991 2452 1026 habere

1367 1035 1474 1070 licere
1498 1035 1649 1080 emptori
1673 1038 1859 1077 caveatur,
1893 1033 1956 1070 sed
1988 1037 2023 1069 et
2053 1037 2095 1070 ut
2124 1035 2290 1070 tradatur
2313 1035 2345 1070 ei
2367 1046 2450 1080 pos·
2498 1047 2524 1062 ‚f

1368 1082 1389 1115 9
1436 1079 1559 1115 sessio.
1615 1080 1714 1116 Idem
1748 1080 1799 1115 ait
1829 1090 1902 1115 non
1932 1079 2131 1115 tradentem
2162 1080 2286 1125 quanti
2314 1080 2453 1116 intersit
2496 1083 2516 1110 ἐι

1368 1124 1614 1160 condemnari:
1648 1125 1736 1161 satis
1760 1128 1879 1160 autem
1901 1134 1975 1160 non
1998 1124 2162 1167 dantem,
2194 1125 2318 1170 quanti
2367 1125 2452 1161 luri-

1372 1173 1411 1205 10
1458 1181 1554 1205 81881
1585 1174 1768 1206 auctorem
1799 1169 1990 1215 periclitari
2021 1173 2172 1215 oportet.
2219 1170 2317 1205 Idem
2375 1181 2452 1206 era·
2494 1172 2528 1197 Γ

1366 1214 1439 1250 1188
1462 1215 1513 1250 811
1532 1219 1679 1267 propter
1698 1215 1817 1251 omnia
1837 1215 1928 1250 haec
1947 1214 2034 1250 satis
2055 1224 2133 1250 esse
2151 1215 2247 1260 quod
2265 1215 2453 1260 plurimum
2507 1240 2510 1244 ,

1368 1263 1424 1296 est
1442 1264 1627 1305 praestari,
1648 1260 1686 1296 id
1706 1264 1761 1296 est
1780 1264 1821 1295 ut
1839 1259 2068 1305 sequentibus
2087 1259 2288 1296 actionibus
2300 1260 2452 1297 deducto
2493 1259 2526 1312 J

1370 1308 1408 1340 11
1458 1315 1500 1341 eo
1521 1305 1616 1350 quod
1635 1306 1845 1350 praestitum
1857 1309 1911 1340 est
1921 1305 1965 1340 lis
1978 1305 2193 1340 aestimetur.
2241 1305 2338 1340 Idem
2357 1309 2454 1342 recte
2495 1313 2519 1360 ῖς,

1367 1350 1436 1393 811,
1461 1350 1492 1385 81
1515 1350 1599 1396 quid
1621 1350 1749 1386 horum
1771 1360 1844 1385 non
1892 1353 2086 1393 raestetur,
2111 1361 2192 1385 cuin
2216 1354 2335 1386 cetera
2356 1350 2454 1386 facta
2493 1354 2516 1394 ρι’*

1370 1398 1411 1430 12
1436 1395 1517 1438 8181,
1527 1395 1624 1431 88110
1634 1395 1785 1431 deducto
1796 1405 1864 1430 con
1889 1395 2342 1431 emnationemfaciendam.
2357 1396 2453 1431 Idem
2495 1384 2521 1460 Ξ

1366 1440 1458 1476 111110
1482 1440 1640 1476 secundo
1663 1450 1915 1485 responsorum
1938 1440 1989 1475 ait
2011 1444 2205 1485 emptorem
2224 1440 2345 1476 noxali
2363 1441 2453 1476 iudi·

1369 1485 1423 1521 cio
1449 1485 1722 1521 condemnatum
1752 1496 1798 1521 88
1828 1489 1944 1530 empto
1977 1485 2117 1520 actione
2146 1485 2184 1520 id
2207 1488 2345 1521 tantum
2369 1496 2452 1522 con·
2491 1513 2500 1528 .,

1368 1530 1487 1575 sequi,
1511 1530 1636 1576 quanti
1658 1530 1800 1566 minimo
1825 1530 1971 1575 defungi
1994 1530 2128 1576 potuit:
2158 1530 2322 1575 idemque
2351 1534 2455 1576 putat
2492 1538 2495 1539 ’
2515 1535 2519 1578 ⁴3

1369 1579 1405 1611 et
1427 1575 1458 1610 si
1482 1586 1526 1611 88
1549 1575 1722 1620 stipulatu
1746 1579 1844 1620 aget:
1878 1579 1913 1610 et
1936 1575 2008 1611 sive
2031 1575 2199 1611 defendat
2221 1576 2343 1611 noxali
2365 1576 2454 1612 iudi·
2495 1591 2497 1593 ·
2523 1612 2525 1614 ,

1370 1620 1437 1663 810,
1463 1620 1537 1656 8118
1559 1631 1652 1663 808,
1677 1621 1761 1666 quia
1782 1620 2034 1656 manifestum⁸
2055 1620 2125 1655 fuit
2147 1621 2293 1656 noxium
2315 1631 2454 1657 servum

1367 1665 1498 1708 fuisse,
1534 1665 1644 1701 nihilo
1677 1666 1792 1701 minus
1824 1665 1880 1701 vel
1911 1675 1956 1700 ex
1986 1665 2161 1710 stipulatu
2190 1666 2245 1701 vel
2268 1676 2313 1701 88
2336 1670 2453 1711 empto
2496 1680 2518 1711 :-

1371 1713 1411 1745 13
1459 1721 1564 1755 agere
1608 1721 1699 1746 osse.
1746 1711 1845 1746 Idem
1863 1710 2033 1746 Neratius
2053 1710 2104 1745 ait
2121 1711 2341 1746 venditorem
2359 1712 2395 1747 in
2415 1721 2455 1747 re
2496 1688 2528 1775 ἐξ

1367 1755 1542 1791 1181188118
1590 1755 1695 1791 ebere
1711 1759 1902 1807 praestare
1925 1756 2085 1801 emptori,
2109 1760 2150 1791 ut
2167 1756 2205 1791 in
2224 1756 2286 1791 lite
2305 1756 2350 1792 de
2370 1767 2454 1801 pos-

1368 1800 1526 1836 sessione
1549 1800 1668 1845 potior
1690 1804 1756 1836 sit:
1789 1800 1852 1836 sed
1875 1800 2034 1836 Iulianus
2056 1801 2147 1836 libro
2172 1801 2295 1846 quinto
2319 1801 2454 1838 decimo
2492 1776 2523 1864 Ξ

1368 1845 1583 1890 digestorum
1607 1845 1737 1890 probat
1759 1855 1826 1880 nec
1848 1845 1959 1880 videri
1980 1845 2162 1888 traditum,
2187 1846 2218 1881 si
2238 1846 2400 1891 superior
2417 1846 2454 1882 in
2492 1856 2520 1918 ξ

1367 1890 1592 1935 possessione
1627 1894 1765 1936 emptor
1794 1890 1938 1926 futurus
1973 1901 2046 1926 non
2077 1891 2141 1926 sit:
2176 1891 2243 1926 erit
2274 1891 2381 1936 igitur
2412 1902 2454 1928 ex
2493 1904 2498 1914 ⁴

1370 1938 1412 1970 14
1458 1939 1577 1980 empto
1613 1935 1728 1978 aetio,
1764 1935 1833 1971 nisi
1867 1936 1936 1971 hoc
1969 1939 2182 1988 praestetur.
2230 1935 2374 1971 Cassius
2405 1937 2455 1972 ait
2515 1962 2521 1974 .-

1368 1991 1467 2023 eum,
1498 1981 1559 2025 qui
1590 1990 1635 2016 ex
1667 1980 1715 2016 du
1741 1981 1798 2016 lae
1829 1980 2058 2025 stipulatione
2079 1981 2151 2016 litis
2174 1981 2455 2017 aestimationem
2503 2003 2528 2016 κ

1369 2029 1582 2061 8088888188
1607 2029 1671 2068 881,
1697 1992 1847 2061 aliarum
1869 2036 1988 2061 rerum
2012 2026 2171 2069 nomine,
2197 2026 2241 2062 de
2266 2027 2395 2071 quibus
2417 2026 2454 2062 in

1367 2070 1629 2106 venditionibus
1654 2071 1771 2106 caveri
1794 2071 1904 2113 solet,
1927 2071 2014 2106 nihil
2038 2071 2209 2116 consequi
2231 2082 2347 2116 posse.
2394 2072 2453 2107 Iu·
2495 2074 2521 2116 Ξ·

1366 2116 1484 2151 1188118
1516 2115 1702 2151 deficiente
1733 2116 1780 2151 du
1806 2116 1842 2151 la
1875 2126 1919 2151 88
1950 2120 2067 2161 empto
2146 2116 2274 2152 endum
2305 2116 2452 2162 putavit.

1372 2164 1410 2196 15
1458 2161 1622 2206 Denique
1654 2161 1746 2197 libro
1803 2161 1942 2196 ecimo⁹
1973 2161 2069 2206 apud
2100 2126 2285 2196 ffinicium
2319 2162 2388 2204 ait,
2424 2162 2454 2197 81
2486 2168 2511 2210 ἦ

1368 2206 1446 2251 quis
1471 2216 1611 2241 servum
1635 2216 1678 2242 88
1709 2206 1917 2242 condicione
1946 2206 2159 2249 vendiderit,
2195 2210 2237 2241 ut
2266 2207 2361 2242 intra
2391 2206 2453 2242 tri-
2486 2215 2508 2231 “v

1366 2251 1465 2296 ginta
1488 2250 1563 2286 dies
1588 2251 1733 2296 duplam
1756 2251 1996 2296 promitteret,
2021 2256 2148 2296 postea
2171 2262 2216 2287 ne
2240 2251 2325 2296 quid
2348 2261 2451 2297 prae-

1368 2299 1542 2338 staretur,
1575 2299 1611 2331 81
1633 2300 1771 2341 emptor
1793 2296 1863 2331 1108
1885 2295 1964 2332 fleri
1986 2296 2082 2331 18118
2105 2296 2196 2331 diem
2219 2307 2292 2332 non
2316 2296 2452 2332 deside-

1367 2341 1506 2383 raverit,
1529 2340 1582 2376 ita
1605 2340 1744 2376 demum
1763 2351 1836 2376 non
1854 2341 1966 2376 teneri
1985 2341 2214 2383 venditorem,
2239 2342 2270 2377 si
2287 2342 2453 2386 ignorans

1368 2386 1522 2421 alienum
1552 2386 1728 2421 vendidit:
1761 2390 1848 2422 tunc
1879 2386 1972 2421 enim
1994 2386 2032 2421 111
2054 2386 2123 2422 1108
2147 2386 2225 2421 fieri
2240 2389 2286 2429 ¹⁰,
2319 2390 2360 2421 ut
2389 2397 2454 2432 per

1366 2431 1484 2476 ipsum
1508 2434 1544 2465 et
1565 2441 1631 2475 per
1653 2430 1818 2467 heredem
1842 2431 1917 2467 eius
1941 2435 2134 2484 emptorem
2157 2432 2291 2467 habere
2312 2431 2451 2467 liceret:

1368 2476 1430 2521 qui
1452 2479 1572 2511 8818111
1595 2476 1749 2512 alienum
1772 2476 1888 2511 sciens
1910 2476 2075 2519 vendidit,
2100 2476 2202 2519 dolo,
2225 2477 2357 2522 inquit,
2381 2487 2453 2513 non

1371 2524 1412 2556 16
1459 2523 1558 2557 caret
1589 2524 1625 2556 et
1654 2521 1734 2556 ideo
1767 2521 1876 2566 empti
1905 2521 2035 2557 iudicio
2066 2522 2255 2557 tenebitur.
2303 2521 2452 2557 Senten-

1367 2566 1455 2601 tiam
1483 2565 1612 2601 Iuliani
1641 2565 1858 2602 verissimam
1889 2576 1967 2602 esse
1996 2567 2151 2602 arbitror
2180 2567 2218 2602 in
2245 2567 2451 2619 pignoribus

1369 2621 1529 2656 quoquez
1565 2621 1648 2646 nam
1678 2612 1709 2647 si
1742 2611 1819 2646 iure
1854 2611 2039 2647 creditoris
2074 2611 2290 2654 vendiderit,
2326 2611 2453 2648 deinde

1367 2656 1457 2691 haec
1488 2655 1660 2691 fuerint¹¹
1686 2657 1818 2698 evicta,
1850 2667 1922 2692 non
1953 2660 2095 2692 tenetur
2126 2666 2192 2692 nec
2223 2657 2271 2692 ad
2300 2657 2452 2702 pretium

1367 2701 1626 2737 restituendum
1658 2711 1702 2736 88
1733 2705 1850 2746 empto
1883 2701 2024 2736 actione
2055 2701 2227 2738 creditor:
2258 2702 2328 2737 hoc
2360 2701 2451 2738 enim

1368 2746 1486 2782 multis
1500 2745 1813 2782 constitutionibus
1826 2746 1990 2781 effectum
2002 2750 2066 2782 est.
2101 2746 2222 2782 dolum
2241 2747 2348 2792 plane
2366 2756 2449 2782 ven·

1369 2791 1462 2827 ditor
1492 2791 1706 2836 praestabit,
1739 2791 1889 2843 denique
1919 2791 2024 2826 etiam
2046 2792 2260 2836 repromittit
2283 2791 2327 2827 de
2350 2791 2449 2827 dolo:

1368 2835 1431 2872 sed
1455 2840 1491 2871 et
1523 2836 1553 2871 si
1583 2846 1657 2871 non
1689 2836 1946 2881 repromiserit,
1984 2836 2099 2871 sciens
2130 2839 2250 2872 tamen
2281 2837 2348 2872 sibi
2378 2846 2450 2872 non

1368 2881 1600 2926 01111381818111
1622 2881 1678 2916 vel
1700 2891 1772 2916 non
1797 2891 1875 2916 esse
1897 2881 1973 2916 eius
1996 2881 2057 2925 qui
2080 2882 2147 2916 sibi
2170 2881 2338 2927 obligavit
2367 2892 2449 2917 ven-

1368 2926 1514 2968 diderit,
1545 2926 1724 2961 tenebitur
1754 2936 1798 2961 ex
1821 2929 1959 2970 empto,
1992 2926 2076 2970 quia
2098 2926 2219 2961 dolum
2243 2936 2323 2962 euin
2345 2937 2448 2978 prae·

1370 2974 1410 3006 17
1458 2975 1555 3007 stare
1578 2970 1707 3006 debere
1730 2970 1957 3006 ostendimus
2007 2970 2044 3006 Si
2065 2971 2142 3016 quis
2162 2981 2235 3006 rem
2255 2971 2451 3007 vendiderit

1368 3019 1404 3051 et
1426 3016 1458 3051 ei
1481 3025 1708 3051 accessurum
1732 3015 1817 3060 quid
1830 3016 1857 3037 ¹³
1880 3015 2018 3057 dixerit,
2042 3016 2160 3051 omnia
2183 3016 2334 3060 quidem,
2358 3025 2449 3061 quae
2519 3022 2524 3029 “

1367 3061 1518 3096 diximus
1552 3060 1589 3095 in
1623 3070 1663 3095 re
1697 3059 1887 3103 distracta,
1921 3061 1959 3096 in
1992 3061 2061 3096 hoc
2095 3071 2235 3105 quoque
2269 3071 2308 3096 se
2332 3060 2450 3096 nenda

1366 3106 1438 3141 8181
1450 3106 1496 3147 ¹⁴,
1527 3108 1568 3140 ut
1597 3108 1715 3140 tamen
1745 3105 1927 3141 evictionis
1960 3105 2102 3141 nomine
2132 3116 2205 3141 non
2235 3105 2273 3141 in
2327 3106 2448 3150 uplum
2491 3113 2517 3138 ῑ

1366 3153 1549 3192 18888181,
1582 3149 1645 3185 8811
1674 3150 1712 3185 18
1742 3150 1812 3186 1108
1835 3154 1975 3186 tantum
2006 3150 2198 3195 obligetur,
2228 3153 2270 3186 ut
2299 3149 2448 3195 emptori
2505 3150 2518 3195 J

1366 3195 1498 3231 habere
1519 3194 1646 3237 liceat,
1672 3198 1708 3230 et
1730 3206 1803 3230 non
1826 3196 1941 3231 solum
1964 3205 2029 3240 per
2051 3206 2108 3237 se,
2141 3194 2204 3230 sed
2226 3205 2290 3240 per
2313 3205 2446 3230 omnes.
2498 3197 2517 3228 12³³

1369 3242 1410 3275 18
1456 3239 1524 3284 Qui
1546 3243 1666 3274 autem
1687 3240 1819 3275 habere
1841 3240 1949 3275 licere
1971 3239 2136 3282 vendidit,
2159 3239 2340 3275 videamus
2363 3239 2447 3285 quid
2506 3247 2509 3250 ’

1366 3284 1495 3320 debeat
1540 3288 1708 3320 raestare.
1742 3289 1777 3320 et
1789 3285 1937 3321 multum
1956 3285 2127 3320 interesse
2145 3285 2308 3327 arbitror,
2328 3289 2447 3320 utrum
2494 3298 2510 3301 ⁷·

1365 3330 1435 3365 hoc
1494 3340 1514 3365 o
1543 3329 1679 3365 'ceatur
1712 3340 1777 3375 per
1807 3340 1846 3365 se
1876 3329 2127 3374 venientesque
2158 3339 2181 3364 a
2211 3339 2250 3365 88
2273 3339 2446 3374 personas
2491 3342 2494 3343 ⁷

1365 3384 1437 3410 non
1481 3374 1543 3417 eri,
1564 3385 1634 3419 quo
1647 3375 1763 3410 minus
1774 3375 1906 3410 habere
1924 3374 2041 3417 liceat,
2063 3384 2110 3409 au
2129 3384 2211 3410 vero
2229 3385 2293 3419 per
2312 3384 2443 3410 omues.
2484 3380 2497 3392 ‘

1365 3429 1447 3455 nam
1470 3419 1500 3454 si
1522 3429 1588 3464 per
1619 3430 1676 3462 se,
1708 3430 1781 3455 non
1810 3419 1950 3455 videtur
1982 3419 2019 3454 id
2041 3422 2246 3464 praestare,
2277 3429 2322 3454 ne
2353 3419 2444 3454 alius
2493 3440 2495 3459 ;

1365 3464 1521 3499 evincat:
1556 3464 1706 3509 proinde
1739 3464 1770 3500 si
1801 3464 1915 3500 evicta
1943 3474 2001 3499 res
2036 3463 2120 3506 erit,
2154 3464 2228 3499 sive
2262 3463 2443 3508 stipulatio

2506 2921 2518 2936 ι
2490 2340 2528 2902 *fflfflfflsfflffisseffiew
2498 2228 2523 2323 ἡ

1364 3621 1472 3653 teneri
1489 3622 1640 3656 Cuiacius
1777 3622 1831 3662 111)
1856 3621 1956 3654 suerit
1968 3621 2003 3654 F
2133 3623 2192 3661 (12)
2216 3619 2366 3662 obligata
2377 3632 2440 3654 scr.

1635 3667 1692 3707 (14)
1716 3669 1796 3699 sunt
1806 3666 1880 3699 edd.
