2528 3918
189 123 306 166 Lffi

189 244 445 288 significamus:
470 244 563 280 sicut
586 244 654 279 hoc
675 243 820 280 ‘Lucius
839 243 955 280 Titius
974 244 1160 288 alligatus¹
1187 244 1263 279 est'.

188 295 224 324 et
247 290 337 324 idem
363 289 412 330 fit,
437 301 516 325 cum
540 289 591 324 ita
614 289 790 334 loquimur
813 288 935 325 ‘Troia
957 293 1063 334 capta
1085 289 1167 324 est’:
1193 299 1265 324 non

189 335 280 369 cuim
319 334 364 368 ad
401 334 597 379 praesentis
628 334 715 369 facti
747 333 1081 370 demonstrationem
1112 333 1266 380 refertur

187 379 217 414 is
242 389 368 421 sermo,
395 378 458 414 sed
481 379 528 414 ad
549 379 792 424 praeteritum.

237 421 316 460 124
340 424 547 459 Pnowivs
575 424 664 459 libro
695 423 851 459 secundo
881 423 1114 470 epistularum
1166 423 1266 458 Haec

187 469 296 504 verba
320 469 391 504 ‘ille
410 472 474 503 aut
492 468 562 503 ille’
583 479 655 503 non
675 468 790 504 solum
806 467 1018 504 disiunctiva
1026 469 1052 510 ²,
1076 467 1139 504 sed
1160 468 1266 503 etiam

189 513 488 548 subdisiunctivae
511 513 680 549 orationis
705 517 798 548 sunt.
846 513 1093 548 disiunctivum
1117 517 1182 555 est,
1206 523 1265 548 ve-

188 559 253 593 luti
277 569 358 594 cum
381 558 530 594 dicimus
555 561 629 593 ‘aut
653 558 726 594 dies
750 561 813 594 aut
836 569 907 594 nox
930 558 1006 599 est’,
1030 568 1181 602 quorum
1201 568 1266 602 po-

188 603 257 639 sito
286 603 399 639 altero
429 613 575 638 necesse
604 607 659 639 est
692 603 768 638 tolli
805 603 972 644 alterum,
1009 603 1092 638 item
1124 602 1265 638 sublato

188 648 300 683 altero
332 648 416 692 poni
446 648 609 683 alterum.
661 648 712 683 ita
746 648 850 683 simili
880 648 1091 692 figuratione
1120 648 1267 683 verbum

188 697 308 737 potest
347 703 425 728 esse
461 692 788 729 subdisiunctivum.
843 692 1113 728 subdisiunctivi
1147 696 1266 727 autem

187 748 317 782 genera
340 741 423 772 sunt
447 737 536 773 duo:
568 748 696 780 unum,
729 749 809 773 cum
840 748 884 772 ex
914 737 1105 782 propositis
1136 736 1265 772 finibus

187 783 238 817 ita
265 793 338 818 non
366 786 484 827 potest
511 786 661 827 uterque
684 794 779 825 esse,
812 786 852 817 ut
879 782 994 827 possit
1020 786 1148 818 neuter
1176 792 1264 824 esse,

188 827 295 862 veluti
319 838 400 862 cum
423 827 572 863 dicimus
597 831 672 862 ‘aut
696 827 795 863 sedet
818 830 882 862 aut
904 827 1092 862 ambulat':
1120 837 1203 862 nam
1226 832 1267 861 ut

189 882 289 907 nemo
309 876 428 916 potest
446 875 634 917 utrumque
654 873 757 907 simul
775 872 905 915 facere,
929 872 980 906 ita
999 871 1127 916 aliquis
1147 875 1267 916 potest

188 921 370 960 neutrum,
399 917 531 952 veluti³
562 917 592 953 is
624 917 685 963 qui
714 916 903 952 accumbit.
950 916 1097 952 alterius
1127 917 1265 962 generis

188 965 260 1005 est,
292 973 373 997 cum
395 972 439 997 ex
462 963 654 1014 propositis
678 962 807 997 finibus
830 961 882 996 ita
905 972 977 997 non
1000 965 1120 1007 potest
1141 966 1266 997 neuter

188 1017 284 1049 esse,
316 1011 357 1042 ut
379 1011 492 1052 possit
514 1008 725 1052 utrumque⁴
753 1016 848 1049 esse,
881 1007 989 1042 veluti
1013 1017 1094 1042 cuin
1117 1006 1265 1042 dicimus

188 1056 303 1087 ‘omne
325 1052 456 1087 animal
479 1055 543 1087 aut
564 1052 651 1087 facit
674 1055 738 1087 aut
755 1051 920 1097 patitur':
945 1052 1080 1087 nullum
1098 1055 1155 1087 est
1174 1052 1265 1087 enim

210 1096 283 1133 uod
313 1107 379 1132 nec
409 1096 521 1132 faciat
548 1108 615 1133 nec
646 1097 823 1143 patiatur:
863 1100 901 1132 at
937 1101 1057 1142 potest
1092 1096 1197 1132 simul
1231 1100 1267 1132 et

202 1152 305 1177 acere
329 1145 365 1177 et
386 1142 473 1187 pati.

235 1184 312 1223 125
338 1186 443 1221 IDEM
471 1187 561 1222 libro
591 1187 716 1232 quinto
747 1186 983 1233 epistularum
1031 1186 1152 1231 Nepos
1176 1186 1265 1222 Pro-

187 1232 267 1267 culo
298 1242 363 1267 suo
395 1232 557 1267 salutem.
606 1232 662 1266 Ab
692 1242 753 1273 eo,
786 1231 846 1276 qui
869 1231 921 1266 ita
943 1230 1061 1266 dotem
1109 1231 1265 1267 romisit:

187 1280 280 1311 ‘cum
312 1277 533 1311 commodum
562 1276 646 1319 erit,
684 1276 776 1311 dotis
812 1276 904 1311 filiae
935 1286 1035 1311 meae
1065 1280 1093 1311 ti
1118 1276 1131 1311 i
1161 1280 1267 1311 erunt

187 1322 298 1356 ‘aurei
321 1322 485 1363 centum',
512 1325 664 1365 putasne
688 1320 849 1366 protinus
869 1320 1001 1365 nuptiis
1021 1320 1126 1357 factis
1147 1321 1265 1357 dotem

187 1366 273 1446 ἕὲῖξέῑ
289 1367 437 1446 Ῑὲἳῗιῖξὶῗφ
458 1366 1072 1455 ᾳζὲἓᾱεζῗῐὲιῑὲἑὲῐέἶθὶῗέ1113ἓέ
1089 1369 1266 1456 Ρξζῗὲἓῖἓέ

187 1456 375 1500 obligatio,
424 1456 557 1500 ‘possit’
603 1456 748 1491 verbum
791 1455 967 1500 quomodo
1010 1456 1264 1501 interpretaris,

187 1505 307 1536 utrum
335 1510 417 1535 aere
449 1501 565 1536 alieno
597 1500 750 1536 deducto
780 1511 827 1535 an
858 1501 1025 1536 extante?
1070 1501 1264 1537 Proculus:

187 1557 268 1581 cuin
298 1545 417 1581 dotem
448 1545 526 1590 quis
555 1546 607 1581 ita
635 1545 816 1591 promisit:
857 1548 951 1581 ‘cum
981 1549 1152 1591 potuero,
1192 1546 1267 1582 doti

183 1590 264 1638 “tibi
287 1591 580 1639 erunt-centumss
601 1590 772 1639 ‘existimo
803 1589 852 1626 ad
879 1590 917 1626 id
945 1590 1042 1637 quod
1069 1594 1189 1627 actum
1212 1594 1268 1627 est

181 1636 511 1686 interpretationem
535 1633 761 1678 redigendam
785 1643 882 1668 esse:
913 1643 998 1669 nam
1021 1634 1085 1679 qui
1107 1632 1277 1679 ambigue

182 1678 350 1729 loquitur,
374 1677 413 1713 id
434 1677 612 1731 lpquitur,
645 1678 741 1723 quod
763 1688 809 1716 ex
832 1679 887 1716 his
911 1690 1004 1725 quae
1027 1681 1277 1727 significantur

181 1726 303 1758 8811811.
355 1734 506 1768 propius
542 1728 597 1759 est
631 1728 770 1769 tamen,
813 1729 855 1760 ut
895 1725 965 1763 1188
1003 1736 1086 1762 811111
1120 1727 1275 1764 sensisse

181 1768 377 1821 existimem
426 1769 615 1804 ίὶι1181111818
660 1780 744 1806 aere
787 1770 905 1808 alieno
948 1773 1099 1818 potero’.
1155 1777 1276 1819 potest

181 1816 288 1848 etiam
322 1813 386 1848 illa
421 1815 538 1859 accipi
573 1815 787 1860 significatio
827 1819 921 1853 ‘cum
963 1818 1063 1854 salva
1101 1817 1274 1862 dignitate

181 1860 273 1893 ‘mea
309 1859 468 1903 potero':
515 1870 607 1905 quae
645 1861 894 1906 interpretatio
930 1863 998 1897 e0⁶
1032 1863 1145 1907 magis
1179 1863 1275 1898 acci·

183 1904 316 1951 pienda
346 1908 417 1947 est,
448 1905 480 1940 si
508 1905 560 1939 ita
589 1907 801 1950 promissum
831 1909 887 1940 est
918 1908 1011 1940 ‘cum
1043 1906 1266 1941 commodum

188 1949 290 1991 ‘erit',
314 1949 384 1985 hoc
407 1953 463 1985 est
486 1953 577 1984 ‘cum
601 1950 677 1985 sine
698 1950 921 1986 incommodo
944 1960 1023 1986 meo
1046 1951 1196 1995 potero'.

235 1992 314 2031 126
338 1994 445 2029 Imm
469 1995 561 2031 libro
584 1998 690 2030 sexto
714 1995 950 2041 epistularum
997 1994 1051 2038 Si,
1081 2006 1163 2031 cum
1184 1995 1266 2031 fun-

186 2039 271 2074 dum
293 2039 359 2074 tibi
383 2039 522 2082 darem,
554 2040 666 2084 legem
695 2040 746 2075 ita
775 2039 848 2074 dixi
881 2040 943 2075 ‘uti
973 2041 1130 2086 optimus
1154 2040 1266 2075 maxi-

185 2095 335 2129 musque
363 2085 468 2120 esset’
503 2088 540 2120 et
573 2084 687 2119 adieci
721 2084 787 2120 ‘ius
816 2084 919 2120 fundi
948 2084 1103 2121 deterius
1131 2085 1267 2121 factum

187 2133 271 2165 ‘non
301 2139 379 2164 esse
408 2139 474 2175 per
503 2129 701 2172 dominum,
739 2129 1006 2174 praestabitur,
1041 2130 1192 2176 amplius
1223 2141 1266 2166 eo

187 2174 427 2219 praestabitur
450 2174 554 2217 nihil,
583 2174 722 2210 etiamsi
743 2174 842 2220 prior
864 2184 964 2219 pars,
994 2185 1066 2220 qua
1095 2175 1268 2221 scriptum

186 2223 242 2254 est
264 2220 337 2254 ‘ut'
363 2218 518 2264 optimus
541 2219 784 2264 maximusque
807 2219 865 2255 sit’
889 2219 1040 2254 liberum
1062 2230 1140 2256 esse
1159 2220 1266 2265 signi·

187 2265 272 2299 licat
307 2274 440 2310 eoque,
477 2264 507 2299 si
542 2264 720 2309 posterior
754 2274 839 2309 pars
875 2264 1016 2300 adiecta
1052 2275 1126 2300 non
1161 2268 1266 2308 esset,

186 2309 336 2344 liberum
366 2312 551 2355 praestare
581 2309 757 2345 deberem.
808 2312 928 2344 tamen
962 2309 1130 2345 inferiore
1164 2314 1267 2355 parte

187 2354 273 2389 satis
303 2364 358 2389 me
389 2354 578 2390 liberatum
608 2357 716 2399 puto,
747 2353 842 2399 quod
872 2354 919 2389 ad
945 2354 1025 2390 iura
1048 2355 1191 2398 attinet,
1221 2365 1267 2390 ne

211 2399 270 2434 uid
292 2399 413 2434 aliud⁸
441 2403 626 2444 praestare
656 2399 820 2442 debeam,
851 2409 957 2444 quam
987 2399 1043 2435 ius
1073 2399 1175 2435 fundi
1201 2410 1268 2445 per

211 2444 366 2479 ominum
390 2444 545 2480 deterius
568 2444 705 2479 factum
727 2454 801 2479 non
824 2454 912 2480 esse.

235 2487 313 2526 127
342 2489 626 2525 CALLJSTRATUS
652 2489 744 2526 libro
775 2492 906 2535 quarto
937 2488 983 2525 de
1005 2490 1268 2536 coquitionibus

187 2534 329 2570 ‘Vestis'
366 2533 605 2579 appellatione
637 2537 711 2569 tam
741 2534 850 2570 virilis
882 2544 988 2579 quam
1017 2533 1200 2570 muliebris
1231 2537 1268 2570 81

186 2579 370 2623 scaenica,
401 2579 539 2615 etiamsi
570 2579 708 2624 tragica
736 2582 801 2614 aut
823 2578 1063 2615 citharoedica
1086 2579 1149 2622 sit,
1181 2590 1267 2616 con-

185 2624 331 2661 tinetur.

236 2666 314 2707 128
353 2667 546 2705 ULPJANUS
573 2668 665 2705 libro
689 2669 813 2714 primo
844 2667 895 2703 ad
924 2667 957 2703 le
983 2678 1038 2703 em
1069 2667 1203 2704 Iuliam
1233 2670 1268 2702 et

188 2713 343 2760 Papiam
397 2713 603 2758 Spadonum
637 2712 814 2758 generalis
853 2723 945 2758 appe
973 2713 1044 2748 atio
1083 2716 1156 2748 est:
1220 2723 1268 2748 uo

187 2758 328 2794 nomine
351 2762 425 2793 tam
448 2758 496 2800 hi,
521 2759 582 2803 qui
605 2762 734 2794 natura
757 2769 774 2794 s
801 2757 934 2794 adones
958 2761 1052 2802 sunt,
1075 2757 1161 2793 item
1224 2757 1267 2792 li-

186 2804 267 2839 biae
290 2803 459 2844 thlasiae‚
491 2803 554 2838 sed
581 2807 617 2839 et
639 2803 670 2839 si
694 2814 763 2848 quo
812 2802 911 2838 aliud
932 2812 1045 2848 genus
1069 2802 1268 2848 spadonum

186 2852 242 2884 est
276 2848 515 2884 continentur.

236 2875 315 2930 {29
346 2892 402 2928 ΡΑ
411 2902 506 2928 vivs
544 2892 634 2928 libro
666 2893 790 2939 primo
827 2892 877 2928 ad
912 2892 1027 2939 leqem
1062 2891 1195 2928 Iuliam
1234 2895 1269 2927 et

187 2938 342 2984 Papiam
396 2937 465 2981 Qui
494 2937 626 2973 mortui
653 2941 869 2981 nascuntur,
903 2948 947 2973 ne
972 2947 1017 2973 ue
1047 2937 1124 2972 nati
1153 2947 1178 2972 n
1223 2947 1268 2972 ue

185 2981 379 3062 111111818811ι
394 2982 574 3024 videntur,
612 2982 696 3027 quia
732 2992 925 3028 numquam
949 2949 1062 3018 ‘liberi
1096 2992 1167 3029 app
1258 2982 1266 2989 “

211 3038 232 3063 8
249 3038 362 3063 uerun
381 3054 388 3063 .

185 3039 209 3073 p
236 3070 313 3110 130
345 3071 540 3108 Uhmniws
566 3070 657 3107 libro
680 3071 838 3107 secundo
868 3071 918 3107 ad
940 3071 1052 3118 1898111
1076 3070 1210 3107 Iuliam
1233 3074 1269 3107 et

187 3117 342 3170 Papiam
395 3117 492 3161 Lege
525 3115 691 3151 obvenire
724 3115 957 3152 hereditatem
987 3126 1059 3153 non
1086 3115 1268 3161 inproprie

186 3172 264 3207 quis
293 3161 424 3197 dixerit
454 3165 490 3197 et
518 3170 613 3203 88111,
676 3170 743 3195 uae
778 3171 822 3195 ex
853 3164 1065 3197 testamento
1097 3160 1266 3204 defertur,

186 3207 268 3287 guia
298 3207 375 3252 lege
407 3205 595 3241 duodecim
622 3209 661 3240 ta
687 3205 825 3240 ulai-um
854 3205 1141 3242 testamentariae
1164 3206 1266 3242 here-

210 3251 314 3287 itates
339 3250 605 3287 confirmantur.

236 3293 310 3333 131
345 3295 452 3331 IDEM
486 3295 576 3331 libro
608 3294 712 3330 tertio
745 3294 794 3329 ad
824 3294 936 3341 leqem
967 3294 1101 3331 Iuliam
1131 3298 1166 3331 et
1196 3294 1267 3330 Pa-

180 3341 284 3388 piam
330 3340 439 3375 Aliud
474 3339 595 3375 ‘fraus’
625 3343 696 3382 est,
726 3338 824 3374 aliud
856 3341 1014 3384 ‘poena’:
1045 3339 1146 3375 fraus
1175 3340 1268 3375 enim

186 3385 263 3420 sine
284 3395 403 3431 poena
426 3394 504 3420 8888
526 3388 662 3430 potest,
691 3394 809 3429 poena
836 3384 912 3419 sine
940 3384 1067 3421 fraude
1095 3395 1172 3420 esse
1196 3395 1269 3420 non

186 3434 315 3475 potest.
371 3439 487 3482 poena
525 3433 580 3464 est
615 3439 730 3464 noxae
764 3428 937 3472 vindicta,
980 3429 1081 3465 fraus
1118 3433 1154 3464 et
1188 3429 1269 3474 ipsa

185 3485 280 3510 noxa
311 3474 442 3510 dicitur
472 3477 509 3509 et
538 3474 640 3519 quasi
668 3483 805 3518 poenae
829 3473 1003 3519 quaedam
1026 3474 1267 3520 praeparatio.

185 3589 226 3629 (1)
250 3587 378 3630 legatus
395 3600 457 3621 scr.
553 3590 597 3628 (2)
621 3587 840 3620 disiunctivae
859 3588 933 3621 deu.
949 3587 1075 3631 quidem

187 3634 245 3665 ins.
268 3631 319 3665 F*
409 3634 453 3674 (4)
478 3634 617 3673 uterque
636 3644 700 3665 scr.
793 3634 836 3673 (5)
860 3642 935 3664 oum
955 3633 1015 3665 im.
1110 3634 1156 3674 (6)
1181 3643 1220 3666 ea
1235 3634 1270 3666 F

187 3679 229 3715 (τ)
253 3678 305 3709 uti
317 3676 372 3710 Ιἠ
425 3678 472 3719 (8)
497 3675 649 3710 aliumF
686 3678 730 3717 (9)
754 3676 919 3719 generalis
930 3676 975 3709 sit
985 3689 1048 3710 scr.
1096 3679 1157 3719 (18)
1181 3688 1262 3720 qua-

186 3731 253 3762 qua
263 3734 325 3754 scr.
396 3723 452 3763 (11)
476 3724 510 3755 et
519 3721 579 3754 ine.
645 3722 706 3762 (¹2)
730 3720 924 3755 undecimus
935 3721 1005 3755 dies
1016 3721 1223 3764 significatur
1237 3723 1265 3755 S

1256 117 1339 167 862

1494 47 1565 123 ἢ

2076 137 2138 169 nn
2165 138 2409 171 VERBORUM
2448 174 2452 178 ,

1336 246 1351 279 1
1401 243 1497 279 Inter
1515 242 1683 279 ‘multam’
1702 247 1822 280 autem
1839 247 1874 280 et
1892 246 2065 290 ‘poenam'
2085 245 2234 282 multum
2250 246 2409 290 interest,

1334 299 1415 324 cum
1438 298 1555 341 poena
1577 289 1740 333 generale
1763 290 1811 326 sit
1832 291 1984 326 nomen⁹
2016 291 2172 326 omnium
2201 291 2408 327 delictorum

1335 333 1515 375 coercitio,
1539 333 1651 368 multa
1674 333 1837 379 specialis
1860 335 2009 380 peccati,
2035 335 2135 371 cuius
2155 335 2408 373 animadversio

1334 378 1441 413 hodie
1472 377 1680 422 pecuniaria
1710 382 1782 414 est:
1814 389 1930 432 poena
1953 384 2072 416 autem
2095 391 2167 416 non
2189 384 2325 416 tantum
2347 391 2408 426 pe-

1335 422 1513 464 cuniaria,
1558 432 1679 458 verum
1721 433 1765 458 ca
1789 423 1848 459 itis
1886 429 1923 460 et
1961 425 2230 461 existimationis
2264 425 2409 471 irrogari

1334 467 1435 502 solet.
1482 470 1520 502 et
1546 468 1658 502 multa
1689 467 1750 512 qui
1774 478 1830 503 em
1860 478 1905 504 ex
1935 470 2081 506 arbitrio
2107 469 2182 506 eius
2205 470 2319 513 venit,
2351 471 2410 516 qui

1333 512 1480 547 multam
1512 511 1614 547 dicit:
1649 522 1765 557 poena
1795 523 1868 548 non
1890 513 2083 559 irrogatur,
2117 514 2186 550 nisi
2209 525 2302 567 (11188
2346 526 2410 551 ua-

1334 567 1404 610 que
1417 558 1459 610 ¹⁰·
1474 556 1550 601 lege
1580 556 1634 592 vel
1667 567 1748 610 quo·
1760 557 1830 593 alio
1854 557 1932 594 iure
1954 559 2155 613 specialiter
2177 559 2260 595 huic
2283 526 2410 613 defficto

1333 604 1579 699 fflffiffisssseissi
1588 603 2065 699 ·„313²³22‡”2330;¹1¹22¹F³1t¹3;
2075 604 2229 685 ffiffiss.
2246 605 2411 686 {thssssss

1335 694 1469 736 potest,
1502 702 1560 726 cui
1589 691 1759 727 iudicatio
1788 692 1872 727 data
1902 696 1974 728 est:
1992 694 2017 715 ¹¹
2055 694 2283 740 magistratus
2314 695 2409 730 solos

1334 740 1371 771 et
1393 735 1574 789 praesides
1598 736 1861 781 provinciarum
1884 747 1989 782 posse
2008 739 2156 774 multam
2176 738 2293 775 dicere
2311 749 2409 775 man-

1335 781 1425 816 datis
1462 781 1674 826 permissum
1709 785 1775 817 est.
1827 792 1978 834 poenam
2015 787 2132 819 autem
2169 783 2412 837 unusquisque

1333 826 1498 870 inrogare
1527 829 1665 870 potest,
1697 826 1755 861 cui
1783 826 1889 863 11111118
1919 827 2075 863 criminis
2106 827 2178 864 sive
2209 828 2328 865 delicti
2351 839 2412 865 ex-

1336 871 1471 906 secutio
1496 870 1673 916 competit.

1384 913 1463 953 132
1489 915 1647 951 Pae-ivs
1673 915 1764 952 libro
1789 917 1893 952 tertio
1923 917 1972 952 ad
1994 917 2104 964 1898111
2129 916 2262 952 Iuliam
2284 922 2320 953 et
2343 918 2411 953 Pa-

1328 961 1431 1007 piam
1486 960 1705 996 ‘Anniculus'
1738 961 1927 1003 amittitur,
1965 961 2026 1007 qui
2056 964 2213 997 extremo
2242 962 2326 998 anni
2356 962 2414 998 die

1333 1004 1494 1041 moritur.
1542 1009 1578 1040 et
1610 1005 1830 1041 consuetudo
1861 1006 1896 1041 lo
1922 1006 2028 1042 uendi
2058 1006 2094 1042 id
2116 1006 2169 1042 ita
2191 1017 2270 1043 esse
2293 1007 2410 1043 decla-

1333 1053 1408 1086 rat:
1449 1054 1543 1085 ‘ante
1579 1050 1671 1085 diem
1705 1050 1879 1086 decimum
1934 1050 2163 1094 alendarum',
2201 1053 2294 1097 ‘post
2321 1052 2413 1088 diem

1333 1094 1520 1130 ‘decimum
1542 1095 1806 1130 kalendarum':
1839 1099 1965 1132 neutro
1995 1097 2088 1132 enim
2117 1106 2279 1133 sermone
2302 1097 2412 1132 unde-

1337 1143 1352 1175 1
1402 1139 1470 1175 cim
1494 1140 1568 1176 dies
1594 1139 1839 1185 significantur
1853 1142 1890 1176 ¹⁸².
1936 1140 2083 1177 Falsum
2111 1145 2167 1177 est
2195 1151 2272 1177 eam
2305 1152 2411 1188 pepe-

1333 1185 1434 1226 risse,
1460 1185 1517 1220 cui
1541 1189 1702 1220 mortuae
1726 1185 1820 1221 fflius
1845 1190 2008 1222 exsectus
2032 1189 2099 1223 881.

1384 1227 1463 1267 133
1495 1229 1688 1265 ULPIANUS
1716 1230 1807 1265 libro
1836 1234 1966 1275 quarto
1998 1231 2049 1266 ad
2077 1232 2190 1278 1898111
2218 1230 2350 1266 Iuliam
2379 1235 2413 1266 et

1334 1274 1489 1321 Papiam
1543 1274 1581 1309 Si
1612 1275 1690 1319 quis
1722 1274 1773 1310 sic
1805 1275 1933 1310 dixerit
1964 1277 2016 1311 ‘ut
2044 1276 2138 1312 intra
2169 1275 2260 1311 diem
2290 1277 2414 1312 mortis

1334 1319 1421 1355 ‘eius
1445 1319 1578 1365 aliquid
1601 1320 1688 1362 fiat',
1716 1319 1794 1365 ipse
1825 1331 1965 1366 quoque
1993 1321 2086 1364 dies,
2116 1331 2186 1366 quo
2217 1320 2295 1366 quis
2318 1331 2412 1357 mor·

1333 1368 1417 1400 tuus
1442 1368 1506 1406 est,
1532 1368 1750 1400 numeratur.

1382 1407 1461 1447 134
1493 1409 1652 1444 Patmos
1685 1410 1775 1444 libro
1806 1410 1963 1446 secundo
1992 1410 2042 1445 ad
2072 1410 2185 1457 1898111
2216 1410 2347 1446 Iuliam
2379 1416 2414 1447 at

1334 1454 1488 1501 Papiam
1541 1454 1759 1490 ‘Anniculus'
1789 1465 1861 1490 non
1889 1455 2010 1491 statim
2040 1458 2081 1491 ut
2109 1459 2215 1491 natus
2244 1459 2318 1500 est,
2351 1457 2414 1492 sed

1332 1498 1578 1535 trecentesimo
1592 1500 1619 1520 ¹³
1656 1499 1898 1544 sexagensimo
1954 1499 2053 1535 uinto
2085 1499 2142 1535 die
2171 1501 2318 1543 dicitur,
2359 1501 2412 1536 in-

1334 1544 1484 1588 cipiente
1512 1544 1637 1590 plane,
1676 1555 1749 1580 non
1781 1549 1906 1580 exacto
1963 1545 2015 1587 ie,
2053 1545 2137 1590 quia
2166 1556 2298 1581 annum
2329 1545 2413 1581 civi-

1332 1588 1414 1624 liter
1436 1599 1508 1624 non
1532 1589 1578 1625 ad
1601 1593 1779 1624 momenta
1801 1594 2009 1635 temporum,
2036 1590 2100 1626 sed
2123 1590 2170 1626 ad
2193 1590 2268 1627 dies
2291 1601 2412 1627 nume-

1335 1644 1467 1669 ramus.

1383 1676 1460 1716 135
1492 1678 1686 1715 Uimiws
1715 1679 1806 1715 libro
1838 1683 1969 1724 quarto
2001 1679 2050 1714 ad
2080 1679 2194 1726 leqem
2216 1679 2348 1716 Iuliam
2380 1684 2414 1716 et

1334 1723 1489 1770 Papiam
1535 1722 1691 1767 Quaeret
1718 1723 1862 1768 aliquis,
1894 1724 1924 1760 si
1979 1727 2198 1760 ortentosum
2231 1725 2287 1760 vel
2314 1735 2414 1761 mon-

1334 1772 1486 1804 strosum
1505 1769 1559 1803 vel
1579 1768 1730 1804 debilem
1749 1768 1875 1804 mulier
1894 1768 1952 1805 edi
1976 1769 2044 1804 erit
2060 1769 2117 1805 vel
2133 1769 2274 1815 qualem
2287 1770 2314 1792 ¹⁴
2337 1770 2415 1806 visu

1332 1813 1388 1848 vel
1410 1812 1531 1858 vagitu
1553 1824 1692 1857 novum,
1716 1824 1789 1849 non
1806 1813 1983 1849 humanae
2002 1814 2146 1859 figurae,
2171 1814 2234 1850 sed
2256 1815 2414 1857 alterius,

1334 1858 1444 1903 magis
1464 1858 1625 1894 animalis
1644 1868 1751 1904 quam
1767 1858 1931 1902 hominis,
1953 1863 2108 1904 partum,
2127 1869 2186 1901 an,
2231 1860 2292 1895 uia
2311 1860 2416 1896 enixa

1334 1906 1404 1945 est,
1428 1903 1599 1948 prodesse
1621 1903 1654 1938 ei
1677 1903 1830 1939 debeat?
1859 1907 1896 1939 et
1917 1904 2029 1948 magis
2052 1907 2125 1947 est,
2149 1907 2190 1940 ut
2238 1915 2302 1940 aec
2325 1916 2413 1950 quo-

1334 1958 1404 1993 que
1427 1947 1636 1993 parentibus
1659 1948 1815 1993 prosint:
1848 1958 1914 1984 nec
1945 1949 2038 1984 enim
2068 1953 2122 1985 est
2151 1950 2247 1995 quod
2274 1950 2326 1986 eis
2348 1950 2413 1985 im-

1333 1996 1496 2039 putetur,
1534 2003 1626 2038 quae
1664 1993 1817 2038 qualiter
1850 1997 2060 2039 potuerunt,
2102 1994 2245 2030 statutis
2279 1995 2413 2030 obtem-

1334 2041 1565 2118 peraverunt,
1597 2047 1712 2083 neque
1742 2038 1780 2073 id
1808 2037 1904 2084 quod
1931 2038 2090 2075 fataliter
2112 2039 2278 2083 accessit,
2309 2039 2414 2076 matri

1360 2093 1504 2118 aninum
1525 2082 1711 2128 iniungere
1735 2083 1852 2119 debet.

1383 2125 1462 2166 136
1486 2127 1595 2163 Imm
1619 2127 1710 2164 libro
1739 2129 1865 2174 quinto
1894 2128 1945 2164 ad
1973 2128 2086 2176 1898111
2117 2128 2250 2165 Iuliam
2281 2132 2316 2164 et
2344 2128 2413 2164 Pa-

1327 2173 1432 2218 piam
1486 2172 1639 2208 ‘Generi’
1679 2173 1918 2218 appellatione
1954 2177 1989 2209 et
2017 2173 2132 2218 neptis
2164 2177 2201 2209 81
2230 2173 2414 2219 proneptis

1334 2221 1409 2252 tam
1439 2227 1485 2253 ex
1513 2217 1588 2253 filio
1613 2228 1720 2262 quam
1743 2228 1787 2253 ex
1808 2218 1883 2253 filia
1906 2218 2083 2254 editorum
2106 2222 2374 2265 ceterarumque
2387 2219 2413 2240 ¹*

1334 2261 1481 2298 maritos
1506 2262 1680 2298 contineri
1701 2262 1930 2299 manifestum
1953 2267 2018 2299 est.

1384 2304 1461 2344 137
1495 2306 1551 2342 ΡΑ
1560 2317 1654 2342 ubas
1684 2307 1775 2343 libro
1804 2308 1961 2343 secundo
1993 2307 2043 2343 ad
2072 2308 2184 2355 1898111
2215 2307 2349 2344 Iuliam
2380 2311 2415 2344 et

1335 2351 1496 2405 Papiam·
1536 2351 1620 2387 ‘Ter
1649 2352 1764 2388 enixa‘
1795 2352 1934 2388 videtur
1962 2353 2067 2389 etiam
2092 2363 2186 2399 quae
2209 2353 2414 2398 trigeminos

1334 2400 1593 2495 Ρῗῗὲϊὲῃῖὸεκ
1620 2442 1709 2495 libra
1740 2445 1870 2488 quarto
1899 2441 1950 2495 aa}
1977 2443 2090 2490 leqem
2121 2442 2254 2478 Iuliam
2284 2445 2320 2478 et
2342 2441 2414 2478 Pa·-

1328 2497 1433 2534 piam
1479 2486 1735 2540 “Hereditatis’
1777 2487 2016 2532 appellatione
2056 2487 2233 2524 bonorum
2273 2497 2415 2533 quoque

1334 2542 1513 2578 possessio
1537 2531 1751 2567 continetur.

1384 2574 1463 2615 139
1494 2575 1687 2613 [limnas
1713 2577 1804 2613 libro
1833 2577 1984 2624 septimo
2014 2576 2064 2612 ad
2089 2576 2202 2624 1898111
2225 2575 2356 2612 Iuliam
2379 2580 2414 2612 et

1335 2620 1491 2668 Papiam
1543 2621 1718 2657 Aedificia
1740 2621 1898 2658 ‘Romae’
1928 2621 2006 2657 fieri
2034 2621 2141 2658 etiam
2169 2631 2213 2657 ea
2240 2621 2414 2665 videntur,

1338 2670 1353 2701 1
1403 2675 1496 2719 quae
1513 2666 1551 2709 in
1570 2666 1831 2703 continentibus
1847 2666 1983 2702 Romae
2000 2666 2170 2703 aedificiis
2187 2666 2285 2702 fiant.
2315 2666 2413 2702 ‘Per-

1337 2710 1709 2764 ι1“88.1888’,88111118111111
1736 2711 1768 2747 18
1790 2711 1947 2764 videtur,
1978 2711 2039 2757 qui
2066 2712 2118 2748 ita
2147 2710 2413 2754 consummavit,

1335 2760 1471 2854 usslljffll
1486 2760 1892 2854 ιθᾼιιῑιῖῧεθεῖῗένέοέἒέο
1922 2801 1972 2853 ad
1994 2800 2106 2848 1898111
2128 2800 2262 2854 Iuliam
2286 2803 2320 2854 ef
2342 2799 2413 2836 Pa-

1331 2857 1457 2925 peangt
1487 2846 1654 2891 ‘Ceplsse'
1684 2846 1762 2892 quis
1791 2845 2024 2892 intellegitur,
2062 2855 2220 2892 quamvis
2254 2845 2318 2881 alu
2350 2845 2412 2882 ad-

1359 2901 1440 2926 111811
1459 2918 1467 2926 .

1335 2902 1359 2937 q
1384 2934 1459 2973 141
1499 2934 1694 2972 Uimzvos
1721 2935 1811 2972 libro
1839 2939 1965 2972 octavo
1993 2935 2044 2971 ad
2071 2935 2183 2982 leqcm
2215 2934 2349 2971 Iuliam
2379 2938 2414 2971 ct

1336 2979 1491 3028 Papiam
1544 2980 1666 3016 Etiam
1693 2990 1738 3016 ea
1767 2980 1893 3016 mulier
1924 2991 2005 3016 cum
2034 2983 2230 3016 moreretur
2260 2979 2414 3015 creditur

1336 3025 1448 3061 filium
1470 3025 1621 3067 habere,
1654 3035 1747 3070 quae
1777 3025 1897 3061 exciso
1926 3028 2028 3061 utero
2050 3024 2157 3061 edere
2204 3024 2302 3060 ossit.
2346 3034 2414 3060 nec

1336 3081 1408 3106 non
1444 3070 1552 3106 etiam
1590 3069 1659 3106 alio
1698 3080 1783 3106 casu
1820 3070 1946 3106 mulier
1980 3073 2100 3123 potest
2128 3069 2177 3105 ha
2202 3079 2261 3105 ere
2289 3067 2413 3123 filium²

1336 3125 1441 3160 quem
1461 3114 1585 3151 mortis
1607 3118 1767 3160 tempore
1790 3126 1863 3151 non
1884 3115 2028 3159 habuit,
2052 3118 2093 3149 ut
2122 3118 2212 3160 puta
2241 3123 2322 3150 eum
2351 3124 2414 3160 qui

1335 3160 1381 3195 ab
1405 3159 1567 3195 hostibus
1590 3160 1771 3195 remeabit.

1385 3202 1463 3242 142
1487 3203 1543 3240 ΡΑ
1551 3213 1645 3239 Ubus
1672 3204 1762 3240 libro
1786 3207 1891 3240 sexto
1914 3204 1964 3240 ad
1992 3203 2105 3251 leqem
2126 3201 2260 3239 Iuliam
2284 3206 2319 3238 et
2340 3201 2414 3238 Pa-

1329 3250 1433 3296 piam
1466 3247 1614 3294 Triplici
1633 3248 1738 3284 modo
1759 3248 1961 3284 coniunctio
1984 3248 2213 3293 intellegitur:
2237 3251 2301 3283 aut
2319 3247 2412 3284 enim

1334 3304 1374 3329 re
1422 3303 1461 3330 er
1484 3303 1523 3329 se
1546 3292 1749 3330 coniunctio
1774 3293 1957 3339 contingit,
1981 3297 2045 3329 aut
2066 3303 2105 3329 re
2128 3296 2164 3328 et
2185 3292 2319 3336 verbis,
2349 3295 2413 3328 aut

1334 3349 1396 3374 ver
1421 3339 1451 3374 is
1474 3341 1624 3374 tantum.
1670 3348 1736 3374 nec
1759 3338 1906 3375 dubium
1928 3341 1994 3381 est,
2019 3338 2103 3383 quin
2126 3335 2309 3373 coniuncti
2329 3337 2411 3379 sint,

1359 3394 1425 3419 uos
1463 3386 1501 3419 et
1535 3383 1717 3418 nominum
1749 3386 1784 3419 et
1811 3382 1866 3419 rei
1899 3382 2102 3428 complexus
2134 3381 2147 3417 i
2221 3381 2264 3425 ‘t,
2302 3381 2413 3417 veluti

1336 3431 1345 3447 ⁶
1379 3429 1462 3463 itius
1486 3431 1522 3463 et
1543 3426 1704 3463 Maevius
1733 3437 1777 3463 ex
1937 3426 2081 3463 dimidia
2109 3426 2194 3463 here
2219 3436 2257 3462 es
2279 3426 2411 3469 sunto‘,

1335 3473 1389 3509 vel
1408 3473 1459 3508 ita
1475 3472 1600 3508 ‘Titius
1616 3472 1847 3519 Maeviusque
1857 3473 1887 3495 ¹⁶
1904 3472 2051 3508 heredes
2068 3471 2199 3515 sunto‘,
2213 3470 2270 3508 vel
2283 3470 2412 3509 ‘Tium

1167 3589 1211 3631 (8)
1234 3589 1264 3621 si
1332 3589 1392 3630 (13)
1416 3587 1660 3621 trecensimoF
1715 3588 1773 3630 (1⁴)
1797 3585 1929 3628 qualem
1942 3586 2003 3619 im.
2017 3585 2230 3619 Sennetoniioe
2294 3584 2356 3627 (15)
2378 3584 2411 3617 et

1332 3632 1441 3676 neptis
1451 3634 1519 3665 tam
1532 3642 1571 3664 ex
1582 3631 1654 3665 filio
1667 3641 1766 3674 quam
1778 3640 1818 3665 ex
1828 3629 1899 3663 11118
1910 3632 2157 3672 ceterarumque
2167 3641 2229 3663 εον.
2284 3629 2348 3672 (18)
2370 3637 2408 3661 ex

1331 3680 1425 3719 parte
1437 3676 1575 3710 dimidia
1589 3678 1647 3710 im.
1662 3676 1865 3711 Hotomanus
