2528 3918
506 667 627 731 DE
673 665 1286 732 CONCEPTIONE
1334 665 1941 731 DIGESTORUM.

101 915 452 961 ¹IMPERATOR
481 915 704 959 CAESAR
734 914 982 959 FLAVIUS
1013 915 1394 959 IUSTINIANUS
1431 914 1561 958 PIUS
1601 914 1779 957 FELIX
1818 912 2107 957 INCLUTUS
2138 913 2351 958 VICTOR

221 973 296 1018 Ao
332 971 707 1017 TRIUMFATOR
745 972 971 1016 SEMPER
1009 970 1713 1073 AUgIAEJLSffAEJSMssRIBONIANO
1752 969 2077 1023 QUAESTORI
2117 968 2226 1014 SUO

142 1138 251 1203 Deo
270 1168 418 1202 auctore
434 1168 598 1202 nostrum
614 1164 855 1210 gubernantes
873 1163 1073 1209 imperium,
1093 1163 1189 1210 quod

98 1212 203 1249 nobis
227 1222 250 1247 a
274 1210 419 1247 caelesti
442 1211 628 1247 maiestate
651 1210 824 1247 traditum
848 1213 914 1252 est,
938 1213 974 1245 et
993 1209 1089 1245 bella
1108 1209 1187 1245 feli-

100 1258 189 1294 citer
210 1256 414 1303 peragimus
438 1260 474 1292 et
496 1267 622 1301 pacem
646 1256 856 1291 decoramus
881 1258 917 1290 et
945 1256 1105 1291 statum²
1136 1254 1189 1291 rei

98 1303 265 1349 publicae
288 1305 548 1338 sustentamus:
578 1306 616 1338 et
643 1301 695 1337 ita
723 1304 866 1337 nostros
897 1300 1034 1336 animos
1061 1300 1109 1336 ad
1132 1300 1188 1336 dei

99 1349 195 1385 omni
222 1347 352 1384 otentis
384 1347 550 1392 erigimus
579 1346 817 1389 adiutorium,
856 1349 898 1381 ut
933 1356 1049 1391 neque
1079 1346 1188 1381 armis

99 1359 319 1430 confidamus
350 1403 465 1437 neque
495 1393 630 1429 nostris
660 1392 834 1428 militibus
863 1401 979 1437 neque
1011 1391 1187 1428 bellorum

98 1439 251 1476 ducibus
274 1438 330 1475 vel
352 1442 477 1475 nostro
500 1438 658 1484 ingenio,
684 1438 748 1473 sed
770 1447 910 1473 omnem
934 1447 1034 1489 spem
1058 1437 1106 1473 ad
1129 1447 1187 1473 so·

97 1485 169 1521 lam
192 1483 388 1521 refermus
413 1494 572 1520 summae
593 1483 855 1530 providentiam
876 1482 1066 1519 trimtatis:
1092 1482 1187 1518 unde

98 1534 135 1567 et
175 1529 299 1566 mundi
335 1529 448 1566 totius
488 1529 663 1565 elementa
699 1532 954 1575 processerunt
991 1532 1028 1564 et
1063 1539 1187 1564 eorum

102 1579 116 1611 l
166 1575 351 1622 dispositio
375 1575 414 1610 in
438 1575 560 1611 orbem
584 1579 761 1611 terrarum
785 1573 964 1620 producta
986 1577 1053 1610 est.
1099 1574 1188 1610 Cum

96 1620 219 1675 itaque
253 1620 342 1656 nihil
376 1624 450 1656 tam
485 1620 685 1657 studiosum
723 1620 761 1655 in
793 1619 959 1655 omnibus
992 1619 1102 1655 rebus
1133 1619 1187 1654 in-

97 1670 239 1703 1001101
267 1677 373 1712 quam
401 1666 519 1712 legum
550 1666 765 1709 auctoritas,
796 1675 889 1711 quae
919 1668 957 1701 et
985 1665 1123 1700 divinas
1152 1668 1189 1700 et

97 1712 273 1748 humanas
307 1722 366 1748 res
397 1712 488 1749 bene
519 1711 678 1758 disponit
713 1714 751 1747 et
788 1721 928 1746 omnem
964 1710 1190 1756 iniquitatem

98 1757 261 1812 expellit,
292 1757 515 1804 repperimus
545 1761 666 1793 autem
695 1767 835 1794 omnem
857 1756 974 1801 legum
997 1756 1189 1798 tramitem,

99 1814 161 1849 1101
191 1803 236 1839 ab
268 1803 357 1839 urbe
380 1803 521 1839 Roma³
550 1802 695 1839 condita
725 1806 762 1838 et
790 1801 975 1838 Romuleis
1006 1801 1191 1838 descendit

99 1853 170 1884 tem
199 1848 336 1893 oribus,
370 1849 422 1884 ita
450 1859 530 1885 esse
563 1848 770 1892 confusum,
802 1847 902 1883 utin
925 1847 1104 1883 infinitum
1127 1857 1188 1883 ex-

100 1860 270 1930 tendatur
294 1898 330 1930 et
352 1894 485 1930 nullius
508 1894 687 1929 humanae
709 1897 860 1928 naturae
881 1892 1083 1938 capacitate
1103 1903 1188 1929 con-

100 1939 282 1975 cludatur:
306 1939 460 1985 primum
480 1940 584 1975 nobis
603 1939 673 1974 fuit
691 1938 849 1974 studium
869 1939 914 1973 a⁴
938 1938 1190 1974 sacratissimis

99 1988 197 2021 retro
228 1985 343 2030 princi
368 1985 450 2020 ibus
479 1984 620 2020 initium
643 1994 784 2020 sumere
807 1987 844 2019 et
866 1994 991 2019 eorum
1015 1984 1188 2019 constitu-

99 2030 215 2066 tiones
240 2040 341 2066 emen
367 2040 429 2066 are
452 2034 489 2066 et
511 2030 590 2066 viae
614 2029 793 2065 dilucidae
817 2029 980 2073 tradere,
1012 2032 1189 2074 quatenus

100 2076 137 2111 in
168 2086 278 2111 unum
310 2075 468 2111 codicem
500 2079 736 2121 congregatae
772 2078 809 2110 et
840 2074 937 2110 omni
966 2085 1191 2120 supervacua

101 2120 329 2157 similitudine
346 2125 385 2168 et
401 2121 624 2166 iniquissima
643 2121 823 2156 discordia
841 2120 1029 2156 absolutae
1049 2120 1188 2156 univer-

101 2166 151 2203 sis
173 2165 376 2202 hominibus
400 2170 605 2211 promptum
628 2176 716 2201 suae
748 2165 963 2202 sinceritatis
993 2166 1191 2211 praebeant

101 2215 121 2247 2
169 2211 397 2257 praesidium.
421 2211 573 2257 Hocque
590 2222 699 2257 opere
718 2214 963 2247 consummato
983 2213 1044 2246 et⁵
1061 2211 1098 2246 in
1117 2222 1189 2246 uno

101 2257 277 2293 volumine
300 2261 425 2293 nostro
443 2257 585 2292 nomine
604 2257 851 2303 praefulgente
869 2257 1083 2300 coadunato,
1109 2267 1189 2292 cum

101 2312 147 2338 ex
176 2302 301 2348 paucis
331 2306 367 2338 et
398 2302 620 2338 tenuioribus
657 2302 829 2338 relevati⁶
864 2301 910 2337 ad
945 2312 1119 2338 summam
1155 2306 1192 2337 et

100 2347 343 2393 plenissimam
374 2348 463 2383 iuris
493 2347 776 2383 emendationem
805 2347 988 2392 pervenire
1017 2358 1082 2393 pro
1112 2358 1189 2383 era-

100 2403 219 2429 remus
247 2397 287 2430 et
315 2403 455 2429 omnem
479 2393 677 2429 Romanam
707 2393 930 2429 sanctionem
959 2397 996 2428 et
1025 2393 1081 2429 col
1096 2394 1191 2437 igere

102 2442 138 2474 et
161 2438 350 2474 emendare
373 2442 410 2474 et
428 2440 504 2474 tot⁷
529 2442 717 2475 auctorum
737 2438 900 2483 dispersa
919 2439 1098 2474 volumina
1118 2449 1189 2473 uno

102 2483 225 2520 codice
247 2484 361 2519 indita
384 2484 590 2527 ostendere,
622 2484 719 2529 quod
748 2485 878 2519 nemo⁸
905 2494 1020 2529 neque
1044 2493 1191 2528 sperare

101 2539 216 2575 neque
240 2533 365 2575 optare
390 2540 498 2566 ausus
518 2533 584 2571 est,
608 2539 666 2565 res
687 2529 828 2573 quidem
845 2529 949 2565 nobis
969 2529 1190 2572 difficillima,

100 2575 208 2611 immo
231 2575 344 2620 magis
367 2574 596 2620 impossibilis
620 2574 815 2610 videbatur.
863 2574 928 2610 sed
956 2574 1120 2610 manibus
1145 2575 1192 2610 ad

102 2620 240 2656 caelum
263 2620 393 2656 erectis
420 2624 457 2656 et
479 2624 626 2656 aeterno
650 2620 783 2655 auxilio
806 2619 973 2656 invocato
999 2630 1077 2655 eam
1101 2632 1189 2666 quo-

102 2676 171 2711 que
194 2676 318 2702 curam
337 2665 469 2702 nostris
489 2666 714 2711 reposuimus
735 2664 862 2700 animis
872 2666 898 2709 ⁹,
923 2665 990 2702 deo
1009 2665 1104 2708 freti,
1130 2666 1192 2711 qui

101 2714 139 2747 et
168 2721 226 2747 res
257 2711 401 2757 penitus
434 2711 644 2756 desperatas
657 2712 686 2732 ¹⁰
718 2710 853 2746 donare
882 2713 920 2746 et
943 2721 1192 2747 consummare

102 2760 123 2793 3
170 2767 258 2792 suae
293 2756 436 2792 virtutis
475 2755 720 2801 magnitudine
757 2758 888 2801 potest.
935 2756 985 2791 Et
1021 2756 1068 2791 ad
1106 2759 1192 2792 tuae

102 2801 319 2838 sinceritatis
350 2801 523 2848 optimum
554 2801 774 2847 respeximus
798 2801 1032 2837 ministerium
1055 2801 1192 2846 tibique

102 2848 218 2893 primo
235 2850 273 2883 et
290 2847 361 2884 hoc
381 2857 472 2892 opus
493 2847 743 2889 commisimus,
763 2846 881 2891 ingeni
898 2846 952 2882 tui
968 2846 1191 2882 documentis

103 2901 147 2928 ex
178 2892 293 2929 nostri
322 2892 455 2928 codicis
487 2892 711 2928 ordinatione
739 2892 918 2937 acceptis,
956 2895 993 2927 et
1023 2891 1191 2928 iussimus

102 2948 191 2984 quos
220 2937 425 2983 probaveris
448 2941 522 2973 tam
546 2948 590 2974 ex
613 2937 878 2973 facundissimis
903 2937 1190 2974 antecessoribus

103 2993 210 3029 quam
239 2993 283 3018 ex
313 2983 398 3019 viris
428 2982 669 3019 disertissimis
698 2982 829 3036 togatis
859 2982 929 3018 fori
952 2982 1192 3028 amplissimae

102 3028 197 3064 sedis
220 3028 267 3064 ad
290 3028 499 3065 sociandum
522 3028 682 3064 laborem
706 3029 844 3074 eligere.
891 3028 949 3063 his
971 3028 1093 3073 itaque
1116 3028 1190 3064 col-

102 3073 205 3110 lectis
237 3077 274 3110 et
303 3073 341 3109 in
371 3077 535 3110 nostrum
565 3074 738 3119 palatium
767 3073 981 3110 introductis
1018 3074 1191 3119 nobisque

103 3122 166 3155 tuo
189 3119 393 3155 testimonio
417 3118 558 3164 placitis
581 3123 694 3155 totam
724 3129 800 3155 rem
828 3118 1031 3154 faciendam
1060 3119 1190 3163 permi-

102 3164 233 3208 simus,
264 3164 316 3200 ita
338 3168 477 3207 tamen,
509 3168 550 3200 ut
572 3165 626 3200 tui
647 3164 905 3210 vigilantissimi
928 3164 1038 3199 animi
1059 3164 1189 3208 guber-

103 3212 126 3244 4
171 3209 317 3246 natione
332 3220 391 3246 res
408 3209 522 3246 omnis
541 3209 752 3247 celebretur.
781 3209 951 3246 Iubemus
965 3209 1076 3255 igitur
1090 3210 1191 3246 vobis

104 3254 180 3290 anti
204 3265 331 3290 uorum
349 3254 588 3300 prudentium,
611 3255 740 3301 quibus
760 3255 1011 3292 auctoritatem
1032 3255 1191 3290 conscri-

104 3299 175 3352 ben
241 3310 302 3335 um
322 3299 743 3346 interpretandarumque
756 3302 783 3323 ¹¹
812 3300 931 3346 legum
959 3299 1191 3336 sacratissimi

104 3344 284 3397 principes
306 3345 569 3391 praebuerunt,
598 3345 710 3383 libros
734 3345 782 3382 ad
803 3346 860 3382 ius
883 3345 1086 3382 Romanum
1108 3356 1189 3391 per-

104 3392 257 3426 tinentes
280 3393 318 3427 et
338 3390 457 3436 legere
479 3393 518 3427 et
540 3390 700 3436 elimare,
724 3395 765 3427 ut
788 3401 833 3428 ex
854 3391 911 3427 his
935 3391 1050 3427 omnis
1064 3391 1091 3412 ¹²
1114 3401 1190 3426 ma-

105 3505 147 3546 (1)
168 3520 215 3533 -
229 3504 309 3539 cod.
321 3505 402 3539 luae.
417 3506 504 3548 1‚1·1,
516 3512 542 3548 1,
560 3506 651 3540 cuius
671 3506 793 3540 codicis
813 3506 914 3540 librae
933 3518 1031 3540 manu
1051 3507 1191 3549 scriptos

106 3549 334 3584 consentientes
349 3550 519 3594 siyn'ficat
540 3551 649 3585 littera
662 3550 698 3584 S.
731 3551 782 3585 hie
801 3552 918 3586 muniti
934 3552 1076 3586 minores·
1095 3563 1191 3594 quos-

107 3594 182 3627 dam
199 3594 278 3630 libri
287 3594 470 3629 Florentiru‘
485 3607 611 3630 errores
630 3597 665 3630 in
685 3596 749 3630 hac
767 3597 991 3631 constitutione
1009 3596 1192 3640 suppressi-

108 3651 176 3672 mus
253 3639 298 3681 (2)
320 3640 369 3673 ric
380 3639 419 3680 S,
436 3641 599 3674 statutum
611 3641 648 3674 F
712 3642 756 3682 (3)
780 3651 872 3675 roma
883 3654 943 3675 om.
956 3641 985 3675 S
1054 3643 1096 3681 (4)
1121 3651 1140 3673 a
1152 3640 1191 3682 S,

110 3695 169 3716 om.
185 3684 219 3716 F
302 3684 344 3724 (5)
370 3686 403 3716 et
414 3684 453 3727 S,
466 3697 526 3718 om.
538 3685 573 3719 F
657 3686 703 3727 (6)
726 3684 886 3719 relevatis.
897 3685 932 3719 F

106 3727 154 3771 (s)
177 3727 264 3761 alius
284 3729 344 3763 ine.
366 3728 394 3762 S
489 3730 537 3773 (⁹)
559 3730 691 3764 animus
709 3731 745 3764 F'
833 3732 901 3777 (10)
922 3732 1109 3775 vesper-atas
1127 3730 1192 3773 F2,

1013 3687 1058 3728 (7)
1080 3687 1152 3718 tota
1166 3686 1201 3719 F
1259 3684 1326 3726 (111)
1350 3685 1518 3728 tamquam
1539 3685 1617 3718 etsi
1635 3686 1664 3718 S

1254 1163 1347 1199 teria
1371 1163 1577 1216 colligatur,
1607 1163 1708 1198 nulla
1731 1161 1943 1205 (secundum
1967 1161 2064 1207 quod
2086 1161 2258 1215 possibile
2281 1166 2350 1206 est)

1255 1220 1372 1255 neque
1395 1208 1626 1245 similitudine
1649 1218 1765 1254 neque
1790 1207 1970 1243 discordia
1995 1207 2184 1250 derehcta,
2215 1207 2280 1244 sed
2304 1218 2350 1243 ex

1255 1255 1311 1291 his
1348 1256 1418 1290 hoc
1456 1254 1575 1299 colligi
1607 1254 1704 1307 quod
1735 1264 1848 1289 unum
1875 1264 1946 1307 pro
1980 1253 2144 1289 omnibus
2179 1253 2350 1289 sufficiat.

1257 1300 1342 1346 quia
1373 1304 1493 1336 autem
1523 1305 1559 1336 et
1582 1299 1643 1336 0111
1665 1299 1777 1335 libros
1803 1298 1850 1334 ad
1873 1309 1930 1334 100
1953 1298 2173 1344 pertinentes
2197 1298 2351 1344 scripse-

1256 1350 1351 1390 runt,
1377 1356 1531 1391 quorum
1554 1345 1755 1391 scripturae
1778 1355 1801 1380 a
1824 1344 1931 1381 nullis
1953 1344 2164 1380 auctoribus
2185 1348 2354 1390 receptae

1257 1402 1323 1428 nec
1343 1392 1498 1427 usitatae
1517 1394 1612 1434 sunt,
1637 1401 1749 1436 neque
1768 1401 1834 1426 nos
1854 1401 1978 1426 eorum
1995 1389 2174 1425 volumina
2192 1392 2353 1426 nostram

1257 1442 1276 1472 5
1325 1437 1524 1482 inquietare
1549 1437 1737 1482 dignamur
1749 1437 1777 1457 ¹³
1801 1434 2035 1471 sanctionem.
2079 1435 2239 1480 Cumque
2263 1436 2353 1471 haec

1257 1483 1408 1518 materia
1442 1493 1582 1519 summa
1615 1482 1771 1517 numinis
1802 1481 2017 1517 liberalitate
2049 1481 2203 1517 collecta
2231 1480 2352 1523 fuerit,

1258 1533 1400 1574 oportet
1435 1539 1515 1563 eam
1555 1527 1797 1573 pulcherrimo
1833 1537 1942 1573 opere
1982 1530 2150 1563 extruere
2182 1530 2218 1562 et
2249 1527 2352 1573 quasi

1257 1574 1443 1620 proprium
1482 1579 1519 1609 et
1557 1573 1824 1610 sanctissimum
1863 1572 2036 1618 templum
2075 1572 2234 1609 iustitiae
2267 1582 2351 1608 con-

1257 1630 1402 1656 secrare
1432 1623 1470 1654 et
1499 1620 1536 1655 in
1568 1619 1679 1655 libros
1712 1619 1970 1664 quinquaginta
2005 1621 2042 1654 et
2079 1621 2197 1654 certos
2230 1618 2353 1654 titulos

1258 1669 1373 1701 totum
1404 1665 1461 1700 ius
1495 1665 1674 1709 digerere,
1706 1668 1781 1699 tam
1813 1663 2007 1699 secundum
2039 1663 2155 1700 nostri
2179 1663 2353 1700 constitu-

1258 1711 1396 1747 tionum
1410 1712 1436 1732 ¹⁴
1470 1711 1605 1747 codicis
1638 1720 1745 1756 quam
1775 1709 1883 1745 edicti
1912 1708 2077 1755 perpetui
2107 1709 2354 1750 imitationem,

1258 1760 1368 1803 prout
1397 1756 1469 1792 hoc
1499 1756 1600 1792 vobis
1631 1755 1852 1791 commodius
1883 1765 1962 1791 esse
1984 1754 2162 1801 patuerit,
2195 1758 2236 1790 ut
2266 1754 2354 1790 nihil

1259 1806 1360 1838 extra
1383 1806 1617 1838 memoratam
1641 1801 1985 1837 consummationem
2009 1800 2125 1846 possit
2149 1810 2227 1836 esse
2251 1800 2352 1836 dere-

1258 1848 1403 1891 lictum,
1435 1848 1499 1883 sed
1530 1847 1586 1883 his
1618 1846 1879 1900 quinquaginta
1908 1846 2010 1882 libris
2041 1850 2157 1881 totum
2180 1845 2237 1882 ius
2261 1845 2354 1881 anti-

1260 1904 1386 1938 quum,
1419 1903 1484 1939 per
1513 1893 1736 1928 millesimum
1768 1896 1804 1927 et
1827 1891 2217 1937 quadringentesimum
2240 1901 2354 1937 paene

1259 1949 1393 1974 annum
1424 1939 1614 1974 confusum
1646 1942 1683 1973 et
1713 1948 1735 1972 a
1760 1937 1863 1973 nobis
1888 1941 2098 1983 purgatum,
2131 1937 2235 1982 quasi
2265 1947 2354 1989 quo-

1261 1984 1343 2019 dam
1373 1994 1476 2020 muro
1507 1983 1680 2019 vallatum
1704 1983 1793 2018 nihil
1816 1986 1919 2018 extra
1943 1993 1982 2019 se
2006 1983 2157 2018 habeat:
2190 1983 2355 2018 omnibus

1261 2030 1470 2066 auctoribus
1493 2029 1581 2064 iuris
1605 2038 1722 2074 aequa
1740 2028 1913 2073 dignitate
1932 2028 2149 2074 pollentibus
2168 2032 2205 2064 et
2223 2027 2354 2065 nemim·

1261 2075 1415 2120 quadam
1444 2075 1695 2120 praerogativa
1725 2073 1921 2117 servanda,
1955 2074 2039 2118 quia
2069 2085 2142 2109 non
2172 2083 2294 2109 omnes
2318 2074 2355 2109 in

1260 2121 1391 2164 omnia,
1417 2121 1481 2156 sed
1505 2121 1594 2156 certi
1643 2130 1682 2155 er
1706 2123 1806 2155 certa
1829 2120 1884 2155 vel
1907 2120 2070 2155 meliores
2088 2119 2142 2155 vel
2159 2119 2355 2154 deteriores

1262 2171 1281 2202 6
1329 2166 1568 2202 inveniuntur.
1637 2165 1681 2201 ed
1705 2175 1820 2210 neque
1845 2175 1889 2200 ex
1912 2165 2141 2200 multitudine
2165 2169 2354 2200 auctorum

1261 2212 1358 2256 quod
1381 2211 1507 2247 melius
1531 2215 1568 2247 et
1591 2211 1741 2256 aequius
1756 2212 1784 2232 ¹⁵
1808 2214 1863 2246 est
1885 2211 2099 2254 10111001010,
2131 2221 2212 2246 cum
2267 2210 2355 2246 ossit

1260 2258 1366 2293 unius
1399 2257 1594 2293 forsitan¹⁰
1625 2261 1661 2292 et
1692 2256 1879 2292 deterioris
1909 2256 2088 2292 sententia
2117 2259 2153 2291 et
2182 2266 2218 2290 m
2257 2259 2313 2291 tos
2328 2256 2355 2277 ¹⁷

1259 2307 1297 2338 et
1319 2303 1472 2338 maiores
1490 2303 1527 2338 in
1545 2302 1666 2347 aliqua
1685 2306 1789 2347 parte
1809 2312 1991 2347 superare.
2030 2306 2065 2337 et
2081 2301 2163 2337 ideo
2183 2311 2238 2343 ea,
2262 2310 2355 2346 quae

1260 2349 1408 2384 antea¹⁸
1443 2347 1482 2383 in
1519 2348 1614 2383 notis
1646 2347 1789 2383 Aemilii
1822 2347 2012 2392 Papiniani
2049 2357 2093 2382 ex
2128 2346 2283 2391 Ulpiano
2318 2349 2356 2382 et

1259 2394 1374 2429 Paulo
1398 2403 1466 2429 nec
1489 2404 1562 2429 11011
1585 2393 1773 2428 Μο1010110
1798 2393 1983 2437 adscripta
2006 2395 2101 2435 su'nt,
2132 2402 2224 2437 quae
2248 2395 2355 2427 antea

1259 2439 1395 2475 nullam
1426 2439 1496 2474 vim
1527 2438 1739 2483 optinebant
1752 2439 1780 2460 ¹⁹
1814 2442 1964 2483 propter
1992 2438 2166 2474 honorem
2197 2436 2353 2482 splendi-

1261 2485 1397 2521 dissimi
1411 2484 1611 2529 Papiniani,
1632 2494 1704 2519 non
1713 2483 1835 2518 statim
1851 2493 2032 2528 respuere,
2058 2482 2133 2525 sed,
2157 2483 2189 2518 si
2206 2482 2292 2528 quid
2311 2492 2354 2518 ex

1260 2530 1315 2566 his
1340 2530 1386 2565 ad
1410 2530 1642 2574 repletionem
1667 2528 1794 2565 summi
1817 2528 1951 2572 ingenii
1973 2528 2164 2573 Papiniani
2190 2528 2354 2564 laborum

1260 2576 1315 2611 vel
1345 2575 1676 2620 interpretationem
1708 2574 1950 2609 necessarium
1981 2583 2060 2609 esse
2089 2573 2353 2619 perspexeritis,

1260 2625 1296 2656 et
1326 2621 1397 2656 hoc
1427 2630 1561 2666 ponere
1592 2619 1680 2664 legis
1712 2619 1825 2654 vicem
1857 2619 2022 2672 optinens
2052 2629 2125 2655 non
2148 2619 2352 2655 moremini:

1261 2670 1301 2701 ut
1331 2675 1456 2701 omnes
1488 2665 1549 2718 qui
1580 2664 1685 2700 relati
1717 2664 1853 2699 fuerint
1880 2675 1918 2699 in
1948 2665 2046 2700 hunc
2077 2664 2237 2701 codicem
2266 2675 2353 2710 pru-

1260 2710 1458 2747 dentissimi
1480 2711 1547 2746 viri
1570 2710 1729 2745 habeant
1752 2709 2004 2746 auctoritatem
2027 2714 2118 2754 tam,
2151 2709 2254 2762 quasi
2276 2713 2314 2746 et
2323 2710 2355 2731 ²⁰

1260 2767 1385 2792 eorum
1414 2755 1534 2792 studia
1564 2765 1609 2791 ex
1637 2755 1755 2808 princi
1782 2754 1898 2791 0111100
1929 2755 2244 2792 constitutionibus
2267 2766 2352 2800 pro-

1259 2802 1356 2838 fecta
1374 2805 1411 2837 et
1427 2812 1451 2837 a
1470 2804 1594 2837 nostro
1611 2800 1728 2836 d1vino
1765 2801 1932 2836 uerant²¹
1953 2811 2016 2837 ore
2035 2800 2197 2846 profusa.
2234 2800 2354 2836 omnia

1260 2847 1353 2882 enim
1376 2846 1502 2882 merito
1526 2849 1651 2881 nostra
1670 2845 1833 2889 facimus,
1858 2845 1943 2892 quia
1967 2856 2012 2882 ex
2035 2846 2138 2883 nobis
2163 2846 2277 2882 omnis
2302 2846 2353 2882 eis

1259 2892 1483 2937 impertietur
1506 2891 1714 2927 auctoritas.
1762 2901 1845 2927 nam
1875 2891 1937 2937 qui
1967 2902 2040 2928 non
2069 2891 2248 2937 suptiliter
2274 2891 2352 2927 fac-

1260 2941 1335 2973 tum
1359 2936 1541 2979 emendat,
1572 2935 1788 2972 laudabilior
1817 2939 1873 2972 est
1896 2947 1937 2972 00
1961 2937 2023 2982 qui
2045 2937 2182 2984 primus
2205 2936 2350 2974 invenit.

1261 2986 1279 3017 7
1328 2982 1400 3018 Sed
1423 2985 1459 3017 et
1482 2982 1551 3018 hoc
1575 2981 1777 3018 studiosum
1800 2982 1901 3018 vobis
1926 2992 2006 3019 esse
2027 2982 2210 3027 volumus,
2240 2986 2296 3026 ut,
2322 2982 2354 3018 si

1260 3027 1346 3073 quid
1368 3028 1406 3063 in
1429 3027 1609 3063 veteribus
1632 3037 1706 3062 11011
1729 3027 1819 3064 110110
1842 3028 2002 3073 positum
2033 3027 2134 3064 libris
2165 3027 2353 3064 inveniatis

1260 3073 1316 3109 vel
1338 3072 1484 3152 aliquod
1507 3071 1730 3117 superfluum
1753 3073 1809 3109 vel
1831 3073 1948 3110 minus
1973 3073 2195 3119 perfectum,
2226 3083 2351 3119 super-

1260 3129 1375 3154 vacua
1412 3117 1662 3163 011311011111022
1684 3122 1823 3155 semota
1845 3122 1882 3155 et
1905 3119 2002 3165 quod
2025 3117 2273 3164 imperfectum
2296 3121 2352 3154 est

1260 3163 1428 3209 repleatis
1453 3167 1489 3198 et
1512 3173 1616 3199 omne
1639 3173 1731 3209 opus
1753 3164 1976 3210 moderatum
1998 3167 2036 3201 et
2055 3174 2163 3209 quam
2181 3163 2349 3210 pulcher-

1259 3209 1387 3244 rimum
1418 3207 1628 3245 ostendatis.
1674 3208 1745 3245 hoc
1782 3210 1890 3246 etiam
1926 3209 2037 3246 nihilo
2073 3208 2191 3245 minus
2227 3209 2348 3245 obser-

1259 3253 1393 3296 vando,
1425 3256 1483 3296 ut,
1514 3253 1546 3289 si
1578 3253 1714 3300 aliquid
1745 3254 1783 3290 in
1812 3255 1994 3292 veteribus
2022 3254 2161 3300 legibus
2184 3255 2240 3290 vel
2264 3264 2349 3290 con-

1259 3298 1526 3342 stitutionibus,
1561 3309 1651 3344 quas
1682 3300 1820 3346 antiqui
1849 3301 1889 3338 in
1917 3300 1992 3337 suis
2015 3299 2117 3337 libris
2166 3302 2349 3340 osuerunt‚

1259 3355 1332 3381 non
1362 3347 1460 3380 recte
1490 3343 1665 3391 scriptum
1693 3345 1905 3390 inveniatis,
1935 3349 1974 3383 et
1995 3345 2066 3382 hoc
2088 3354 2128 3380 re
2145 3344 2288 3381 ermetis
2314 3347 2350 3378 et

1258 3389 1375 3426 ordini
1411 3389 1595 3426 moderato
1631 3390 1844 3428 tradatis²⁸z
1889 3394 1931 3428 ut
1965 3391 2035 3427 hoc
2071 3389 2236 3427 videatur
2270 3398 2349 3425 esse

1260 3504 1407 3581 ι1011110100
1419 3503 1468 3537 Γ*
1557 3505 1620 3557 (11)
1639 3504 2032 3548 interpretendarumque
2044 3505 2081 3538 F
2125 3549 2132 3557 ⁸
2158 3504 2217 3556 (13)
2242 3504 2350 3537 omni-

1259 3559 1322 3636 (¹13
1341 3548 1482 3637 §aquius
1500 3548 1764 3629 gagnglffiagus
1784 3550 1892 3638 F(ic)
1915 3550 2018 3628 111(ιὲ20
2028 3550 2301 3636 ῗὲξίιέἑὲὴὲῗῗὲ
2322 3550 2358 3628 Ξ

1260 3639 1320 3681 (17)
1343 3638 1466 3673 multas
1482 3639 1517 3673 F
1626 3641 1688 3682 (10)
1711 3642 1810 3674 antea
1830 3641 1893 3674 dol.
2008 3640 2072 3682 (111)
2094 3638 2219 3690 partim
2240 3640 2299 3690 igar.
2319 3640 2350 3673 S

1753 3686 1814 3728 (21)
1837 3685 1965 3719 fuerint
1981 3684 2012 3717 S
2101 3685 2166 3727 (22)
2189 3683 2347 3718 0111111110-

1260 3728 1339 3765 dine
1350 3729 1380 3765 S
1468 3731 1533 3775 (23)
1556 3730 1689 3764 traditis
1701 3731 1737 3763 F
