2528 3918
189 93 321 137 XXi

1255 85 1339 134 260

2065 103 2127 134 Da·
2155 103 2424 138 mononmus

1048 490 1226 540 LIBER
1254 490 1584 542 VIGESIMUS.

701 619 754 660 1¹.

188 689 248 722 DE
273 686 546 721 PIGNORIBUS
567 687 627 719 ET
647 685 939 720 HYPOTHECIS
959 686 1019 718 ET
1039 685 1272 722 QUALITER

227 735 288 767 EA
313 732 681 766 CONTRAHANTUR
705 732 765 765 ET
790 732 850 764 DE
875 731 1031 764 PACTIS
1055 731 1225 764 EORUM.

286 799 528 836 mmmmm
548 799 640 836 libro
664 798 851 834 undecimo
875 808 1130 845 responsorum
1178 797 1271 833 Con·

186 845 301 882 ventio
320 844 497 891 generalis
516 844 553 879 in
572 844 719 890 pignore
738 843 856 879 dando
878 843 1054 878 bonorum
1073 842 1128 878 vel
1173 846 1274 878 ostea

186 890 427 937 quaesitorum
449 894 595 936 recepta
626 893 697 925 est:
729 889 767 923 in
798 888 952 934 speciem
984 891 1104 923 autem
1135 898 1157 923 a
1171 888 1274 923 ienae

186 937 235 972 rei
259 936 390 972 collata
414 935 688 976 conventione²‚
724 934 755 969 si
785 944 858 969 non
889 932 959 968 fuit
991 933 1023 968 ei
1054 933 1115 978 qui
1145 933 1182 978 pi
1230 942 1273 968 us

186 982 296 1017 dabat
318 980 457 1023 debita,
489 984 617 1026 postea
641 979 792 1015 debitori
816 978 969 1014 dominio
994 978 1155 1024 quaesito
1203 977 1272 1012 iffi-

186 1027 286 1062 cilius
307 1025 484 1067 creditori,
534 1025 570 1060 ui
589 1035 660 1060 non
680 1024 853 1070 ignoravit
872 1024 1037 1067 alienum,
1061 1023 1159 1059 utilis
1179 1023 1272 1058 actio

188 1075 203 1107 1
253 1071 406 1113 dabitur,
427 1070 490 1106 sed
526 1070 650 1106 acilior
670 1070 736 1105 erit
756 1068 952 1115 possidenti
963 1069 1126 1105 retentio.
1164 1068 1272 1104 Servo

186 1117 325 1163 pignori
356 1116 440 1151 dato
472 1115 651 1161 peculium
675 1115 750 1150 eius
776 1114 932 1150 creditor
955 1114 1045 1149 citra
1069 1114 1272 1150 conventio-

185 1173 264 1198 nem
287 1161 488 1207 specialiter
510 1171 620 1206 super
642 1170 683 1195 eo
710 1163 919 1204 conceptam
939 1158 1076 1195 frustra
1096 1159 1272 1201 distrahit,

186 1217 253 1243 nec
277 1207 440 1249 interest,
466 1205 607 1251 quando
633 1215 754 1241 servus
779 1205 920 1240 domino
945 1204 1123 1250 peculium
1147 1204 1272 1249 adqui-

185 1255 206 1288 2
253 1252 372 1288 sierat.
421 1250 509 1286 Cum
532 1250 717 1296 praedium
746 1249 885 1295 pignori
916 1250 1079 1293 daretur,
1110 1250 1272 1285 nomina-

185 1297 258 1340 tim,
282 1300 324 1332 ut
345 1296 484 1332 fructus
509 1307 578 1342 quo
605 1306 651 1331 ue
673 1295 811 1341 pignori
835 1298 972 1338 essent,
999 1295 1174 1330 convenit.
1212 1305 1273 1330 eos

185 1346 415 1387 consumptos
451 1342 545 1376 bona
606 1340 650 1376 de
684 1344 823 1385 emptor
854 1340 933 1375 utili
964 1339 1136 1375 Serviana
1170 1339 1272 1375 resti-

184 1392 285 1423 tuere
309 1397 381 1423 non
406 1390 568 1432 cogetur:
593 1386 750 1431 pignoris
775 1386 903 1420 etenim
929 1395 1074 1420 causam
1097 1395 1164 1421 nec
1188 1396 1272 1420 usu-

185 1433 334 1478 capione
368 1432 502 1484 peremi
535 1431 690 1476 placuit,
723 1430 891 1476 quoniam
922 1430 1083 1476 quaestio
1115 1430 1273 1476 pignoris

185 1479 229 1513 ab
262 1478 456 1513 intentione
488 1476 631 1512 dominii
663 1479 867 1522 separatur:
901 1475 998 1521 quod
1028 1476 1067 1511 in
1096 1475 1273 1512 fructibus

185 1526 204 1559 3
252 1522 419 1559 dissimile
435 1525 499 1564 est,
514 1522 574 1567 qui
585 1531 778 1567 numquam
791 1521 961 1557 debitoris
973 1521 1128 1557 fuerunt.
1161 1521 1272 1557 Paeto

184 1568 338 1614 placuit,
362 1572 404 1602 ut
426 1567 472 1602 ad
496 1567 588 1602 diem
610 1567 729 1602 usuris
753 1577 826 1602 non
849 1566 974 1603 solutis
998 1566 1137 1603 fructus
1160 1567 1272 1612 hypo-

183 1615 368 1649 thecarum
398 1612 517 1648 usuris
549 1617 866 1658 compensarentur
895 1612 958 1647 fini
988 1612 1022 1647 le
1046 1612 1164 1647 ‘timae
1187 1622 1273 1647 usu-

183 1669 255 1694 rae.
301 1658 460 1704 quamvis
493 1657 637 1693 exordio
670 1657 824 1693 minores
855 1657 892 1692 111
925 1657 994 1702 stip
1034 1661 1133 1693 atum
1167 1667 1272 1693 vene-

183 1705 297 1747 rint³,
330 1714 403 1739 non
427 1713 504 1739 esse
527 1706 647 1738 tamen
672 1702 808 1738 irritam
833 1703 1102 1739 conventionem
1124 1702 1271 1748 placuit,

184 1761 264 1785 cum
297 1749 343 1784 ad
375 1749 468 1784 diem
498 1748 633 1783 minore
664 1747 809 1783 faenore
840 1758 913 1783 non
944 1748 1061 1784 soluto
1097 1747 1273 1793 legitimae

183 1795 335 1830 maiores
369 1804 499 1829 usurae
530 1793 716 1839 stipulanti
746 1796 843 1828 recte
875 1793 1036 1839 promitti
1065 1796 1270 1839 potuerunt.

184 1844 204 1875 4
251 1839 340 1875 Cum
374 1839 559 1884 praedium
594 1849 687 1874 uxor
721 1838 796 1874 viro
829 1838 1010 1874 donasset·
1026 1838 1134 1884 idque
1168 1848 1271 1884 prae-

185 1885 279 1921 dium
302 1885 355 1920 vir
378 1884 517 1930 pignori
541 1883 704 1925 dedisset,
729 1887 812 1929 post
836 1883 1024 1919 divortium
1043 1884 1169 1919 mulier
1215 1894 1272 1919 os-

184 1930 377 1966 sessionem
401 1928 537 1975 praedii
569 1929 624 1964 sui
654 1929 726 1963 reci
754 1929 865 1964 eravit
897 1931 932 1964 et
961 1928 1055 1964 idem
1087 1939 1174 1974 prae
1200 1930 1272 1964 ium

184 1976 229 2011 ob
255 1975 438 2010 debitum⁴
462 1974 528 2010 viri
551 1974 689 2020 pignori
738 1973 821 2009 edit.
858 1973 895 2008 in
919 1983 962 2009 ea
994 1974 1180 2009 dumtaxat
1209 1985 1272 2020 pe-

185 2020 291 2056 cunia
321 2024 418 2055 recte
448 2019 574 2072 pignus
607 2030 630 2054 a
661 2019 807 2054 muliere
839 2022 1063 2055 contractum
1094 2020 1271 2065 apparuit,

184 2075 291 2118 quam
315 2064 443 2101 offerre
465 2075 539 2100 v1ro
565 2064 687 2100 debuit
710 2064 854 2100 meliore
877 2064 1022 2110 praedio
1054 2064 1170 2108 facto,
1203 2065 1272 2100 sci-

184 2111 268 2146 hcet
288 2110 319 2145 si
342 2110 493 2144 maiores
517 2113 679 2154 sumptus
703 2119 810 2154 quam
833 2108 971 2145 fructus
995 2109 1158 2152 fuissent,
1184 2121 1273 2155 quos

183 2155 235 2192 vir
259 2166 303 2191 ex
326 2155 470 2201 praedio
495 2154 673 2200 percepit:
700 2155 828 2189 etenim
848 2154 886 2189 in
907 2165 950 2190 ea
970 2155 1170 2200 quantitate
1189 2166 1272 2200 pro-

185 2202 301 2248 prium
324 2200 449 2280 mlulier
471 2199 651 2245 negotium
673 2199 844 2244 gessisse,
876 2210 949 2235 non
973 2200 1129 2235 alienum
1153 2210 1271 2236 susce-

211 2247 282 2282 isse
306 2246 339 2281 vi
366 2249 455 2281 etur.

186 2258 210 2293 p
230 2289 256 2328 2
282 2290 388 2327 Imm
406 2290 498 2326 libro
523 2290 627 2326 tertio
651 2299 908 2336 responsorum
954 2289 1178 2333 Fideiussor,
1212 2291 1271 2343 qui

185 2337 219 2383 pi
268 2347 332 2372 ora
361 2335 415 2372 vel
447 2335 668 2381 hypothecas
700 2335 857 2380 suscepit
888 2338 996 2381 atque
1027 2335 1079 2371 ita
1102 2345 1273 2381 pecunias

185 2393 224 2418 so
241 2382 307 2424 vit,
341 2381 371 2417 si
394 2381 554 2416 mandati
577 2383 661 2426 agat
682 2380 739 2415 vel
763 2391 844 2416 cum
868 2390 909 2416 eo
935 2384 1079 2426 agatur,
1112 2382 1271 2427 exemplo

185 2427 370 2463 creditoris
399 2426 507 2462 etiam
539 2426 682 2471 culpam
715 2426 894 2461 aestimari
925 2429 1077 2471 oportet.
1116 2429 1273 2462 ceterum

184 2472 333 2514 iudicio,
366 2471 461 2517 quod
485 2470 529 2506 de
553 2471 699 2516 pignore
723 2470 807 2506 dato
832 2471 1061 2517 proponitur,
1094 2472 1274 2508 conveniri

187 2529 257 2554 non
307 2521 410 2554 otest.

231 2561 254 2600 3
302 2572 387 2597 ocu
413 2562 503 2598 libro
527 2562 692 2598 vicesimo
717 2562 965 2607 quaestionum
1013 2560 1051 2596 Si
1082 2571 1123 2597 su
1152 2565 1272 2597 eratus

185 2608 231 2643 sit
261 2607 418 2650 debitor,
454 2607 514 2652 qui
545 2617 619 2642 rem
651 2617 752 2642 suam
784 2605 1007 2650 vindicabat,
1044 2618 1113 2652 quo
1171 2617 1273 2642 suam

185 2663 257 2688 non
291 2653 477 2698 probaret,
513 2662 626 2697 aeque
661 2651 835 2687 servanda
871 2652 937 2687 erit
975 2652 1143 2688 creditori
1178 2653 1271 2688 actio

185 2698 354 2733 Serviana
377 2697 543 2742 probanti
567 2707 623 2733 res
647 2697 685 2732 in
709 2697 810 2733 bonis
835 2707 876 2732 eo
901 2701 1077 2743 tempore,
1103 2708 1171 2750 quo
1196 2699 1271 2743 pig-

186 2753 253 2778 nus
277 2742 566 2784 contrahebatur,
591 2742 685 2778 illius
710 2741 830 2778 fuisse.
869 2742 932 2778 sed
957 2743 1015 2778 et⁵
1039 2743 1069 2777 si
1093 2746 1206 2779 victus
1227 2744 1273 2779 sit

186 2787 325 2823 debitor
348 2787 530 2822 vindicans
554 2787 803 2830 hereditatem,
827 2787 935 2823 iudex
958 2788 1108 2823 actionis
1133 2787 1271 2824 Servia-

186 2843 254 2868 nae
285 2832 444 2878 neglecta
474 2831 519 2868 de
550 2832 745 2869 hereditate
778 2833 874 2868 dicta
909 2833 1084 2869 sententia
1115 2834 1272 2879 pignoris

187 2887 332 2913 causam
364 2877 538 2922 inspicere
571 2878 722 2913 debebit.
760 2879 884 2924 atquin
908 2878 1005 2914 aliud
1028 2878 1065 2914 in
1089 2879 1212 2924 legatis
1238 2883 1273 2914 et

186 2922 410 2958 libertatibus
431 2922 564 2957 dictum
586 2926 649 2965 est,
675 2934 756 2958 cum
776 2923 973 2959 secundum
993 2934 1084 2966 eum,
1109 2924 1170 2969 qui
1187 2924 1271 2970 legi-

187 2967 307 3002 timam
342 2966 572 3002 hereditatem
606 2968 827 3011 vindicabat,
863 2969 1040 3004 sententia
1075 2969 1171 3005 dicta
1206 2973 1270 3005 est.

187 3012 249 3048 sed
273 3011 425 3047 creditor
449 3022 519 3047 non
543 3012 633 3048 bene
656 3013 834 3058 legatariis
859 3024 923 3059 per
946 3015 1064 3049 omnia
1085 3025 1270 3060 compara-

187 3062 264 3100 tur,
296 3067 375 3109 cum
406 3056 522 3101 legata
553 3057 692 3102 quidem
724 3058 826 3094 aliter
855 3059 972 3095 valere
1004 3070 1075 3095 non
1108 3063 1270 3104 possunt,

187 3113 294 3148 quam
325 3112 356 3137 81
387 3105 636 3137 testamentum
669 3108 786 3138 ratum
818 3114 896 3140 esse
927 3108 1127 3140 constaret:
1161 3105 1270 3140 enim-

187 3158 269 3183 vero
293 3146 371 3182 fieri
395 3150 523 3192 potest,
548 3151 588 3181 ut
612 3151 646 3182 et
694 3148 795 3193 ignus
820 3153 916 3185 recte
936 3149 982 3185 sit
998 3153 1185 3195 acceptum
1205 3160 1271 3186 nec

192 3197 202 3227 1
255 3197 374 3228 tamen
408 3191 454 3226 ab
490 3192 557 3226 0011
588 3192 630 3227 118
666 3159 755 3228 gene
786 3194 958 3230 instituta.
1007 3194 1076 3230 Per
1106 3194 1270 3230 iniuriam

187 3238 301 3274 victus
333 3235 430 3290 apud
453 3236 620 3271 iudicium
644 3247 717 3272 rem
742 3249 847 3283 quam
871 3240 1023 3284 petierat
1045 3244 1172 3285 postea
1194 3240 1269 3285 pig-

188 3282 265 3318 nori
288 3281 472 3334 obligavit:
497 3291 567 3317 non
587 3282 667 3326 plus
687 3282 818 3318 habere
838 3284 991 3320 creditor
1010 3288 1139 3337 potest,
1164 3295 1271 3337 quam

187 3328 297 3364 babet
319 3338 379 3373 qui
402 3325 530 3379 pignus
554 3326 661 3362 dedit.
700 3337 780 3372 ergo
805 3330 1081 3365 summovebitur
1104 3330 1156 3365 rei
1178 3329 1269 3365 ludi-

188 3377 291 3408 catae
322 3376 550 3417 exceptione,
582 3372 722 3407 tametsi
753 3374 903 3410 maxime
934 3374 1066 3410 nullam
1090 3375 1270 3421 propriam

188 3418 249 3463 qui
277 3417 361 3453 vicit
391 3416 567 3452 actionem
598 3426 761 3452 exercere
792 3419 922 3462 possit:
956 3430 1027 3455 non
1059 3420 1153 3455 enim
1184 3420 1270 3466 quid

235 3531 275 3572 (1)
299 3530 380 3563 Sab.
403 3537 510 3564 aas.
528 3537 620 3564 1113.
637 3536 742 3570 15.111;
764 3531 828 3563 Ed.
851 3538 931 3565 ems.
955 3540 997 3566 10.
1020 3540 1061 3566 11.
1084 3540 1125 3566 u.
1148 3539 1270 3572 17...2·1;

194 3574 274 3618 Pap.
289 3582 300 3608 1
316 3581 364 3608 ..3.
378 3581 504 3614 ²8--·³³3
526 3574 610 3617 App.
626 3581 670 3608 31.
683 3582 728 3608 35.
743 3592 788 3598 -
812 3575 893 3609 Bas.
909 3577 962 3616 25,
978 3584 1005 3610 2.
1019 3596 1062 3601 —
1079 3577 1128 3621 Cs.
1146 3576 1223 3611 Cod.
1238 3578 1269 3617 8,

192 3626 231 3652 14.
245 3626 286 3652 17.
302 3626 336 3652 ³⁵
407 3620 450 3660 (2)
464 3618 685 3651 conventione
699 3619 732 3651 F
796 3620 839 3660 (3)
852 3620 1019 3653 venierint
1033 3622 1065 3654 F
1117 3623 1160 3663 (4)
1173 3632 1270 3664 prae-

188 3663 280 3695 dium
295 3662 337 3695 ob
350 3663 437 3696 idem
450 3663 599 3696 debitum
612 3676 675 3697 scr.
783 3665 825 3703 (⁵)
852 3667 885 3696 et
902 3666 950 3698 bis
965 3666 997 3697 F

190 3707 282 3749 prior
293 3720 354 3740 scr.
424 3710 468 3747 (τ)
493 3707 615 3741 habent
626 3720 679 3741 scr
761 3710 803 3747 ‹s)
830 3710 930 3741 εει-0.
946 3711 999 3747 22,
1015 3717 1071 3747 1,1
1141 3712 1185 3751 (o)
1210 3711 1268 3754 hy2

1092 3668 1137 3707 (6)
1163 3667 1204 3698 ab
1218 3668 1269 3707 eo]
1335 3667 1394 3700 t'nn.
1416 3667 1590 3718 Wesrpfial.

1334 3722 1546 3754 possessionis
1563 3724 1626 3744 scr.

1340 616 1399 652 1110
1422 627 1496 653 non
1519 616 1678 660 habuit⁷,
1702 617 1766 653 sed
1789 617 1873 663 quid
1896 617 1933 652 in
1957 628 1999 652 ea
2018 628 2057 653 re
2077 628 2168 663 quae
2187 618 2325 664 pignori
2345 619 2427 656 data

1342 666 1397 698 est
1419 662 1557 698 debitor
1579 662 1757 705 habuerit,
1782 662 2075 698 considerandum
2100 667 2163 698 est.

1387 705 1412 744 4
1441 707 1563 743 Grues
1583 707 1674 743 libro
1697 708 1879 754 sinqulari
1900 707 1945 743 cle
1961 707 2125 754 formula
2144 707 2428 755 hypothecaria⁸

1343 751 1573 788 Contrahitur
1595 753 1797 799 hypotheca
1819 763 1885 798 per
1907 756 2054 798 pactum
2085 756 2315 796 conventum,
2349 765 2428 791 cum

1342 798 1420 850 quis
1445 798 1667 843 paciscatur,
1700 801 1741 833 ut
1763 808 1821 833 res
1845 798 1922 833 eius
1947 802 2093 844 propter
2116 798 2271 844 aliquam
2295 799 2427 845 obliga·

1341 848 1473 878 tionem
1508 843 1580 878 sint
1612 843 1838 889 hypothecae
1870 843 2012 878 nomine
2047 843 2242 895 obligatae:
2279 854 2345 880 nec
2379 844 2425 881 ad

1341 899 1417 924 rem
1439 888 1612 934 pertinet,
1647 888 1776 934 quibus
1799 887 1841 923 fit
1862 888 1999 932 verbis,
2031 889 2137 924 sicuti
2169 892 2224 924 est
2253 892 2288 924 et
2310 889 2348 925 in
2370 890 2426 926 his

2495 305 2512 330 τέ

2501 479 2507 487 1

2492 708 2498 715 1
2505 711 2508 714 .

2500 724 2507 738 1

2490 767 2514 790 5¹„st

2498 895 2510 910 ⁹.

1342 933 1615 978 obligationibus
1646 943 1738 979 quae
1769 943 1947 969 consensu
1978 934 2247 969 contrahuntur.
2284 938 2320 970 et
2348 934 2427 972 ideo

1343 982 1379 1014 et
1413 979 1489 1014 sine
1524 979 1702 1024 scriptura
1732 978 1763 1014 si
1794 978 1958 1014 convenit
1990 982 2032 1013 ut
2061 979 2287 1026 hypotheca⁹
2317 979 2364 1015 sit
2394 984 2427 1016 et
2492 983 2499 1001 ³

1341 1023 1486 1104 grobari
1509 1024 1660 1070 poterit,
1690 1034 1748 1060 res
1772 1024 1929 1068 obligata
1953 1024 2020 1059 erit
2043 1024 2088 1059 de
2111 1033 2182 1069 qua
2205 1025 2426 1062 conveniunt.
2486 1051 2489 1058 1

1368 1073 1434 1104 unt
1457 1070 1551 1105 enim
1574 1069 1618 1105 de
1640 1069 1696 1104 1118
1720 1069 1931 1114 scripturae,
1955 1073 1996 1104 ut
2021 1069 2117 1114 quod
2143 1073 2264 1105 actum
2293 1073 2348 1106 est
2365 1080 2428 1116 per
2494 1096 2503 1118 5

1342 1124 1403 1150 eas
1426 1113 1568 1150 facilius
1591 1114 1737 1160 probari
1760 1114 1947 1166 poterit¹⁰z
1974 1118 2009 1150 et
2029 1115 2105 1150 sine
2123 1114 2179 1150 his
2199 1118 2318 1150 autem
2335 1115 2428 1152 valet

1342 1159 1441 1212 quod
1474 1163 1595 1196 actum
1630 1163 1703 1212 est,
1740 1170 1771 1195 81
1806 1159 1939 1212 habeat
1970 1160 2235 1212 probationem:
2272 1160 2365 1196 sicut
2395 1165 2428 1197 et

1341 1209 1488 1287 nupttraie
1512 1209 1606 1248 sunt,
1631 1205 1715 1241 hcet
1738 1208 1947 1240 testationes
1972 1216 2008 1240 111
2032 1205 2173 1251 scriptis
2194 1205 2338 1241 habitae
2357 1217 2428 1242 11011

1342 1261 1409 1286 sun
1470 1278 1478 1286 .

1388 1294 1412 1332 5
1437 1294 1673 1332 MARGIANUS
1700 1295 1791 1331 libro
1823 1294 2005 1341 sinqulari
2026 1294 2076 1330 ad
2095 1294 2293 1341 formulam
2316 1295 2428 1344 hypo·
2487 1306 2504 1335 -;

1343 1339 1541 1377 tho-cariam
1587 1339 1660 1376 Res
1691 1340 1915 1392 hypothecae
1940 1339 2018 1392 dari
2040 1350 2146 1386 posse
2169 1341 2351 1377 sciendum
2375 1345 2430 1378 est

1342 1396 1407 1432 pro
1432 1396 1657 1438 quacumque
1680 1386 1915 1431 obligatione,
1949 1395 2021 1421 sive
2044 1389 2168 1421 mutua
2191 1386 2342 1432 pecunia
2365 1386 2428 1423 da-

1342 1436 1401 1467 tur
1424 1441 1497 1467 81νο
1521 1431 1596 1474 1108,
1622 1431 1694 1466 sive
1718 1431 1848 1476 emptio
1872 1431 1927 1466 vel
1949 1430 2102 1466 venditio
2124 1432 2356 1468 contrahatur
2374 1433 2429 1469 vel

1343 1477 1448 1513 etiam
1478 1477 1609 1512 locatio
1646 1479 1682 1511 et
1713 1475 1903 1512 conductio
1938 1476 1994 1511 vel
2027 1476 2251 1520 mandatum,
2287 1481 2324 1513 et
2358 1478 2430 1515 sive

1342 1532 1434 1568 pura
1457 1525 1512 1557 est
1535 1522 1701 1567 obligatio
1726 1521 1781 1557 vel
1804 1521 1841 1556 111
1865 1521 1957 1556 diem
1980 1521 2035 1556 vel
2058 1522 2125 1557 sub
2150 1522 2368 1567 condicione,
2393 1527 2428 1559 et

1342 1567 1416 1603 sive
1438 1567 1475 1602 in
1499 1567 1678 1613 praesenti
1703 1569 1892 1602 contractu
1915 1566 1988 1602 sive
2008 1567 2114 1602 etiam
2133 1567 2342 1613 praecedat:
2367 1567 2430 1604 sed
2489 1568 2499 1610 'J

1343 1616 1378 1648 et
1400 1612 1543 1648 futurae
1567 1612 1794 1657 obligationis
1817 1611 1960 1648 nomine
1993 1611 2070 1647 dari
2100 1617 2270 1657 possunt:
2302 1613 2364 1649 sed
2394 1617 2430 1650 et
2486 1632 2497 1650 n

1342 1658 1455 1694 non¹²
1479 1657 1668 1694 solvendae
1692 1657 1806 1693 omnis
1830 1657 2003 1703 pecuniae
2029 1667 2156 1701 causa,
2181 1668 2301 1694 verum
2325 1659 2429 1695 etiam
2492 1682 2498 1696 ¹.

1342 1703 1386 1739 de
1409 1706 1511 1749 parte
1535 1703 1629 1738 eius:
1656 1706 1692 1738 et
1715 1703 1771 1738 vel
1793 1713 1858 1748 pro
1884 1702 1974 1738 civili
1999 1703 2215 1748 obligatione
2237 1704 2293 1740 vel
2315 1704 2426 1741 hono·

1341 1749 1438 1784 raria
1468 1749 1523 1783 vel
1553 1751 1694 1783 tantum
1725 1747 1891 1782 naturali.
1930 1747 1994 1783 sed
2026 1748 2101 1783 et¹³
2123 1748 2160 1783 in
2195 1749 2429 1785 condicionali

1342 1793 1557 1839 obligatione
1580 1803 1653 1828 non
1677 1793 1765 1829 alias
1790 1793 2010 1838 obligantur,
2043 1793 2111 1828 nisi
2136 1794 2296 1830 condicio
2322 1795 2427 1830 exsti·
2490 1793 2491 1796 ’

1345 1842 1359 1874 1
1409 1839 1502 1874 10111.
1550 1839 1649 1874 Inter
1678 1838 1714 1884 pi
1762 1848 1806 1874 us
1831 1842 1950 1874 autem
1973 1841 2009 1874 et
2030 1838 2268 1884 hypothecam
2291 1843 2428 1875 tantum

1341 1887 1361 1920 2
1409 1884 1560 1920 nominis
1585 1894 1693 1920 sonus
1753 1883 1844 1919 ffert.
1891 1883 1988 1918 Dare
2011 1888 2131 1919 autem
2154 1885 2232 1930 quis
2256 1885 2428 1932 hypothe-

1343 1940 1421 1965 cam
1477 1932 1572 1965 otest
1603 1929 1676 1965 sive
1698 1939 1763 1974 pro
1788 1939 1855 1964 sua
1878 1929 2092 1974 obligatione
2116 1929 2189 1966 sive
2211 1941 2277 1976 pro
2302 1931 2427 1967 aliena.

1388 1972 1413 2012 6
1474 1984 1641 2011 Lemnos
1669 1974 1760 2010 libro
1784 1974 2049 2021 septuayesimo
2074 1976 2178 2010 tertio
2203 1975 2252 2011 ad
2274 1975 2428 2012 edictum

1343 2020 1567 2066 Obligatione
1589 2019 1744 2066 generali
1767 2029 1895 2062 rerum,
1920 2029 2009 2064 quas
2033 2019 2111 2065 quis
2135 2020 2262 2056 habuit
2284 2021 2426 2056 habitu·
2478 2054 2481 2055 γ

1341 2076 1446 2101 rusve
1469 2065 1535 2109 sit,
1561 2075 1604 2101 ea
1627 2075 1699 2100 non
1724 2065 2020 2107 continebuntur,
2053 2075 2144 2110 quae
2167 2065 2353 2102 verisimile
2376 2071 2429 2102 est

1343 2121 1553 2156 quemquam
1566 2110 1768 2156 specialiter
1778 2110 2015 2155 obligaturum
2035 2121 2106 2146 non
2125 2110 2246 2147 fuisse.
2283 2116 2324 2147 ut
2341 2115 2428 2158 puta

1342 2156 1521 2202 supellex,
1554 2155 1638 2190 item
1660 2155 1767 2191 vestis
1791 2155 2024 2200 relinquenda
2048 2159 2103 2191 est
2126 2156 2293 2200 debitori,
2327 2161 2363 2193 et
2385 2167 2428 2192 ex

1341 2201 1527 2247 mancipiis
1552 2211 1644 2247 quae
1666 2201 1703 2236 in
1727 2211 1768 2236 eo
1793 2211 1861 2236 usu
1884 2200 2040 2244 habebit,
2065 2204 2106 2236 ut
2129 2205 2266 2238 certum
2285 2202 2331 2237 sit
2349 2212 2428 2238 011111
2482 2195 2494 2223 1

1341 2247 1480 2292 pignori
1510 2246 1676 2281 daturum
1707 2256 1780 2281 non
1810 2245 1933 2281 fuisse.
1969 2246 2119 2291 proinde
2151 2246 2195 2282 de
2226 2247 2427 2284 ministeriis

1342 2293 1417 2328 eius
1448 2301 1620 2344 perquam
1653 2291 1684 2326 ei
1707 2291 1918 2326 necessariis
1942 2291 1996 2326 vel
2020 2301 2112 2336 quae
2135 2291 2183 2327 ad
2206 2291 2427 2329 affectionem
2479 2326 2483 2331 .

1343 2337 1418 2373 01118
1469 2339 1646 2372 0111000111

1389 2380 1412 2419 7
1471 2391 1598 2418 Amos
1618 2381 1708 2417 libro
1726 2381 1953 2428 sexaqesimo
1974 2385 2098 2417 octavo
2119 2381 2169 2417 ad
2187 2382 2340 2418 edictum
2373 2382 2427 2419 vel

1342 2437 1434 2473 quae
1457 2427 1495 2462 in
1518 2437 1622 2462 usum
1636 2427 1662 2447 ¹⁴
1688 2426 1922 2462 cottidianum
1952 2427 2130 2462 habentur
2153 2427 2324 2463 Serviana
2355 2438 2426 2464 11011
2482 2432 2487 2478 J
2527 2411 2528 2421 η

1342 2472 1522 2518 competit.

1388 2515 1412 2556 8
1444 2517 1640 2554 Ulmanus
1668 2516 1758 2553 libro
1782 2527 1820 2552 se
1848 2517 2046 2563 tuaqesimo
2072 2518 2175 2553 tertio
2200 2518 2250 2553 ad
2271 2518 2424 2555 edictum
2477 2509 2486 2542 3

1341 2563 1502 2609 Denique
1534 2562 1771 2598 concubinam
1802 2563 1825 2597 fi
1842 2562 1893 2597 'os
1929 2563 2108 2598 naturales
2144 2563 2306 2599 alumnos
2341 2574 2424 2600 con·
2472 2586 2485 2595 1

1341 2609 1432 2644 stitit
1453 2608 1609 2654 generali
1633 2607 1848 2660 obligatione
1871 2617 1943 2643 11011
1967 2607 2140 2643 contineri
2164 2611 2200 2643 et
2217 2608 2248 2644 si
2267 2619 2338 2654 qua
2357 2609 2426 2645 alia

1341 2658 1426 2690 sunt
1447 2652 1651 2689 huiusmodi
1673 2653 1878 2689 ministeria.

1388 2697 1412 2737 9
1441 2698 1565 2735 Gaws
1592 2698 1683 2735 libro
1716 2709 1811 2734 nono
1843 2697 1893 2733 ad
1914 2696 2067 2733 edictum
2084 2698 2311 2745 provinciale
2338 2698 2425 2752 ‘Sed

2189 2755 2235 2779 uo
2267 2754 2424 2790 pacisce·
2474 2751 2476 2754 ’

1342 2748 1378 2780 01
1424 2744 1496 2780 uod
1519 2744 1567 2780 ad
1590 2753 1650 2779 eas
1673 2753 1750 2786 res,
1782 2753 1870 2789 quas
1902 2752 1944 2779 eo
1977 2746 2133 2789 tempore

1345 2793 1359 2825 1
1401 2756 1516 2825 ί11111111·
1527 2789 1564 2825 10
1576 2788 1680 2824 bonis
1694 2790 1721 2810 ¹⁵
1733 2788 1869 2831 habuit,
1881 2787 1973 2823 idem
1985 2788 2164 2824 observari
2201 2790 2290 2824 ebet.
2323 2789 2424 2834 Quod

1342 2835 1555 2881 emptionem
1578 2834 1885 2870 venditionemoue
1908 2833 2052 2879 recipit,
2085 2833 2190 2869 etiam
2214 2834 2422 2880 pigneratio-

1342 2890 1421 2916 nem
1445 2880 1606 2925 recipere
1628 2883 1757 2925 potest.

1391 2924 1440 2963 10
1472 2925 1667 2961 ULPmlvvs
1686 2923 1776 2960 libro
1797 2935 1834 2959 se
1862 2924 2060 2970 maqesimo
2081 2925 2184 2959 tertio
2205 2925 2255 2960 ad
2271 2924 2423 2961 edictum

1341 2970 1379 3006 Si
1402 2970 1542 3006 debitor
1564 2979 1621 3006 res
1645 2979 1730 3005 suas
1754 2934 1894 3005 1111οἔ110
1918 2968 2022 3004 81111111
2049 2969 2188 3014 pignori
2217 2969 2424 3015 obligaverit

1340 3017 1408 3059 ita,
1433 3015 1511 3050 111111
1534 3015 1675 3060 utrique
1697 3014 1735 3049 in
1758 3014 1909 3050 solidum
1933 3014 2108 3059 obligatae
2131 3018 2265 3058 essent,
2298 3013 2423 3060 singuli

1340 3062 1377 3096 in
1398 3059 1548 3096 solidum
1568 3059 1737 3095 adversus
1759 3063 1946 3095 extraneos
1960 3058 2129 3094 Serviana
2148 3063 2310 3095 utentur:
2331 3060 2423 3095 inter

1339 3107 1437 3152 ipsos
1461 3108 1580 3140 autem
1604 3104 1634 3140 si
1658 3105 1817 3157 quaestio
1841 3107 2042 3147 moveatur,
2066 3103 2278 3150 possidentis
2302 3104 2421 3141 melio-

1339 3162 1414 3187 rem
1437 3159 1515 3186 esse
1539 3149 1801 3185 condicionem:
1834 3149 1978 3186 dabitur
2001 3149 2092 3184 enim
2115 3149 2311 3195 possidenti
2333 3150 2422 3186 haec

1340 3195 1520 3241 exceptioz
1546 3194 1587 3230 ‘si
1611 3205 1682 3230 non
1707 3195 1888 3238 convenit,
1921 3198 1963 3229 ut
1994 3194 2116 3229 eadem
2146 3204 2204 3230 res
2227 3195 2311 3230 mihi
2335 3204 2420 3240 quo-

1340 3251 1409 3287 que
1456 3240 1569 3285 ignori
1592 3240 1710 3275 esset.’
1746 3240 1776 3275 si
1801 3245 1921 3275 autem
1944 3239 1979 3274 id
2003 3243 2122 3274 actum
2146 3239 2271 3282 fuerit,
2294 3243 2335 3274 ut
2357 3249 2420 3285 pro

1339 3286 1433 3332 parti
1459 3295 1500 3320 us
1526 3295 1583 3320 res
1608 3284 1860 3330 obligarentur,
1884 3284 2004 3320 utilem
2028 3284 2204 3320 actionem
2225 3288 2422 3330 competere

1339 3334 1374 3367 et
1396 3331 1488 3366 iuter
1510 3330 1607 3374 ipsos
1631 3334 1668 3364 et
1690 3329 1859 3366 adversus
1883 3333 2082 3372 extraneos,
2107 3339 2170 3375 per
2193 3339 2298 3374 quam
2321 3328 2420 3365 dimi-

1339 3376 1432 3411 diam
1482 3375 1572 3412 artis
1596 3374 1860 3421 possessionem
1876 3375 1904 3397 ¹⁷
1928 3373 2203 3420 adprehendant
2225 3371 2365 3418 singuli.

1388 3419 1432 3457 11
1502 3429 1696 3455 mounes
1715 3418 1807 3455 libro
1825 3419 2007 3466 sinqulari
2025 3418 2075 3454 ad
2089 3418 2285 3465 formulam
2308 3417 2419 3466 hypo-

2258 3532 2314 3574 (11)
2340 3530 2419 3563 licet

1339 3532 1500 3576 pothecae
1516 3533 1558 3566 D.
1575 3532 1594 3565 l.
1607 3544 1688 3576 yem.
1783 3533 1842 3573 (ιο)
1869 3530 1973 3573 possit
1986 3532 2029 3564 D.
2045 3531 2064 3563 l.
2077 3544 2157 3575 yem.

2230 3577 2288 3617 (12)
2313 3574 2418 3608 solum

1339 3578 1474 3610 testatio
1487 3577 1559 3610 sine
1571 3577 1709 3619 scriptis
1721 3575 1838 3608 habita
1851 3579 1901 3608 est
1912 3576 1956 3609 D.
1973 3577 1992 3610 l.
2005 3589 2084 3620 qem.

1589 3623 1646 3662 113)
1671 3623 1704 3654 01
1717 3622 1777 3654 del.
1794 3621 1874 3653 Hal.

1694 3666 1757 3710 (10)
1781 3668 1820 3700 ut
1841 3679 1899 3701 om.
1921 3667 1954 3700 F

1339 3624 1399 3655 ins.
1415 3623 1495 3655 Hal.

2049 3667 2109 3707 (¹7)
2133 3665 2287 3698 dimidias
2305 3665 2414 3707 parte·

1957 3622 2015 3662 (14)
2040 3621 2149 3663 ipsum
2165 3621 2198 3654 F
2267 3621 2326 3661 (¹5)
2350 3629 2417 3653 non
2454 3657 2459 3660 ⁴
