2528 3918
97 162 157 193 DE
186 155 565 191 EXCUSATIOMBus

96 269 319 314 τουργησίαν,
347 261 366 299 ὁ
390 262 430 298 δὲ
451 262 545 309 μετὰ
567 265 673 297 πέντε
696 261 771 296 ἑνὸς
794 261 958 294 ἐνιαυτοῦ
982 262 1053 302 ἔχει
1084 255 1181 294 ἀλει-

95 314 326 359 τουργησίαν,
353 306 373 342 ὁ
398 306 437 342 δὲ
458 306 549 352 μετὰ
573 303 668 341 ὀκτὼ
692 304 852 347 διετείας,
880 302 899 339 ὁ
925 303 964 339 δὲ
986 304 1076 349 μετὰ
1101 303 1177 339 δώ-

94 356 182 390 δεκα
210 369 232 389 τ
258 356 390 394 ιετείας,
426 351 446 386 ὁ
478 350 518 386 δὲ
547 351 638 396 μετὰ
671 348 798 389 δεκαέξ
828 353 1068 394 τετραετείας,
1094 347 1114 385 ὁ
1139 347 1180 384 δὲ

93 400 183 445 μετὰ
209 411 351 439 εικοσιν,
379 395 426 432 ὦς
449 401 681 442 προείπομεν,
710 394 881 437 διηνεκῶς
894 391 1176 438 ἀπολυθήσεται.

93 451 114 480 4
159 443 192 479 Ὁ
216 442 255 478 δὲ
285 446 324 477 ἐν
347 446 421 477 τοῖς
444 440 704 487 νυκτοφύλαξιν
722 444 797 475 τοῖς
820 442 859 473 ἐν
885 438 988 487 Ρώμῃ
1015 453 1179 486 στρατευ-

93 495 112 525 5
161 489 311 533 σάμενος
343 487 508 521 ἐνιαυτοῦ
537 485 652 531 μόνου
684 488 755 527 ἔχει
795 483 934 536 ᾄφεσιν.
984 477 1093 519 Oinoa
1117 482 1178 519 δὲ’

93 532 228 576 δηλαδὴ
251 532 315 566 ἐὰν
338 535 488 576 ἐντίμως
513 527 760 570 ἀπολυθῶσιν,
787 526 910 575 ὡσπερ
951 533 1176 574 προείρηται,

93 581 113 619 ἢ
145 577 204 613 διὰ
239 577 351 612 νόσον
393 575 612 631 καλουμένην
636 578 837 630 καυσαρίαν
863 572 993 620 ἄφεσιν
1016 573 1181 619 λάβωσιν

93 626 205 663 (ἔστιν
233 622 301 669 γὰρ
333 624 393 655 καὶ
426 617 514 664 αὕτη
546 623 719 676 ἔντιμοςΓ
754 633 773 654 ο
804 619 872 667 γὰρ
906 614 1033 663 ἀτίμου
1064 618 1180 661 τυχῶν

92 674 113 704 6
161 663 320 714 ἆφέσεως
355 662 420 700 οὐκ
454 668 524 722 ἔχει
560 662 774 700 ἄναπαυσιν.
834 664 1104 708 Συνβετερανὸς
1140 662 1180 698 δὲ

91 714 184 748 εἶναι
214 710 420 748 πιστεύεται
453 725 494 745 ου
524 710 640 755 μόνον
671 708 691 744 ὁ
723 708 978 757 λεγεωνάριος,
1006 705 1095 744 ἄλλα
1119 712 1180 743 καὶ

89 760 158 794 πᾶς
181 755 316 793 παντὸς
338 758 402 791 τοῦ
427 753 583 791 ὁπουοῦν
608 757 925 800 στρατευσαμένου,
954 757 1127 799 ἐπιτίμως
1141 752 1180 788 δὲ

91 805 150 836 καὶ
174 798 282 837 αὐτοῦ
306 797 568 836 ἀπολυθέντος·
594 803 656 834 καὶ
679 800 747 846 γὰρ
772 798 1031 846 λεγεωνάριος2
1053 800 1118 833 τοῦ
1141 801 1181 833 ἐν

90 851 163 884 τοῖς
185 845 448 893 νυκτοφύλαξιν
481 847 788 891 στρατευσαμένου
814 843 961 879 παίδων
984 847 1180 889 ἐπίτροπος

92 897 108 927 ῖ
155 896 303 940 γίνεται.
349 889 437 934 Ἠδη
463 890 503 926 δὲ
526 894 586 925 καὶ
611 889 836 936 στρατιώτου
858 885 1031 944 ἀφήλικος
1044 887 1179 936 κουρά-

91 951 165 985 τωρ
199 935 401 979 δοθήσεται
433 934 453 970 ὁ
485 935 599 971 πάλαι
631 949 672 971 υτ
698 934 870 977 ατιώτης,
910 932 1047 978 δηλαδὴ
1071 934 1136 968 ἐὰν
1159 930 1179 968 ὁ

89 982 207 1036 πατὴρ
234 979 342 1016 αὐτοῦ
367 977 562 1028 ἀποθάνῃ·
587 981 653 1015 ἐὰν
700 981 741 1014 ἑ3
765 982 826 1013 καὶ
850 972 955 1014 οὗτοι
979 975 1051 1014 ἀπὸ
1062 978 1180 1026 χειρὸς

87 1032 109 1064 8
157 1026 412 1067 απολυθῶσιν,
449 1025 590 1071 ὁμοίως.
650 1028 721 1059 Καὶ
752 1024 893 1060 τούτοις
926 1021 1063 1059 ἅπασιν
1095 1022 1178 1058 δια-

89 1076 109 1109 9
156 1071 273 1112 τάξεις
311 1073 564 1117 μαρτυροῦσιν.
628 1069 768 1116 Γράφει
799 1068 839 1104 δὲ
870 1072 930 1103 καὶ
957 1065 1179 1105 Οὐλπιανὸς*

87 1114 209 1153 οὕτως.
259 1116 329 1152 Sed
360 1117 552 1161 ignominia
582 1117 680 1152 missi
713 1116 759 1151 ab
796 1115 929 1150 urbicis
953 1115 1060 1159 plane
1083 1119 1178 1150 tute-

88 1163 132 1199 lis
157 1163 437 1205 excusabuntur,
495 1162 554 1197 uia
577 1161 714 1207 ingredi
739 1161 788 1196 eis
813 1161 938 1196 urbem
961 1171 1034 1195 non
1057 1160 1143 1195 licet
1153 1161 1177 1195 ⁵.

87 1208 194 1254 plane
217 1208 248 1243 si
271 1208 349 1252 quis
372 1207 410 1242 in
434 1218 475 1242 co
503 1207 639 1242 ortibus
664 1206 810 1242 urbanis
834 1205 1071 1251 permutavit,
1096 1206 1181 1240 licet

86 1257 172 1289 ante
195 1253 317 1298 viginti
348 1263 462 1288 annos
495 1253 664 1295 mittitur,
689 1256 810 1286 tamen
833 1255 1044 1296 perpetuam
1068 1251 1180 1286 habet

92 1302 132 1334 10
179 1309 202 1334 a
232 1298 352 1333 tutelis
386 1298 663 1333 excusationem.
727 1293 917 1339 Ἐζητήθη
951 1294 991 1329 δὲ
1021 1294 1180 1340 πότερον

86 1347 175 1388 μίαν
216 1346 277 1376 καὶ
320 1338 419 1382 ἅπαξ
461 1341 662 1388 ἐπιτροπὴν
697 1337 958 1384 ἀναδέχονται6
995 1339 1033 1375 οἱ
1065 1339 1180 1376 πάλαι

86 1389 317 1434 στρατιῶται,
352 1386 373 1430 ἢ
404 1389 457 1422 ἑνὶ
488 1389 605 1435 καιρῷ
638 1382 679 1422 οὗ
702 1386 813 1421 πλέον
834 1388 899 1420 τοῦ
923 1382 1030 1426 ἅπαξ,
1056 1398 1176 1421 παυο-

87 1437 194 1488 μένης
218 1432 257 1467 δὲ
278 1434 340 1475 τῆς
363 1432 509 1479 πρώτης
532 1433 729 1479 ἐπιτροπῆς
751 1430 886 1467 πάλινΊ
912 1427 1175 1477 ἆναλήψονται.

86 1475 151 1514 ἀλλ
195 1475 317 1523 ὥσπερ
342 1481 402 1512 ἐπὶ
424 1479 501 1512 τῶν
524 1476 685 1512 ἰδιωτῶν
709 1476 749 1511 αἱ
769 1475 1000 1521 παυοάμεναι
1023 1472 1065 1510 οὗ
1084 1480 1178 1521 βοη-

87 1523 268 1567 θήσουσιν
289 1527 363 1558 τοῖς
387 1521 553 1566 ἐσχηκόσι
576 1519 659 1557 οὐδὲ
684 1523 731 1558 εἰς
753 1521 815 1557 τὰς
834 1526 929 1568 τρεῖς
940 1522 1175 1576 ψηφίζονται,

85 1565 201 1604 οὕτως
224 1571 285 1602 καὶ
308 1571 367 1603 ἐπὶ
389 1570 466 1602 τῶν
487 1567 602 1602 πάλαι
627 1568 863 1613 στρατιωτῶν
892 1562 955 1601 οὐκ
979 1565 1113 1613 ωφελεῖ
1136 1567 1178 1602 τὸ

86 1614 315 1662 γεγενῆσθαι.
363 1615 469 1647 τοῦτο
496 1612 535 1647 δὲ
559 1616 619 1647 καὶ
643 1615 702 1647 ἐπὶ
725 1614 801 1646 τῶν
821 1613 1071 1659 κουρατοριῶν
1082 1615 1180 1647 ἐστὶν

86 1659 441 1704 νενομοθετημένον,
478 1657 524 1693 ὡς
560 1656 664 1701 δηλοῖ
693 1658 782 1692 θεία
815 1656 979 1698 διάταξις
1008 1656 1178 1703 Σεβὴρου

90 1709 127 1740 11
179 1707 239 1738 καὶ
251 1699 478 1738 Άντωνίνου.
526 1707 597 1738 Καὶ
617 1698 723 1738 οὐδὲν
735 1701 908 1749 διαφέρει,
935 1704 1011 1739 πῶς
1024 1701 1177 1747 δεήσον-

88 1764 148 1784 ται
172 1749 208 1784 οἱ
229 1747 355 1785 παῖδες
377 1750 442 1783 τοῦ
466 1747 756 1795 ουνστρατιιότου
780 1747 979 1795 ἐπιτρόπου
1003 1746 1025 1791 ἢ
1043 1746 1178 1795 κουρά-

84 1809 200 1849 τορος,
227 1793 385 1841 πότερον
409 1789 482 1828 άπὸ
507 1793 623 1840 χειρὸς
647 1789 890 1829 ἀπολυθέντες
913 1792 935 1837 ἢ
958 1795 1023 1828 τοῦ
1042 1792 1179 1839 πατρὸς

90 1843 129 1875 12
178 1838 447 1875 αποθανόντος.
494 1837 776 1885 Πριμιπιλάριοι
807 1842 846 1873 ἐκ
871 1837 1076 1878 διατάξεων
1105 1842 1178 1883 βα-

86 1884 235 1920 σιλικῶν
265 1888 487 1931 παραίτησιν
517 1887 659 1927 ἔχουσιν
689 1885 766 1918 τῶν
788 1883 930 1919 λοιπῶν
952 1885 1175 1929 ἐπιτροπῶν,

87 1928 362 1977 πριμιπιλαρίου
376 1928 415 1964 δὲ
426 1929 516 1964 υἱῶν
527 1928 859 1976 ἐπιτροπεύσουσιν.
906 1928 1179 1976 πριμιπιλάριοι

84 1975 126 2010 δὲ
149 1968 250 2010 οὗτοι
272 1975 484 2031 νομίζονται
508 1974 544 2008 οἱ
567 1973 798 2010 διανύσαντες
809 1974 852 2009 τὸ
865 1973 1094 2020 πριμίπιλον·
1115 1973 1180 2009 ἐὰν

84 2019 126 2056 δὲ
148 2021 197 2065 μὴ
222 2019 391 2056 διανυσας
415 2015 604 2067 ἀποθάνῃ,
631 2019 760 2054 τούτου
783 2021 860 2054 τῶν
882 2018 1030 2054 παίδων
1048 2033 1177 2065 πριμι-

87 2065 250 2112 πιλάριος
275 2061 338 2100 οὐκ
361 2069 443 2100 ἐπιτ
468 2064 612 2100 σπεύσει
622 2066 645 2098 ⁸.

133 2109 157 2148 9
197 2111 393 2148 ULPJANUS
420 2111 449 2146 li
470 2120 516 2145 ro
546 2110 730 2157 sinqulari
760 2110 805 2146 de
836 2110 962 2156 officio
989 2112 1179 2156 praetoris

86 2157 252 2192 tutelaris
299 2156 337 2191 Si
360 2156 525 2191 tribunus
549 2156 586 2190 in
600 2155 807 2191 cohortibus
820 2155 1008 2200 praetoriis
1021 2156 1176 2201 permili-

86 2203 224 2244 taverit,
251 2202 357 2237 etiam
381 2201 597 2246 collegarum
621 2201 775 2236 filiorum
807 2201 921 2235 tutela
945 2201 1178 2236 excusabitur

87 2247 259 2282 beneficio
285 2247 355 2282 divi
379 2246 499 2282 Severi
523 2250 558 2281 et
581 2246 806 2291 imperatoris
830 2246 954 2281 nostri.

78 2360 121 2400 (1)
139 2359 283 2398 firmant
294 2358 330 2390 B
339 2370 351 2389 .·
364 2359 572 2403 ἐπιτροπῶν
584 2360 725 2399 ὲχουσιν
753 2353 957 2392 ἀνάπαυσιν
983 2357 1076 2401 πλὴν
1094 2361 1175 2404 μιᾶς

83 2400 339 2447 συνβετεράνου
353 2405 412 2436 ins.
483 2407 526 2444 (2)
551 2403 626 2436 τῶν
638 2406 697 2437 ins.
712 2405 862 2438 Herclaer
908 2407 949 2446 (3)
975 2417 1014 2437 τε
1026 2406 1062 2437 F
1134 2410 1174 2447 (4)

78 2465 125 2477 ..-.-.
138 2447 209 2481 Vat.
223 2449 297 2480 177·
375 2450 416 2489 (5)
442 2448 609 2490 Ulpianus
631 2450 671 2481 de
692 2449 802 2481 officio
824 2451 989 2491 praetoris
1010 2451 1174 2483 tutelaris.

81 2494 173 2534 [Non
186 2493 329 2525 honesta
341 2494 500 2526 missione
514 2504 582 2526 non
604 2496 821 2536 ex]cusantur
842 2499 875 2527 et
895 2495 945 2528 ita
958 2495 998 2528 de
1013 2496 1174 2538 ig[nomi-

85 2539 177 2571 niose
193 2539 343 2571 dimissis
357 2539 588 2581 imperatores]
603 2565 727 2573 ......
743 2540 813 2573 riae
827 2539 973 2573 Sabinae
994 2542 1173 2584 rescripse-

81 2588 159 2616 runt
174 2608 293 2617 .......
306 2589 559 2617 exauctoratum
575 2596 592 2617 e
603 2610 709 2619 ......
721 2585 772 2616 Ab
788 2585 916 2618 urbi-cis
929 2586 1044 2628 plan[e
1057 2587 1174 2619 tutelis

77 2629 338 2671 excusabuntur,
356 2629 436 2671 quia
449 2629 582 2672 ingredi
596 2630 644 2662 eis
658 2630 773 2663 urbem
787 2641 855 2662 non
868 2631 960 2672 licet]
983 2632 1055 2665 Vat.
1129 2636 1172 2674 (6)

77 2668 316 2712 ἀναδέξονται
328 2675 477 2708 ΗενοΙιεν
501 2678 544 2716 (Ί)
568 2672 689 2717 πάλιν]
705 2672 815 2717 ἄλλην
825 2676 983 2710 Hercher.
1011 2678 1054 2718 (8)
1070 2678 1106 2711 id
1116 2686 1175 2711 est.-

80 2719 240 2752 Veterani
254 2720 313 2761 qui
333 2720 472 2752 honeste
493 2720 636 2753 militiae
651 2724 782 2762 tempus
796 2721 1015 2763 expleverunt
1027 2723 1174 2755 vacatio-

79 2775 155 2797 nem
169 2764 295 2797 habent
306 2775 326 2796 a
343 2765 459 2797 tutelis
481 2766 638 2798 adversus
652 2777 801 2807 paganos
817 2777 948 2799 omnes:
963 2767 1120 2799 adversus
1133 2768 1174 2800 li-

79 2808 174 2842 beros
183 2815 295 2842 autem
307 2821 430 2852 eorum,
442 2811 500 2852 qui
510 2811 546 2842 in
555 2811 669 2843 eadem
682 2811 816 2853 legione
826 2812 927 2843 simul
944 2812 1176 2845 militaverunt

84 2858 350 2887 veteranorumve
370 2856 518 2888 omnium
529 2856 621 2889 intra
634 2867 759 2888 annum
771 2860 849 2898 post
868 2857 1062 2889 missionem
1075 2869 1174 2890 excu-

82 2900 243 2932 sationem
259 2900 393 2939 habent,
424 2904 502 2943 post
522 2912 647 2933 annum
668 2912 736 2933 non
758 2902 912 2944 amplius.
940 2913 1017 2934 nam
1030 2903 1175 2936 militiae

78 2945 284 2977 existimatio
293 2946 477 2987 aequabilis
487 2946 562 2988 plus
571 2946 658 2980 valet
667 2958 766 2988 quam
774 2948 992 2990 privilegium
1002 2952 1174 2983 veterano-

81 3001 163 3030 rum,
178 2990 310 3024 scilicet
328 2991 395 3022 nisi
409 2991 493 3023 alias
514 3002 631 3024 causas
644 2992 769 3024 habent
781 2993 965 3025 excusandi
978 3004 1012 3025 se
1025 3004 1045 3025 a
1057 2993 1173 3034 tutela,

83 3039 119 3067 ut
127 3039 269 3068 aetatem
278 3036 330 3068 vel
340 3036 406 3068 tale
416 3037 507 3077 quid,
522 3037 620 3078 quale
629 3038 730 3069 etiam
740 3039 882 3079 paganis
892 3038 1049 3070 adversus
1061 3050 1174 3071 omnes

82 3081 234 3122 prodesse
247 3081 342 3113 solet.
378 3082 460 3113 haec
481 3081 521 3114 de
541 3082 620 3114 filiis
643 3093 750 3124 neque
771 3094 851 3115 vero
865 3084 904 3115 de
925 3083 1106 3127 nepotibus
1120 3096 1173 3116 ve-

82 3127 290 3160 teranorum:
313 3137 389 3158 nam
409 3130 547 3168 nepotes
561 3131 790 3161 veteranorum
804 3129 919 3161 eodem
931 3128 1005 3161 loco
1018 3140 1088 3161 esse
1103 3141 1172 3162 cre-

85 3171 99 3203 1
127 3170 252 3203 duntur
273 3182 311 3203 ac
327 3172 452 3213 privati
475 3173 607 3214 reliqui.
635 3174 863 3215 Ignominiose
885 3178 997 3206 autem
1011 3185 1031 3206 a
1048 3175 1174 3207 militia

78 3214 211 3248 dimissi
221 3217 359 3257 perinde
369 3216 536 3249 habentur
548 3229 587 3249 ac
601 3218 736 3260 quinon
745 3219 978 3251 militaverunt
987 3220 1102 3261 itaque
1115 3231 1172 3252 ne-

82 3270 146 3301 que
168 3261 237 3303 ipsi
257 3262 474 3304 privilegium
493 3262 618 3295 habent
641 3274 747 3305 neque
766 3263 883 3297 liberis
898 3276 1011 3296 eorum
1022 3266 1173 3298 veterani

78 3305 103 3338 2
128 3308 254 3338 tutores
274 3307 345 3339 dati
366 3311 533 3341 tenentur.
557 3309 731 3340 Interdum
753 3314 862 3341 autem
886 3309 1022 3351 quidam
1036 3322 1102 3342 non
1117 3322 1171 3342 ex-

83 3350 176 3391 plent
189 3351 330 3384 militiae
345 3356 475 3394 tempus
490 3357 522 3385 et
536 3353 643 3385 nihilo
657 3354 767 3386 minus
780 3354 906 3387 habent
918 3355 1170 3388 excusationem

83 3404 103 3426 a
115 3396 228 3428 tutelis
241 3397 396 3429 similiter
410 3408 447 3429 ac
458 3399 516 3440 qui
530 3399 764 3440 expleverunt:
780 3410 855 3431 nam
866 3400 990 3441 viginti
1000 3401 1172 3442 stipendia

84 3450 313 3482 supergressus
334 3443 473 3484 perinde
502 3443 645 3475 habetur
673 3455 711 3475 ac
743 3446 799 3485 qui
821 3444 976 3487 implevit
999 3446 1168 3477 militiam.

85 3486 103 3516 3
130 3485 194 3516 Sed
208 3486 266 3526 qui
279 3487 370 3519 intra
382 3489 470 3519 hunc
486 3499 610 3520 annum
631 3489 751 3521 missus
766 3493 834 3530 est,
858 3501 925 3522 non
939 3491 1039 3522 habet
1052 3502 1170 3532 perpe-

82 3534 175 3563 tuam
194 3541 213 3562 a
234 3532 348 3563 tutelis
361 3534 579 3574 vacationem,
600 3535 657 3566 sed
678 3535 719 3566 ad
740 3540 882 3578 tempus,
897 3538 935 3567 ut
947 3538 1049 3567 etiam
1062 3547 1081 3567 a
1093 3537 1169 3568 reli-

82 3575 159 3614 quis
172 3575 329 3608 civilibus
342 3577 535 3610 muneribus
549 3580 755 3612 vacationem
767 3581 878 3614 habet.
903 3591 981 3612 nam
1003 3581 1063 3622 qui
1080 3583 1170 3613 intra

84 3619 351 3661 quinquennium
371 3633 390 3653 a
411 3623 535 3654 militia
555 3624 676 3656 missus
690 3629 740 3656 est
752 3626 879 3658 nullam
893 3626 960 3658 sibi
975 3626 1168 3658 immunita-

86 3665 368 3716 tem-vindicabit:
383 3668 441 3708 qui
454 3671 533 3709 post
546 3669 825 3711 quinquennium,
847 3671 1055 3703 vacationem
1069 3671 1169 3704 habet

83 3717 179 3746 anm,
196 3711 252 3751 qui
265 3714 340 3751 post
354 3722 458 3743 annos
471 3717 556 3745 octo.
581 3724 745 3746 annorum
759 3716 910 3756 duorum,
926 3716 982 3758 qui
997 3720 1074 3756 post
1087 3716 1168 3748 duo-

1167 134 1251 180 355

2114 138 2280 179 XXVII
2314 142 2332 180 1

1298 259 1347 297 10
1386 258 1643 295 Μοοεεωινυε
1679 259 1769 293 libro
1814 261 1918 294 certio
1963 262 2240 295 excusationum
2291 256 2339 293 Οὔ

1244 306 1359 350 μόνον
1391 304 1429 339 δὲ
1460 305 1497 339 οἱ
1518 304 1580 339 τὰς
1613 303 1684 339 ἀπὸ
1709 305 1849 351 καλίγος
1874 307 2060 349 στρατείας
2083 306 2144 337 καὶ
2166 303 2229 338 τὰς
2253 301 2333 336 λοι-

1242 351 1310 385 πάς
1321 348 1615 395 πριμιπιλάριοι9
1640 348 1950 394 στρατευσάμενοι,
1978 344 2066 383 ἀλλὰ
2085 351 2146 382 καὶ
2158 347 2196 382 οἱ
2207 348 2333 382 ὁπωσ-

1243 397 1306 429 οῦν
1335 399 1453 441 χρείας
1485 393 1659 437 δημοσίας
1672 396 1700 416 ¹⁰
1733 392 1847 437 δήμου
1870 392 2051 438 Ῥωμαίων
2070 396 2176 427 ἕνεκα
2189 388 2333 434 ἀποδη-

1241 439 1418 485 μήσαντες
1449 440 1613 473 ἐνιαυτοῦ
1643 443 1783 481 ἔχουσιν
1807 435 2011 472 ἀνάπαυσιν
2033 438 2124 483 μετὰ
2147 437 2190 472 τὸ
2214 440 2331 472 ἐπαν-

1247 489 1260 520 1
1312 484 1443 519 ελθεῖν.
1490 481 1524 519 Ὁ
1554 487 1678 529 μέντοι
1708 482 1868 518 ἐνιαυτὸς
1909 476 2010 518 οὗτος
2041 479 2083 518 οὗ
2105 482 2223 527 μόνον
2255 486 2333 517 τοῖς

1242 528 1477 574 πληρώσασιν
1499 529 1565 564 τὸν
1588 528 1729 571 συνήθη
1754 530 1815 569 τῆς
1840 532 2026 573 στρατείας
2049 528 2178 573 καιρὸν
2200 530 2240 562 ἐν
2250 531 2330 562 ταῖς

1243 574 1384 610 λοιπαῖς
1398 574 1586 618 δημοσίαις
1595 578 1729 619 χρείαις
1754 571 1906 613 δίδοται,
1934 569 2021 606 ἀλλὰ
2046 576 2106 606 καὶ
2117 577 2192 607 τοῖς
2208 571 2333 607 ὁπωσ-

1244 621 1307 654 οῦν
1337 623 1579 663 παυσαμένοις
1609 620 1671 662 τῆς
1703 616 1877 662 δημοσίας
1906 621 2024 663 χρείας
2037 621 2096 650 καὶ
2109 616 2335 652 ἐπανελθοῦ-

1244 678 1318 705 σιν,
1354 663 1422 698 κᾶν
1453 663 1629 698 ἐλάττονα
1657 662 1790 711 χρόνον
1814 661 2098 708 διατρίψωσινιι
2122 663 2187 696 τοῦ
2211 660 2336 696 διατε-

1244 713 1263 744 2
1310 713 1496 756 ταγμένου.
1550 708 1605 744 ‘Aa
1634 713 1760 753 μέντοι
1789 722 1817 743 π
1843 706 1972 752 ότερον
2003 708 2097 749 εἶχον
2126 705 2332 752 ἐπιτροπὰς,

1244 753 1306 788 διὰ
1330 753 1370 789 δὲ
1393 756 1500 789 τοῦτο
1527 750 1710 789 άπέθεντο
1736 750 1794 788 ὅτι
1841 756 1993 796 ημοσίου
2011 755 2113 786 ἕνεκα
2124 751 2335 797 πράγματος

1245 795 1464 843 ἀπεδήμουν,
1498 798 1631 834 ταύτας
1663 796 1930 833 ἐπανελθόντες
1960 797 2127 842 παραυτά
2150 796 2336 840 ἐπαναλή-

1243 857 1380 891 ψονται
1404 840 1510 879 οὐδὲν
1533 840 1651 879 αὐτοῖς
1682 844 1911 888 βοηθοῦντος
1941 843 2007 876 τοῦ
2017 843 2198 876 ἐνιαυτοῦ·
2226 839 2245 876 ὁ
2268 841 2337 889 γὰρ

1243 889 1403 925 ἐνιαυτὸς
1413 889 1502 936 πρὸς
1508 888 1573 925 τὰς
1579 887 1773 934 μελλούσας
1782 887 1907 923 καινὰς
1921 885 2072 927 δίδοται,
2085 882 2159 929 οὐχὶ
2178 887 2267 933 πρὸς
2274 886 2338 922 τὰς

1244 939 1264 971 3
1313 931 1579 979 ἀναληφθῆναι
1596 930 1823 978 ὀφειλούσας.
1862 928 2039 967 Ἐνιαυτός
2053 929 2093 965 δὲ
2106 934 2339 986 συνημμένων

1245 979 1387 1034 ἡμερῶν
1403 979 1699 1021 ἐξετασθήσεται,
1726 978 1763 1018 ἐξ
1782 974 1867 1013 ὅτου
1890 991 1944 1013 τις
1960 975 2170 1019 ἐπανῆλθεν
2189 977 2340 1011 ευθεῖαν

1244 1023 1333 1060 οδὸν
1345 1021 1544 1068 εὖθύνωνῆ
1555 1023 1761 1058 διευθύνειν
1767 1037 1808 1070 γε
1817 1018 1981 1079 ὀφείλων,
1999 1018 2073 1064 οὐχὶ
2082 1021 2149 1065 τὴν
2156 1025 2196 1055 ἐκ
2210 1023 2338 1069 περιό-

1244 1074 1266 1106 4
1313 1069 1400 1105 δων.
1449 1073 1520 1104 Καὶ
1544 1069 1580 1104 οἱ
1603 1068 1696 1104 κατὰ
1729 1067 1912 1111 διαθηκας
1945 1066 2113 1102 δοθέντες
2145 1070 2338 1112 ἐπίτροποι

1243 1114 1537 1162 παραιτήσονται
1561 1114 1654 1149 κατὰ
1677 1113 1809 1159 νόμους
1831 1112 1897 1148 τὸν
1913 1111 2099 1158 χειρισμὸν
2109 1113 2187 1146 τῶν
2199 1115 2238 1145 ἐν
2251 1110 2339 1157 α”λλῃ

1244 1164 1397 1207 ἐπαρχίᾳ
1422 1159 1542 1194 ὄντων
1566 1158 1770 1204 κτημάτων,
1799 1156 1847 1194 ῶς
1860 1160 1888 1180 ¹²
1912 1156 2017 1201 δηλοῖ
2035 1155 2056 1200 ἡ
2071 1154 2340 1203 ὑποτεταγμένη

1243 1209 1310 1241 τοῦ
1332 1204 1531 1240 θειοτάτου
1571 1203 1740 1250 Σεβήρου
1773 1202 1951 1243 διάταξις’
1986 1201 2089 1238 ‘Divi
2121 1201 2274 1238 Severus
2307 1204 2343 1237 et

1243 1249 1469 1287 ‘Antoninus
1485 1251 1640 1296 Augusti
1650 1250 1807 1286 Valerio.
1857 1249 2088 1284 Testamento
2112 1251 2211 1282 tutor
2235 1247 2342 1282 datus

1241 1295 1249 1307 ‘
1264 1302 1348 1332 ante
1372 1296 1602 1342 praefinitum
1627 1296 1719 1331 diem
1743 1295 1842 1330 adire
1866 1294 2020 1329 debuisti
2033 1297 2069 1328 et
2080 1293 2277 1338 postulare,
2303 1295 2344 1326 ut

1241 1341 1249 1353 ‘
1263 1343 1309 1377 ab
1335 1342 1643 1378 administratione
1677 1351 1815 1382 rerum,
1853 1350 1945 1384 quae
1977 1339 2015 1373 in
2050 1338 2122 1373 alia
2157 1337 2344 1383 provincia

1244 1391 1264 1422 5
1311 1385 1439 1429 ‘erant‚
1464 1381 1696 1422 liberareris².
1721 1382 1756 1420 ‘0
1770 1383 1989 1431 πριμίπιλον
2001 1382 2171 1418 διανύσας
2183 1382 2249 1417 ἐὰν
2259 1385 2342 1417 ἐπι-

1245 1433 1386 1478 τροπὴν
1410 1431 1603 1475 δεξάμενος
1616 1432 1643 1452 ¹³
1667 1430 1744 1466 ἑνὸς
1766 1428 1916 1465 παιδίου
1939 1427 2051 1464 πάλιν
2075 1429 2122 1464 εἰς
2151 1427 2215 1463 τὰς
2235 1440 2344 1472 στρα-

1243 1477 1413 1512 τιωτικὰς
1434 1481 1554 1523 χρείας
1578 1472 1785 1522 ἄναληφθῇ,
1814 1471 2051 1517 ἀποθήσεται
2072 1471 2140 1516 τὴν
2162 1470 2344 1519 φροντίδα

1244 1527 1264 1559 6
1311 1525 1372 1566 τῆς
1395 1523 1600 1567 ἐπιτροπῆς.
1648 1520 1795 1566 Ὁμοίως
1818 1523 1879 1554 καὶ
1904 1521 1951 1555 εἰς
1974 1518 2041 1554 τὸν
2061 1517 2181 1553 τόπον
2204 1520 2342 1552 ἐκείνου

1242 1570 1307 1603 τοῦ
1330 1566 1538 1616 ἐπιτρόπου,
1567 1565 1609 1601 ὃν
1630 1566 1721 1611 μετὰ
1744 1567 1859 1600 ταῦτα
1884 1561 2137 1612 συγκάθεδρον
2154 1564 2272 1607 ἑαυτῷ
2290 1574 2346 1598 τις

1244 1610 1449 1661 ἀπήγαγεν,
1485 1610 1691 1654 δοθήσεται
1722 1610 1889 1657 κουράτω
1922 1637 1930 1651 ,
1968 1605 2019 1646 ὥς
2043 1620 2157 1655 φησιν
2180 1606 2346 1647 διάταξις

1242 1660 1309 1694 τοῦ
1331 1656 1531 1693 θειοτάτου
1555 1656 1742 1702 Σεβήρου·
1769 1654 1814 1699 ἢν
1837 1653 1880 1702 ὀρ
1916 1656 1964 1691 ὦς
1987 1658 2005 1689 ἐ
2036 1651 2210 1699 αρμόζων
2229 1654 2346 1688 πᾶσιν

1242 1708 1318 1740 τοῖς
1348 1700 1488 1748 ὁμοίοις
1519 1701 1729 1749 κεφαλαίοις
1760 1701 1966 1757 κουράτορα
2021 1698 2177 1734 ι’δοσθαι
2200 1702 2275 1755 ἐρεῖ
2298 1699 2346 1734 εἰς

1242 1748 1309 1784 τὸν
1341 1748 1457 1783 τόπον
1469 1749 1497 1770 ¹⁴
1529 1751 1609 1782 τῶν
1647 1746 1782 1794 χρόνου
1817 1745 2025 1781 ανάπαυσιν
2065 1744 2344 1789 λαμβανοντων.

1245 1799 1263 1830 7
1311 1789 1394 1829 Ἐὰν
1417 1789 1658 1839 ἀπελεύθερος
1683 1791 1781 1838 δοθῇ
1807 1788 1944 1836 ἀφῆλιξ
1966 1789 2037 1826 ὑπὸ
2048 1789 2243 1836 πάτρωνος
2267 1791 2344 1823 ἐπί-

1243 1855 1264 1875 τ
1290 1852 1379 1875 οπος
1409 1843 1485 1874 τοῖς
1518 1842 1657 1875 τέκνοις
1692 1833 1810 1878 αὐτοῦ,
1838 1836 1860 1880 ἢ
1893 1839 1954 1869 καὶ
1978 1839 2099 1881 ἕτερος
2122 1832 2347 1888 οἱοσδῄποτε

1244 1889 1262 1920 ἐ
1284 1884 1407 1920 ἀττων
1428 1885 1507 1918 τῶν
1531 1884 1647 1918 εἴκοσι
1669 1886 1777 1918 πέντε
1800 1882 1987 1922 ἐνιαυτῶν,
2015 1884 2084 1917 ἕως
2113 1882 2181 1925 μὲν
2214 1877 2347 1925 αφῆλιξ

1243 1927 1274 1975 ἦ,
1303 1926 1366 1965 οὗκ
1399 1928 1696 1972 ἐνσχληθήσεται.
1743 1931 1783 1962 ἐν
1805 1925 1971 1970 τοσούτῳ
1998 1924 2038 1960 δὲ
2061 1928 2182 1971 ἕτερος·
2207 1925 2256 1962 εἰς
2279 1922 2346 1958 τό-

1243 1967 1317 2011 πον
1351 1970 1461 2009 αὐτοῦ
1491 1988 1546 2017 χει
1571 1971 1845 2016 οτονηθήσεται
1868 1970 2047 2015 κηδεμών.
2097 1966 2225 2015 ὅμοιός
2247 1972 2346 2003 ἐστιν

1243 2020 1362 2064 τούτῳ
1387 2023 1449 2054 καὶ
1475 2017 1494 2054 ὁ
1518 2031 1672 2064 νομιμος
1695 2021 1901 2064 ἐπίτροπος,
1929 2017 1993 2051 ἐὰν
2006 2012 2224 2067 ἀφῆλιξὶῶν
2241 2013 2347 2061 τύχῃ·

1245 2070 1308 2100 καὶ
1341 2064 1410 2113 γὰρ
1442 2068 1505 2099 καὶ
1538 2066 1587 2102 εἰς
1617 2063 1684 2098 τὸν
1713 2063 1831 2098 τόπον
1853 2063 1984 2097 τούτου
2017 2059 2189 2105 κηδεμων
2220 2062 2261 2094 ἐν
2290 2059 2346 2102 τῷ

1245 2115 1265 2147 8
1313 2115 1401 2147 τέως
1426 2109 1642 2153 δοθήσεται.
1691 2105 1773 2144 Ἐὰν
1794 2122 1850 2146 τις
1875 2104 1991 2144 οὕτως
2014 2105 2163 2161 νοσήσῃ,
2192 2102 2244 2142 ὡς
2269 2102 2348 2156 δεῖν

1245 2152 1355 2192 αὐτὸν
1386 2156 1435 2201 μὴ
1475 2154 1715 2190 παντάπασιν
1746 2149 1937 2200 ἆφεθῆναι
1968 2157 2175 2198 ἐπιτροπης,
2212 2151 2263 2187 εἰς·
2283 2162 2349 2184 τον

1243 2201 1361 2237 τόπον
1402 2198 1513 2236 αὐτοῦ
1553 2199 1744 2245 κουράτωρ
1786 2197 1940 2234 δίδοται.
2004 2198 2134 2243 ῥαίσας
2167 2194 2208 2230 δὲ
2237 2193 2348 2230 πάλιν

1246 2240 1349 2284 σῦτος
1373 2242 1602 2290 ἀναλήψεται
1631 2244 1699 2288 τὴν
1739 2242 1950 2289 ἐπιτροπήν.
2008 2243 2045 2288 εξ,
2072 2240 2112 2276 δὲ
2135 2243 2198 2276 καί
2221 2254 2275 2278 τις
2301 2241 2349 2276 εἰς

1247 2362 1366 2402 decim,
1389 2372 1554 2395 annorum
1576 2362 1690 2402 trium,
1715 2363 1774 2404 qui
1796 2366 1873 2404 post
1887 2363 2042 2404 sedecim,
2058 2373 2224 2394 annorum
2246 2366 2343 2404 quat-

1247 2410 1342 2440 tuor:
1367 2410 1445 2449 post
1456 2407 1582 2449 viginti
1606 2410 1719 2439 autem
1732 2411 1771 2439 ut
1783 2407 1930 2440 diximus
1946 2411 2109 2449 perpetuo
2130 2407 2342 2439 liberabitur.

1245 2454 1265 2485 4
1291 2452 1357 2484 Sed
1370 2453 1429 2494 qui
1450 2453 1540 2484 inter
1552 2452 1683 2494 vigiles,
1697 2453 1755 2494 qui
1768 2453 1892 2485 Romae
1906 2455 1995 2492 sunt,
2010 2452 2244 2495 permifitavit,
2259 2453 2343 2485 anni

1245 2499 1263 2531 5
1291 2500 1423 2529 tantum
1447 2498 1657 2530 vacationem
1680 2498 1790 2530 habet.
1816 2498 1865 2529 Hi
1890 2500 2106 2538 [excusantur
2125 2508 2145 2530 a
2157 2498 2273 2530 tutelis
2287 2509 2343 2530 ex-

1244 2546 1342 2584 cepta
1367 2553 1435 2575 una
1458 2543 1675 2575 conveterani
1699 2545 1773 2584 της]
1799 2543 1940 2582 scilicet,
1966 2543 1996 2574 si
2009 2543 2152 2575 honeste
2166 2543 2342 2575 dimittan-

1243 2590 1308 2628 tur,
1333 2591 1371 2620 ut
1396 2588 1553 2629 diximus,
1578 2588 1629 2620 vel
1654 2592 1792 2630 propter
1803 2587 1955 2620 morbum
1969 2598 2068 2630 quam
2088 2588 2208 2620 dicunt
2227 2598 2343 2621 causa-

1245 2635 1328 2665 riam
1342 2633 1538 2666 missionem
1551 2634 1723 2676 accipiant
1733 2638 1796 2673 (est
1805 2635 1895 2665 enim
1904 2643 1942 2665 ea
1952 2637 1986 2664 et
1995 2633 2069 2675 ipsa
2078 2633 2233 2675 honesta)
2243 2645 2252 2667 z
2263 2644 2342 2667 nam

1245 2680 1264 2713 6
1290 2679 1515 2720 ignominiose
1528 2679 1650 2711 missus
1663 2679 1873 2711 vacationem
1886 2688 1953 2710 non
1963 2678 2074 2711 habet.
2090 2678 2342 2711 Conveteranus

1244 2728 1356 2756 autem
1369 2724 1512 2756 habetur
1524 2734 1592 2756 non
1605 2724 1714 2756 solum
1734 2723 1955 2765 legionarius,
1975 2724 2033 2756 sed
2054 2724 2166 2766 quivis
2180 2724 2341 2765 cuiusvis,

1244 2780 1453 2811 quocumque
1477 2769 1552 2801 loco
1576 2769 1786 2809 militaverit,
1811 2769 1908 2801 modo
1933 2772 1967 2800 et
1979 2769 2052 2810 ipse
2065 2769 2206 2802 honeste
2217 2770 2341 2802 missus

1244 2816 1307 2848 sit:
1330 2825 1407 2846 nam
1421 2814 1628 2857 legionarius
1641 2824 1773 2856 quoque
1787 2814 1869 2855 eius,
1892 2815 1951 2856 qui
1970 2814 2061 2847 inter
2072 2815 2193 2856 vigiles
2206 2815 2340 2855 meruit,

1246 2861 1264 2892 7
1290 2859 1474 2892 liberorum
1491 2863 1583 2891 tutor
1601 2859 1648 2891 fit.
1673 2860 1790 2891 Etiam
1809 2859 1913 2891 militi
1926 2859 2051 2892 minori
2063 2863 2201 2893 curator
2211 2864 2340 2892 vetera-

1245 2916 1307 2937 nus
1329 2904 1475 2945 dabitur,
1497 2905 1629 2936 scilicet
1648 2907 1744 2946 patre
1763 2905 1836 2936 eius
1856 2908 2005 2937 mortuo:
2027 2905 2109 2937 item
2131 2905 2161 2938 si
2175 2906 2340 2938 eiusmodi

1246 2952 1265 2983 8
1289 2950 1415 2982 milites
1437 2950 1704 2992 emancipentur,
1726 2949 1892 2982 similiter.
1918 2950 1965 2982 Et
1985 2950 2025 2982 de
2038 2950 2091 2982 his
2104 2951 2260 2983 omnibus
2273 2954 2339 2983 tes-

1245 2997 1265 3029 9
1290 2998 1407 3027 tantur
1419 2994 1691 3027 constitutiones.
1717 2993 1846 3026 Scribit
1868 2995 1969 3027 etiam
2000 2995 2167 3038 Ulpianus
2188 2997 2246 3029 sic.
2274 2995 2339 3028 Sed

1247 3042 1287 3074 10
1313 3065 1320 3071 .
1335 3064 1342 3071 .
1357 3065 1365 3072 .
1380 3065 1387 3071 .
1402 3040 1662 3072 excusationem.
1704 3039 1903 3076 Quaesitum
1915 3043 1976 3080 est,
1997 3047 2110 3073 utrum
2122 3051 2224 3073 unam
2237 3040 2338 3073 semel

1243 3086 1381 3118 omnino
1391 3085 1530 3117 tutelam
1542 3085 1691 3117 veterani
1701 3085 1890 3127 suscipiant
1898 3096 1941 3117 an
1951 3086 2051 3118 simul
2060 3097 2128 3118 non
2140 3086 2215 3129 plus
2225 3097 2336 3127 unam,

1243 3131 1352 3173 prima
1364 3135 1475 3162 autem
1489 3130 1595 3162 tutela
1606 3131 1702 3162 finita
1716 3141 1831 3163 rursus
1844 3132 1950 3171 [immo
1960 3131 2074 3172 aliam]
2090 3131 2289 3173 suscipiant.
2303 3134 2338 3163 at

1243 3177 1332 3208 sicut
1345 3176 1436 3218 apud
1449 3186 1600 3218 paganos
1613 3175 1728 3208 finitae
1741 3186 1809 3208 non
1824 3176 2011 3218 proderunt
2030 3177 2074 3208 iis
2087 3177 2145 3218 qui
2160 3187 2214 3208 eas
2226 3186 2336 3217 gesse-

1242 3225 1322 3253 runt
1342 3231 1450 3263 neque
1471 3221 1561 3252 inter
1583 3224 1649 3252 tres
1667 3224 1918 3263 computantur,
1932 3222 1981 3254 ita
1994 3222 2093 3254 etiam
2107 3221 2197 3263 apud
2211 3224 2337 3253 vetera-

1242 3277 1302 3298 nos
1316 3277 1384 3298 non
1404 3265 1542 3307 prodest
1554 3266 1657 3298 fuisse
1671 3269 1825 3298 tutorem.
1851 3266 1887 3299 id
1900 3267 2002 3299 etiam
2015 3267 2054 3298 de
2068 3267 2157 3298 curis
2171 3265 2335 3297 constitu-

1242 3317 1312 3343 tum
1326 3315 1387 3352 est,
1401 3314 1439 3342 ut
1456 3311 1606 3343 declarat
1633 3322 1727 3344 sacra
1754 3312 1955 3344 constitutio
1977 3312 2089 3343 Severi
2112 3316 2144 3343 et
2156 3310 2335 3343 Antonini.

1244 3359 1281 3389 11
1310 3357 1425 3398 Neque
1439 3357 1591 3397 interest,
1606 3367 1706 3399 quam
1719 3356 1760 3390 ob
1774 3368 1843 3389 rem
1867 3357 2134 3389 commilitonum
2158 3355 2258 3387 liberi
2282 3355 2335 3387 in-

1241 3402 1380 3443 digeant
1394 3403 1517 3434 tutoris
1527 3402 1744 3442 curatorisve,
1758 3406 1871 3434 utrum
1884 3407 2022 3444 propter
2031 3401 2336 3442 emancipationem

1245 3449 1283 3479 12
1309 3458 1352 3478 an
1366 3451 1460 3488 patre
1473 3451 1616 3479 mortuo.
1643 3448 1876 3490 Primipilares
1899 3459 1937 3479 ex
1951 3447 2056 3478 sacris
2078 3445 2334 3477 constitutioni-

1241 3491 1303 3523 bus
1325 3493 1575 3525 excusationem
1595 3492 1721 3525 habent
1740 3503 1760 3525 a
1781 3493 1896 3525 tutelis
1917 3492 2075 3533 reliquis:
2109 3490 2332 3531 primipilaris

1242 3543 1351 3568 tamen
1372 3537 1451 3570 filiis
1472 3542 1602 3571 tutores
1623 3541 1730 3571 erunt.
1787 3538 2015 3579 primipilares
2036 3539 2147 3567 autem
2168 3535 2335 3567 habentur

1240 3583 1415 3624 primipilo
1429 3583 1618 3624 perfuncti:
1633 3584 1722 3626 quod
1736 3583 1764 3615 si
1774 3584 1849 3624 quis
1859 3587 1937 3614 ante
1947 3592 2046 3623 quam
2063 3591 2101 3613 eo
2111 3581 2334 3623 perfungatur

1240 3628 1412 3666 moriatur,
1431 3628 1533 3660 huius
1550 3629 1666 3661 liberis
1683 3627 1904 3670 primipilaris
1922 3631 2013 3658 tutor
2030 3636 2099 3658 non
2116 3626 2192 3659 erit.
2287 3628 2332 3665 (9)

1238 3670 1511 3718 πριμιπιλάριοι
1524 3675 1585 3707 del.
1636 3677 1694 3716 (10)
1709 3671 1881 3714 δημοσίας
1894 3684 1952 3704 om.
1966 3671 2001 3703 F'
2007 3670 2019 3692 ¹
2066 3673 2121 3711 (11)
2140 3667 2332 3721 διατριψά-

1239 3729 1297 3748 σιν
1320 3717 1370 3750 F'2
1448 3723 1504 3757 (12)
1535 3731 1573 3752 ας
1590 3720 1620 3751 F
1686 3724 1740 3755 (131
1768 3719 1827 3749 καὶ
1842 3718 1899 3749 ins.
1913 3715 1966 3748 F¹
2037 3719 2093 3756 (14)
2106 3727 2257 3748 παντων
2269 3716 2335 3749 im.

1986 3773 2051 3806 45*
