2528 3918
112 129 187 188 'nr
213 156 276 188 nn
304 154 589 190 susenuums

135 274 172 306 10
219 270 388 306 arborum
406 268 597 305 damnum¹
619 266 705 302 mihi
721 267 810 302 dari.
845 267 944 302 Idem
961 268 1022 311 ait,
1048 267 1078 303 si
1097 266 1216 303 damni

128 315 251 352 infecti
274 315 415 352 aedium
434 323 592 351 mearum
609 312 751 348 nomine
770 312 837 348 tibi
855 313 1065 358 promisero,
1089 312 1217 349 deinde

128 362 196 397 hae
226 361 331 397 aedes
360 361 393 396 vi
423 358 644 405 tempestatis
675 358 713 393 in
741 360 806 393 tua
835 357 999 394 aedificia
1022 357 1217 394 ceciderint

128 417 241 451 eaque
272 405 463 447 diruerint,
498 403 586 439 nihil
617 413 661 439 ex
693 412 736 439 ea
765 403 996 448 stipulatione
1026 402 1215 449 praestari,

129 453 214 498 quia
250 452 386 487 nullum
421 449 590 485 damnum
625 448 711 484 vitio
751 458 910 484 mearum
946 448 1087 485 aedium
1125 448 1216 484 tibi2

129 497 317 542 contingit:
349 494 419 531 nisi
448 493 543 530 forte
570 494 622 529 ita
644 493 794 529 vitiosae
816 503 917 530 meae
940 494 1047 530 aedes
1069 493 1215 536 fuerint,

129 547 170 578 ut
197 541 355 588 qualibet
383 539 440 575 vel
467 539 613 575 minima
651 542 864 584 tempestate
903 540 1077 576 ruerint³.
1123 539 1216 575 haec

131 591 168 623 11
218 586 335 623 omnia
369 595 453 621 vera
486 588 582 620 sunt.
642 584 713 620 Sed
746 587 785 620 et
818 584 914 630 quod
947 585 1072 621 Labeo
1108 587 1217 631 putat

128 643 250 669 verum
282 635 356 674 est,
399 630 554 672 referre,
596 633 717 665 utrum
755 629 914 675 impulsu
951 629 1108 666 fluminis
1143 629 1216 665 ruit

127 676 326 713 aedificium
355 686 404 711 an
432 675 590 712 deterius
614 678 698 710 ante
721 674 859 710 factum
882 680 1010 721 postea
1033 674 1214 712 ceciderit.

130 726 169 758 12
215 721 305 757 Item
328 721 527 764 videamus,
561 720 705 766 quando
737 720 907 756 damnum
930 721 1010 757 dari
1033 721 1214 757 videatur:

126 766 309 812 stipulatio
334 767 428 802 enim
450 766 521 802 hoc
544 766 721 808 continet,
752 766 849 811 quod
872 766 956 802 vitio
981 766 1123 803 aedium
1144 765 1214 802 loci

125 812 244 858 operis
276 811 443 847 damnum
474 810 527 846 fit.
575 814 617 846 ut
645 814 735 856 puta
761 811 800 846 in
830 812 936 848 domo
965 822 1046 848 mea
1068 815 1215 858 puteum

124 857 264 903 aperio,
297 867 368 902 quo
391 860 515 902 aperto
540 867 651 892 venae
673 856 798 902 putei⁴
815 857 1006 911 praecisae
1034 860 1136 893 sunt:
1169 867 1217 892 an

123 903 273 938 tenear?
309 902 361 938 ait
384 902 577 938 Trebatius
607 912 682 938 non
710 905 827 938 teneri
849 912 906 939 me
930 902 1051 938 damni
1072 901 1214 938 infecti:

124 958 240 992 neque
262 947 357 984 enim
379 947 576 984 existimari
599 947 718 993 operis
741 948 813 983 mei
833 948 919 984 vitio
950 948 1119 983 damnum
1149 947 1217 983 tibi

123 993 202 1029 dari
223 993 263 1029 in
286 1003 329 1029 ea
351 1003 407 1035 re,
429 994 468 1028 in
492 1002 564 1039 qua
585 992 665 1028 iure
687 1003 767 1029 meo
790 1003 880 1030 usus
903 1004 993 1029 sum.
1041 993 1073 1029 si
1095 996 1216 1028 tamen

123 1043 197 1074 tam
227 1039 299 1074 alte
328 1037 464 1074 fodiam
491 1038 529 1074 in
557 1049 654 1082 meo,
686 1042 727 1074 ut
757 1039 878 1084 paries
906 1042 992 1074 tuus
1023 1042 1120 1075 stare
1142 1049 1217 1075 non

123 1084 248 1130 possit,
273 1084 393 1120 damni
415 1082 540 1120 infecti
562 1083 747 1129 stipulatio
773 1084 1024 1120 committetur.

169 1128 222 1167 25
248 1129 305 1165 ΡΑ
313 1139 407 1165 vsvs
423 1130 514 1166 libro
533 1130 825 1176 septuaqensz'mo
845 1134 972 1166 octavo
992 1129 1043 1165 ad
1061 1128 1216 1166 edictum

123 1175 313 1212 Trebatius
353 1175 404 1210 ait
435 1175 542 1210 etiam
574 1185 655 1210 eum
686 1175 850 1221 accipere
884 1175 1073 1218 damnum,
1113 1175 1215 1211 cuius

123 1222 265 1257 aedium
289 1221 483 1256 luminibus
507 1219 700 1256 officiatur.

170 1264 223 1304 26
255 1266 451 1302 ULPJANUs
472 1266 564 1302 libro
588 1265 830 1319 octoqensimo
880 1265 973 1302 rimo
992 1265 1042 1301 ad
1060 1264 1215 1302 edictum

123 1312 300 1348 Proculus
335 1311 404 1355 ait,
441 1322 522 1347 cum
556 1311 636 1356 quis
670 1321 749 1347 iure
783 1311 844 1357 qm·
901 1311 941 1347 in
971 1321 1037 1347 suo
1068 1311 1214 1355 faceret,

124 1357 285 1402 quamvis
308 1357 551 1402 promississet
574 1356 694 1392 damni
712 1356 836 1392 infecti
854 1356 982 1400 vicino,
1006 1367 1079 1393 non
1095 1360 1217 1392 tamen

123 1414 206 1438 eum
227 1402 343 1438 teneri
365 1412 409 1438 ea
432 1402 682 1447 stipulatione:
706 1402 817 1437 veluti
840 1402 872 1438 si
894 1402 996 1437 iuxta
1018 1413 1098 1438 mea
1118 1403 1216 1438 aedi-

122 1449 206 1484 ficia
232 1448 369 1483 habeas
401 1447 567 1483 aedificia
598 1457 712 1493 eaque
743 1447 822 1484 iure
851 1451 916 1483 tuo
951 1447 1059 1484 altius
1096 1448 1216 1491 tollas,

123 1498 188 1529 aut
217 1493 248 1529 si
277 1493 316 1528 in
337 1493 454 1529 vicino
485 1497 550 1528 tuo
581 1503 667 1538 agro
692 1493 859 1529 cuniculo
883 1493 940 1529 vel
962 1493 1063 1529 fossa
1086 1504 1217 1547 aquam

122 1549 237 1575 meam
259 1549 407 1575 avoces:
439 1538 598 1584 quamvis
630 1538 724 1573 enim
747 1542 784 1574 et
806 1538 866 1574 hic
890 1549 1020 1584 aquam
1042 1539 1129 1574 mih1
1152 1539 1216 1575 ab·

122 1585 234 1620 ducas
257 1589 293 1620 et
315 1584 391 1619 illic
413 1584 606 1619 luminibus
630 1583 780 1626 officias,
805 1588 926 1620 tamen
948 1594 995 1620 ex
1026 1595 1069 1620 ea
1101 1584 1216 1630 stipu-

122 1631 255 1666 latione
285 1630 463 1666 actionem
491 1629 579 1664 mihi
608 1640 681 1665 non
713 1633 933 1674 competere,
966 1630 1105 1666 scilicet
1133 1630 1219 1676 quia

122 1687 195 1711 non
218 1675 348 1711 debeat
370 1674 483 1710 videri
504 1674 536 1710 is
563 1674 732 1710 damnum
756 1674 894 1719 facere,
927 1675 989 1721 qui
1018 1686 1060 1711 eo
1083 1675 1219 1711 veluti⁵

123 1723 244 1764 lucro,
275 1731 346 1766 quo
370 1720 490 1756 adhuc
512 1721 701 1763 utebatur,
733 1721 964 1766 prohibetur,
995 1721 1219 1767 multumque

122 1768 304 1808 interesse,
330 1770 452 1801 utrum
474 1765 644 1801 damnum
667 1766 748 1811 quis
772 1766 893 1811 faeiat,
919 1776 967 1802 an
981 1766 1096 1811 lucro,
1121 1766 1219 1812 quod

123 1812 241 1848 adhuc
272 1811 447 1854 faciebat,
477 1811 531 1846 uti
561 1811 807 1856 prohibeatur.
855 1812 943 1847 mihi
970 1812 1112 1848 videtur
1134 1822 1219 1848 vera

123 1859 225 1894 esse6
249 1857 395 1893 Proculi
419 1857 608 1893 sententia.

169 1900 221 1940 27
247 1903 303 1938 ΡΛ
312 1911 407 1938 Ubus
428 1903 519 1938 libro
538 1902 829 1949 septaaqensimo
850 1905 976 1939 octavo
994 1902 1045 1938 ad
1063 1902 1218 1938 edictum

122 1949 250 1984 Plures
290 1948 495 1984 earumdem
530 1948 673 1983 aedium
711 1947 844 1983 domini
883 1948 1015 1993 singuli
1054 1948 1219 1993 stipulari

123 1995 258 2030 debent
290 1994 367 2029 sine
398 1993 600 2028 adiectione
629 1992 761 2038 partis,
793 1994 878 2039 quia
901 1993 945 2030 de
970 2003 1035 2029 suo
1068 1993 1218 2038 quisque

123 2040 254 2075 damno
279 2039 472 2084 stipulatur
482 2040 526 2073 ⁶¹:
560 2038 646 2083 quin
676 2038 785 2074 immo
843 2049 902 2075 ars
931 2038 1075 2074 adiecta
1102 2039 1217 2083 partis

122 2089 263 2132 partem
284 2084 407 2120 faciet.
455 2088 583 2120 contra
606 2084 638 2120 si
660 2084 783 2129 plures
833 2084 941 2120 omini
970 2084 1043 2120 sint
1070 2083 1217 2120 vitiosa-

122 2142 203 2166 rum
221 2130 375 2174 aedium,
400 2130 467 2175 pro
487 2140 555 2165 sua
578 2129 727 2175 quisque
749 2133 853 2175 parte
865 2129 1076 2175 promittere
1098 2128 1217 2173 debet,

123 2186 168 2212 ne
192 2176 322 2220 singuli
346 2176 382 2210 in
406 2174 560 2211 solidum
585 2175 798 2220 obligentur.

169 2219 223 2259 28
255 2221 451 2258 ULPJANUS
470 2221 562 2256 libro
583 2221 826 2267 octoqensimo
845 2221 969 2267 primo
993 2221 1044 2256 ad
1061 2221 1218 2257 edictum

126 2268 168 2302 In
192 2268 263 2303 hac
287 2266 520 2312 stipulatione
533 2266 639 2309 venit,
664 2266 790 2311 quanti
812 2275 856 2302 ea
878 2276 936 2301 res
961 2266 1040 2301 erit.
1077 2269 1114 2301 et
1135 2266 1216 2302 ideo

125 2313 271 2349 Cassius
296 2312 421 2347 scribit
444 2322 536 2354 eum,
561 2311 622 2357 qui
645 2311 766 2347 damni
783 2311 907 2347 infecti
931 2311 1126 2357 stipulatus
1149 2316 1215 2356 est,

123 2359 153 2394 si
176 2361 326 2412 propter
341 2360 476 2392 metum
495 2357 622 2392 ruinae
642 2367 686 2392 ea
703 2356 877 2399 aedificia,
904 2367 1056 2402 quorum
1074 2358 1217 2393 nomine

124 2404 194 2439 sibl
218 2403 322 2446 cavit,
348 2402 460 2445 fulsit,
485 2403 666 2447 impensas
690 2402 767 2438 eius
789 2402 844 2438 rei
867 2412 911 2438 ex
935 2403 1110 2447 stipulatu
1130 2413 1215 2438 con-

124 2449 226 2495 sequi
250 2458 372 2495 posse:
396 2448 561 2493 idemque
583 2448 671 2483 iuris
693 2458 790 2491 esse,
816 2458 897 2483 cum
921 2458 987 2492 pro
1014 2452 1070 2484 ter
1092 2448 1216 2483 vitium

123 2495 320 2531 communis
343 2494 493 2540 parietis
541 2493 577 2528 ui
602 2493 695 2529 cavit
718 2493 787 2528 sibi
810 2493 931 2529 damni
953 2493 991 2528 in
1008 2493 1096 2536 ecti‚
1130 2504 1215 2529 one-

123 2551 202 2576 rum
227 2551 350 2576 eorum
373 2540 516 2574 relevan
542 2549 645 2574 orum
668 2538 801 2584 gratia,
833 2549 927 2583 quae
949 2538 987 2573 in
1019 2538 1216 2584 parietem⁷

122 2587 348 2628 incumbunt,
372 2584 537 2620 aedificia
560 2595 628 2620 sua
650 2583 763 2620 fulsit.
809 2584 849 2619 in
878 2584 1003 2619 eadem
1027 2594 1138 2620 causa
1161 2587 1216 2620 est

124 2631 376 2667 detrimentum
400 2639 542 2676 quoque
564 2633 714 2675 propter
736 2629 1001 2675 emigrationem
1023 2630 1216 2675 inquilino-

123 2688 222 2720 rum,
246 2675 343 2722 quod
366 2686 412 2712 ex
433 2676 529 2711 iusto
552 2678 651 2710 metu
673 2675 812 2710 factum
835 2678 901 2710 est.
947 2675 1071 2710 Aristo
1094 2679 1216 2710 autem

124 2733 197 2758 non
232 2722 325 2757 male
360 2721 487 2763 adicit,
525 2719 632 2756 sicuti
660 2720 720 2755 hic
751 2720 859 2764 exigit
890 2719 1055 2763 Cassius,
1087 2724 1130 2756 ut
1161 2721 1216 2756 si⁸

124 2769 239 2803 iustus
272 2770 389 2803 metus
416 2765 617 2812 migrandi⁹
652 2775 798 2801 causam
828 2765 1053 2810 praebuerit,
1092 2765 1144 2801 ita
1177 2766 1215 2801 in

125 2813 200 2848 eius
222 2822 413 2858 personam
437 2811 497 2857 qui
520 2811 622 2847 fulsit
644 2810 769 2847 eadem
786 2810 949 2846 Cassium
968 2810 1087 2846 dicere
1100 2812 1128 2832 ²⁰
1152 2811 1214 2847 de-

124 2858 256 2901 buisse,
281 2858 313 2894 si
335 2858 431 2893 iusto
445 2858 473 2879 ¹¹
496 2860 594 2891 metu
617 2856 743 2892 ruinae
766 2855 895 2891 fulcire
919 2859 1068 2891 coactus
1093 2860 1158 2892 est.

170 2901 224 2941 29
252 2903 376 2939 GAms
396 2902 487 2938 libro
511 2903 703 2937 vicensimo
727 2905 853 2938 octavo
881 2901 931 2936 ad
953 2901 1107 2937 edictum
1125 2912 1215 2948 pro-

125 2949 277 2985 vinciale
323 2947 394 2984 Sed
423 2950 460 2983 et
490 2947 522 2983 si
554 2947 755 2983 conducere
778 2947 973 2991 hospitium
1004 2956 1107 2982 nemo
1131 2947 1216 2982 velit

124 2998 273 3039 propter
293 2994 418 3029 vitium
442 2992 595 3035 aedium,
618 2992 712 3027 idem
735 2992 804 3028 erit
827 2991 1028 3027 dicendum.

171 3037 224 3077 30
256 3038 453 3075 Uzmivvs
469 3038 561 3074 libro
578 3039 820 3083 octoqensimo
837 3038 962 3083 primo
988 3037 1038 3072 ad
1060 3037 1215 3073 edictum

125 3085 255 3138 Damni
274 3084 398 3119 infecti
417 3083 601 3136 stipulatio
618 3082 773 3127 pertinet
786 3083 814 3104 ¹2
837 3082 955 3126 etiam,
980 3083 1011 3118 si
1035 3081 1120 3127 quid
1138 3082 1215 3118 eius

125 3128 858 3218 ἓξἳέῗῆωῗῗἓέιὲὲηῗἛῗωἪηιῗςῖἳῇῗ
888 3127 1216 3209 astusastus

125 3220 163 3255 in
187 3219 303 3255 alieno
326 3219 414 3262 fieri,
440 3230 521 3255 cum
543 3220 623 3254 iure
646 3218 845 3260 servitutis,
870 3228 978 3264 quam
1001 3218 1081 3263 quis
1104 3218 1153 3253 ha
1180 3221 1215 3253 et

130 3268 145 3299 1
194 3264 310 3300 alieno
388 3264 636 3310 oimpositam‚
650 3274 741 3317 opus
753 3263 792 3298 in
801 3263 916 3299 alieno
929 3263 1052 3299 faciat.
1085 3263 1215 3299 Utrum

126 3312 247 3346 autem
275 3274 417 3345 deaffiloc
441 3319 549 3355 opere
573 3313 780 3354 prom1ttere
804 3318 853 3344 an
875 3308 1051 3345 satisdare
1074 3308 1213 3353 debeat,

125 3355 318 3391 videamus.
350 3359 478 3397 movet,
526 3355 599 3390 uod
621 3354 659 3389 in
683 3354 799 3389 alieno
824 3353 930 3389 facit:
956 3353 1018 3399 qui
1038 3357 1157 3389 autem
1170 3353 1214 3389 de

127 3400 243 3436 alieno
267 3403 384 3443 cavet,
409 3401 497 3435 satis
523 3410 585 3435 are
608 3399 730 3442 debet,
755 3399 816 3444 qui
839 3399 883 3434 de
907 3409 992 3442 su0,
1023 3399 1212 3444 repromit-

126 3449 214 3481 tere.
262 3444 356 3480 unde
379 3444 501 3480 Labeo
525 3445 678 3490 putabat
701 3455 792 3487 eum,
818 3444 878 3489 qui
901 3443 1126 3480 modulorum
1150 3447 1214 3479 aut

126 3491 191 3525 rivi
214 3489 371 3525 faciendi
394 3499 504 3525 causa
526 3500 616 3534 opus
640 3490 794 3532 faceret,
820 3489 927 3525 etiam
951 3489 1128 3525 satisdare
1151 3489 1213 3525 de-

127 3536 223 3580 bere,
247 3535 332 3580 quia
354 3534 393 3569 in
416 3534 532 3570 alieno
552 3535 628 3571 solo
652 3534 799 3571 faceret.
831 3534 896 3570 sed
919 3544 1001 3570 cum
1024 3534 1069 3570 de
1092 3544 1211 3580 opere,

1209 136 1293 189 599

2067 141 2379 187 XXXVIIII2

1285 266 1419 347 guod¹⁴
1451 265 1576 310 faciet,
1613 266 1775 311 exigatur
1809 267 2010 312 stipulatio,
2047 277 2269 314 consequens
2311 267 2378 302 erit

1309 312 1403 347 icere
1428 311 1594 347 sufficere
1617 313 1946 357 repromissionem:
1976 313 2131 358 quodam
2153 312 2259 348 modo
2285 313 2379 348 enim

1285 360 1304 392 2
1353 357 1397 392 de
1414 368 1453 393 re
1472 367 1540 393 sua
1559 360 1671 392 cavet.
1707 357 1811 401 Quod
1824 357 1958 393 dictum
1970 362 2026 394 est
2047 361 2174 403 ‘aquae
2193 357 2379 394 ducendae

1285 404 1432 445 ‘causa’,
1474 402 1624 448 exempli
1686 402 1778 437 ratia
1817 403 1990 447 scriptum
2023 408 2095 439 est:
2134 407 2293 440 ceterum
2332 402 2379 438 ad

1286 448 1405 483 omnia
1428 458 1540 493 opera
1563 448 1660 492 stipu
1676 447 1749 483 atio
1774 448 2115 484 accommodabitur.

1331 490 1382 531 31
1412 493 1468 528 PA
1476 502 1572 529 Usus
1592 493 1683 528 libro
1701 495 1991 539 sepeuaqensimo
2010 499 2135 530 octavo
2155 494 2205 529 ad
2222 494 2376 529 edictum

1285 537 1355 582 Qui
1377 538 1454 574 vias
1477 538 1641 584 publicas
1665 538 1842 580 muniunt,
1868 538 1945 573 sine
1969 538 2098 574 damno
2119 539 2318 574 vicinorum
2341 539 2377 574 id

1289 587 1302 618 1
1352 582 1472 619 facere
1504 584 1646 619 debent.
1695 583 1734 619 Si
1765 583 2009 619 controversia
2039 584 2104 628 sit,
2135 584 2301 620 dominus
2331 584 2379 620 sit

1283 638 1351 664 nec
1382 638 1428 665 ne
1458 629 1508 672 is,
1549 639 1572 664 a
1603 639 1674 675 quo
1705 629 1826 664 cautio
1858 628 2022 674 exigitur,
2064 629 2131 665 sub
2170 629 2379 675 exceptione

1285 673 1460 710 satisdare
1483 675 1639 710 iubetur.

1332 716 1386 757 32
1414 719 1538 756 Gsws
1559 720 1651 755 libro
1675 720 1867 756 vicensimo
1891 722 2018 755 octavo
2042 719 2092 755 ad
2115 720 2269 756 edictum
2287 731 2378 767 pro-

1284 764 1437 801 vinciale
1482 764 1521 800 Si
1544 765 1692 801 aedibus
1716 765 1804 801 meis
1834 764 2023 818 proximae
2052 765 2126 800 sint
2149 766 2255 801 aedes
2279 775 2380 801 meae

1285 813 1321 845 et
1343 813 1447 853 tuae,
1481 811 1682 855 quaeritur,
1715 821 1781 854 an,
1813 821 1845 846 s1
1875 810 1944 846 hae
1966 810 2093 845 vitium
2122 810 2208 845 mihi
2231 811 2379 854 faciant,

1285 866 1413 891 cavere
1443 856 1529 891 mihi
1559 855 1692 891 debeas
1723 867 1790 901 pro
1815 855 1945 891 damno
1995 856 2197 900 ropriarum
2220 866 2379 891 mearum

1285 900 1445 943 aedium,
1482 901 1620 937 scilicet
1651 912 1717 946 pro
1742 911 1814 947 qua
1837 905 1941 947 parte
1991 901 2129 936 ominus
2155 901 2296 937 existes.
2345 905 2381 937 et

1284 947 1354 982 hoc
1372 946 1554 992 plerisque
1572 947 1710 992 placet:
1732 947 1796 982 sed
1811 950 1929 982 movet
1944 956 2011 989 me,
2033 946 2129 991 quod
2147 946 2224 991 ipse
2241 957 2339 982 meas
2350 948 2379 968 ¹⁵

1284 991 1394 1028 aedes
1413 991 1563 1027 reficere
1583 992 1719 1037 possim
1740 996 1777 1028 et
1794 992 1975 1038 impensas
1994 1002 2060 1037 pro
2079 992 2179 1027 socio
2199 995 2263 1027 aut
2283 1002 2381 1027 com-

1287 1036 1388 1072 muni
1411 1037 1604 1073 dividundo
1628 1037 1760 1073 iudicio
1785 1048 1852 1084 pro
1879 1040 1983 1082 parte
2008 1037 2188 1082 consequi.
2236 1046 2320 1072 nam
2345 1041 2383 1073 et

1286 1083 1318 1118 si
1340 1093 1432 1118 unas
1457 1082 1564 1119 aedes
1589 1093 1795 1119 communes
1819 1087 1939 1119 tecum
1961 1082 2074 1118 habui
2098 1092 2234 1127 eaeque
2255 1082 2381 1118 vitium

1284 1127 1424 1163 faciant
1453 1132 1491 1164 et
1522 1129 1620 1164 circa
1641 1128 1873 1165 refectionem
1897 1138 2020 1164 earum
2050 1138 2192 1164 cessare
2215 1127 2382 1171 videaris,

1285 1174 1399 1209 nostri
1455 1177 1684 1220 raeceptores
1723 1177 1856 1220 negant
1887 1184 2014 1209 cavere
2044 1176 2080 1209 te
2112 1173 2261 1218 debere,
2294 1174 2376 1219 quia

1284 1219 1364 1264 ipse
1387 1185 1534 1273 reficere
1557 1220 1694 1265 possim
1717 1222 1930 1265 recepturus
1954 1229 2021 1265 pro
2045 1223 2165 1264 parte,
2197 1218 2294 1264 quod
2315 1219 2382 1254 im-

1285 1264 1490 1317 penderim,
1515 1265 1648 1301 iudicio
1673 1265 1855 1302 societatis
1879 1268 1943 1300 aut
1966 1265 2147 1301 communi
2169 1264 2381 1300 dividundo:

1285 1310 1366 1345 ideo
1385 1314 1422 1346 et
1439 1310 1691 1356 interpositam
1712 1311 1915 1347 cautionem
1933 1311 2052 1346 minus
2070 1310 2192 1346 utilem
2211 1309 2381 1352 futuram,

1286 1355 1372 1401 quia
1395 1356 1468 1391 alia
1490 1356 1630 1393 ratione
1654 1357 1823 1392 damnum
1842 1356 1929 1391 mihi
1951 1359 2075 1401 posset
2098 1356 2235 1391 sarciri.
2273 1358 2310 1391 et
2326 1359 2383 1391 est

1286 1401 1393 1447 plane
1423 1406 1629 1438 nostrorum
1668 1405 1946 1448 praeceptorum
1984 1401 2075 1437 haec
2113 1401 2309 1444 sententia,
2341 1404 2382 1435 ut

1286 1446 1476 1483 credamus
1508 1448 1671 1484 inutilem
1700 1457 1781 1484 esse
1804 1447 1925 1483 damni
1954 1447 2079 1482 infecti
2103 1446 2380 1492 stipulationem.

1286 1503 1358 1538 quo
1390 1502 1480 1528 casu
1511 1493 1681 1529 damnum
1705 1493 1777 1529 alia
1800 1493 1942 1529 actione
1973 1492 2097 1528 sarciri
2120 1492 2252 1538 possit:
2266 1496 2270 1500 ’
2286 1492 2381 1538 quod

1289 1542 1326 1573 et
1348 1537 1387 1572 in
1411 1539 1597 1583 superiore
1622 1549 1709 1575 casu
1732 1537 2011 1584 intellegendum
2035 1541 2100 1573 est.

1333 1580 1387 1621 33
1427 1583 1624 1620 ULPIANUS
1659 1585 1752 1621 libro
1790 1584 2096 1631 quadraqensz'mo
2135 1583 2294 1618 secundo
2334 1582 2383 1617 ad

1288 1627 1463 1665 Sabinum
1510 1629 1689 1675 Inquilino
1714 1640 1788 1666 non
1800 1631 1829 1652 ¹⁰
1851 1628 1959 1665 datur
1982 1628 2103 1664 damni
2125 1627 2251 1664 infecti
2274 1627 2382 1671 actio,

1288 1674 1374 1720 quia
1398 1675 1515 1720 possit
1537 1685 1584 1710 ex
1607 1676 1786 1712 conducto
1811 1685 1935 1721 agere,
1968 1675 1999 1710 si
2023 1674 2187 1710 dominus
2212 1684 2294 1709 eum
2316 1673 2382 1709 mi-

1287 1730 1392 1765 grare
1415 1721 1621 1765 prohiberet

1334 1763 1389 1803 34
1414 1765 1471 1801 ΡΑ
1479 1776 1523 1801 Ul.
1531 1776 1575 1802 σε
1604 1767 1695 1802 libro
1727 1766 1865 1802 decimo
1896 1765 1947 1801 ad
1977 1764 2153 1801 Sabinum
2198 1764 2321 1810 utique
2352 1764 2383 1799 si

1288 1822 1354 1856 pro
1370 1811 1567 1856 praeterita
1586 1812 1759 1857 pensione
1777 1810 1987 1847 satisfacere
2010 1815 2160 1855 paratus
2179 1809 2267 1845 fuit:
2293 1809 2381 1846 alio-

1289 1857 1375 1902 quin
1406 1857 1502 1892 iusta
1532 1858 1685 1893 retentio
1714 1857 1874 1903 pignoris
1906 1856 2050 1892 domino
2080 1855 2160 1891 fieri
2189 1855 2381 1891 videretur.

1289 1902 1353 1938 sed
1384 1906 1421 1937 et
1452 1902 1484 1937 si
1512 1903 1617 1948 quasi
1645 1903 1796 1948 pignora
1826 1902 2013 1938 retinuerit
2043 1904 2080 1937 et
2109 1911 2152 1936 ea
2181 1901 2382 1936 interierint

1287 1948 1394 1983 ruina
1411 1947 1610 1983 vicinarum
1628 1948 1782 1990 aedium,
1806 1951 1928 1993 potest
1939 1946 2011 1983 dici
2022 1947 2129 1983 etiam
2147 1946 2382 1992 pigneraticia

1288 1993 1429 2028 actione
1452 1993 1650 2029 locatorem
1671 1994 1795 2036 teneri,
1821 1993 1852 2029 si
1874 1995 2018 2039 poterat
2036 2001 2098 2028 eas
2121 2002 2179 2028 res
2202 1992 2240 2027 in
2262 1992 2382 2027 locum

1286 2038 1455 2074 tutiorem
1478 2038 1688 2075 transferre.

1333 2081 1387 2121 35
1427 2083 1624 2120 Uipsanas
1662 2085 1753 2120 libro
1790 2083 2098 2130 quadraqensimo
2135 2082 2293 2119 secundo
2334 2083 2383 2129 ad

1287 2129 1462 2165 Sabinum
1499 2129 1542 2164 In
1560 2130 1707 2175 parietis
1729 2129 1926 2165 communis
1946 2128 2174 2165 demolitione
2194 2138 2238 2164 ea
2258 2129 2382 2174 quaeri

1285 2178 1450 2255 foporitget,
1466 2174 1574 2254 tsatis
1597 2179 1705 2222 aptus
1728 2175 1838 2211 fuerit
1862 2174 2032 2220 oneribus
2056 2173 2214 2210 ferendis
2237 2184 2285 2209 an
2307 2183 2380 2209 non

1302 2230 1379 2255 uer1
1418 2229 1464 2265 ap
1482 2230 1538 2255 us.

1333 2263 1387 2303 36
1412 2265 1574 2301 Panos
1607 2265 1699 2301 libro
1738 2265 1875 2300 decimo
1915 2264 1966 2300 ad
2003 2264 2179 2301 Sabinum
2225 2263 2299 2301 Sed
2330 2264 2382 2300 ita

1285 2311 1454 2347 idoneum
1466 2320 1545 2346 esse
1560 2310 1722 2356 plerique
1740 2310 1919 2353 dixerunt,
1937 2313 1979 2346 ut
1994 2313 2226 2355 utrarumque
2239 2309 2381 2346 aedium

1287 2367 1410 2399 onera,
1436 2366 1529 2402 quae
1543 2355 1651 2392 modo
1674 2356 1753 2391 iure
1771 2356 2014 2402 imponantur,
2040 2355 2237 2392 communis
2260 2356 2380 2401 paries

1286 2403 1463 2438 sustinere
1485 2402 1612 2447 possit.

1332 2445 1385 2485 37
1426 2446 1623 2483 ULPIANUS
1656 2446 1748 2482 libro
1789 2446 2096 2493 quadraqensae'mo
2132 2445 2291 2482 secundo
2332 2446 2382 2481 ad

1286 2492 1462 2529 Sabinum
1507 2491 1602 2528 Nam
1633 2491 1665 2528 si
1701 2502 1774 2527 non
1806 2491 1892 2534 fuit,
1934 2492 2058 2536 utique
2098 2491 2268 2527 demolire
2299 2501 2379 2527 eum

1287 2538 1448 2583 oportuit
1478 2547 1547 2573 nec
1577 2536 1704 2579 debet,
1745 2537 1776 2572 si
1815 2537 1902 2583 quid
1932 2537 2051 2572 damni
2082 2547 2128 2572 ex
2166 2537 2236 2572 hac
2269 2546 2380 2573 causa

1562 2583 1601 2618 ui
1623 2582 1812 2619 demolitus
1835 2585 1892 2618 est
1914 2582 2046 2625 teneri,
2078 2582 2149 2618 nisi
2171 2585 2380 2628 sumptuose

1342 2585 1349 2591 .
1377 2583 1385 2591 .
1414 2583 1442 2605 ,7
1485 2583 1493 2590 ·

1286 2586 1404 2629 attigst·
1445 2609 1455 2626 ’
1482 2593 1514 2618 ¹⁸
1570 2639 1661 2664 onus
1684 2638 1799 2664 novus
1823 2627 1941 2673 paries
1965 2628 2013 2664 sit
2034 2627 2235 2663 restitutus.
2283 2627 2380 2673 q¹¹⁰d

1286 2633 1350 2664 aut
1407 2639 1510 2664 arum

1285 2676 1317 2710 si
1339 2640 1450 2710 fugrit
1472 2673 1624 2710 idoneus
1647 2674 1784 2719 paries,
1809 2673 1871 2725 qui
1894 2672 2084 2709 demolitus
2107 2677 2180 2715 est,
2205 2673 2242 2708 in
2265 2673 2378 2709 actio-

1284 2730 1366 2755 nem
1391 2719 1511 2755 damni
1538 2719 1664 2754 infecti
1693 2719 1791 2755 venit
1820 2718 1876 2761 id,
1910 2718 2035 2763 quanti
2057 2718 2222 2754 interfuit
2245 2719 2378 2754 actoris

1285 2776 1366 2800 eum
1389 2765 1565 2819 parietem
1586 2768 1699 2800 stare:
1732 2763 1879 2807 merito,
1910 2774 1995 2799 nam
2018 2764 2050 2800 si
2072 2774 2146 2800 non
2170 2763 2294 2799 debuit
2317 2764 2377 2800 de-

1284 2811 1412 2852 molir1‚
1436 2811 1626 2846 restituere
1649 2820 1730 2845 eum
1754 2809 1861 2845 debet
1882 2809 2032 2854 proprio
2055 2813 2212 2855 sumptu.
2255 2809 2319 2845 sed
2344 2813 2378 2844 et

1284 2856 1316 2891 si
1339 2856 1401 2901 qui
1432 2855 1570 2891 reditus
1602 2856 1649 2891 ob
1681 2855 1946 2891 demolitionem
1968 2855 2122 2891 amissus
2146 2857 2218 2897 est,
2252 2865 2377 2890 conse-

1284 2905 1435 2946 quenter
1457 2900 1597 2936 restitui
1621 2910 1702 2935 eum
1722 2900 1877 2936 Sabinus
1900 2900 2024 2936 voluit.
2068 2899 2136 2936 ¹⁸si
2157 2900 2252 2935 forte
2274 2900 2376 2935 habi-

1283 2950 1420 2981 tatores
1445 2945 1687 2991 migraverunt
1717 2948 1782 2980 aut
1803 2956 1878 2980 non
1907 2948 1982 2981 tam
2006 2946 2190 2982 commode
2214 2945 2377 2980 habitare

1283 2994 1447 3037 possunt,
1471 2991 1642 3036 imputari
1664 2991 1702 3026 id
1725 2990 1948 3026 aedificatori
1970 2994 2101 3037 potest.

1330 3033 1384 3074 38
1417 3035 1474 3072 ΡΑ
1482 3045 1578 3071 mos
1611 3036 1702 3072 libro
1736 3037 1871 3072 decimo
1911 3036 1961 3072 ad
1992 3036 2166 3073 Sabinum
2223 3037 2376 3081 Emptor

1283 3082 1425 3117 aedium
1456 3084 1539 3116 ante
1569 3081 1738 3117 traditam
1769 3080 1838 3117 sibi
1867 3082 2130 3126 possessionem
2160 3082 2241 3117 ideo
2264 3081 2374 3116 inuti-

1283 3127 1366 3162 liter
1390 3126 1602 3171 stipulatur,
1636 3126 1721 3172 quia
1750 3126 1914 3163 venditor
1937 3137 2078 3163 omnem
2102 3126 2318 3172 diligentiam
2341 3126 2373 3161 ei

1283 3175 1469 3217 praestare
1494 3171 1612 3207 debet.
1659 3176 1746 3207 tunc
1771 3176 1870 3208 certe
1892 3173 2027 3208 utiliter
2050 3172 2259 3217 stipulatur,
2291 3181 2373 3206 cum

1283 3217 1399 3253 omnis
1430 3217 1538 3262 culpa
1569 3227 1592 3252 a
1622 3217 1808 3253 venditore
1837 3218 1974 3260 aberit,
2008 3218 2115 3253 veluti
2147 3217 2180 3252 si
2234 3215 2371 3251 recario

1283 3262 1436 3308 emptori
1458 3262 1496 3297 in
1519 3262 1575 3298 his
1599 3262 1748 3298 aedibus
1773 3273 1851 3299 esse
1873 3262 2034 3308 permisit
2044 3263 2072 3284 ¹⁹
2103 3265 2204 3297 custo
2233 3261 2371 3306 'amque

1288 3311 1302 3343 1
1352 3308 1385 3343 ei
1399 3307 1568 3343 afuturus
1582 3307 1741 3343 tradidit.
1775 3308 1814 3344 Si
1836 3308 1914 3353 agri
1935 3308 2078 3343 nomine
2101 3318 2172 3342 non
2191 3309 2370 3348 caveatur,

1282 3353 1319 3388 in
1344 3363 1421 3388 eam
1445 3356 1585 3398 partem
1608 3353 1683 3397 agri
1705 3353 1915 3389 mittendum
1924 3354 1956 3374 ²⁰
1979 3357 2044 3394 est,
2070 3363 2114 3387 ex
2137 3361 2208 3396 qua
2230 3351 2369 3396 pericu-

1282 3398 1357 3433 lum
1386 3398 1575 3434 timeatur:
1607 3398 1755 3444 eiusque
1786 3399 1838 3434 rei
1869 3399 1961 3434 ratio
1994 3398 2084 3432 haec
2109 3400 2180 3439 est,
2214 3396 2309 3441 quod
2332 3397 2369 3430 in

1283 3442 1454 3479 aedificiis
1478 3447 1602 3488 partes
1626 3454 1768 3489 quoque
1791 3443 1950 3496 reliquae
1973 3452 1995 3477 a
2017 3443 2145 3477 vitiosa
2168 3444 2271 3486 parte
2294 3444 2368 3475 tra-

1282 3489 1471 3531 herentur,
1505 3493 1544 3524 at
1574 3489 1613 3524 in
1644 3490 1739 3535 agris
1768 3499 1842 3524 non
1864 3488 1958 3523 idem
1979 3491 2044 3523 est.
2093 3485 2156 3522 sed
2180 3485 2370 3521 dicendum

1282 3537 1348 3578 est,
1370 3536 1412 3568 ut
1434 3534 1471 3569 in
1494 3533 1660 3570 domibus
1684 3543 1826 3581 quoque
1840 3532 2034 3568 maioribus
2056 3531 2236 3567 interdum
2259 3540 2370 3566 causa

128 3651 167 3689 (1)
193 3648 372 3682 damumF
445 3648 489 3688 (2)
514 3647 644 3680 mihiF
727 3649 771 3690 (3)
793 3648 931 3681 ruerent
940 3660 1003 3681 scr.
1090 3649 1133 3690 (4)
1157 3648 1210 3680 tui
1280 3648 1338 3689 (12)
1363 3648 1514 3681 continet
1524 3661 1588 3682 scr.
1692 3649 1749 3689 (18)
1773 3646 1813 3680 fit
1824 3646 1931 3680 om.F
2030 3649 2088 3687 (14)
2112 3646 2187 3678 iure
2198 3644 2367 3678 servitutis

127 3696 187 3728 ins.
202 3695 277 3727 dett.
395 3693 437 3732 (5)
460 3691 578 3735 veluti]
595 3693 649 3726 uti
663 3693 815 3738 Krueyer
929 3696 973 3733 (6)
997 3702 1066 3726 ense
1083 3694 1144 3727 del.
1159 3692 1210 3727 1³⁷²
1278 3693 1438 3726 similiave
1450 3694 1510 3727 ins.
1621 3695 1678 3734 (15)
1702 3702 1756 3726 eas
1766 3704 1829 3726 scr.
1930 3692 1988 3732 (16)
2013 3701 2058 3723 no
2071 3691 2106 3723 F
2198 3693 2256 3732 (17)
2280 3690 2366 3722 acci-

128 3741 185 3780 (⁶¹)
207 3737 385 3782 stipulator
401 3738 435 3770 F
551 3738 595 3777 (τ)
618 3738 784 3781 papietem
801 3738 836 3770 F
956 3740 1000 3779 (8)
1024 3738 1065 3781 si]
1083 3738 1127 3771 iis
1145 3751 1207 3771 scr.
1280 3738 1331 3771 dit
1346 3750 1408 3770 scr.
1519 3739 1579 3780 (18)
1605 3741 1640 3772 et
1656 3740 1715 3773 ins.
1810 3738 1869 3778 (19)
1892 3735 2056 3779 perimisit
2069 3735 2104 3769 F
2201 3736 2265 3778 (2ο)
2288 3735 2365 3768 mit-

127 3785 173 3828 (9)
196 3783 357 3827 migranti
376 3784 412 3817 F
544 3783 605 3826 (ιο)
629 3782 758 3817 adicere
775 3795 837 3816 scr.
982 3786 1037 3824 (ιι)
1060 3783 1164 3817 siuato
1185 3785 1220 3817 F
1279 3781 1399 3815 tendns
1410 3783 1462 3817 F²
