2528 3918
131 131 189 161 DE
220 130 628 162 APPELLATIOMBUS
659 129 940 161 RECIPIENDIS

131 254 228 280 nem:
253 254 335 278 nam
360 254 431 279 non
455 244 558 279 aliter
581 242 734 287 allegare
757 245 909 289 possunt
932 253 1060 278 causas
1084 241 1209 276 immu-

132 289 250 324 nitatis
280 300 383 331 suae,
417 300 522 334 quam
555 289 584 325 si
616 289 889 334 appellationem
922 289 1013 323 inter
1041 286 1208 323 osuerint.

131 338 149 369 3
198 334 322 369 Solent
344 335 551 379 plerumque
573 334 755 378 praesides
780 334 958 369 remittere
983 344 1004 368 a
1053 332 1211 367 ordinem

131 379 371 414 nominatum¹
399 384 437 415 ut
455 380 582 415 Gaium
601 379 718 414 Seium
743 383 864 414 creent
888 379 1133 423 magistratum
1159 377 1212 411 vel

130 424 220 460 alius
240 425 318 469 quis
339 425 452 460 honor
471 425 524 459 vel
543 435 670 460 munus
689 424 725 459 in
746 436 825 459 eum
845 425 1062 459 conferatur.
1094 427 1211 457 utrum

129 469 236 514 igitur
267 474 353 505 tunc
386 469 638 515 appellandum
675 474 746 511 est,
788 481 868 504 cum
907 469 993 504 ordo
1030 468 1212 502 decretum

131 515 400 567 interposuerit,
430 526 477 550 an
506 525 588 550 vero
621 525 642 549 a
673 514 896 556 remissione,
930 524 1037 558 quam
1067 522 1211 558 praeses

130 559 265 603 fecerit,
290 559 482 605 appellatio
506 560 552 595 sit
575 560 858 604 interponenda?
889 563 924 594 et
948 559 1058 603 magis
1084 561 1147 600 est,
1174 559 1214 591 ut

129 609 215 640 tunc
245 606 291 640 sit
319 605 588 684 appellandum,
620 615 700 640 cum
730 605 817 640 ordo
849 604 1063 640 decreverit:
1101 602 1212 646 magis

131 650 222 684 enim
243 651 340 685 consi
355 651 426 685 ium
445 650 584 686 dedisse
598 661 744 695 praeses
761 650 909 692 videtur,
929 649 1007 694 quis
1026 648 1072 683 sit
1089 658 1212 682 crean-

131 695 207 738 dus,
233 705 338 740 quam
362 695 439 740 ipse
463 695 708 731 constituisse:
735 695 886 740 denique
910 695 984 739 ipse
1004 694 1071 729 erit
1090 692 1211 737 appel-

130 743 150 774 4
197 739 336 783 landus,
361 751 432 775 uon
457 741 502 776 ab
527 751 569 776 eo
589 740 864 785 provocandum.
901 739 970 775 Sed
994 743 1030 774 et
1053 738 1083 774 si
1107 747 1211 783 prae-

129 795 186 820 ses
210 785 247 819 in
272 786 394 820 ordine
418 785 527 820 fuerit
550 789 604 828 (ut
627 785 704 820 fieri
727 786 890 828 adsolet),
916 795 996 819 cum
1020 784 1065 818 ab
1090 782 1214 818 ordine

130 834 312 866 crearetur
336 831 431 875 quis,
461 831 537 876 ipse
562 831 628 865 erit
651 830 916 876 provocandus,
950 829 1052 875 quasi
1083 828 1128 863 ab
1156 838 1214 862 or-

130 879 149 909 5
198 875 295 918 dine,
334 886 406 910 non
436 877 483 911 ab
514 877 592 921 ipso
624 876 688 910 fiat
718 875 922 921 appellatio.
974 874 1130 910 Biduum
1161 872 1215 907 vel

129 919 284 955 triduum
316 921 566 966 appellationis
597 931 642 956 ex
674 920 730 956 die
762 921 959 956 sententiae
989 921 1085 955 latae
1117 929 1213 954 com-

128 966 328 1010 putandum
359 966 438 1001 erit.
491 966 576 1011 quid
606 976 707 1011 ergo,
739 967 769 1001 si
800 966 978 1001 sententia
1008 964 1116 1000 fuerit
1147 963 1213 999 sub

130 1010 338 1046 condicione
370 1011 491 1046 dicta?
537 1015 657 1046 utrum
688 1022 732 1046 ex
761 1011 818 1047 die
847 1010 1044 1047 sententiae
1073 1014 1213 1054 tempus

130 1067 207 1091 com
237 1061 378 1091 utamus
410 1056 457 1091 ad
485 1056 739 1102 appellandum
770 1067 816 1091 an
847 1067 929 1092 vero
960 1066 1004 1092 ex
1034 1055 1107 1097 die,
1143 1064 1213 1099 quo

131 1111 196 1136 con
224 1101 290 1136 ic-io
315 1101 513 1137 sententiae
536 1101 678 1138 extitit?
712 1112 798 1137 sane
819 1101 960 1147 quidem
982 1112 1052 1136 non
1073 1103 1127 1135 est
1147 1099 1213 1134 sub

130 1145 338 1182 condicione
373 1147 550 1182 sententia
588 1146 756 1182 dicenda:
799 1147 861 1182 sed
900 1147 930 1182 si
964 1146 1073 1181 fuerit
1108 1145 1213 1187 dicta,

131 1191 216 1236 quid
246 1191 331 1227 fiet?
372 1196 406 1226 et
436 1195 490 1227 est
522 1192 607 1227 utile
632 1193 750 1227 statim
776 1198 937 1237 tempora
961 1191 1007 1226 ad
1031 1190 1214 1235 appellan-

131 1241 150 1271 6
198 1236 280 1271 (111111
306 1237 504 1282 computari
529 1238 669 1272 debere.
713 1237 816 1282 Quod
841 1238 876 1272 in
901 1237 1085 1272 sententiis
1109 1245 1213 1280 prae-

131 1286 272 1326 ceptum
296 1286 365 1324 est,
397 1286 436 1317 ut
465 1283 518 1317 vel
549 1283 662 1317 altera
692 1283 749 1318 die
779 1283 832 1318 vel
857 1283 965 1317 tertia
987 1285 1213 1327 provocetur,

130 1327 198 1361 1100
230 1328 336 1362 etiam
365 1327 403 1362 iu
433 1329 558 1363 ceteris
591 1329 870 1370 observandum,
903 1338 946 1362 ex
977 1327 1104 1371 quibus
1135 1336 1213 1361 sen-

131 1372 241 1406 tentia
266 1372 404 1417 quidem
430 1384 501 1408 non
523 1373 720 1418 profertur,
754 1373 928 1418 appellari
958 1376 1079 1407 tamen
1109 1382 1214 1416 opor-

131 1419 148 1468 7
198 1422 273 1452 tere
312 1421 346 1453 et
383 1429 490 1463 posse
526 1429 636 1464 supra
671 1419 823 1453 relatum
860 1422 925 1453 est.
978 1418 1064 1452 Dies
1097 1421 1215 1451 autem

131 1465 229 1504 istos,
254 1463 382 1507 quibus
406 1463 659 1508 appellandum
682 1467 754 1507 est,
780 1464 826 1499 ad
850 1463 984 1508 aliquid
1009 1463 1113 1497 utiles
1138 1471 1216 1497 esse

131 1508 243 1543 oratio
277 1507 346 1543 divi
370 1508 484 1544 Marci
515 1509 644 1551 voluit,
677 1509 707 1545 si
738 1509 831 1544 forte
862 1510 958 1551 eius,
991 1518 1013 1543 a
1038 1518 1107 1553 quo
1132 1518 1214 1553 pro-

131 1556 293 1604 vocatur,
325 1553 429 1605 copia
460 1565 533 1589 non
561 1554 686 1596 fuerit,
720 1559 759 1589 ut
788 1555 819 1589 ei
850 1553 963 1589 libelli
986 1553 1133 1588 dentur:
1166 1552 1217 1587 ait

131 1607 242 1633 emm:
275 1598 314 1633 ‘is
339 1599 413 1634 dies
437 1599 654 1642 servabitur,
688 1610 758 1644 quo
783 1599 896 1645 primo
922 1598 1077 1634 adeundi
1101 1597 1215 1632 facul-

132 1645 198 1695 ‘tas
231 1643 319 1678 erit'.
376 1654 487 1688 quare
525 1644 556 1680 si
593 1644 686 1680 forte
717 1649 800 1698 post
831 1644 1041 1680 sententiam
1072 1642 1216 1679 statim²

132 1688 262 1723 dictam
287 1689 426 1735 copiam
451 1689 507 1724 sui
530 1700 602 1725 non
625 1690 797 1725 feceritis
818 1691 876 1735 qui
896 1689 1139 1735 pronuntiavit
1163 1690 1218 1731 (ut

133 1732 207 1768 fieri
231 1733 399 1778 adsolet),
428 1734 617 1770 dicendum
640 1739 695 1771 est
719 1736 806 1770 nihil
829 1745 959 1770 nocere
983 1733 1215 1779 appellatori:

133 1789 214 1813 nam
238 1779 299 1814 ubi
321 1780 473 1824 primum
498 1781 637 1825 copiam
661 1782 738 1816 01113
762 1780 946 1822 habuerit,
978 1780 1110 1824 poterit
1132 1789 1215 1824 pro-

132 1834 270 1859 vocare.
323 1835 405 1870 ergo
438 1825 469 1861 si
499 1826 618 1860 statim
650 1836 689 1861 se
720 1826 907 1868 subduxit,
941 1825 1100 1860 similiter
1131 1824 1215 1859 sub-

133 1872 151 1903 8
200 1870 410 1904 veniendum
439 1874 504 1905 est.
559 1871 652 1915 Quid
683 1872 805 1916 igitur,
845 1871 876 1906 si
912 1870 1074 1906 condicio
1106 1870 1216 1904 horae

132 1913 263 1958 effecit,
295 1918 334 1949 ut
365 1925 403 1951 se
434 1916 634 1961 reciperet?
681 1918 711 1952 si
734 1917 828 1952 forte
853 1916 947 1951 dicta
971 1917 1016 1951 sit
1041 1915 1217 1950 sententia

132 1959 200 1994 iam
235 1971 403 2011 suprema
438 1961 552 1996 hora?
600 1962 721 2007 utique
753 1973 825 1997 non
855 1962 1032 1997 videbitur
1062 1970 1100 1996 se
1130 1960 1215 1995 sub-

131 2007 161 2057 9·
191 2008 360 2057 traxisse.
410 2006 576 2041 Adeundi
605 2012 724 2042 autem
756 2006 963 2042 facultatem
993 2016 1132 2050 semper
1156 2016 1215 2040 ac-

132 2060 297 2095 0101111113,
331 2050 361 2086 31
385 2050 422 2085 111
445 2051 590 2096 publico
614 2053 671 2087 sui
694 2053 835 2097 copiam
859 2052 963 2087 fecit:
997 2057 1155 2087 ceterum
1187 2050 1217 2085 si

132 2105 203 2130 uon
225 2094 321 2138 fecit,
353 2106 400 2131 an
423 2097 616 2142 imputetur
639 2098 757 2140 alicui,
783 2097 877 2142 quod
902 2096 948 2132 ad
971 2097 1115 2132 domum
1139 2096 1215 2132 eius

132 2151 203 2175 non
237 2141 373 2176 venerit
407 2142 572 2186 quodque
607 2143 645 2177 in
675 2143 800 2178 hortos
830 2153 903 2178 non
933 2142 1142 2183 accesserit,
1180 2145 1217 2176 et

132 2185 277 2222 ulterius
328 2186 397 2221 uod
422 2187 468 2222 ad
492 2188 608 2222 villam
633 2189 901 2223 suburbanam?
945 2187 1127 2232 magisque
1150 2190 1214 2230 est,

133 2234 171 2265 ut
201 2242 283 2283 non·
330 2232 433 2267 ebeat
462 2233 641 2277 imputari.
698 2243 806 2279 quare
839 2234 868 2268 si
897 2233 934 2267 in
963 2233 1107 2278 publico
1139 2232 1215 2267 eius

131 2275 286 2311 adeunda
309 2276 463 2312 facultas
488 2288 560 2312 non
583 2278 666 2322 fuit,
698 2278 823 2314 melius
848 2278 985 2313 dicetur
1009 2277 1215 2312 facultatem

137 2325 174 2355 10
223 2332 295 2356 11011
323 2321 433 2358 fuisse
463 2322 627 2358 adeundi.
684 2324 722 2359 Si
751 2324 829 2368 quis
859 2324 970 2368 ipsius
1001 2323 1158 2368 quidem,
1194 2333 1216 2358 a

133 2376 200 2411 quo
225 2368 439 2412 appellabit,
464 2367 620 2403 adeundi
643 2368 850 2404 facultatem
874 2379 946 2403 non
970 2368 1113 2410 habuit,
1140 2368 1215 2403 eius

132 2416 269 2454 autem,
303 2424 406 2457 quem
437 2414 650 2458 appellabit,
682 2414 814 2449 habeat
838 2414 995 2458 copiam:
1029 2413 1217 2448 videndum

132 2459 201 2498 est,
234 2467 279 2491 an
313 2458 344 2492 ei
372 2458 569 2503 praescribi
597 2460 728 2504 possit,
760 2460 852 2503 quod
877 2470 956 2493 eum
981 2469 1052 2493 non
1077 2458 1214 2493 adierit.

132 2506 167 2538 et
198 2502 267 2538 hoc
296 2503 372 2538 iure
405 2503 555 2546 utimur,
589 2508 643 2548 ut,
677 2505 708 2540 si
739 2505 945 2540 alterutrius
970 2504 1125 2539 adeundi
1148 2503 1218 2538 fuit

136 2550 170 2581 11
223 2547 344 2592 copia,
383 2550 618 2594 praescriptio
650 2550 768 2584 locum
799 2550 942 2585 habeat.
996 2549 1039 2583 In
1070 2549 1217 2594 propria

132 2602 242 2627 causa
266 2593 412 2628 biduum
437 2595 623 2639 accipitur.
659 2595 841 2640 propriam
866 2605 1011 2629 causam
1036 2595 1081 2629 ab
1100 2595 1217 2629 aliena

133 2637 426 2681 quemadmodum
451 2638 706 2675 discernimus?
754 2644 789 2675 et
812 2640 931 2685 palam
956 2644 1011 2674 est
1034 2650 1113 2674 eam
1137 2649 1215 2675 esse

132 2683 312 2728 propriam
337 2694 499 2726 causam,
533 2685 633 2720 cuius
663 2686 935 2720 emolumentum
964 2685 1019 2719 vel
1049 2684 1216 2719 damnum

139 2730 175 2762 12
223 2727 270 2762 ad
308 2729 460 2773 aliquem
497 2740 561 2765 suo
594 2731 734 2765 nomine
762 2730 927 2775 pertinet.
984 2730 1101 2774 Quare
1157 2740 1215 2765 ro-

133 2777 293 2824 01110101,
329 2773 397 2824 nisi
426 2775 463 2809 in
491 2785 592 2810 suam
619 2786 693 2810 rem
718 2775 822 2810 datus
847 2779 917 2818 est,
951 2775 1094 2810 tertium
1147 2775 1216 2810 iem

133 2818 295 2853 habebit:
333 2830 369 2853 m
404 2830 505 2854 suam
544 2824 662 2855 autem
699 2831 773 2856 rem
813 2821 918 2856 datus
948 2821 1058 2864 magis
1092 2824 1146 2855 est
1177 2823 1217 2855 ut

133 2863 287 2915 alteram.
307 2863 398 2898 diem
422 2865 596 2900 observet.
644 2869 681 2900 at
705 2865 735 2900 si
758 2866 795 2900 in
817 2870 956 2910 partem
980 2865 1124 2911 proprio
1150 2877 1214 2900 no-

134 2918 243 2950 mme,
280 2919 316 2961 m
346 2913 486 2954 partem
513 2921 578 2955 pro
610 2911 725 2946 alieno
755 2912 886 2956 litigat,
925 2911 1055 2955 ambigi
1086 2914 1214 2955 potest,

134 2957 252 2987 utrum
277 2954 421 2989 biduum
445 2966 491 2990 an
514 2955 670 2990 triduum
694 2957 913 2992 observetur.
955 2960 991 2991 et
1014 2956 1125 3000 magis
1151 2960 1214 2999 est,

134 3001 173 3032 ut
201 3009 267 3053 suo
297 3001 439 3035 nomine
470 3001 633 3043 biduum,
666 3002 780 3037 alieno
813 3001 970 3036 triduum
994 3001 1214 3036 observetur.

139 3045 175 3077 13
224 3044 393 3087 ’111101οε,
425 3046 508 3080 110111
540 3046 745 3082 defensores
775 3058 894 3082 rerum
923 3046 1149 3091 publicarum
1181 3050 1216 3081 et

134 3093 317 3124 curatores
354 3090 635 3126 adulescentium
674 3092 729 3127 vel
758 3092 903 3135 furiosi,
942 3091 1087 3127 tertium
1124 3091 1215 3126 diem

133 3133 263 3169 babere
289 3134 428 3177 debent,
453 3136 586 3171 idcirco
612 3137 695 3181 quia
719 3137 835 3172 alieno
861 3137 1002 3172 nomine
1020 3136 1214 3181 appellant.

133 3187 178 3212 ex
200 3179 269 3214 hoc
295 3185 444 3225 apparet
468 3181 571 3216 tertio
597 3181 653 3216 die
676 3182 941 3227 provocandum
966 3181 1159 3223 defensori,
1185 3182 1216 3216 si

135 3223 238 3259 modo
263 3225 366 3269 quasi
389 3226 554 3262 defensor
579 3237 724 3262 causam
747 3228 836 3272 egit,
868 3238 940 3262 non
972 3237 1037 3262 suo
1062 3227 1214 3269 nomine,

134 3278 214 3303 cum
235 3275 382 3322 optentu
400 3272 505 3306 alieni
525 3272 677 3307 nominis
695 3282 795 3307 suam
814 3283 959 3307 causam
978 3282 1087 3316 agens
1110 3271 1214 3307 tertio

138 3316 177 3347 14
195 3359 203 3366 ι
224 3314 280 3349 (110
303 3318 484 3361 appellare
507 3317 631 3361 possit.
670 3317 707 3352 Si
731 3317 808 3362 quis
832 3321 1037 3362 suspectum
1061 3321 1216 3351 tutorem

134 3357 270 3394 faciens
295 3371 366 3396 non
390 3362 598 3408 optinuerit,
633 3363 813 3406 appellare
837 3373 917 3398 eum
941 3363 1036 3397 intra
1059 3362 1216 3397 triduum

135 3403 261 3439 debere
278 3405 437 3441 Iulianus
453 3408 542 3442 libro
562 3406 853 3451 quadragensimo
869 3408 1083 3452 digestorum
1102 3407 1172 3442 scri
1201 3425 1216 3433 -

139 3453 176 3484 15
225 3450 287 3493 sit,
321 3452 482 3495 profecto
514 3452 616 3496 quasi
646 3452 772 3497 pupilli
802 3452 1034 3488 defensorem.
1083 3452 1120 3488 Si
1152 3462 1173 3486 a
1200 3472 1213 3478 -

134 3505 256 3530 versus
278 3496 459 3532 absentem
479 3497 587 3532 fuerit
606 3496 886 3542 pronuntiatum,
911 3497 1058 3532 biduum
1079 3498 1133 3532 vel
1151 3497 1216 3531 tri-

134 3540 242 3574 duum
273 3550 319 3575 ex
350 3552 420 3587 quo
452 3543 530 3587 quis
560 3542 629 3577 scit
660 3542 938 3587 computandum
967 3547 1039 3587 est,
1071 3553 1141 3577 non
1172 3552 1217 3576 ex

134 3661 173 3699 (ι)
201 3659 395 3690 110111111011111
411 3659 617 3691 Βνεηοηιιιηη
717 3658 761 3698 (2)
786 3657 897 3689 statim
912 3657 972 3690 del.

135 3714 209 3736 care
224 3705 258 3736 F
342 3706 383 3744 (4)
409 3706 442 3735 et
455 3705 511 3736 ins.
530 3702 579 3735 F²
672 3706 714 3743 (5)
740 3702 770 3734 ei
785 3703 846 3735 del.

181 3753 224 3790 (0)
251 3749 330 3785 Sub.
345 3767 388 3772 —
404 3749 483 3781 Bas.
500 3750 566 3790 9,1.
583 3755 696 3781 30...(ι.
710 3766 754 3770 -
772 3748 823 3790 Cf.
841 3748 917 3781 cod.
933 3749 964 3789 7,
980 3755 1014 3781 65

1073 3659 1114 3698 (³)
1140 3667 1216 3698 pro—

1102 3750 1144 3787 (1)
1171 3746 1218 3777 sic

1203 112 1283 160 825

1950 118 2239 160 XXXXVllll
2271 122 2307 159 4.
2335 122 2357 160 5

1280 252 1351 286 (1110
1382 240 1648 286 pronuntiatum
1681 245 1744 276 est.
1798 242 1891 287 quod
1924 247 2041 279 autem
2072 244 2199 279 dicitur
2231 244 2357 279 absen-

1280 292 1350 321 tem
1374 296 1481 339 posse
1504 288 1721 330 provocare³
1746 298 1788 321 cx
1813 299 1882 331 quo
1906 290 1983 331 3011,
2010 290 2060 325 sic
2085 290 2297 333 accipimus,
2328 290 2359 324 si

1281 343 1412 366 11011111
1444 341 1553 366 causa
1584 342 1649 375 per
1679 338 1947 376 procuratorem
1977 335 2143 370 defensus
2173 339 2244 369 est:
2279 345 2361 369 nam

1280 377 1310 412 si
1334 376 1392 411 ille
1418 388 1489 411 non
1513 377 1726 421 provocavit,
1752 378 1895 414 difficile
1921 383 1985 421 est,
2013 383 2051 414 ut
2074 380 2131 414 hic
2154 380 2332 415 audiatur.

1327 420 1351 458 ‘2
1377 421 1518 473 Mac'lffl
1542 422 1632 473 lilaero
1652 423 1772 473 primo
1798 423 1841 456 cle
1865 425 2168 469 appellationibus
2214 424 2250 459 Si
2277 435 2360 476 pro·

1281 471 1460 502 curatorio
1486 476 1627 501 nomme
1651 476 1761 510 egeris
1781 471 1815 501 et
1835 468 1947 503 victus
1967 469 2210 514 appellaveris,
2236 470 2361 505 demde

1281 512 1412 547 iniusta
1437 511 1628 556 appellatio
1654 516 1716 545 tua
1738 511 1846 546 fuerit
1869 515 2112 557 pronuntiata,
2146 519 2265 559 potest
2295 514 2361 549 du-

1282 557 1399 599 bitari,
1425 568 1509 591 num
1534 556 1692 591 secundo
1717 557 1772 591 die
1794 559 1972 601 appellare
1996 559 2137 601 debeas,
2163 559 2255 604 quia,
2281 570 2362 594 cum

1282 602 1325 638 de
1362 606 1426 637 tua
1463 602 1702 647 appellatione
1739 601 1871 637 iniusta
1903 604 2169 654 pronuntiatum
2202 605 2265 646 sit,
2299 609 2363 639 tua

1281 647 1487 682 interfuisse
1517 647 1668 681 videtur.
1722 646 1784 681 sed
1823 652 1956 683 rectius
1993 649 2130 683 dicetur
2164 650 2270 684 tertia
2306 650 2362 684 die

1282 693 1465 737 appellare
1488 696 1524 727 te
1547 701 1672 737 posse,
1707 692 1790 736 quia
1822 692 1930 727 nihilo
1963 693 2076 728 minus
2101 694 2251 728 alienam
2275 705 2360 729 cau-

1286 742 1300 772 1
1351 748 1426 773 sam
1458 737 1669 772 defender1s.
1718 736 1789 771 Sed
1813 737 1842 771 si
1866 737 1973 780 alius,
2007 749 2110 783 quam
2143 739 2202 783 qui
2232 739 2362 774 iudicio

1283 787 1449 828 expertus
1474 787 1544 825 est,
1578 782 1751 827 appellet,
1783 782 1898 826 qualis
1924 785 1977 817 est
2002 783 2101 819 cuius
2126 783 2287 825 interest,
2318 794 2365 818 an

1283 829 1389 863 etiam
1412 828 1518 863 tertia
1543 827 1599 863 die
1623 827 1802 872 appellare
1826 828 1956 871 possit,
1988 828 2176 863 videamus.
2226 829 2287 863 sed
2311 828 2363 863 di-

1284 873 1434 908 cendum
1459 877 1513 909 est
1536 873 1695 908 secunda
1720 872 1775 907 die
1800 873 1980 916 appellare
2004 883 2083 907 eum
2107 873 2251 914 (1011010,
2282 874 2365 918 quia

1283 930 1404 954 verum
1441 922 1495 954 est
1524 929 1603 953 eum
1636 928 1738 953 suam
1769 927 1914 952 causam
1946 917 2142 952 defendere.
2200 919 2364 953 “contra-

1283 964 1375 999 rium
1405 965 1460 999 ei⁵
1493 967 1564 1006 est,
1597 963 1628 998 si
1658 963 1754 998 dicat
1783 962 1917 998 idcirco
1950 962 2018 998 sibi
2049 963 2155 998 licere
2186 963 2279 998 intra
2302 963 2365 998 tri-

1284 1009 1393 1045 duum
1426 1009 1626 1055 appellare,
1667 1008 1751 1053 quia
1782 1007 1919 1049 videtur
1951 1007 2053 1052 quasi
2081 1008 2195 1044 alieno
2227 1009 2367 1043 nomine

1284 1055 1484 1100 appellare,
1523 1054 1685 1100 quando,
1725 1053 1756 1088 si
1791 1053 1875 1087 velit
1908 1063 2052 1088 causam
2084 1063 2185 1088 suam
2216 1054 2368 1088 alienam

1284 1100 1411 1142 videri,
1441 1105 1553 1135 semet
1583 1099 1699 1144 ipsum
1732 1098 1906 1139 excludit,
1937 1097 2020 1142 quia
2049 1097 2086 1132 in
2117 1097 2234 1132 aliena
2258 1107 2368 1132 causa

1284 1145 1326 1189 01,
1352 1145 1411 1189 (1111
1435 1145 1565 1180 iudicio
1592 1147 1760 1189 expertus
1781 1153 1852 1178 non
1872 1146 1935 1186 est,
1961 1142 2141 1187 appellare
2161 1153 2232 1177 non
2251 1143 2367 1178 liceat.

1285 1194 1304 1225 2
1353 1190 1390 1225 Si
1421 1190 1469 1235 is,
1504 1190 1564 1235 qui
1588 1200 1632 1225 ex
1656 1188 1887 1223 libertinitate
1911 1189 1946 1222 in
1970 1188 2222 1232 ingenuitatem
2246 1198 2284 1223 se
2308 1188 2367 1222 de-

1284 1235 1470 1280 fendebat,
1509 1235 1624 1271 victus
1657 1234 1838 1279 appellare
1869 1233 2044 1274 omiserit,
2084 1243 2130 1267 an
2162 1237 2263 1277 pater
2294 1233 2368 1267 eius

1285 1281 1465 1326 appellare
1489 1280 1620 1326 possit,
1654 1279 1804 1314 maxime
1837 1278 1867 1314 si
1897 1278 1993 1313 dicat
2024 1288 2104 1313 eum
2134 1278 2170 1312 in
2194 1282 2370 1323 potestate

1285 1337 1350 1362 sua
1375 1337 1463 1370 esse,
1495 1326 1689 1371 quaeritur.
1738 1323 1802 1360 sed
1826 1324 1855 1358 si
1879 1327 2007 1368 potest,
2033 1322 2129 1368 quod
2152 1324 2261 1367 magis
2285 1334 2369 1368 pro-

1285 1373 1407 1414 batur,
1432 1371 1592 1407 secunda
1616 1370 1690 1413 die,
1717 1373 1757 1404 ut
1780 1369 1926 1414 propria
1951 1379 2078 1410 causa,
2105 1368 2285 1413 appellare
2310 1368 2368 1403 (10-

1285 1420 1303 1452 3
1351 1417 1422 1452 bet.
1472 1417 1510 1451 Si
1534 1427 1598 1461 pro
1625 1426 1676 1459 eo,
1703 1415 1765 1460 qui
1790 1415 1906 1459 capite
1929 1413 2048 1459 puniri
2071 1413 2189 1448 iussus
2214 1417 2279 1455 est,
2309 1423 2369 1447 ne-

1285 1462 1442 1497 cessaria
1465 1472 1620 1507 persona
1644 1460 1810 1506 appellet,
1835 1470 1882 1494 an
1906 1459 2013 1494 tertia
2034 1458 2090 1493 die
2112 1458 2226 1493 audiri
2245 1458 2370 1504 possit,

1284 1508 1417 1543 Paulus
1442 1507 1594 1542 dubitat.
1631 1506 1695 1542 sed
1719 1505 1906 1540 dicendum
1931 1508 1985 1539 est
2008 1504 2100 1539 hanc
2125 1513 2266 1548 quoque
2289 1513 2370 1547 per-

1285 1564 1409 1588 sonam
1439 1555 1480 1588 ut
1509 1553 1546 1587 in
1575 1551 1722 1597 propria
1761 1560 1870 1585 causa
1905 1549 2061 1585 secunda
2098 1548 2154 1583 die
2191 1548 2371 1593 appellare

1285 1598 1433 1641 debere,
1464 1598 1547 1643 quia
1572 1597 1632 1643 qui
1656 1607 1722 1632 sua
1745 1596 1917 1631 interesse
1941 1594 2042 1638 dicit,
2074 1594 2256 1639 propriam
2285 1604 2370 1629 cau-

1285 1654 1361 1679 sam
1386 1643 1554 1678 defendit.

1332 1686 1355 1726 3
1389 1688 1496 1724 IDEM
1529 1688 1619 1723 libro
1651 1686 1808 1722 secundo
1844 1685 1889 1720 de
1920 1684 2226 1730 appellationibus
2278 1682 2373 1718 Illud

1286 1734 1478 1776 videamus,
1511 1733 1552 1776 si,
1586 1743 1667 1768 cum
1691 1732 1736 1766 im
1766 1730 1897 1766 eratori
1921 1731 2146 1772 scriberetur,
2171 1728 2373 1774 exemplum

1286 1779 1485 1814 litterarum
1513 1777 1685 1823 litigatori
1717 1744 1850 1812 editum
1881 1776 1928 1810 sit
1951 1784 2064 1818 neque
2087 1774 2117 1809 is
2142 1774 2373 1819 appellaverit

1286 1828 1321 1859 et
1344 1830 1471 1870 postea
1495 1828 1621 1859 contra
1645 1833 1724 1858 eum
1747 1822 1962 1865 rescriptum
1990 1822 2046 1862 sit,
2073 1830 2119 1854 an
2143 1819 2326 1864 appellare
2350 1828 2372 1853 a

1286 1870 1411 1905 litteris
1436 1869 1572 1914 pridem
1597 1868 1665 1904 sibi
1689 1867 1791 1903 editis
1816 1866 1957 1911 possit?
1999 1865 2083 1910 quia
2107 1865 2167 1909 qui
2190 1867 2276 1899 tunc
2300 1874 2372 1899 non

1286 1914 1497 1960 appellavit,
1530 1924 1614 1949 vera
1646 1923 1724 1948 esse
1756 1922 1847 1957 quae
1879 1911 2014 1955 scripta
2042 1914 2126 1945 sunt
2150 1909 2373 1960 consensisse

1286 1962 1442 1996 videtur:
1468 1970 1534 1995 nec
1553 1958 1751 1994 audiendus
1773 1961 1837 2000 est,
1859 1956 1889 1992 si
1910 1956 2006 1991 dicat
2026 1959 2188 1991 eventum
2207 1953 2374 2000 rescripti

1285 2006 1379 2042 sacri
1402 2016 1441 2042 se
1466 2005 1689 2041 sustinuisse.

1802 2141 1834 2180 V
1845 2139 1873 2182 ⁶.

1286 2211 1347 2243 DE
1369 2207 1795 2242 APPELLATIONIBUS
1815 2207 2036 2240 RECIPIEN
2037 2206 2110 2239 DIS
2120 2205 2134 2226 ⁷
2156 2204 2246 2238 VEL
2267 2203 2371 2238 NON.

1335 2275 1352 2313 1
1384 2275 1578 2312 ULPIANUS
1597 2276 1686 2311 libro
1707 2275 1896 2310 vicensimo
1918 2284 2012 2307 nouo
2033 2271 2083 2306 ad
2101 2271 2255 2307 edictum
2289 2269 2372 2305 Non

1285 2323 1401 2357 solent
1425 2321 1542 2356 audiri
1565 2321 1787 2366 appellantes
1813 2319 1880 2354 nisi
1905 2318 1952 2360 hi,
1979 2327 2126 2362 quorum
2147 2316 2294 2350 interest
2318 2315 2372 2349 vel

1286 2367 1413 2412 quibus
1443 2366 1651 2401 mandatum
1683 2369 1738 2401 est
1769 2365 1823 2400 vel
1848 2364 1908 2409 qui
1932 2362 2109 2406 negotium
2134 2362 2287 2396 alienum
2310 2370 2370 2404 ge-

1289 2416 1302 2446 1
1353 2416 1455 2453 runt,
1495 2412 1589 2455 quod
1628 2423 1710 2446 mox
1748 2415 1864 2445 ratum
1904 2409 2067 2443 habetur.
2123 2406 2194 2441 Sed
2226 2409 2260 2440 et
2291 2415 2372 2440 cum

1287 2457 1422 2492 mater⁸
1455 2457 1518 2491 filii
1549 2468 1624 2492 rem
1656 2456 1834 2492 sententia
1872 2464 2028 2489 eversam
2066 2452 2371 2503 animadverteret,

1286 2503 1548 2547 provocaverit,
1611 2502 1712 2537 letati
1749 2500 1930 2535 dandum⁹
1968 2502 2021 2532 est
2058 2501 2093 2532 et
2130 2497 2223 2531 hanc
2258 2495 2373 2530 01111111

1286 2548 1436 2583 debere:
1470 2551 1505 2582 et
1536 2547 1567 2583 si
1610 2548 1694 2582 item
1724 2544 2007 2591 praeparandam
2042 2551 2167 2577 curare
2197 2540 2370 2582 maluerit,

1285 2592 1504 2628 intercedere
1529 2604 1601 2628 non
1625 2592 1774 2634 videtur,
1799 2591 1883 2626 licet
1905 2590 1950 2624 ab
1970 2587 2069 2623 initio
2090 2586 2278 2622 defendere
2300 2595 2372 2620 nou

1312 2642 1416 2673 otest.

1286 2650 1308 2683 p
1333 2681 1357 2719 2
1383 2682 1586 2718 Scarvom
1620 2683 1710 2718 libro
1741 2685 1872 2727 quarto
1903 2678 2138 2728 reqularum·
2172 2676 2370 2728 Ante-sen·

1285 2728 1432 2763 tentiam
1456 2728 1628 2773 appellari
1653 2730 1781 2772 potest,
1809 2726 1839 2761 si
1865 2724 2105 2769 quaestionem
2130 2732 2166 2755 m
2191 2720 2368 2774 9¹V¹h.¹¹⁰:‘

1284 2774 1379 2818 gotio
1405 2773 1603 2809 habendam
1627 2772 1733 2807 iudex
1757 2772 1991 2806 interlocutus
2017 2768 2081 2810 sit,
2115 2767 2169 2801 vel
2192 2776 2228 2800 111
2253 2775 2369 2800 ermu-

1286 2819 1367 2861 nali,
1394 2818 1425 2853 si
1449 2823 1575 2854 contra
1599 2818 1694 2862 leges
1719 2817 1788 2852 hoc
1813 2816 1932 2851 faciat.
2343 2853 2351 2861 ·

1331 2862 1355 2902 3
1388 2863 1548 2899 Panes
1584 2863 1674 2898 libro
1706 2861 1888 2908 εὐφυίαν-ἱ
1917 2858 2125 2904 reyularum
2180 2855 2279 2889 Intra
2306 2858 2370 2904 tri-

1286 2909 1394 2944 duum
1418 2909 1601 2954 appellare
1625 2908 1707 2943 licet
1732 2908 1781 2950 ei,
1816 2906 1876 2951 qui
1900 2905 1943 2940 de
1967 2906 2133 2948 suspecto
2159 2905 2276 2935 tutore
2300 2902 2370 2943 egit

1285 2955 1471 2998 victusque
1494 2953 1664 2998 appellat.
2145 2992 2150 2997 ι
2289 2987 2312 2998 ,-

1331 2999 1357 3036 4
1388 3000 1529 3035 Macra
1563 2998 1652 3033 libro
1680 2997 1801 3043 primo
1834 2995 1878 3030 de
1911 2991 2240 3040 appellationibus·
2267 2987 2368 3038 Llus,

1286 3045 1346 3089 qui
1382 3045 1462 3080 ideo
1502 3053 1647 3079 causam
1684 3051 1789 3086 agere
1826 3040 2039 3079 frustratur,
2077 3034 2174 3086 quod
2207 3033 2293 3067 dicit
2330 3042 2369 3066 se

1285 3090 1442 3125 libellum
1474 3088 1626 3133 principi
1656 3087 1794 3122 dedisse
1832 3089 1867 3120 et
1899 3094 2038 3119 sacrum
2068 3083 2276 3130 rescriptum
2308 3087 2368 3110 ex-

1285 3139 1449 3181 pectare,
1475 3133 1591 3168 audiri
1616 3131 1830 3167 desiderium
1853 3129 2080 3174 prohibetur:
2107 3128 2142 3159 et
2164 3134 2195 3176 sl
2212 3123 2264 3174 ,ob
2290 3131 2368 3173 eam

1286 3190 1432 3215 causam
1469 3177 1733 3223 provocaverit,
1775 3173 1964 3221 appellatio
2001 3173 2075 3206 eius
2112 3178 2223 3213 100101
2253 3175 2368 3203 sacris

1286 3224 1600 3260 constitutionibus
1624 3226 1775 3258 vetatur.
2132 3259 2138 3266 ι
2193 3258 2199 3264 .
2345 3254 2352 3261 ,

1331 3270 1354 3307 5
1387 3269 1581 3305 ULPIANUS
1612 3268 1702 3303 libro
1734 3270 1864 3312 quarto
1895 3263 1939 3298 de
1963 3274 1984 3296 a
2007 3257 2283 3310 pellqtzomlgus·
2309 3254 2367 3296 El,

1286 3316 1386 3350 0111113
1408 3313 1601 3358 appellatio
1619 3324 1688 3347 non
1707 3312 1886 3355 recipitur,
1908 3307 1967 3343 suf
1993 3307 2049 3347 cit,
2071 3315 2100 3339 31
2119 3304 2234 3347 003311
2250 3300 2367 3335 (110010

1286 3360 1560 3405 appellationem
1579 3369 1679 3393 suam
1699 3368 1768 3391 non
1787 3364 1863 3390 esse
1884 3356 2080 3402 receptam:
2107 3346 2201 3398 quod
2225 3354 2368 3404 quaqua

1290 3410 1301 3439 1
1353 3404 1492 3439 ratione
1517 3403 1662 3445 doceat,
1695 3402 1899 3436 admittetur
1929 3407 2002 3431 01113
2034 3392 2235 3446 appellatio.
2275 3389 2367 3441 ‘hon

1286 3454 1430 3494 recepta
1466 3452 1585 3483 autem
1625 3446 1882 3492 appellatione,
1923 3441 1954 3476 si
1993 3439 2135 3489 quidem
2196 3443 2367 3485 rmcipem

1286 3494 1459 3540 appellari
1489 3494 1666 3538 oportuit,
1698 3488 1851 3535 principi
1883 3487 1949 3521 erit
1980 3483 2166 3536 supplicari
2194 3490 2268 3532 um:
2311 3488 2367 3529 sm

1286 3550 1369 3575 vero
1402 3539 1493 3574 alius
1505 3540 1532 3560 ¹⁰
1567 3536 1816 3583 appellabatur
1848 3541 1952 3576 quam
1984 3536 2168 3575 princeps,
2207 3524 2267 3559 1110
2301 3525 2369 3558 erit

1287 3654 1353 3686 ind.
1368 3653 1404 3692 F,
1425 3650 1638 3694 respiciendis
1652 3649 1686 3681 F
1785 3647 1828 3686 (8)
1853 3653 1937 3684 quae
1951 3643 2010 3675 ins.
2118 3640 2161 3688 (⁹.)
2188 3635 2365 3668 11110111οο11-

1286 3698 1365 3729 (111111
1386 3697 1446 3738 F¹‚
1467 3697 1548 3728 dant
1565 3692 1739 3726 dicendum
1759 3691 1906 3733 primum,
1928 3700 1997 3719 mue
2018 3686 2097 3717 daus
2117 3682 2292 3714 dicendum
2312 3678 2366 3712 F·

1289 3748 1346 3784 (ιο)
1372 3741 1464 3774 aliud
1484 3742 1517 3773 F
2032 3786 2095 3818 ¹04
