2528 3918
104 155 163 188 DE
191 154 501 187 anemurum
528 154 588 185 m·
615 153 743 187 CONS-

100 276 182 302 cum
205 273 246 300 se
267 263 422 309 probare
445 262 532 298 dicit
553 262 591 298 id
614 261 711 308 quod
734 262 869 307 agitur:
909 262 979 299 hoc
1011 265 1066 299 est
1096 262 1188 299 enim

99 312 283 346 auctorem
305 308 392 344 fieri.

145 353 172 392 4
194 352 425 390 Poupomvs
456 352 547 388 libro
580 352 732 398 septimo
768 351 905 388 decimo
940 352 991 388 ad
1013 352 1188 389 Sabinum

99 399 179 435 Etsi
201 398 363 444 pluribus
381 397 475 433 datis
491 397 671 432 tutoribus
687 396 795 432 unius
809 398 1006 433 auctoritas
1018 397 1187 439 sufficiat,

99 450 218 479 tamen
241 443 273 478 si
295 446 395 478 tutor
418 445 637 484 auctoretur,
670 442 729 477 cui
760 441 1021 478 administratio
1053 442 1188 478 tutelae

97 497 271 524 concessa
293 497 366 523 non
398 491 471 529 est,
502 487 539 522 id
569 491 686 522 ratum
718 497 741 522 a
770 490 936 532 praetore
965 488 1092 524 haberi
1115 498 1187 523 non

97 534 214 569 debet.
240 536 278 568 et
299 532 380 568 ideo
404 536 493 578 puto
517 532 635 567 verius
659 542 749 574 esse,
773 532 870 578 quod
888 532 993 569 Ofilio
1006 533 1186 578 placebat,

96 579 128 614 si
151 588 193 615 eo
215 580 336 613 tutore
359 581 518 620 auctore,
543 577 605 623 qui
627 577 777 612 tutelam
800 588 873 613 non
895 582 1008 622 gerat,
1034 588 1149 614 emam
1164 587 1187 613 a

96 622 230 669 pupillo
262 622 379 658 sciens
411 623 519 658 alium
549 623 626 657 eius
657 622 806 657 tutelam
833 633 975 668 gerere,
1006 623 1186 659 dominum

97 678 153 704 me
175 678 248 704 non
270 678 378 713 posse
400 668 496 703 fieri:
533 667 618 703 item
642 667 673 703 si
695 678 738 703 eo
762 673 912 704 auctore
934 679 1061 711 emam,
1086 668 1148 721 qui
1163 677 1186 703 a

95 713 210 749 tutela
231 713 342 748 fuerit
362 716 539 749 remotus:
571 723 639 748 nec
663 713 756 748 enim
779 713 817 748 id
839 717 958 749 ratum
981 714 1116 749 haberi.

142 757 166 796 5
210 757 406 794 mmmm
452 758 544 794 libro
595 758 875 805 quadraqesz'mo
922 759 973 795 ad
1010 758 1183 795 Sabinum

96 803 258 849 Pupillus
282 803 431 848 obligari
452 803 565 839 tutori
589 814 631 838 eo
655 806 804 839 auctore
826 814 899 839 non
922 807 1053 849 potest.
1078 803 1186 849 plane

94 849 126 884 si
145 849 269 901 plures
292 849 366 884 sint
386 852 537 891 tutores,
561 859 711 894 quorum
742 849 848 884 unius
880 850 1077 885 auctoritas
1109 848 1184 885 suf-

95 893 180 936 ficit,
206 893 396 929 dicendum
427 897 483 929 est
512 894 625 929 altero
657 897 804 929 auctore
826 894 999 940 pupillum
1023 895 1055 930 ei
1077 904 1186 939 posse

92 939 256 985 obligari,
281 939 355 974 sive
377 942 538 974 mutuam
561 939 750 984 pecuniam
774 939 807 974 ei
831 939 891 975 det
906 940 980 975 sive
994 940 1185 986 stipuletur

92 984 140 1019 ab
165 993 221 1019 eo.
244 984 307 1019 sed
341 988 379 1020 et
392 986 402 1006 ¹
443 994 524 1020 cum
554 984 653 1020 solus
684 984 732 1020 sit
761 988 861 1020 tutor
890 988 1051 1020 mutuam
1074 995 1183 1030 pecu·

94 1029 191 1065 niam
213 1029 349 1075 pupillo
386 1029 524 1065 dederit
556 1030 613 1064 vel
646 1029 693 1065 ab
726 1039 768 1065 eo
792 1030 993 1075 stipuletur,
1018 1040 1092 1066 non
1117 1029 1184 1065 erit

91 1074 270 1119 obligatus
301 1075 430 1110 tutori:
481 1074 694 1110 naturaliter
731 1078 853 1111 tamen
887 1075 1105 1121 obligabitur
1146 1075 1184 1110 in

92 1123 266 1165 quantum
301 1120 514 1165 locupletior
546 1120 667 1156 factus
703 1123 776 1156 est:
820 1130 904 1155 nam
938 1121 976 1155 in
1009 1119 1184 1166 pupillum

92 1175 166 1200 non
188 1168 330 1200 tantum
353 1166 474 1207 tutori,
498 1176 621 1201 verum
645 1164 754 1201 cuivis
791 1166 967 1201 actionem
998 1166 1037 1201 in
1068 1175 1182 1211 quan-

91 1213 169 1245 tum
203 1210 416 1255 locupletior
448 1210 568 1246 factus
603 1214 659 1246 est
692 1210 848 1246 dandam
882 1211 983 1247 divus
1006 1211 1093 1246 Pius
1125 1221 1182 1246 re-

96 1258 111 1290 1
160 1255 315 1300 scripsit.
369 1256 531 1301 Pupillus
563 1255 746 1291 vendendo
781 1256 858 1291 sine
892 1256 1022 1292 tutoris
1056 1259 1182 1291 aucto-

90 1300 199 1336 ritate
236 1311 310 1336 non
340 1301 540 1346 obligetur-²
578 1301 642 1337 sed
672 1311 740 1337 nec
769 1301 832 1336 in³
863 1301 1031 1344 emendo,
1054 1301 1123 1337 nisi
1146 1301 1184 1336 in

92 1348 114 1381 2
159 1349 334 1391 quantum
356 1345 570 1392 locupletior
591 1346 711 1391 factus
743 1349 810 1383 est.
856 1346 946 1382 Item
977 1347 1054 1392 ipse
1084 1349 1184 1382 tutor

91 1393 128 1426 et
150 1391 320 1436 emptoris
352 1394 389 1427 et
425 1392 618 1427 venditoris
649 1392 770 1428 officio
798 1391 900 1437 fungi
938 1403 1012 1428 non
1042 1395 1180 1437 potest:

90 1435 154 1471 sed
178 1436 272 1471 enim
295 1436 326 1471 si
351 1440 575 1472 contutorem
598 1437 742 1480 habeat,
767 1437 870 1473 cuius
883 1438 1082 1474 auctoritas
1106 1437 1182 1473 suf-

90 1481 176 1523 ficit,
211 1481 339 1526 procul
372 1482 481 1518 dubio
516 1492 633 1518 emere
667 1486 798 1527 potest.
837 1482 902 1519 sed
932 1483 963 1518 si
991 1483 1088 1518 mala
1110 1482 1182 1518 fide

90 1526 223 1572 emptio
239 1527 494 1569 intercesserit,
519 1528 651 1563 nullius
675 1527 742 1563 erit
757 1529 928 1564 momenti
947 1528 1100 1574 ideoque
1115 1538 1182 1564 nec

89 1581 290 1617 usucapere
323 1576 454 1617 potest.
491 1583 579 1609 sane
612 1573 643 1608 si
679 1583 767 1609 suae
790 1574 918 1609 aetatis
941 1573 1060 1609 factus
1085 1583 1181 1609 com-

90 1620 110 1653 3
156 1617 362 1663 probaverit
385 1618 611 1663 emptionem,
636 1621 844 1654 contractus
867 1619 972 1654 valet.
1014 1618 1121 1655 Sed*
1151 1618 1182 1654 si

89 1672 154 1708 per
175 1662 423 1708 interpositam
445 1674 636 1709 personam
660 1674 736 1699 rem
759 1664 885 1709 pupilli
909 1664 1052 1707 emerit,
1076 1664 1115 1699 in
1139 1674 1182 1700 ea

88 1717 201 1743 causa
225 1712 297 1751 est,
329 1711 370 1743 ut
401 1709 531 1754 emptio
563 1709 694 1745 nullius
725 1710 896 1745 momenti
919 1710 977 1753 sit,
1002 1709 1086 1755 quia
1109 1719 1182 1745 non

88 1752 186 1789 bona
207 1752 280 1788 fide
302 1753 443 1789 videtur
464 1764 540 1789 rem
562 1754 733 1800 gessisse:
758 1757 795 1790 et
817 1754 869 1790 ita
892 1759 947 1791 est
969 1755 1182 1808 rescriptum

88 1800 110 1833 4
156 1808 180 1833 a
204 1798 283 1834 divo
308 1798 438 1835 Severo
463 1803 499 1835 et
520 1800 717 1836 Antonino.
765 1799 860 1836 Sane
883 1800 915 1836 si
937 1800 1016 1846 ipse
1039 1800 1181 1845 quidem

41 1880 43 1882 .
88 1843 173 1879 emit
194 1844 326 1896 palam,
359 1844 457 1879 dedit
489 1849 610 1880 autem
640 1855 772 1881 nomen
802 1856 876 1881 non
906 1846 1001 1881 mala
1023 1845 1094 1881 fide
1117 1845 1181 1881 sed

87 1888 304 1934 simphciter,
339 1893 381 1924 ut
414 1890 530 1926 solent
563 1891 787 1926 honestiores
821 1901 895 1926 non
929 1891 1006 1936 pati
1035 1890 1183 1927 nomina

87 1944 155 1970 sua
176 1934 421 1971 instrumentis
444 1935 614 1979 inscribi,
637 1936 733 1972 valet
755 1936 905 1981 emptio:
931 1935 1028 1982 quod
1051 1936 1083 1972 si
1106 1936 1179 1972 cal-

87 1979 176 2022 lide,
212 1980 305 2015 idem
342 1981 428 2023 erit,
464 1991 508 2016 ac
543 1981 575 2016 si
607 1991 673 2027 per
704 1982 954 2027 interpositam
1014 1991 1180 2017 ersonam

87 2027 107 2059 5
167 2025 320 2061 emisset.
381 2026 452 2061 Sed
487 2029 524 2061 et
565 2026 597 2062 si
640 2026 795 2063 creditor
829 2038 879 2073 pu
905 2027 956 2062 illi
1017 2026 1025 2035 '
1046 2027 1180 2070 trahat,

86 2071 109 2106 6
155 2080 269 2116 aeque
300 2081 416 2107 emere
446 2071 543 2107 bona
574 2071 646 2107 fide
667 2072 810 2125 poterit.
884 2083 897 2107 1
931 2072 1026 2108 filius
1049 2072 1179 2108 tutoris

86 2114 142 2151 vel
165 2125 258 2161 quae
281 2116 353 2151 alia
375 2126 529 2162 persona
550 2116 621 2152 iuri
644 2127 721 2153 eius
740 2117 904 2153 subiecta
927 2117 1063 2160 emerit,
1085 2117 1180 2153 idem

86 2160 155 2196 erit
178 2164 287 2206 atque
311 2161 342 2197 si
364 2162 442 2207 ipse
466 2162 622 2198 emisset.

133 2203 158 2243 6
182 2205 414 2242 Pomorum
445 2207 536 2243 libro
570 2208 723 2261 septimo
759 2207 896 2244 decimo
930 2207 982 2243 ad
1003 2206 1179 2244 Sabinum

86 2250 242 2287 Tutores
255 2277 265 2294 ,
302 2252 432 2296 quibus
479 2252 740 2289 admimstratio
784 2253 929 2289 decreta
963 2263 1038 2288 non
1072 2257 1178 2296 esset,

85 2301 268 2342 tamquam
293 2300 482 2334 extraneos
504 2302 602 2334 recte
625 2308 649 2334 a
696 2298 806 2344 upillo
831 2307 948 2334 emere
970 2298 1103 2344 placet.

132 2340 155 2378 7
201 2341 398 2378 Uzpulvvs
440 2343 532 2378 libro
579 2310 861 2390 quade-aqesimo
907 2343 959 2379 ad
1002 2343 1179 2380 Sabinum

85 2386 190 2432 Quod
213 2387 362 2423 dicimus
392 2388 430 2423 in
460 2398 536 2424 rem
566 2399 668 2424 suam
700 2388 952 2425 auctoritatem
975 2398 1177 2425 accommo-

85 2433 173 2468 dare
195 2436 350 2468 tutorem
373 2444 446 2469 non
468 2444 587 2486 posse,
610 2435 743 2470 totiens
765 2444 890 2470 verum
914 2437 988 2477 est,
1013 2435 1177 2480 quotiens

84 2487 148 2523 per
171 2481 284 2514 semet
312 2478 368 2514 vel
398 2479 579 2515 subiectas
611 2480 679 2515 sibi
708 2490 883 2525 personas
914 2479 1114 2525 adquiritur
1145 2480 1178 2516 ei

85 2523 289 2569 stipulatio:
326 2527 485 2559 ceterum
524 2525 706 2570 negotium
750 2525 783 2560 ei
817 2525 915 2570 geri⁴
950 2534 1016 2571 per
1050 2535 1176 2561 conse-

83 2568 295 2650 ?uessl‘ffi‘
321 2573 375 2649 ¹²5-
390 2569 1177 2651 dgfflfieffiaffiflet'rffissmuffiffl

110 2659 219 2704 upillo
243 2659 452 2704 stipuletur,
477 2626 573 2696 alter?
591 2661 704 2697 altero
728 2663 848 2697 tutore
872 2664 1030 2704 auctore,
1054 2660 1175 2697 dicen·

109 2714 170 2739 um
192 2707 248 2740 est
270 2704 536 2750 stipulationem
558 2706 688 2749 valere,
713 2706 765 2742 sic
788 2709 928 2748 tamen,
963 2706 995 2742 si
1017 2707 1175 2742 auctori-

83 2753 140 2785 tas
162 2749 293 2785 tutoris
316 2750 423 2786 unius
447 2750 622 2787 sufficiat:
656 2754 815 2788 ceterum
846 2751 878 2787 si
908 2761 982 2787 non
1005 2751 1174 2794 sufficiat,

83 2796 104 2829 2
152 2794 339 2830 dicendum
363 2796 431 2831 erit
459 2796 621 2832 inutilem
652 2807 731 2833 esse
753 2796 1029 2841 stipulationem.
1077 2796 1116 2833 Si
1140 2800 1176 2833 et

84 2842 188 2885 pater
211 2843 248 2876 et
269 2840 364 2876 filius
388 2841 449 2887 qui
471 2841 508 2876 in
527 2845 711 2894 potestate
735 2842 812 2878 eius
834 2841 904 2877 fuit
933 2845 1072 2878 tutores
1095 2841 1174 2878 fue-

83 2887 169 2920 runt
203 2889 239 2921 et
270 2889 376 2931 pater
410 2887 457 2921 sit
491 2887 684 2932 stipulatus
717 2887 791 2923 filio
827 2890 999 2930 auctore,
1042 2887 1174 2923 nullius

84 2930 252 2966 momenti
282 2931 350 2966 erit
379 2931 561 2977 stipulatio
593 2933 748 2976 idcirco,
780 2932 867 2979 quia
895 2932 934 2967 in
963 2942 1039 2968 rem
1062 2933 1174 2978 patris

84 2979 212 3011 auctor
235 2985 315 3012 esse
337 2976 432 3012 filius
455 2988 529 3013 non
551 2981 684 3023 potest.

130 3018 155 3058 8
179 3020 289 3056 Imm
319 3021 410 3057 libro
445 3023 724 3069 quadraqesimo
759 3026 886 3059 octavo
919 3023 969 3058 ad
998 3021 1173 3059 Sabinum

84 3064 165 3101 Etsi
187 3066 444 3102 condicionalis
469 3070 676 3104 contractus
701 3079 783 3104 cum
806 3068 942 3114 pupillo
974 3068 1050 3110 fiat,
1074 3072 1175 3104 tutor

85 3110 191 3146 debet
249 3122 315 3147 ure
350 3115 479 3148 auctor
512 3113 607 3148 fieri:
650 3123 734 3149 nam
769 3114 966 3149 auctoritas
989 3123 1062 3148 non
1086 3124 1173 3150 con·

84 3155 176 3192 dicio
241 3156 317 3199 ‘ter‚
341 3157 405 3192 sed
427 3168 517 3203 pure
538 3158 800 3204 interponenda
830 3162 904 3202 est,
927 3163 969 3194 ut
991 3158 1172 3195 condicio-

85 3201 175 3236 nalis
200 3205 405 3238 contractus
430 3203 671 3239 confirmetur.

130 3243 156 3283 9
181 3246 331 3282 ''GAws
350 3247 442 3283 libro
473 3249 683 3284 duodecimo
699 3248 750 3283 ad
770 3248 925 3284 edictum
940 3248 1173 3301 provinciale

85 3289 243 3336 obligari
283 3301 328 3327 ex
370 3292 466 3328 omni
509 3297 699 3329 contractu
739 3293 898 3339 pupillus
933 3303 1009 3330 sine
1043 3294 1171 3330 tutoris

84 3336 301 3373 auctoritate
322 3347 396 3372 non
418 3342 556 3383 potest:
589 3339 777 3384 adquirere
807 3343 926 3375 autem
956 3339 1025 3374 sibi
1056 3339 1171 3384 stipu-

84 3380 192 3417 lando
222 3385 259 3416 et
289 3391 353 3427 per
380 3383 609 3419 traditionem
640 3384 850 3429 accipiendo
883 3384 990 3419 etiam
1013 3383 1090 3420 sine
1112 3387 1170 3419 tu-

83 3426 172 3462 toris
196 3427 410 3463 auctoritate
432 3432 572 3474 potest:
611 3429 676 3464 sed
707 3428 884 3465 credendo
915 3429 1072 3474 obligare
1103 3429 1172 3464 sibi

83 3480 156 3506 non
179 3475 319 3516 potest,
351 3473 434 3518 quia
465 3475 542 3510 sine
571 3474 701 3510 tutoris
732 3474 946 3510 auctoritate
974 3474 1062 3509 nihil
1085 3474 1170 3509 alie-

88 3518 103 3550 1
151 3526 239 3568 nare
262 3520 390 3562 potest.
426 3518 486 3554 Ex
508 3520 578 3554 hoc
602 3523 731 3561 autem,
751 3519 848 3564 quod
862 3519 1018 3564 pupillus
1036 3519 1171 3554 nullam

83 3569 158 3595 rem
182 3570 259 3596 sine
281 3563 410 3598 tutoris
434 3565 648 3599 auctoritate
670 3564 827 3600 alienare
849 3567 987 3609 potest,
1019 3567 1172 3609 apparet

88 3722 126 3757 (1)
140 3720 186 3760 et]
199 3720 228 3751 si
240 3731 303 3754 scr.
351 3723 393 3762 (2)
407 3720 579 3763 obligatur
591 3723 621 3756 S
665 3726 707 3760 (3)
721 3722 756 3754 in
771 3722 833 3755 del.
847 3723 876 3755 S
911 3723 964 3763 (3⁸)
978 3724 1011 3754 et
1025 3724 1084 3755 ins.
1097 3723 1171 3755 edd.

86 3763 130 3801 (4)
144 3765 214 3805 geri
229 3768 412 3808 transponit
422 3773 497 3800 ante
508 3767 597 3799 nihil
609 3767 644 3800 F
648 3766 663 3787 ²
711 3769 752 3806 (5)
767 3767 1038 3809 consequientias
1051 3767 1085 3799 F
1127 3769 1170 3807 (6)

1175 136 1263 188 349

2146 142 2348 186 XXVI8

1256 272 1324 299 nec
1346 262 1596 299 manumittere
1618 273 1701 298 eum
1723 263 1800 300 sine
1830 265 1960 300 tutoris
1992 264 2209 301 auctoritate
2231 274 2350 311 posse.

1256 308 1326 344 hoc
1349 308 1502 354 amplius
1525 307 1610 343 licet
1632 308 1760 344 tutoris
1784 310 1999 346 auctoritate
2022 310 2263 354 manumittat,
2287 309 2349 346 de-

1256 353 1318 389 bet
1340 363 1362 389 e
1384 353 1461 398 lege
1483 352 1586 389 Aelia
1609 351 1733 388 Sentia
1764 353 1861 399 apud
1884 354 2071 391 consilium
2095 365 2243 391 causam
2264 366 2349 402 pro·

1256 400 1277 434 2
1323 398 1421 434 bare.
1467 397 1631 444 Pupillus
1656 407 1702 433 ex
1725 399 1889 435 omnibus
1921 400 2040 436 causis
2071 400 2240 436 solvendo
2272 400 2350 436 sine

1255 443 1386 479 tutoris
1409 444 1627 479 auctoritate
1658 443 1746 478 nihil
1780 444 1864 489 agit,
1888 446 1972 490 quia
1995 445 2132 481 nullum
2156 445 2350 482 dominium

1254 488 1451 524 transferre
1479 492 1619 534 potest:
1661 488 1692 524 si
1722 492 1842 524 tamen
1874 489 2027 526 creditor
2057 491 2155 527 bona
2184 491 2256 528 fide
2313 502 2349 527 e-

1255 534 1399 569 cuniam
1459 534 1562 579 upilli
1597 533 1882 579 consumpserit,
1925 535 2135 571 liberabitur
2177 536 2264 582 pup‘
2293 547 2348 572 us.

1255 581 1276 614 3
1322 578 1418 614 Here
1446 579 1568 615 ‘tatem
1592 578 1692 614 adire
1739 579 1870 624 upillus
1894 579 1970 615 sine
1992 580 2120 616 tutoris
2133 581 2350 618 auctoritate

1254 633 1328 659 non
1351 627 1482 668 potest,
1513 624 1674 670 quamvis
1723 634 1854 660 ucrosa
1889 625 1937 660 sit
1969 635 2036 661 nec
2070 626 2182 662 ullum
2215 627 2351 663 habeat

1254 671 1275 703 4
1323 668 1503 705 damnum.
1559 669 1637 705 Nec
1671 679 1716 705 ex
1746 673 1894 705 senatus
1927 670 2089 706 consulto
2122 671 2347 708 Trebelliano

1253 713 1489 750 hereditatem
1512 715 1673 760 recipere
1695 715 1853 760 pupillus
1878 714 1955 750 sine
1978 716 2109 751 tutoris
2132 717 2350 754 auctoritate

1254 761 1274 794 5
1322 763 1454 804 potest.
1509 760 1626 796 Tutor
1656 759 1779 796 statim
1813 759 1849 795 in
1884 760 1964 805 ipso
1999 761 2141 806 negotio
2177 773 2348 808 praesens

1254 803 1362 840 debet
1384 807 1513 840 auctor
1535 805 1625 848 fieri,
1649 809 1734 851 post
1756 809 1896 850 tempus
1921 815 2005 841 vero
2029 811 2094 841 aut
2123 817 2188 859 per
2211 807 2346 853 epistu—

1254 853 1275 886 6
1321 849 1393 885 lam
1415 849 1630 895 interposita
1653 850 1730 886 eius
1754 850 1952 886 auctoritas
1973 850 2061 886 nihil
2080 856 2163 897 ag1t.
2196 852 2348 889 Etiamsi

1253 904 1326 930 non
1350 894 1520 930 exaudiat
1542 895 1672 931 tutoris
1696 895 1950 931 auctoritatem
1972 896 2003 931 is
2028 896 2089 942 qui
2113 908 2194 932 cum
2210 898 2346 944 pupillo

1253 940 1443 983 contrahit,
1468 940 1611 986 scriptis
1635 944 1756 976 tamen
1779 941 1850 977 hoc
1862 941 2094 986 adprobetur‚
2118 946 2216 978 recte
2240 954 2347 989 nego-

1251 985 1341 1020 tium
1364 985 1510 1030 geritur,
1534 986 1643 1021 veluti
1666 986 1697 1021 si
1720 986 1862 1022 absenti
1896 986 2032 1032 pupillo
2063 997 2129 1032 per
2160 988 2347 1033 epistulam

1250 1030 1402 1066 vendam
1437 1030 1574 1076 aliquid
1608 1035 1673 1066 aut
1707 1031 1822 1067 locem
1858 1034 1893 1067 et
1926 1032 1956 1067 is
1980 1032 2110 1067 tutoris
2134 1034 2349 1069 auctoritate

1253 1075 1465 1111 consentiat.

1301 1119 1352 1159 10
1377 1120 1538 1157 PAULUS
1558 1121 1650 1157 libro
1674 1122 1840 1157 vicesimo
1891 1126 1997 1157 παντο
2010 1121 2061 1157 ad
2083 1122 2238 1158 edictum
2274 1123 2344 1159 Tu-

1251 1168 1321 1208 tor,
1357 1166 1418 1211 qui
1452 1177 1518 1211 per
1551 1166 1792 1202 valetudinem
1826 1177 1868 1202 ve
1917 1167 2118 1202 absentiam
2152 1167 2208 1203 vel
2242 1167 2348 1204 aliam

1250 1211 1383 1247 iustam
1406 1221 1553 1247 causam
1577 1214 1705 1247 auctor
1727 1211 1806 1248 fieri
1821 1223 1894 1248 non
1917 1212 2046 1258 potuit,
2071 1223 2145 1248 non
2168 1216 2320 1249 tenetur.

1301 1255 1348 1293 11
1380 1256 1504 1292 Gaws
1535 1257 1628 1292 libro
1688 1258 1791 1293 uinto
1822 1257 1960 1293 decimo
1995 1257 2046 1293 ad
2075 1258 2229 1294 edictum
2256 1269 2349 1307 pro·

1252 1301 1406 1338 vinciale
1441 1301 1479 1337 Si
1502 1301 1551 1337 ad
1572 1267 1746 1348 pupifium
1770 1306 1835 1338 aut
1857 1302 2036 1339 furiosum
2058 1302 2238 1339 bonorum
2260 1314 2345 1350 pos·

1251 1347 1364 1383 sessio
1394 1348 1591 1392 pertineat,
1623 1347 1925 1393 expediendarum
1955 1358 2075 1384 rerum
2104 1349 2222 1394 gratia
2253 1353 2290 1385 et
2310 1350 2346 1386 in

1251 1392 1480 1438 agnoscenda
1515 1397 1551 1428 et
1583 1393 1622 1428 in
1657 1393 1882 1439 repudianda
1916 1394 2091 1429 bonorum
2121 1394 2347 1440 possessione

1250 1437 1470 1473 voluntatem
1512 1438 1642 1474 tutoris
1686 1439 1960 1484 curatorisque⁸
2010 1439 2166 1485 spectari
2216 1440 2347 1476 deber<-

1249 1482 1404 1528 placuit:
1430 1483 1492 1528 qui
1507 1483 1645 1519 scilicet
1660 1483 1692 1519 si
1715 1484 1800 1530 quid
1820 1494 1944 1520 eorum
1966 1489 2094 1520 contra
2121 1485 2347 1522 commodum

1249 1528 1376 1609 pupillli
1402 1528 1572 1565 furiosive
1595 1529 1757 1572 fecerint,
1781 1530 1917 1565 tutelae
1940 1529 2180 1566 curationisve
2213 1530 2345 1567 iudicio

1250 1577 1331 1609 tene
1358 1577 1478 1609 untur.

1299 1616 1352 1656 12
1375 1619 1400 1655 1
1404 1629 1571 1655 ULIANUS
1591 1619 1683 1655 libro
1707 1621 1873 1656 vicesimo
1889 1620 2015 1667 primo
2040 1620 2265 1668 diqestorum
2309 1621 2345 1657 Si

1250 1674 1373 1700 servus
1398 1665 1596 1700 communis
1620 1668 1704 1701 tuus
1727 1669 1765 1702 et
1788 1665 1873 1701 Titii
1905 1676 1928 1701 a
1950 1665 2088 1711 pupilla
2110 1670 2174 1702 tua
2197 1670 2234 1702 te
2258 1677 2344 1703 auc-

1249 1713 1329 1746 tore
1352 1710 1507 1756 aliquam
1530 1720 1605 1745 rem
1628 1721 1694 1756 per
1716 1710 1944 1747 traditionem
1968 1712 2158 1757 acceperit,
2192 1715 2272 1748 tota
2295 1713 2340 1748 ad

1250 1755 1384 1791 Titium
1414 1755 1618 1801 pertinebit.
1681 1754 1924 1792 Masculus
1950 1761 2075 1792 notat:
2113 1768 2196 1792 nam
2231 1757 2343 1803 quod-

1250 1811 1403 1846 cumque
1433 1800 1482 1836 ad
1515 1810 1640 1836 omnes
1664 1800 1826 1837 dominos
1855 1812 1929 1837 non
1951 1805 2071 1847 potest
2093 1803 2283 1848 pertinere,
2306 1803 2343 1838 id

1249 1856 1314 1892 pro
1340 1845 1452 1881 solido
1476 1846 1523 1881 ad
1547 1856 1639 1888 eum,
1663 1846 1722 1881 cui
1745 1846 1885 1892 adquiri
1916 1850 2047 1892 potest,
2079 1848 2262 1894 pertinere
2285 1858 2344 1884 ve-

1249 1895 1342 1933 teres
1367 1891 1703 1936 comprobaverunt.

1298 1934 1348 1974 13
1383 1936 1410 1972 I
1412 1937 1600 1972 ULIANUS9
1641 1936 1732 1973 libro
1767 1937 1933 1974 vicesimo
1962 1939 2087 1985 primo
2123 1937 2343 1986 diqestorum

1247 1982 1455 2028 Impuberes
1479 1985 1599 2017 tutore
1621 1985 1772 2018 auctore
1790 1982 2005 2029 obligantur,
2023 1983 2161 2019 etiamsi
2176 1987 2343 2020 taceant:

1247 2037 1332 2062 nam
1367 2037 1450 2063 cum
1490 2027 1681 2073 pecuniam
1715 2031 1876 2063 mutuam
1919 2028 2148 2075 acceperint,
2184 2030 2343 2075 quamvis

1247 2073 1336 2108 nihil
1358 2072 1492 2115 dicant,
1517 2073 1734 2109 auctoritate
1756 2073 1886 2110 tutoris
1916 2074 2129 2120 interposita
2164 2077 2343 2111 tenentur.

1247 2128 1360 2198 quare
1392 2120 1429 2154 et
1458 2117 1491 2153 si
1522 2128 1596 2154 non
1627 2118 1750 2154 debita
1780 2119 1936 2172 pecunia
1958 2119 2013 2155 his
2037 2120 2201 2166 personis
2225 2120 2343 2156 soluta

1264 2163 1366 2206 uerit,
1414 2163 1551 2199 uamvis
1575 2163 1767 2207 tacuerint,
1791 2165 2005 2210 interposita
2028 2165 2161 2200 tutoris
2185 2166 2343 2202 auctori-

1246 2212 1304 2244 tas
1328 2174 1475 2252 sufiicit,
1499 2212 1542 2244 ut
1564 2208 1790 2245 condictione
1811 2213 2014 2246 teneantur.

1297 2252 1349 2292 14
1372 2253 1483 2290 lom(
1500 2254 1592 2290 libro
1617 2255 1801 2301 triqesimo
1829 2256 1955 2302 primo
1990 2256 2212 2302 diqestorum
2259 2255 2342 2292 Non

1246 2300 1398 2335 multum
1419 2299 1580 2342 interest,
1604 2299 1738 2335 afuerit
1759 2303 1870 2342 tutor,
1896 2311 1978 2336 cum
1993 2300 2175 2346 negotium
2199 2304 2342 2337 contra-

1245 2344 1408 2387 heretur,
1441 2355 1488 2380 an
1518 2354 1690 2390 praesens
1720 2345 1957 2390 ignoraverit,
1990 2346 2096 2392 quale
2128 2349 2224 2382 esset
2245 2347 2343 2393 quod

1248 2390 1541 2426 contrahebatur.

1295 2434 1346 2474 15
1379 2435 1619 2471 MARGJANUS
1646 2435 1738 2471 libro
1771 2434 1930 2472 secundo
1962 2435 2176 2482 regularum
2233 2437 2340 2473 Acci-

1271 2481 1377 2517 ientis
1401 2484 1438 2516 et
1461 2480 1597 2517 edentis
1621 2480 1792 2516 iudicium
1814 2481 1909 2516 idem
1933 2484 2032 2516 tutor
2048 2484 2177 2517 auctor
2199 2482 2342 2528 utrique

1271 2529 1296 2560 t.
1322 2526 1386 2562 sed
1408 2526 1479 2562 hoc
1502 2530 1624 2561 utrum
1653 2526 1706 2561 ita
1737 2530 1810 2569 est,
1843 2525 1874 2562 si
1898 2526 1951 2561 bis
1976 2529 2105 2562 auctor
2127 2525 2248 2563 factus
2273 2532 2339 2570 est,

1245 2581 1293 2606 an
1316 2575 1352 2607 et
1374 2582 1449 2607 una
1471 2571 1669 2607 auctoritas
1685 2570 1844 2607 sufficiat
1868 2582 1910 2607 eo
1927 2571 2057 2614 animo,
2080 2574 2123 2606 ut
2138 2571 2186 2607 ad
2202 2576 2339 2608 utrum-

1243 2617 1556 2698 tffirpfffiffifr
1573 2616 1880 2697 ‘3333‘022235353
1900 2616 2150 2697 ss'fflzaesss
2178 2617 2242 2653 ⁵³⁶
2264 2617 2338 2654 ω’·

1294 2704 1345 2745 16
1370 2707 1427 2743 ΡΑ
1435 2717 1531 2743 vsvs
1551 2707 1642 2743 libro
1660 2707 1784 2753 primo
1808 2707 1859 2742 ad
1880 2706 1992 2753 leqem
2018 2707 2156 2743 Aeliam
2175 2706 2337 2745 Sentium

1242 2751 1397 2788 Etiamsi
1419 2756 1520 2788 tutor
1543 2762 1674 2788 caecus
1697 2751 1817 2787 factus
1841 2752 1899 2795 sit,
1924 2756 2053 2788 auctor
2075 2751 2152 2788 fieri
2175 2756 2307 2799 potest.

1293 2796 1343 2835 17
1368 2798 1479 2833 IDEM
1496 2798 1590 2834 libro
1613 2801 1720 2833 sexto
1745 2797 1796 2832 ad
1818 2797 1972 2832 edictum
2019 2797 2057 2833 Si
2081 2801 2179 2834 tutor
2201 2799 2337 2844 pupillo

1243 2843 1334 2879 nolit
1357 2846 1486 2879 auctor
1519 2843 1616 2884 fieri,
1652 2853 1725 2877 non
1760 2842 1867 2878 debet
1902 2853 1983 2878 eum
2017 2847 2165 2888 praetor
2200 2854 2337 2889 cogere,

1242 2889 1395 2933 primum
1418 2888 1502 2933 quia
1532 2887 1692 2933 iniquum
1724 2890 1797 2930 est,
1831 2887 1970 2923 etiamsi
2000 2899 2073 2924 non
2105 2888 2248 2933 expedit
2269 2901 2337 2935 pu-

1267 2934 1340 2976 illo,
1365 2933 1615 2969 auctoritatem
1640 2943 1720 2968 eum
1743 2936 1947 2978 praestare,
1985 2932 2113 2969 deinde
2138 2934 2204 2969 etsi
2229 2944 2335 2980 expe-

1242 2944 1314 3020 git,
1348 2978 1485 3013 tutelae
1515 2977 1646 3013 iudicio
1678 2977 1835 3023 pupillus
1868 2978 1963 3014 hanc
1997 2978 2174 3014 iacturam
2211 2990 2334 3015 conse-

1266 3023 1374 3058 uitur.

1242 3034 1265 3069 q
1291 3065 1341 3106 18
1366 3067 1474 3103 loru
1494 3067 1585 3103 libro
1601 3067 1728 3114 primo
1752 3067 1803 3103 ad
1823 3067 2010 3104 Plautium
2067 3068 2194 3104 Potest
2214 3069 2333 3113 pupil-

1239 3114 1297 3149 lus
1331 3116 1452 3148 tutore
1484 3116 1634 3148 auctore
1666 3112 1860 3149 debitorem
1892 3124 1997 3149 suum
2029 3113 2124 3149 Titio
2150 3113 2331 3158 delegare:

1241 3158 1305 3195 sed
1329 3169 1410 3194 cum
1431 3161 1531 3194 tutor
1554 3157 1661 3194 debet
1681 3158 1830 3203 pupillo,
1855 3158 2045 3194 dicendum
2063 3163 2117 3194 est
2133 3169 2247 3203 neque
2272 3158 2330 3193 de-

1239 3204 1350 3249 legari
1388 3214 1468 3239 eum
1503 3213 1619 3248 neque
1653 3207 1924 3249 procuratorem
1967 3204 2136 3239 adversus
2178 3206 2332 3237 tutorem

1240 3249 1319 3284 dari
1341 3249 1420 3294 ipso
1444 3252 1563 3284 tutore
1585 3253 1734 3285 auctore
1756 3259 1882 3294 posse,
1908 3249 1993 3294 quia
2025 3248 2184 3283 futurum
2209 3248 2266 3289 sit,
2291 3250 2333 3282 ut

1240 3294 1458 3329 auctoritate
1481 3303 1548 3329 sua
1569 3293 1751 3330 liberetur.

1290 3337 1340 3376 19
1364 3338 1472 3374 Ins-u
1484 3339 1576 3375 libro
1594 3350 1691 3375 nono
1705 3349 1962 3386 responsorum
1999 3337 2207 3373 Curatorem
2225 3336 2329 3371 etiam

1238 3384 1414 3436 impuberi
1437 3384 1515 3419 dari
1536 3394 1661 3430 posse,
1698 3385 1762 3420 sed
1785 3384 1833 3420 ad
1855 3394 1917 3426 ea,
1942 3393 2033 3428 quae
2058 3381 2330 3417 sollemnitatem

1238 3429 1326 3464 iuris
1351 3429 1567 3472 desiderant,
1585 3439 1628 3465 ex
1653 3429 1798 3465 licanda
1813 3432 1934 3465 tutore
1951 3431 2099 3463 auctore
2123 3438 2143 3462 o
2171 3436 2213 3460 us
2238 3435 2328 3461 esse.

1286 3471 1340 3511 20
1365 3473 1570 3510 Seuerou
1594 3475 1623 3511 li
1644 3486 1686 3510 ro
1710 3475 1847 3510 decimo
1872 3475 2091 3520 diqestorum
2157 3475 2236 3505 nter
2259 3481 2327 3515 pu-

1238 3519 1343 3564 pillos
1365 3522 1539 3564 paternae
1560 3520 1769 3556 hereditatis
1794 3519 1917 3554 divisio
1941 3518 2040 3553 facta
2063 3519 2118 3551 est
2153 3518 2328 3568 ‘raesente

1239 3566 1370 3605 tutore,
1394 3564 1458 3600 sed
1481 3575 1554 3600 non
1577 3566 1789 3610 adsignante
1801 3566 1829 3585 ¹⁰
1859 3564 2095 3598 instrumento
2163 3570 2327 3595 visionise

1241 3723 1425 3754 auctoritas
1439 3723 1500 3756 del.
1514 3723 1596 3756 Hal.

1241 3766 1404 3799 ratorisve
1419 3779 1482 3800 scr.
1562 3772 1605 3807 (9)
1631 3767 1720 3799 idem
1733 3765 1787 3798 F²

1699 3724 1740 3763 (τ)
1769 3720 1966 3760 ςῡεῙηετ.
1987 3722 2015 3760 1,
2030 3727 2071 3760 2¹,
2090 3726 2105 3752 2
2200 3722 2243 3757 (s)
2267 3729 2327 3750 cu·

1867 3768 1925 3804 (10)
1950 3764 1987 3796 in
2005 3766 2066 3798 ins.
2083 3764 2277 3806 Hoffmann.
