2528 3918
173 94 382 138 XXXXV
411 97 437 139 3

173 218 354 264 acceperit
375 222 572 263 posteaque
595 217 694 253 adita
717 218 826 254 fuerit
847 219 1037 262 hereditas,
1064 218 1260 262 dubitatur,

172 267 293 298 utrum
316 273 360 298 ex
385 263 443 299 die
465 263 698 308 interpositae
728 264 968 310 stipulationis
992 268 1132 309 tempus
1157 263 1262 299 cedat

172 319 219 343 an
242 318 287 344 ex
310 308 408 343 adita
431 307 645 344 hereditate:
670 309 754 345 item
777 309 808 345 si
831 320 953 345 servus
974 310 1060 352 eius,
1086 309 1147 354 qui
1163 308 1261 362 apud

172 353 294 389 hostes
317 353 382 397 sit,
413 352 640 389 fideiussores
671 355 861 400 acceperit.
907 359 944 390 'et
968 354 1114 390 Cassius
1137 354 1260 390 existi-

171 402 246 433 mat
275 403 417 444 tempus
449 409 494 435 ex
525 409 567 435 eo
599 400 894 445 computandum,
928 410 971 435 ex
1003 410 1072 444 quo
1097 399 1155 445 agi
1180 410 1261 435 cum

173 443 222 479 eis
278 444 428 486 otuerit‚
459 444 497 479 id
528 448 584 480 est
615 454 658 480 ex
695 455 766 491 quo
804 445 954 481 adeatur
985 444 1164 480 hereditas
1197 448 1261 480 aut

171 499 238 534 pos
270 489 281 499 ”·
318 489 325 496 “
355 489 387 524 ‘o
412 489 576 525 dominus
599 494 810 526 revertatur.

218 531 271 572 26
286 535 297 555 ¹
322 533 480 570 Pinus
508 534 599 571 libro
622 536 745 582 primo
768 535 989 571 manualium
1037 535 1131 571 Usus
1161 534 1259 570 fruc-

171 583 229 614 tus
254 579 331 615 31110
352 590 508 626 persona
539 590 618 616 esse
649 592 722 617 non
745 584 864 626 potest
888 584 923 616 et
945 580 1024 616 ideo
1049 590 1172 616 servus
1196 580 1258 615 he-

171 624 362 660 reditarius
384 625 558 662 inutiliter
585 637 690 662 usum
713 626 870 661 fructum
900 625 1102 671 stipulatur.
1150 626 1162 660 1
1206 625 1261 660 011

172 674 291 705 autem
323 670 357 706 ei
386 680 492 715 posse
523 682 628 707 usum
666 671 846 707 fructum²
878 670 1027 715 dicitur,
1069 671 1153 715 quia
1208 670 1259 706 ies

171 715 247 751 eius
266 726 339 751 non
360 715 457 751 cedit
472 716 612 752 statim:
637 717 820 769 stipulatio
840 720 959 752 autem
976 726 1069 762 pura
1088 715 1261 761 suspendi

171 770 243 795 11011
266 764 396 806 1101031.
433 761 519 807 quid
542 771 635 807 ergo,
661 773 691 797 31
714 762 782 797 sub
808 761 1018 797 condicione
1041 761 1259 807 stipuletur?

172 807 259 842 ³nec
289 806 359 842 hoc
383 817 471 842 casu
500 807 619 843 valeat
650 807 867 852 stipulatio·⁵,
902 807 987 852 quia
1010 817 1055 842 ex
1077 806 1259 853 praesenti

169 851 262 887 vires
292 852 424 898 accipit
452 852 653 898 stipulatio,
687 852 847 898 quamvis
874 852 1002 899 petitio
1037 862 1081 888 ex
1112 862 1156 888 ea
1179 862 1257 888 sus-

170 906 282 942 pensa
305 897 362 932 sit.

217 939 269 979 27
294 942 403 978 Iesu
429 942 519 979 libro
552 943 709 979 secundo
738 942 960 978 manualium
1008 943 1136 978 Servus
1162 953 1257 978 com-

170 988 286 1023 munis
310 988 384 1024 sive
406 991 501 1024 emat
524 988 596 1024 sive
619 988 829 1033 stipuletur,
854 987 1014 1032 quamvis
1037 987 1191 1033 pecunia
1214 998 1259 1024 ex

169 1033 310 1079 peculio
331 1033 445 1076 detur,
467 1033 562 1080 quod
579 1033 730 1068 alterum
747 1043 793 1068 ex
806 1033 958 1069 dominis
976 1033 1147 1079 sequitur,
1169 1033 1257 1068 utri-

171 1089 240 1124 que
257 1082 377 1115 tamen
392 1079 439 1114 ad
464 1078 558 1114 uirit.
596 1078 736 1114 diversa
753 1088 865 1114 causa
881 1082 936 1114 est
949 1078 1139 1114 fructuarii
1154 1078 1256 1114 servi.

216 1120 269 1161 28
298 1123 422 1161 Gmss
460 1124 537 1160 ibro
570 1125 675 1159 tertio
699 1123 744 1159 de
766 1125 955 1160 verborum
979 1123 1258 1170 obliqationibus

170 1168 210 1204 Si
231 1180 276 1205 ex
298 1179 338 1205 re
361 1169 495 1205 domini
518 1169 659 1205 domino
684 1172 748 1204 aut
770 1168 970 1204 fructuario
996 1179 1118 1205 servus
1143 1169 1256 1214 stipu-

169 1214 265 1251 latus
303 1214 428 1257 fuerit,
469 1214 611 1250 domino
651 1214 794 1260 quidem
830 1214 969 1259 adquiri
1007 1214 1258 1259 obligationem

169 1260 353 1298 Iulianus⁵
395 1259 467 1296 scri
493 1260 554 1303 sit,
599 1260 688 1296 solvi
731 1263 851 1295 autem
893 1260 1093 1295 fructuario
1138 1269 1255 1304 posse,

175 1309 187 1340 l
237 1305 340 1351 quasi
371 1271 530 1350 quoliget
562 1305 714 1341 adiecto.
763 1305 801 1340 Si
831 1315 954 1340 servus
985 1305 1181 1341 communis
1214 1315 1258 1339 ex

168 1361 209 1386 re
237 1351 343 1386 unius
375 1351 565 1396 stipulatus
597 1351 684 1393 erit,
716 1351 829 1396 magis
859 1350 997 1396 placuit
1028 1351 1170 1395 utrique
1193 1350 1256 1385 ad-

169 1396 272 1441 quiri,
297 1396 361 1431 sed
383 1406 474 1439 eum,
500 1396 601 1431 cuius
626 1407 670 1432 ex
692 1407 733 1431 re
755 1395 854 1432 facta
877 1400 932 1432 est
956 1396 1150 1449 stipulatio,
1177 1406 1258 1431 cum

168 1442 266 1478 socio
301 1441 480 1477 communi
518 1441 711 1478 dividundo
751 1447 813 1477 aut
844 1441 1028 1477 societatls
1064 1441 1258 1476 iudicium⁰

169 1486 212 1522 de
242 1490 347 1533 parte
377 1487 612 1532 reciperanda
640 1490 739 1522 recte
770 1490 954 1522 acturum:
986 1486 1150 1531 idemque
1179 1497 1259 1522 esse

169 1532 357 1567 dicendum
388 1537 424 1568 et
447 1532 478 1567 si
502 1543 546 1567 ex
569 1533 688 1577 operis
711 1533 786 1568 suis
810 1532 914 1568 alteri
939 1543 983 1567 ex
1007 1531 1158 1567 dominis
1182 1542 1256 1567 ser-

168 1580 188 1612 2
236 1588 299 1613 vus
319 1576 486 1623 adquirit.
523 1577 562 1613 Si
585 1578 654 1623 ipsi
678 1577 810 1613 domini
834 1578 962 1622 singuli
985 1577 1110 1613 eadem
1135 1577 1257 1613 decem

168 1633 270 1659 servo
288 1623 466 1659 communi
484 1622 563 1658 dari
585 1623 719 1658 fuerint
744 1623 906 1669 stipulati
924 1626 960 1658 et
977 1623 1085 1658 semel
1108 1633 1255 1668 respon-

168 1679 247 1707 sum
278 1673 441 1704 secutum
471 1668 595 1711 fuerit,
629 1668 699 1703 duo
730 1668 784 1704 rei
807 1668 1003 1713 stipulandi
1027 1672 1149 1711 erunt,
1175 1679 1256 1703 cum

169 1717 188 1747 3
233 1713 378 1767 placeat
402 1714 582 1749 dominum
614 1724 715 1749 servo
740 1713 819 1749 dari
842 1713 1010 1759 stipulari
1059 1724 1151 1749 osse.
1201 1714 1255 1748 Si-

169 1762 243 1794 cut1
273 1759 336 1794 uni
366 1759 575 1795 nominatim
606 1759 810 1804 stipulando
842 1759 877 1795 ei
906 1759 973 1794 soli
1003 1769 1024 1793 a
1052 1759 1174 1804 quirit,
1205 1759 1257 1794 ita

166 1804 287 1850 placet
318 1807 355 1840 et
384 1804 416 1840 si
444 1815 519 1840 rem
542 1808 638 1840 emat
659 1804 802 1840 nomine
825 1804 932 1840 unius
956 1815 1000 1840 ex
1024 1804 1191 1848 dominis,
1224 1805 1256 1839 ei

167 1849 236 1885 soli
258 1860 401 1886 servum
424 1849 622 1895 adquirere.
670 1850 757 1885 item
780 1850 812 1885 si
836 1850 960 1885 credat
981 1850 1190 1894 pecuniam,
1216 1853 1257 1884 ut

169 1895 231 1930 uni
255 1905 299 1930 ex
329 1894 480 1931 dominis
504 1895 734 1938 solveretur⁷,
770 1895 826 1931 vel
856 1895 1041 1940 quodlibet
1071 1895 1169 1930 aliud
1194 1905 1255 1931 ne-

168 1940 303 1993 gotium
320 1945 452 1986 gerat,
488 1951 595 1994 posse
626 1951 707 1976 eum
736 1940 944 1976 nominatim
969 1941 1180 1986 exprimere,
1217 1944 1258 1976 ut

169 1990 189 2021 4
236 1997 298 2021 um
331 1996 376 2021 ex
407 1986 557 2022 (1011111113
589 1986 800 2021 restituatur
835 1989 901 2021 aut
937 1986 1108 2021 solvatur.
1162 1985 1274 2022 Illud.

169 2032 369 2076 quaesitum
392 2035 465 2073 est,
498 2042 545 2066 an
573 2031 696 2067 heredi
722 2031 846 2067 futuro
871 2041 994 2067 servus
1017 2031 1256 2068 hereditarius

168 2076 333 2121 stipulari
362 2077 487 2122 possit.
535 2076 711 2112 Proculus
742 2076 899 2122 negavit,
931 2077 1016 2157 31110
1038 2077 1069 2112 13
1095 2087 1137 2113 00
1166 2081 1255 2112 tem-

166 2132 255 2167 pore
283 2125 475 2157 extraneus
506 2126 572 2157 est.
622 2122 766 2158 Cassius
797 2133 931 2167 respon
955 2122 985 2157 it
1012 2132 1139 2167 posse,
1173 2122 1256 2167 quia

168 2167 229 2212 qui
250 2170 378 2212 postea
408 2167 512 2203 heres
537 2167 710 2209 extiterit,
742 2167 922 2203 videretur
952 2178 996 2202 ex
1019 2167 1143 2204 mortis
1165 2171 1255 2203 tem-

167 2222 255 2257 pore
278 2211 448 2248 defuncto
469 2213 706 2248 successisse:
733 2223 825 2258 quae
847 2212 940 2248 ratio
963 2212 1026 2248 illo
1047 2216 1255 2258 argumento

168 2257 453 2301 commendatur,
489 2258 585 2303 quod
615 2257 758 2293 heredis
780 2257 917 2293 familia
940 2268 986 2295 ex
1007 2259 1132 2295 mortis
1164 2261 1254 2294 tem-

167 2306 254 2348 pore
289 2303 434 2339 funesta
464 2303 562 2338 facta
597 2303 831 2348 intellegitur,
870 2303 955 2339 licet
991 2306 1075 2348 post
1110 2303 1256 2349 aliquod

166 2353 306 2393 tempus
336 2349 440 2385 heres
471 2349 646 2384 extiterit:
683 2348 910 2392 manifestum
939 2348 1049 2393 igitur
1077 2352 1132 2384 est
1163 2349 1255 2384 servi

167 2394 213 2429 sti
240 2393 432 2430 ulationem
457 2394 489 2429 ei
512 2393 663 2439 adquiri.

213 2404 269 2477 {9
293 2439 451 2475 Panos
480 2439 571 2475 libro
594 2440 885 2486 septuaqensimo
908 2438 1066 2475 secundo
1091 2438 1141 2474 ad
1161 2439 1254 2475 edic-

168 2488 242 2520 tum
289 2484 327 2520 Si
358 2484 552 2520 communis
577 2495 700 2521 servus
731 2484 783 2520 sic
808 2484 854 2520 sti
880 2484 1001 2520 ulatus
1024 2484 1087 2521 sit:
1121 2484 1255 2520 ‘decem

168 2530 231 2565 ‘illi
254 2530 408 2573 1101111110,
433 2530 557 2566 00110111
581 2530 702 2566 11000111
727 2530 832 2566 alteri
880 2540 941 2566 are
965 2529 1119 2576 spondes
1129 2530 1169 2573 ?’‚
1200 2530 1252 2565 111-

167 2586 288 2611 cemus
313 2575 404 2611 duos
426 2585 507 2612 reos
531 2585 610 2611 esse
633 2575 839 2621 stipulandi.

213 2618 266 2659 30
291 2620 400 2656 Imm
418 2620 508 2657 libro
528 2621 650 2668 primo
673 2621 724 2656 ad
739 2620 927 2656 Plautium
962 2621 1091 2656 Servus
1116 2620 1254 2657 alienus

167 2666 229 2701 alii
251 2666 459 2702 nominatim
482 2666 685 2711 stipulando
709 2676 783 2702 non
804 2665 960 2711 adquirit
983 2665 1138 2701 domino.

213 2709 263 2749 31
291 2711 398 2747 IDEM
419 2711 510 2747 libro
534 2716 659 2747 octavo
684 2711 734 2746 ad
750 2710 935 2746 Plautium
971 2710 1009 2747 Si
1030 2711 1132 2747 iussu
1155 2711 1252 2747 fruc-

167 2756 276 2792 tuarii
306 2760 370 2791 aut
398 2757 513 2793 bonae
544 2756 627 2792 fidei
656 2756 876 2802 possessoris
905 2766 1027 2792 servus
1052 2756 1251 2808 stipuletur,

167 2811 213 2837 ex
243 2801 373 2854 quibus
405 2802 523 2838 causis
554 2812 627 2837 non
652 2801 743 2837 solet
764 2801 809 2837 iis
833 2801 989 2847 adquiri,
1022 2801 1164 2837 1101111110
1189 2801 1252 2837 011-

168 2847 287 2892 11111111.
334 2857 406 2882 11011
430 2847 523 2882 1110111
546 2847 701 2890 dicetur,
734 2846 766 2882 si
788 2857 918 2883 nomen
944 2847 1105 2892 ipsorum
1127 2847 1165 2881 in
1189 2847 1251 2883 sti-

168 2892 350 2937 pulatione
373 2892 530 2937 positum
553 2892 610 2928 sit.

214 2935 268 2975 32
293 2936 400 2972 IDEM
419 2937 510 2973 libro
526 2948 621 2972 nono
641 2937 691 2972 ad
705 2936 891 2972 Plautium
927 2936 976 2979 Si,
1003 2948 1084 2972 cum
1102 2937 1253 2974 duorum

168 2993 255 3019 usus
278 2981 418 3018 fructus
442 2986 538 3018 esset
560 2983 597 3017 in
622 2993 741 3025 servo,
767 2983 827 3017 et⁸
849 2982 881 3017 is
905 2992 1028 3018 servus
1052 2983 1115 3018 uni
1139 2983 1252 3018 nomi-

167 3028 278 3063 natim
301 3027 493 3073 stipulatus
517 3027 563 3063 sit
587 3038 630 3062 ex
654 3038 697 3063 ea
719 3037 770 3070 re,
794 3037 887 3073 quae
911 3027 957 3063 ad
975 3032 1147 3074 utrosque
1170 3038 1252 3073 per—

167 3073 273 3116 tinet,
314 3072 469 3109 Sabinus
507 3073 576 3114 ait,
639 3073 783 3108 uoniam
814 3072 907 3109 soli⁹
937 3073 1115 3118 obligatus
1146 3077 1252 3118 esset,

166 3117 356 3162 videndum
379 3127 467 3160 esse,
493 3128 620 3162 quema
682 3118 790 3153 odum
810 3118 901 3153 alter
923 3119 1090 3154 usuarius
1113 3123 1253 3164 partem

167 3173 269 3199 suam
291 3163 449 3208 recipere
470 3163 602 3210 possit,
657 3163 800 3198 uoniam
829 3164 923 3198 inter
945 3173 1008 3199 eos
1032 3164 1132 3199 nulla
1155 3174 1252 3199 com·

166 3209 286 3245 munio
318 3209 406 3244 iuris
435 3211 541 3244 esset.
596 3217 634 3243 se
688 3209 805 3244 verius
838 3212 894 3244 est
923 3208 1003 3244 utili
1014 3210 1043 3230 ¹⁰
1074 3209 1253 3245 communi

167 3253 359 3289 dividundo
382 3253 512 3289 iudicio
535 3253 628 3289 inter
651 3263 712 3289 eos
735 3254 794 3298 agi
815 3263 933 3299 posse.

212 3296 266 3337 33
297 3298 405 3334 Imm
437 3299 528 3335 libro
559 3302 690 3345 quarto
727 3298 863 3334 decimo
898 3298 949 3334 ad
983 3298 1167 3335 Plautium
1215 3298 1253 3334 Si

166 3344 257 3380 liber
284 3344 390 3380 homo
420 3344 477 3380 vel
505 3343 644 3380 alienus
681 3343 742 3388 qui
773 3344 869 3379 bona
898 3343 970 3379 fide
998 3344 1108 3380 servit
1138 3354 1182 3379 ex
1213 3354 1253 3379 re

166 3389 313 3425 alterius
348 3389 450 3424 iussu
494 3388 712 3435 possessoris
754 3388 963 3433 stipuletur,
1002 3388 1164 3425 Iulianus
1201 3390 1253 3424 ait

166 3434 317 3470 liberum
343 3434 484 3479 quidem
507 3434 576 3471 sibi
602 3433 801 3479 adquirere,
829 3444 969 3469 servum
994 3444 1078 3470 vero
1097 3434 1251 3477 domino,

166 3552 205 3589 (1)
229 3564 274 3576 =
293 3548 367 3581 Var.
381 3556 417 3582 ⁶5
501 3550 544 3589 (2)
568 3558 664 3580 usum
676 3547 823 3580 fructum
835 3559 893 3580 om.
913 3547 987 3580 Vat.
1071 3549 1115 3589 (a)
1139 3547 1251 3581 videa-

165 3602 238 3625 mus
250 3603 292 3625 ne
305 3594 364 3626 ins.
384 3593 456 3626 Vae.
519 3594 561 3634 (4)
586 3592 760 3635 stipulatio
772 3604 832 3626 om.
851 3592 923 3625 Vat.
987 3596 1029 3632 (s)
1056 3593 1076 3626 l.
1090 3601 1104 3627 ι
1120 3597 1136 3631 5
1152 3602 1168 3626 s
1183 3594 1212 3626 11.
1227 3600 1248 3626 t.

165 3639 212 3679 (6)
234 3637 361 3671 iudicio
380 3638 454 3671 edd.
555 3642 598 3679 (τ)
622 3639 662 3670 ut
680 3637 742 3670 uni
761 3647 802 3670 ex
822 3636 966 3670 dominis
982 3636 1167 3670 solveretur
1185 3638 1248 3671 del.

165 3684 211 3722 (8)
235 3684 270 3715 et
280 3683 343 3716 del.
358 3683 431 3716 edd.
484 3683 532 3724 (9)
551 3682 724 3715 nominato
735 3682 987 3725 promissorias.
1044 3685 1103 3723 (10)
1124 3682 1208 3715 utile
1221 3682 1258 3716 F

1251 91 1338 141 738
1545 76 1597 129 (κ

1295 216 1302 295 l

1485 0 1493 21 1

1494 18 1556 73 ,ἦ

1731 111 1793 141 DE
1822 110 2143 143 STIPULATIONE
2173 112 2409 145 SERVORUM

1421 218 1481 253 uia
1503 219 1639 256 iussum
1663 220 1804 256 domino
1830 222 2031 258 cohaereat.
2068 223 2106 258 Si
2129 223 2199 260 duo
2224 225 2276 260 rei
2298 225 2413 271 stipu-

1415 274 1427 297 1
1458 273 1563 299 usum
1593 264 1751 301 fructum
1781 266 1819 302 in
1843 277 1945 302 servo
1977 267 2135 303 habeant
2165 269 2221 305 vel
2244 270 2373 315 quibus
2386 272 2412 292 ¹¹

1329 307 1425 344 bona
1453 307 1525 343 fide
1553 311 1731 346 serviebat
1760 315 1797 347 et
1819 311 1920 348 iussu
1944 314 2049 348 unius
2073 323 2096 348 a
2119 313 2278 350 debitore
2300 316 2412 362 stipu-

1329 352 1432 395 letur,
1457 353 1491 389 ei
1514 354 1581 390 soli
1603 355 1770 401 adquirit.

1375 395 1430 436 34
1460 398 1507 434 ΙΑ
1517 409 1686 436 VOLENUS
1712 401 1803 438 libro
1835 404 1992 440 secundo
2023 405 2073 439 ad
2102 404 2287 440 Plautium
2301 407 2328 426 ¹²
2375 406 2412 441 Si

1329 453 1453 496 servus
1477 448 1690 481 testamento
1714 448 1970 492 manumissus,
1995 459 2077 484 cum
2100 460 2138 486 se
2161 449 2312 486 liberum
2336 461 2414 486 esse

1327 493 1510 541 lgnoraret
1533 493 1569 525 et
1590 490 1628 525 in
1653 501 1763 528 causa
1786 492 2002 529 hereditaria
2025 499 2202 537 maneret,
2253 496 2414 531 ecuniam

1329 534 1452 569 heredi
1484 535 1677 587 stipulatus
1700 540 1773 580 est,
1803 538 1893 573 nihil
1924 539 2112 575 debebitur
2141 540 2227 576 here
2253 541 2351 584 ‘bus‚
2383 541 2414 577 si

1328 579 1434 615 modo
1472 580 1618 616 scierint
1656 591 1736 616 eum
1772 585 1984 620 testamento
2020 585 2296 628 manumissum,
2332 587 2415 631 quia

1327 635 1400 677 non
1423 629 1543 678 potest
1565 625 1677 662 videri
1698 627 1830 663 iustam
1852 630 2055 666 servitutem
2082 630 2232 666 servisse
2261 631 2323 675 iis,
2354 632 2415 677 qui

1327 669 1428 705 illum
1463 670 1615 707 hberum
1654 682 1734 708 esse
1770 684 1843 708 non
1877 674 2102 719 ignorabant.
2159 675 2267 711 distat
2303 677 2374 712 ista
2387 678 2414 698 ¹³

1330 725 1441 767 causa
1464 715 1558 770 eius,
1591 717 1652 769 qui
1675 717 1765 753 liber
1794 723 1934 764 emptus
1957 720 2054 756 bona
2077 720 2147 757 fide
2171 721 2295 765 servit,
2330 722 2413 767 quia

1327 771 1365 794 111
1398 770 1441 796 eo
1480 765 1518 796 et
1546 772 1658 807 1ps1us
1690 766 1726 798 et
1765 764 1934 809 emptoris
1971 766 2184 802 existimatio
2220 767 2413 803 consentit:

1330 808 1487 841 ceterum
1509 806 1559 849 is,
1583 807 1644 852 qui
1667 808 1736 844 scit
1758 808 1936 845 homiuem
1959 810 2109 846 liberum
2133 821 2230 854 esse,
2256 812 2414 856 quamvis

1327 850 1388 886 ille
1412 851 1657 888 condicionem
1680 863 1781 888 suam
1803 854 1961 899 ignoret,
1993 866 2038 892 ne
2061 856 2245 902 possidere
2274 857 2414 903 quidem

1329 906 1410 931 eum
1432 900 1553 942 potest
1575 897 1700 933 videri.

1374 938 1707 994 35 Mozmsr11ws
1733 943 1824 980 libro
1848 946 2001 991 septimo
2025 946 2236 992 reqularum
2283 946 2414 982 Servus

1327 986 1566 1067 hffieditarius
1598 991 1635 1023 et
1662 988 1784 1024 heredi
1814 989 1936 1025 futuro
1962 994 1997 1026 et
2019 991 2180 1027 1101011110·
2181 992 2208 1026 11
2231 995 2328 1028 10010
2351 993 2413 1028 sti-

1392 1036 1486 1067 atur.

1327 1043 1350 1077 p
1374 1074 1428 1115 36
1461 1077 1508 1113 ΙΑ
1518 1087 1687 1114 1⁷01.ssst
1724 1079 1814 1115 libro
1848 1085 1979 1126 quarto
2010 1080 2146 1117 decimo
2177 1082 2414 1129 epistularum

1327 1122 1430 1174 Quod
1453 1133 1577 1159 servus
1602 1124 1794 1170 stipulatus
1818 1129 1883 1170 est,
1909 1136 2013 1171 quem
2036 1126 2200 1163 dominus
2222 1138 2289 1180 pro
2314 1127 2412 1163 dere-

1325 1168 1410 1204 licto
1434 1168 1607 1212 habebat,
1632 1170 1763 1206 nullius
1786 1175 1842 1206 est
1863 1171 2047 1214 momenti,
2074 1172 2158 1216 quia
2181 1183 2241 1218 qui
2263 1183 2328 1218 pro
2353 1172 2413 1207 de-

1326 1213 1451 1249 relicto
1476 1224 1550 1249 rem
1573 1214 1698 1259 habet,
1729 1216 1929 1252 omnimodo
1953 1227 1976 1252 a
1999 1227 2038 1252 se
2060 1217 2185 1253 reiecit
2206 1227 2272 1253 nec
2294 1222 2414 1263 potest

1327 1259 1402 1294 eius
1425 1259 1632 1305 operibusv·
1658 1261 1727 1304 uti,
1759 1271 1863 1313 quem
1887 1272 1929 1297 eo
1945 1262 1981 1283 ¹⁴¹
2005 1262 2082 1298 iure
2106 1262 2152 1298 ad
2177 1272 2215 1298 se
2236 1263 2414 1309 pertinere

1326 1304 1450 1340 noluit.
1487 1305 1582 1349 quod
1605 1305 1636 1341 si
1660 1306 1705 1341 ab
1730 1306 1800 1342 aho
1825 1306 2069 1352 adprehensus
2093 1312 2159 1352 est,
2184 1308 2414 1354 stipulatione

1326 1349 1358 1384 ei
1389 1349 1577 1395 adquirere
1607 1351 1759 1397 poterit:
1799 1362 1883 1387 nam
1915 1356 1950 1387 ct
1981 1353 2071 1388 haec
2099 1364 2228 1398 genere
2260 1354 2413 1399 quodam

1327 1395 1471 1431 donatio
1496 1399 1561 1431 est.
1598 1396 1692 1432 inter
1715 1397 1967 1432 hereditarium
1991 1398 2086 1433 enim
2105 1409 2244 1434 servum
2268 1402 2304 1435 et
2322 1409 2412 1441 eum,

1326 1439 1388 1485 qui
1410 1451 1477 1486 pro
1507 1441 1676 1478 derelicto
1707 1442 1877 1486 habetur,
1913 1443 2104 1489 plurimum
2126 1444 2291 1487 interest,
2324 1455 2411 1490 quo-

1326 1485 1421 1521 niam
1458 1486 1548 1522 alter
1590 1486 1797 1523 hereditatis
1838 1489 1917 1525 iure
1953 1489 2141 1532 retinetur,
2187 1500 2252 1525 nec
2290 1493 2411 1536 potest

1326 1531 1470 1566 relictus
1484 1533 1511 1553 ¹⁵
1546 1532 1659 1568 videri
1694 1533 1755 1578 qui
1782 1532 1948 1569 universo
1979 1534 2187 1570 hereditatis
2218 1535 2296 1570 iure
2327 1545 2411 1570 con-

1325 1577 1475 1620 tinetur,
1506 1577 1596 1612 alter
1618 1578 1803 1614 voluntate
1826 1577 1959 1614 domini
1983 1578 2174 1615 derelictus
2199 1590 2272 1615 uon
2292 1584 2414 1626 potest

1325 1621 1436 1657 videri
1460 1622 1507 1657 ad
1530 1633 1635 1658 usum
1658 1623 1735 1659 eius
1757 1624 1955 1669 pertinere,
1987 1635 2009 1659 a
2041 1635 2111 1669 quo
2134 1625 2321 1661 10110111315
2344 1629 2409 1660 est.

1371 1664 1424 1704 37
1457 1667 1686 1703 POMPONIUS
1721 1669 1812 1704 libro
1842 1671 1947 1704 tertio
1976 1669 2026 1705 ad
2053 1668 2224 1713 Quintum
2251 1669 2412 1707 Mucium

1324 1712 1364 1749 Si
1387 1713 1584 1749 communis
1609 1724 1731 1750 servus
1753 1714 1806 1749 ita
1830 1714 2081 1760 stipularetur:
2108 1715 2232 1751 ‘Lucio
2257 1715 2353 1751 Titio
2376 1721 2412 1750 et

1326 1757 1428 1793 ‘Gaio
1462 1758 1542 1793 Seio
1574 1758 1654 1793 dari
1684 1759 1838 1804 spondes
1846 1760 1887 1802 ‘?’,
1924 1760 1987 1805 qui
2024 1764 2109 1796 suut
2143 1760 2276 1796 domini
2305 1760 2411 1804 illius,

1324 1814 1390 1848 pro
1414 1803 1574 1839 virilibus
1599 1804 1763 1849 partibus
1787 1805 1839 1841 eis
1862 1815 1907 1840 ex
1931 1805 2161 1851 stipulatione
2184 1806 2352 1842 debetur:
2382 1806 2412 1841 si

1324 1859 1409 1884 vero
1432 1849 1501 1883 ita:
1537 1849 1700 1885 ‘dominis
1727 1850 1816 1886 meis
1848 1849 1934 1886 dare
1963 1850 2117 1896 spondes
2126 1851 2167 1894 ‘?’,
2201 1862 2268 1897 pro
2297 1855 2411 1903 parte,

1326 1904 1397 1938 qua
1433 1894 1565 1929 domini
1599 1898 1735 1931 essent:
1780 1895 1811 1931 si
1846 1905 1929 1931 vero
1969 1896 2039 1931 ita:
2085 1896 2209 1932 ‘Lucio
2245 1896 2341 1932 Titio
2377 1901 2413 1932 et

1327 1939 1428 1975 ‘Gaio
1447 1939 1529 1975 Seio
1553 1940 1704 1976 dominis
1727 1940 1815 1976 meis
1839 1941 1926 1976 dare
1950 1941 2103 1986 spondes
2111 1941 2152 1983 ?’‚
2177 1941 2411 1985 dubitaretur,

1327 1989 1495 2020 utrumne
1525 1985 1641 2021 viriles
1672 1990 1793 2031 partes
1818 1997 1865 2021 an
1887 1997 1953 2031 pro
1978 1986 2154 2022 dominica
2176 1987 2338 2032 portione
2361 1986 2412 2022 eis

1325 2030 1527 2066 deberetur.
1580 2034 1618 2066 et
1650 2032 1857 2074 interesset,
1897 2032 1980 2076 quid
2012 2032 2115 2067 cuius
2146 2032 2412 2068 demonstrandi

1323 2075 1440 2120 gratia
1463 2079 1558 2112 esset
1580 2076 1758 2112 adiectum
1788 2080 1825 2112 et
1848 2087 1938 2121 quae
1960 2087 2046 2122 pars
2070 2077 2147 2113 eius
2171 2078 2216 2112 sti
2242 2077 2410 2113 ulationis

1323 2121 1558 2167 principalem
1596 2132 1742 2157 causam
1777 2122 1944 2158 haberet:
1983 2123 2046 2158 sed
2078 2133 2158 2158 cum
2190 2132 2212 2157 a
2267 2122 2411 2158 nomina

1323 2166 1423 2211 prius
1456 2166 1645 2203 decursum
1678 2171 1748 2210 est,
1784 2168 2032 2203 rationabilius
2067 2178 2145 2203 esse
2174 2168 2313 2204 videtur
2343 2178 2409 2213 pro

1325 2211 1416 2246 virili
1437 2216 1540 2256 parte
1565 2212 1832 2257 stipulationem
1856 2213 1906 2249 eis
1935 2213 2092 2258 adquiri,
2125 2213 2222 2258 quod
2252 2213 2410 2249 domino·

1324 2268 1403 2292 rum
1427 2258 1602 2293 vocabula
1650 2268 1693 2293 ro
1715 2258 2018 2294 demonstratione
2039 2259 2251 2294 habeantur.

1371 2299 1423 2339 38
1456 2302 1561 2337 IDEM
1596 2303 1621 2338 lz
1645 2314 1687 2338 ro
1719 2305 1845 2350 quinto
1880 2303 1930 2339 ad
1959 2302 2126 2347 Quintum
2160 2303 2320 2340 Mucium
2374 2303 2410 2339 Si

1324 2357 1446 2383 servus
1476 2358 1575 2383 meus
1606 2358 1628 2383 a
1657 2348 1787 2384 liberto
1816 2359 1894 2384 meo
1928 2350 2067 2394 ‘operas
2091 2349 2160 2385 sibi
2183 2349 2271 2384 dari’
2296 2349 2408 2395 stipu-

1323 2393 1427 2436 letur,
1451 2393 1614 2428 inutilem
1637 2393 1902 2440 stipulationem
1926 2404 2004 2429 esse
2027 2394 2152 2430 Celsus
2176 2394 2319 2430 scribit:
2343 2394 2408 2429 ali-

1323 2442 1379 2517 }er
1405 2441 1517 2490 ‘atque
1547 2438 1579 2474 si
1609 2450 1681 2474 non
1713 2438 1852 2474 adiecto
1877 2439 1946 2475 hoc
1970 2439 2078 2475 verbo
2104 2440 2194 2475 ‘sibi'
2217 2439 2409 2485 stipulatus

1340 2487 1441 2518 uerit.

1369 2525 1423 2566 39
1457 2528 1561 2563 Imm
1602 2528 1694 2565 libro
1730 2530 1920 2565 vicensimo
1959 2529 2117 2565 secundo
2154 2530 2204 2565 ad
2239 2529 2408 2572 Quintum

1323 2573 1483 2609 Mucium
1532 2574 1621 2609 Cum
1653 2584 1794 2618 servus,
1824 2574 1864 2610 in
1895 2585 1965 2620 quo
1995 2585 2100 2611 usum
2121 2574 2277 2611 fructum
2299 2575 2408 2611 habe—

1322 2630 1420 2661 mus,
1458 2619 1687 2664 proprietatis
1725 2619 1868 2656 domino
1906 2630 1951 2655 ex
1985 2630 2026 2656 re
2061 2619 2249 2656 fructuarii
2278 2620 2334 2656 vel
2365 2631 2408 2656 ex

1323 2665 1439 2710 operis
1464 2664 1540 2700 eius
1563 2665 1772 2700 nominatim
1795 2665 2003 2710 stipuletur,
2035 2665 2234 2712 adquiritur
2264 2665 2407 2701 domino

1321 2710 1570 2755 proprietatis:
1606 2710 1669 2745 sed
1700 2720 1771 2755 qua
1801 2711 1942 2746 actione
1964 2710 2186 2747 fructuarius
2208 2711 2409 2756 reciperare

1322 2755 1436 2800 possit
1460 2766 1482 2790 a
1505 2755 1647 2791 1101111110
1695 2755 1911 2801 roprietatis,
1936 2756 2186 2800 requirendum
2209 2760 2274 2792 est.
2322 2756 2406 2791 item

1323 2800 1352 2835 si
1376 2811 1498 2837 servus
1521 2800 1619 2839 bona
1641 2799 1666 2835 fi
1692 2810 1712 2835 e
1735 2801 1838 2837 nobis
1865 2801 1997 2837 serviat
2024 2804 2062 2837 et
2088 2801 2144 2845 id,
2177 2801 2274 2847 quod
2304 2801 2406 2836 nobis

1323 2845 1510 2891 adquirere
1532 2846 1681 2891 poterit,
1711 2846 1920 2881 nominatim
1950 2845 2091 2882 domino
2123 2857 2190 2883 suo
2215 2846 2405 2898 stipulatus

1320 2891 1448 2932 fuerit,
1490 2891 1522 2926 ei
1553 2890 1733 2935 adquiret:
1773 2890 1836 2926 sed
1871 2901 1942 2936 qua
1972 2891 2114 2927 actione
2140 2891 2178 2927 id
2205 2901 2406 2936 reciperare

1321 2946 1523 2981 possumus,
1548 2945 1769 2981 quaeremus.
1807 2939 1844 2971 et
1865 2947 1937 2972 non
1961 2937 2037 2972 sine
2059 2936 2197 2972 ratione
2221 2940 2285 2981 est,
2310 2936 2405 2982 quod

1322 2981 1433 3061 dGaius
1456 2984 1579 3016 noster
1602 2980 1702 3023 dixit,
1732 2981 1871 3017 condici
1894 2982 1931 3016 id
1953 2981 1990 3016 in
2014 2985 2165 3027 utroque
2190 2991 2276 3017 casu
2299 2991 2406 3027 posse

1347 3037 1476 3062 01111110.

1367 3070 1420 3110 40
1444 3071 1553 3107 IDEM
1576 3070 1668 3107 libro
1694 3073 1901 3118 lriqensimo
1926 3073 2030 3107 tertio
2059 3071 2108 3107 ad
2131 3070 2299 3114 Quintum
2324 3070 2403 3106 Mu-

1321 3118 1414 3152 cium
1461 3115 1639 3168 Quidquid
1662 3116 1843 3152 contraxit
1865 3127 2008 3159 servus,
2039 3116 2122 3152 dum
2153 3117 2257 3152 nobis
2285 3117 2404 3158 servit,

1321 3162 1427 3197 etiam
1460 3162 1492 3197 si
1523 3161 1789 3207 st1pulationem
1821 3161 1973 3197 contulit
2000 3162 2039 3197 in
2070 3161 2319 3197 alienationem
2349 3161 2405 3196 vel

1320 3206 1673 3243 111011111111331011011116
1698 3218 1817 3250 suam,
1848 3211 1968 3242 tamen
1996 3207 2100 3242 nobis
2129 3206 2166 3242 id
2188 3206 2403 3252 adquisitum

1320 3252 1406 3295 erit,
1438 3251 1521 3297 quia
1548 3255 1711 3297 potestas
1741 3253 1817 3288 eius
1847 3256 1949 3296 tunc,
1985 3262 2065 3287 cum
2095 3251 2133 3286 id
2165 3251 2403 3294 contraheret,

1321 3300 1445 3334 nostra
1466 3296 1546 3332 fuit.
1592 3297 1700 3343 idque
1713 3299 1739 3319 ¹⁷
1764 3301 1829 3340 est,
1854 3297 1885 3333 si
1907 3296 2001 3332 filius
2020 3296 2174 3333 familias
2193 3297 2402 3333 contrahat:

1320 3352 1472 3387 namque
1505 3341 1611 3377 etiam
1643 3342 1742 3387 quod
1771 3343 1809 3378 111
1838 3342 2129 3387 emancipationis
2153 3352 2240 3378 suae
2262 3346 2403 3387 tempus

1318 3386 1526 3468 ἓο1111110111,
1559 3388 1663 3423 1101113
1695 3388 1899 3431 debebitur,
1931 3387 1962 3422 si
1992 3391 2110 3422 tamen
2140 3387 2221 3423 dolo
2251 3387 2343 3423 malo
2366 3386 2402 3422 id

1335 3433 1455 3469 ecerit.

1327 218 1341 250 1

1329 262 1390 298 lan

1321 3550 1375 3587 (11)
1401 3546 1532 3588 quibus]
1546 3546 1675 3580 duobus
1686 3560 1749 3580 scr.
1798 3549 1857 3588 (12)
1880 3545 2057 3589 plautioF
2096 3547 2157 3588 (13)
2180 3545 2401 3589 istaJisascr.

1319 3595 1377 3634 (14)
1402 3591 1511 3634 operis
1523 3591 1605 3632 Hal.
1711 3593 1784 3634 (η’)
1808 3593 1920 3625 eodel.
1934 3592 1963 3625 S
2069 3593 2126 3631 (15)
2152 3590 2328 3624 derelictus
2338 3604 2401 3624 scr.

1318 3640 1382 3724 23¹:ss
1394 3636 1629 3715 οιιιῖἰῖιιιείοιιθιιι
1641 3638 1714 3679 (εἰσ)
1727 3635 1789 3679 F’,
1809 3636 2097 3670 iberumessionem
2110 3636 2144 3668 F
2151 3638 2160 3656 ¹
2216 3641 2273 3677 (17)
2298 3636 2400 3669 idem-
