2528 3918
137 129 338 162 mDEBn'I

137 240 193 275 his
218 238 381 274 omnibus
405 235 534 277 causis,
558 244 651 280 quae
675 234 751 270 iure
774 245 847 270 non
870 234 1058 270 valuerunt
1080 233 1135 269 vel
1153 244 1226 270 non

137 284 341 320 habuerunt
374 281 556 321 effectum,
601 283 726 315 secuta
759 289 825 325 per
859 289 1015 315 errorem
1050 279 1227 315 solutione

137 327 355 366 condictioni
378 326 478 361 locus
503 324 580 360 erit.

185 373 236 411 55
262 372 369 408 IDEM
388 371 479 406 libro
502 372 607 405 sexto
633 370 883 415 quaestionum
918 369 956 404 Si
967 370 1107 405 urbana
1121 380 1226 415 prae-

136 419 196 454 dia
218 416 388 454 locaverit
410 414 564 460 praedo,
597 414 694 459 quod
716 413 889 449 mercedis
914 415 1056 450 nomine
1081 415 1225 460 ceperit,

135 465 182 499 ab
208 473 250 498 eo
274 461 334 514 qui
357 460 460 496 solvit
483 470 555 494 non
578 463 771 505 repetetur,
797 459 860 494 sed
884 459 1026 495 domino
1052 460 1119 495 erit
1137 460 1227 495 obli-

134 512 250 561 gatus.
285 506 449 550 idemque
472 505 558 540 iuris
592 505 659 539 erit
689 504 727 539 in
757 505 912 540 vecturis
945 505 1100 548 navium,
1138 515 1227 550 quas

136 563 213 599 ipse
235 550 406 587 locaverit
438 553 501 584 aut
532 549 747 592 exercuerit,
778 549 863 584 item
894 550 1121 586 mercedibus
1152 559 1226 585 ser-

136 608 276 638 vorum,
313 605 463 641 quorum
498 604 628 674 operae
660 604 725 640 per
758 593 876 640 ipsum
906 594 1043 630 fuerint
1072 595 1224 631 locatae.

136 653 218 678 nam
237 642 268 677 si
287 650 409 676 servus
429 650 502 675 non
537 643 663 675 ocatus
681 639 878 675 mercedem
896 644 937 675 ut
957 640 1099 676 domino
1120 650 1225 685 prae-

135 687 219 723 doni
250 685 403 727 rettulit,
436 696 509 720 non
541 684 604 720 fiet
635 684 843 730 accipientis
874 686 1039 730 pecunia.
1077 685 1173 730 quod
1197 685 1227 720 si

135 736 298 768 vecturas
322 730 475 773 navium,
501 740 590 776 quas
615 729 779 765 dominus
802 730 1002 772 locaverat,
1027 730 1112 765 item
1136 741 1225 783 pen-

136 779 253 813 siones
271 776 468 811 insularum
488 775 677 820 acceperit,
699 775 745 810 ob
765 775 963 811 indebitum
984 775 1016 811 ei
1035 775 1225 817 tenebitur,

134 823 196 868 qui
219 832 291 857 non
316 824 370 857 est
391 820 564 856 liberatus
588 819 769 856 solvendo.
814 821 910 866 quod
935 831 1015 866 ergo
1042 820 1115 856 dici
1136 820 1227 856 solet

134 866 305 913 praedoni
334 865 475 901 fructus
506 876 614 911 posse
645 865 805 909 condici,
836 869 923 901 tunc
954 866 1074 901 locum
1104 866 1225 908 habet,

133 923 216 949 cum
241 911 373 947 domini
395 910 537 946 fructus
559 910 715 946 fuerunt.

180 955 233 994 56
257 956 366 992 IDEM
380 956 473 992 libro
493 958 618 991 octavo
639 956 888 1002 quaestionum
925 955 1067 991 Sufficit
1079 955 1125 991 ad
1139 966 1224 992 cau-

133 1013 210 1039 sam
233 1001 382 1037 indebiti
404 1002 579 1037 incertum
611 1011 707 1044 esse,
739 1001 956 1046 temporaria
988 1001 1035 1036 sit
1066 1012 1113 1036 an
1143 1011 1224 1047 per-

134 1052 242 1094 petua
263 1046 482 1091 exceptionis
503 1046 672 1082 defensio.
710 1056 793 1081 nam
817 1045 848 1081 si
871 1046 943 1091 qui,
968 1057 1014 1082 ne
1036 1047 1224 1082 convenia-

132 1098 202 1135 tur,
228 1092 341 1128 donec
366 1092 481 1127 Titius
507 1092 631 1127 consul
654 1092 730 1134 fiat,
755 1091 972 1136 paciscatur,
999 1092 1082 1137 quia
1131 1095 1225 1127 otest

132 1139 228 1173 Titio
254 1137 446 1173 decedente
465 1141 640 1182 perpetua
658 1137 737 1172 fieri
756 1137 930 1182 exceptio,
956 1147 1048 1182 quae
1070 1147 1091 1173 a
1135 1140 1224 1172 tem-

158 1194 200 1218 us
236 1187 290 1218 est
323 1183 418 1218 Titio
454 1182 679 1218 consulatum
710 1182 874 1224 ineunte,
911 1192 1050 1217 summa
1085 1183 1225 1218 ratione

157 1229 289 1271 icetur,
342 1228 414 1263 uod
437 1227 578 1263 interim
602 1227 769 1270 solvitur,
793 1227 923 1272 repeti:
957 1231 997 1263 ut
1021 1228 1114 1263 enim
1136 1238 1221 1273 pac-

132 1278 219 1316 tum,
246 1239 341 1318 quod
363 1273 400 1308 in
419 1276 560 1318 tempus
580 1277 718 1308 certum
738 1272 908 1308 collatum
929 1277 993 1315 est,
1018 1284 1092 1309 non
1114 1274 1225 1318 magis

131 1319 271 1354 inducit
295 1318 576 1361 condictionem,
609 1328 716 1363 quam
741 1318 772 1353 si
795 1328 839 1353 ex
863 1318 921 1353 die
945 1318 1086 1354 debitor
1110 1318 1224 1360 solvit,

131 1365 183 1400 ita
214 1374 379 1410 prorsum
411 1363 569 1399 defensio
601 1363 708 1406 iuris,
745 1373 837 1408 quae
873 1374 1018 1399 causam
1052 1364 1225 1399 incertam

131 1409 254 1452 habet,
280 1409 539 1444 condictionis¹
563 1409 678 1444 instar
701 1409 848 1454 optinet.

179 1452 231 1492 57
257 1454 366 1489 IDEM
384 1455 475 1491 libro
497 1457 601 1489 tertio
621 1465 877 1501 responsorum
925 1453 1014 1489 Cum
1029 1453 1226 1489 indebitum

131 1499 326 1545 impuberis
359 1500 502 1535 nomine
532 1502 632 1535 tutor
661 1499 877 1542 numeravit,
911 1499 1106 1545 impuberis
1140 1509 1225 1534 con-

137 1550 150 1580 1
203 1545 311 1580 dictio
337 1549 401 1580 est.
451 1544 631 1587 creditor,
663 1548 705 1580 ut
726 1545 954 1590 procuratori
977 1555 1042 1580 suo
1068 1544 1226 1580 debitum

132 1590 359 1632 redderetur,
384 1590 583 1626 mandavit:
617 1590 753 1626 maiore
775 1590 930 1635 pecunia
953 1590 1071 1625 soluta
1094 1600 1224 1634 procu-

132 1640 232 1671 rator
254 1635 402 1671 indebiti
425 1645 536 1671 causa
560 1635 805 1671 convenietur:
832 1635 927 1680 quod
951 1635 982 1670 si
1005 1635 1225 1677 nominatim,

132 1685 174 1716 ut
196 1681 310 1716 maior
331 1681 485 1726 pecunia
509 1681 722 1724 solveretur,
757 1681 947 1726 delegavit,
972 1681 1121 1715 indebiti
1145 1692 1226 1716 cum

132 1737 175 1762 eo
201 1726 286 1771 qui2
310 1726 482 1771 delegavit
505 1726 571 1762 erit
595 1726 709 1769 actio,
743 1737 835 1772 quae
866 1737 938 1761 non
969 1726 1109 1761 videtur
1141 1737 1222 1771 per-

132 1779 254 1816 empta
267 1772 292 1813 ³,
313 1771 344 1807 si
358 1771 493 1807 frustra
506 1781 587 1807 cum
605 1775 840 1817 procuratore
858 1771 901 1806 lis
921 1771 1030 1806 fuerit
1048 1771 1223 1806 instituta.

159 1814 232 1854 ’58
264 1815 374 1851 IDEM
400 1816 490 1853 libro
522 1827 617 1852 nono
650 1827 909 1863 responsorum
956 1816 1065 1852 Servo
1097 1827 1224 1851 manu-

134 1863 241 1897 misso
266 1861 577 1897 fideicommissum
608 1861 660 1897 ita
693 1862 853 1907 reliquit,
886 1862 916 1897 si
948 1862 994 1897 ad
1025 1862 1226 1897 libertatem

132 1918 178 1943 ex
200 1910 413 1942 testamento
437 1907 655 1952 pervenerit:
686 1911 769 1952 post
800 1911 986 1952 acceptam
1010 1907 1086 1942 sine
1109 1907 1226 1942 iudice

133 1953 322 1999 pecuniam
345 1952 517 1997 ingenuus
549 1953 803 1998 pronuntiatus
837 1957 909 1988 est:
943 1952 1092 1988 indebiti
1123 1952 1224 1988 fidei-

132 1998 314 2037 commissi
336 2007 376 2033 re
403 1998 501 2033 etitio
525 1998 602 2034 erit.

180 2041 232 2080 59
258 2043 366 2078 IDEM
398 2043 474 2079 ihro
498 2043 656 2079 secundo
682 2043 929 2088 definitionum
977 2042 1014 2078 Si
1038 2042 1227 2078 fideiussor

132 2088 210 2124 iure
234 2088 406 2124 liberatus
431 2088 573 2123 solverit
594 2098 713 2124 errore
733 2088 934 2133 pecuniam,
959 2088 1134 2133 repetenti
1153 2099 1225 2123 non

131 2134 267 2169 oberit:
302 2134 333 2169 si
357 2144 439 2169 vero
463 2144 546 2169 reus
569 2133 799 2186 prpmittendi
822 2143 887 2178 per
910 2144 1065 2169 errorem
1090 2138 1125 2168 et
1149 2134 1226 2178 ipse

160 2183 261 2214 ostea
283 2179 472 2224 pecuniam
496 2179 650 2221 solverit,
675 2189 747 2214 non
770 2182 917 2223 repetet,
943 2189 1024 2214 cum
1047 2179 1146 2224 prior
1166 2189 1224 2214 so-

133 2190 233 2266 fufio,
259 2234 351 2269 quae
374 2223 444 2259 fuit
466 2224 586 2266 inita,
611 2223 775 2259 naturale
798 2224 977 2259 vinculum
1001 2235 1074 2259 non
1098 2223 1224 2260 dissol-

133 2270 193 2310 vit,
220 2279 286 2304 nec
310 2269 422 2311 civile,
447 2269 477 2304 si
500 2279 583 2304 reus
606 2268 837 2313 promittendi
861 2270 1062 2305 tenebatur.

181 2312 233 2352 60
259 2313 419 2349 Pio-ms
439 2314 530 2350 libro
555 2315 659 2349 tertio
685 2314 935 2360 quaestionum
981 2315 1141 2350 Iulianus
1165 2324 1224 2350 ve-

132 2370 213 2394 rum
234 2359 429 2395 debitorem
450 2363 533 2405 post
549 2359 646 2395 litem
667 2363 904 2395 contestatam
924 2364 1090 2395 manente
1102 2359 1222 2395 adhuc

131 2404 263 2440 iudicio
288 2405 443 2450 negabat
464 2405 658 2440 solventem
689 2408 850 2449 repetere
880 2415 1005 2450 posse,
1039 2405 1123 2457 quia
1155 2415 1222 2440 nec

130 2450 318 2485 absolutus
329 2460 396 2485 nec
418 2450 674 2485 condemnatus
693 2453 853 2495 repetere
869 2454 1009 2495 posset:
1030 2449 1114 2485 hcet
1133 2450 1225 2485 enim

131 2495 320 2530 absolutus
344 2495 409 2537 sit,
433 2499 564 2530 natura
587 2499 707 2530 tamen
732 2495 872 2530 debitor
895 2499 1098 2540 permanet:
1124 2495 1220 2530 simi—

134 2541 273 2585 lemque
298 2550 376 2575 esse
400 2540 433 2575 ei
457 2540 560 2582 dicit,
596 2541 657 2586 qui
680 2541 731 2575 ita
754 2540 934 2585 promisit,
960 2541 1033 2576 sive
1056 2540 1156 2576 navis
1182 2551 1225 2576 ex

133 2586 222 2621 Asia
253 2585 389 2620 venerit
419 2585 492 2621 sive
523 2596 596 2621 non
629 2585 784 2627 venerit,
821 2586 904 2630 quia
936 2595 978 2621 ex
1011 2596 1084 2621 una
1116 2596 1225 2621 causa

138 2634 151 2665 1
202 2631 372 2666 alterius⁴
393 2630 578 2666 solutionis
600 2631 697 2675 origo
717 2630 967 2675 proficiscitur.
1020 2630 1086 2667 Ubi
1105 2635 1225 2666 autem

131 2675 213 2721 quis
238 2676 334 2720 quod
357 2686 446 2720 pure
469 2676 576 2711 debet
599 2676 666 2711 sub
693 2675 903 2712 condicione
926 2676 1083 2711 novandi
1106 2676 1223 2711 animo

133 2721 306 2766 promisit,
331 2721 491 2766 plerique
512 2724 642 2774 putant
661 2720 840 2766 pendente
858 2721 1048 2757 novatione
1070 2721 1225 2756 solutum

133 2770 295 2811 repetere
317 2777 435 2811 posse,
460 2777 545 2812 qula
566 2777 610 2802 ex
629 2776 701 2811 qua
721 2766 935 2811 obligatione
955 2767 1081 2809 solvat,
1106 2766 1225 2801 adhuc

132 2811 308 2846 incertum
332 2811 395 2846 sit:
427 2811 590 2857 idemque
614 2821 693 2847 esse
717 2811 842 2854 etiam,
866 2811 897 2846 si
920 2811 1078 2847 diversas
1128 2822 1224 2846 erso-

133 2866 200 2891 nas
224 2867 338 2901 ponas
365 2856 513 2892 eandem
535 2857 726 2902 pecuniam
774 2863 839 2892 u‘re
864 2860 900 2892 et
923 2857 990 2892 sub
1015 2867 1083 2892 con
1109 2856 1225 2892 icione

133 2901 288 2936 novandi
312 2902 429 2936 animo
454 2902 669 2947 promisisse.
706 2912 744 2937 se
792 2902 862 2937 hoc
887 2901 1055 2937 dissimile
1079 2906 1151 2937 est:
1185 2902 1222 2935 in

132 2946 366 2990 stipulatione
397 2947 490 2982 enim
512 2957 606 2992 pura
629 2950 665 2982 et
689 2946 926 2983 condicionali
952 2946 1102 2982 eundem
1126 2947 1224 2981 debi-

132 2995 255 3026 turum
280 2995 415 3027 certum
440 2995 505 3027 est.

180 3033 230 3073 61
260 3035 464 3072 Seuerou
495 3036 586 3073 libro
620 3038 745 3090 quinto
769 3047 1025 3083 responsorum
1072 3037 1225 3072 Tutores

134 3081 260 3126 pupilli
293 3081 504 3127 quibusdam
537 3082 771 3117 cred1toribus
804 3082 917 3127 patris
943 3092 987 3117 ex
1010 3082 1223 3126 patrimonio

133 3131 284 3170 paterno
306 3126 497 3169 solverunt,
518 3127 582 3162 sed
599 3131 727 3173 postea
744 3138 818 3162 non
838 3127 1099 3162 sufficientibus
1120 3126 1224 3162 bonis

133 3171 308 3216 pupillum
332 3172 598 3208 abstinuerunt:
633 3173 832 3218 quaeritur,
865 3182 914 3206 an
945 3172 1042 3217 quod
1073 3172 1225 3217 amplius

134 3216 370 3252 creditoribus
389 3227 455 3262 per
472 3220 610 3253 tutores
630 3218 757 3262 pupilli
777 3217 932 3253 solutum
956 3221 1011 3252 est
1033 3218 1088 3252 vel
1112 3221 1225 3252 totum

134 3261 231 3339 guod
251 3265 467 3307 acceperunt
485 3263 671 3298 restituere
691 3262 853 3297 debeant.
886 3262 1066 3307 respondi,
1089 3262 1119 3298 si
1138 3262 1226 3297 nihil

161 3305 216 3340 olo
241 3305 377 3341 factum
402 3311 506 3349 esset,
530 3308 640 3343 tutori
664 3307 804 3352 quidem
827 3307 883 3342 vel
906 3318 955 3352 pu
981 3307 1040 3343 illo
1066 3318 1139 3342 non
1163 3307 1223 3342 de-

135 3350 221 3391 beri,
248 3351 482 3386 creditoribus
507 3356 626 3388 autem
650 3353 727 3387 aliis
751 3352 788 3387 in
807 3352 854 3394 id,
880 3363 949 3397 quo
996 3353 1148 3398 amplius
1169 3352 1225 3387 sui

134 3394 247 3429 debiti
270 3396 426 3431 solutum
451 3401 514 3439 est,
540 3398 663 3433 teneri.

183 3437 236 3476 62
261 3439 498 3476 MAEC'IANUS
516 3442 607 3478 libro
629 3445 759 3488 quarto
768 3441 1128 3486 fideicommissorum
1163 3441 1223 3476 Fi-

134 3483 419 3520 deicommissum
449 3485 487 3520 in
518 3487 748 3532 stipulatione
772 3486 963 3522 deductum
987 3486 1129 3521 tametsi
1152 3497 1224 3520 non

135 3528 295 3563 debitum
317 3529 456 3571 fuisset,
481 3533 564 3576 quia
587 3537 705 3567 tamen
730 3542 752 3566 a
772 3532 905 3566 sciente
924 3532 1008 3567 fidei
1028 3531 1224 3575 explendae

137 3583 249 3608 causa
273 3575 484 3619 promissum
509 3582 613 3618 esset,
639 3578 798 3612 debetur.

135 3687 176 3727 (ι)
203 3687 414 3720 condicionis
427 3689 502 3720 dett.

136 3731 181 3770 (4)
207 3731 351 3763 alterave
364 3745 425 3765 scr.

971 3694 1012 3730 (3)
1039 3694 1152 3729 empta
1165 3688 1223 3720 FS

1026 3735 1070 3772 (6)
1097 3733 1221 3764 donare

620 3694 661 3729 (2)
687 3691 744 3730 qui
759 3703 816 3722 om.
831 3691 865 3722 F

579 3739 619 3770 (5)
645 3736 733 3774 cum]
746 3734 801 3766 cui
814 3746 876 3767 scr.

1223 108 1302 156 173

2250 115 2391 158 XII6

1342 231 1394 270 63
1424 233 1547 270 ΟΑισε
1567 233 1659 269 libro
1683 235 1866 281 sinqulari
1888 235 1932 271 cle
1955 236 2098 272 casibus
2140 236 2308 271 Neratius
2330 247 2391 271 ca·

1297 289 1374 313 sum
1406 278 1537 320 refert,
1573 282 1614 313 ut
1647 280 1726 323 quis
1758 280 1795 314 id
1851 280 1924 315 uod
1956 281 2100 316 solverit
2131 286 2293 326 repetere
2318 292 2387 316 non

1296 323 1428 368 possit,
1462 323 1757 375 quasi-debitum
1782 291 1933 368 dederit,
1968 336 2033 361 nec
2058 331 2177 362 tamen
2199 326 2388 362 liberetur:

1296 369 1390 404 velut
1411 368 1442 404 si
1459 379 1501 411 is,
1551 379 1588 403 ιιι
1608 370 1715 403 cum⁵
1736 373 1873 404 certum
1894 371 2072 406 hominem
2093 372 2248 414 deberet,
2274 377 2388 407 statu·

1296 413 1447 448 liberum
1472 413 1515 448 de
1542 413 1626 448 erit:
1662 423 1746 448 nam
1778 414 1858 449 ideo
1892 426 1970 450 eum
2004 428 2075 451 non
2099 417 2260 459 liberari,
2294 418 2388 462 quod

1297 469 1370 494 non
1393 459 1431 494 in
1454 459 1600 503 plenum
1624 459 1845 503 stipulatoris
1869 460 2046 496 hominem
2070 462 2216 504 fecerit,
2242 472 2308 498 nec
2332 468 2388 497 ta-

1297 513 1376 538 men
1400 514 1439 539 re
1467 508 1562 539 etere
1586 514 1666 539 eum
1690 514 1809 549 posse,
1835 505 1930 549 quod
1955 506 2111 542 debitum
2136 507 2283 542 dederit.

1343 547 1397 585 64
1455 558 1706 584 RYPHONJNUS
1728 549 1819 584 libro
1843 551 1995 595 septimo
2020 552 2302 598 disputationum
2353 552 2389 587 Si

1296 593 1393 638 quod
1417 594 1581 630 dominus
1602 604 1703 629 servo
1725 594 1858 636 debuit,
1883 597 2099 632 manumisso
2121 598 2236 640 solvit,
2264 607 2387 643 quam-

1296 639 1347 674 vis
1373 639 1579 675 existimans
1605 639 1637 674 ei
1660 639 1782 684 aliqua
1805 640 1919 674 teneri
1944 641 2102 684 actione,
2136 646 2255 678 tamen
2286 653 2388 688 repe·

1297 688 1372 719 tere
1396 695 1469 720 non
1493 684 1635 730 poterit,
1662 685 1745 729 quia
1769 685 1934 720 naturale
1958 685 2124 730 adgnovit
2148 688 2322 723 debitum:
2348 694 2389 723 ut

1296 729 1389 764 enim
1420 729 1566 765 libertas
1597 729 1753 765 naturali
1786 730 1862 765 iure
1894 731 2098 765 continetur
2129 736 2165 767 et
2196 733 2387 768 dominatio

1296 785 1340 809 ex
1362 775 1520 826 gentium
1544 776 1621 810 iure
1652 774 1859 810 introducta
1890 779 1965 818 est,
2000 776 2052 810 ita
2085 777 2193 811 debiti
2227 779 2281 813 vel
2317 789 2387 813 non

1296 819 1406 855 debiti
1424 820 1515 856 ratio
1536 820 1574 855 in
1593 820 1819 856 condictione
1839 820 2054 855 naturaliter
2074 821 2309 867 intellegenda
2321 828 2386 858 est.

1341 862 1394 902 65
1420 865 1581 901 PAULUS
1601 865 1692 901 libro
1715 866 1866 912 septimo
1892 866 2028 901 decimo
2054 867 2103 901 ad
2126 866 2310 902 Plautium
2346 869 2387 903 In

1295 920 1443 952 summa,
1464 914 1503 945 ut
1522 911 1735 956 generaliter
1756 911 1799 946 de
1819 911 2030 956 repetitione
2049 915 2255 955 tractemus,
2274 913 2387 948 scien-

1296 955 1380 991 dum
1413 959 1467 991 est
1499 955 1577 991 dari
1608 959 1672 991 aut
1703 956 1748 991 ob
1781 957 2061 991 transactionem
2085 961 2148 991 aut
2172 958 2216 992 ob
2243 968 2388 993 causam

1295 1004 1359 1035 aut
1389 1004 1538 1046 propter
1561 1001 1807 1037 condicionem
1831 1005 1895 1036 aut
1919 1002 1964 1036 ob
1989 1012 2064 1036 rem
2088 1006 2152 1037 aut
2174 1002 2387 1038 indebitum:

1299 1049 1312 1081 l
1361 1045 1399 1081 in
1430 1046 1558 1091 quibus
1590 1046 1755 1082 omnibus
1787 1047 1971 1091 quaeritur
2003 1047 2047 1082 de
2070 1048 2291 1092 repetitione.
2340 1048 2389 1083 Et

1295 1091 1437 1136 quidem
1492 1091 1565 1127 uod
1596 1092 1850 1127 transactionis
1882 1092 2025 1127 nomine
2057 1092 2180 1135 datur,
2217 1093 2301 1128 licet
2332 1104 2389 1128 res

1295 1136 1392 1172 nulla
1411 1147 1466 1171 me
1494 1137 1527 1171 'a
1545 1137 1664 1179 fuerit,
1689 1147 1761 1172 non
1780 1137 1971 1181 repetitur:
1997 1148 2080 1172 nam
2100 1138 2130 1173 si
2152 1138 2194 1173 lis
2215 1137 2295 1180 fuit,
2319 1138 2389 1173 hoc

1295 1181 1422 1227 ipsum,
1449 1181 1544 1227 quod
1565 1192 1587 1217 a
1605 1182 1667 1217 lite
1688 1182 1896 1225 disceditur,
1923 1192 2033 1218 causa
2052 1183 2191 1218 videtur
2213 1193 2301 1218 esse.
2335 1184 2390 1218 sin

1295 1230 1416 1262 autem
1437 1227 1578 1263 evidens
1601 1227 1780 1262 calumnia
1801 1227 1976 1272 detegitur
1995 1232 2031 1263 et
2050 1229 2246 1264 transactio
2259 1229 2388 1273 imper-

1295 1275 1315 1307 2
1362 1272 1459 1307 fecta
1484 1276 1556 1315 est,
1580 1272 1743 1318 repetitio
1769 1272 1922 1308 dabitur.
1970 1273 2013 1308 Id
2037 1284 2196 1319 quoque,
2223 1274 2319 1319 quod
2343 1274 2388 1308 ob

1296 1327 1443 1353 causam
1467 1317 1592 1360 datur,
1624 1322 1714 1363 puta
1737 1318 1834 1363 quod
1857 1318 2001 1364 negotia
2025 1329 2104 1354 mea
2129 1319 2252 1354 adiuta
2275 1319 2321 1354 ab
2347 1330 2388 1354 eo

1295 1363 1436 1407 putavi,
1471 1363 1556 1398 licet
1592 1374 1665 1399 non
1700 1363 1747 1399 sit
1780 1363 1937 1405 factum,
1973 1365 2057 1410 quia
2093 1364 2247 1399 donari⁶
2281 1364 2388 1406 volui,

1295 1408 1455 1453 quamvis
1487 1408 1578 1444 falso
1612 1409 1699 1443 mihi
1728 1409 1986 1454 persuaserim,
2022 1410 2135 1455 repeti
2166 1421 2239 1445 non
2270 1420 2387 1455 posse.

1296 1457 1314 1487 3
1363 1453 1434 1489 Sed
1457 1464 1562 1498 agere
1586 1464 1651 1499 per
1671 1454 1932 1490 condictionem
1952 1458 2099 1500 propter
2119 1455 2388 1490 condicionem⁷

1295 1499 1401 1543 legati
1424 1500 1480 1534 vel
1503 1499 1729 1542 hereditatis,
1761 1501 1834 1535 sive
1865 1511 1936 1535 non
1962 1500 2008 1535 sit
2031 1500 2114 1535 mihi
2137 1500 2293 1544 legatum
2317 1501 2390 1535 sive

1296 1544 1501 1589 ademptum
1524 1545 1701 1589 legatum,
1732 1555 1898 1590 possum,
1923 1549 1964 1580 ut
1987 1556 2026 1580 re
2054 1549 2147 1580 etam
2172 1546 2269 1590 quod
2295 1545 2388 1588 dedi,

1295 1590 1463 1634 quoniam
1484 1600 1557 1625 non
1578 1590 1814 1625 contrahendi
1833 1590 1950 1625 animo
1973 1590 2015 1625 de
2043 1591 2140 1632 erim,
2162 1591 2246 1636 quia
2266 1601 2387 1633 causa,

1294 1638 1442 1680 propter
1466 1646 1573 1680 quam
1598 1635 1688 1678 dedi,
1714 1646 1786 1671 non
1811 1639 1866 1671 est
1889 1639 2025 1671 secuta.
2062 1636 2154 1671 idem
2176 1640 2211 1671 et
2231 1636 2262 1671 si
2285 1637 2388 1671 here-

1296 1680 1443 1715 ditatem
1474 1680 1574 1716 adire
1606 1681 1704 1716 nolui
1733 1681 1789 1716 vel
1812 1691 1884 1716 non
1907 1681 2020 1726 potui.
2056 1691 2129 1716 non
2153 1681 2247 1716 idem
2269 1685 2390 1733 potest

1296 1725 1385 1768 dici,
1419 1726 1449 1761 si
1481 1736 1603 1761 servus
1628 1736 1727 1761 meus
1752 1727 1819 1761 sub
1845 1726 2052 1762 condicione
2076 1727 2178 1762 heres
2203 1727 2389 1761 institutus

1296 1771 1342 1806 sit
1366 1774 1402 1805 et
1426 1781 1488 1815 ego
1515 1771 1666 1813 dedero,
1700 1771 1828 1807 deinde
1859 1772 2099 1807 manumissus
2124 1772 2271 1807 adierit:
2305 1782 2388 1807 nam

1295 1819 1316 1851 4
1363 1816 1433 1851 hoc
1458 1827 1546 1851 casu
1571 1820 1696 1852 secuta
1719 1827 1777 1852 res
1802 1820 1865 1852 est.
1914 1816 2017 1861 Quod
2041 1817 2087 1852 ob
2109 1827 2183 1852 rem
2204 1817 2319 1859 datur,
2346 1828 2387 1853 ex

1296 1861 1390 1897 bono
1416 1865 1453 1896 et
1477 1872 1590 1914 aequo
1612 1862 1722 1897 habet
1741 1862 2007 1907 repetitionem:
2033 1862 2141 1897 veluti
2162 1862 2192 1897 si
2214 1862 2293 1897 dem
2311 1862 2387 1904 tibi,

1296 1910 1315 1941 5
1363 1910 1404 1941 ut
1427 1907 1561 1952 aliquid
1584 1907 1719 1950 facias,
1745 1918 1811 1943 nec
1835 1907 1975 1943 feceris.
2023 1907 2080 1949 Ei,
2130 1908 2165 1942 ui
2190 1907 2388 1943 indebitum

1295 1953 1442 1997 repetit,
1475 1956 1511 1987 et
1542 1952 1683 1988 fructus
1718 1956 1753 1987 et
1784 1956 1911 1998 partus
1943 1953 2082 1988 restitui
2131 1953 2211 1988 ebet
2235 1952 2389 1988 deducta

1296 2001 1315 2032 6
1363 1997 1536 2043 impensa.
1582 1998 1625 2032 In
1655 1997 1835 2033 frumento
1859 1998 2018 2033 indebito
2044 1998 2160 2033 soluto
2187 2002 2222 2032 et
2246 1998 2388 2033 bonitas

1296 2046 1350 2077 est
1381 2047 1435 2085 et,
1467 2043 1498 2078 si
1531 2043 1751 2088 consumpsit
1782 2043 2020 2085 frumentum,
2053 2044 2207 2088 pretium
2239 2047 2386 2088 repetet.

1296 2091 1314 2122 7
1364 2087 1422 2123 Sic
1443 2088 1665 2123 habitatione
1685 2088 1769 2123 data
1790 2089 1979 2133 pecuniam
2000 2089 2198 2131 condicam,
2219 2099 2291 2124 non
2310 2089 2387 2133 qui—

1295 2133 1375 2168 dem
1407 2134 1531 2178 quanti
1561 2133 1699 2169 locari⁸
1721 2134 1855 2178 potuit,
1889 2134 1953 2169 sed
1977 2135 2100 2179 quanti
2124 2138 2164 2168 tu
2190 2134 2388 2169 conductu-

1295 2181 1315 2213 8
1363 2189 1423 2213 rus
1447 2178 1589 2214 fuisses.
1638 2179 1675 2214 Si
1699 2189 1839 2214 servum
1862 2179 2058 2214 indebitum
2082 2179 2147 2214 tibi
2177 2179 2257 2214 dedi
2290 2189 2387 2214 eum-

1295 2234 1363 2269 que
1386 2224 1642 2266 manumisisti,
1675 2224 1705 2258 si
1737 2225 1853 2260 sciens
1878 2225 1947 2260 hoc
1970 2224 2107 2267 fecisti,
2139 2224 2317 2259 teneberis
2342 2224 2389 2258 ad

1294 2269 1447 2314 pretium
1472 2269 1558 2312 eius,
1584 2269 1614 2304 si
1638 2270 1811 2312 nesciens,
1836 2281 1908 2305 non
1933 2270 2128 2312 teneberis,
2154 2269 2217 2304 sed
2241 2272 2388 2314 propter

1294 2324 1423 2359 operas
1456 2315 1532 2350 eius
1563 2314 1681 2349 liberti
1713 2319 1748 2350 et
1779 2319 1819 2350 ut
1849 2315 2081 2350 hereditatem
2106 2315 2181 2349 eius
2206 2315 2385 2349 restituas.

1294 2362 1315 2394 9
1362 2359 1564 2395 Indebitum
1596 2363 1651 2395 est
1684 2370 1758 2395 non
1789 2364 1948 2402 tantum,
1991 2359 2086 2405 quod
2116 2359 2284 2395 οιιιιιίιιο9
2315 2370 2388 2394 ιιοιι

1295 2404 1463 2448 debetur,
1493 2405 1556 2440 sed
1587 2408 1624 2440 et
1653 2405 1750 2457 quod
1774 2405 1833 2440 alii
1858 2406 2024 2447 debetur,
2056 2405 2087 2440 si
2121 2405 2181 2439 alii
2213 2404 2383 2446 solvatur,

1294 2453 1358 2529 ault
1390 2450 1422 2485 si
1443 2450 1480 2490 id
1503 2449 1600 2496 quod
1623 2449 1713 2485 allus
1738 2450 1894 2486 debebat
1916 2451 2007 2486 alius
2031 2450 2134 2495 quasi
2157 2450 2234 2494 ipse
2259 2449 2388 2484 debeat

1294 2506 1333 2530 so
1349 2498 1420 2529 vat.

1340 2537 1394 2578 66
1425 2539 1673 2575 PAPINIANUS
1700 2539 1792 2575 libro
1828 2543 1954 2575 octavo
1992 2541 2240 2585 quaestionum
2287 2539 2387 2575 Haec

1296 2584 1473 2620 condictio
1500 2595 1543 2620 ex
1567 2585 1664 2620 bono
1690 2589 1726 2620 et
1749 2595 1863 2630 aequo
1882 2585 2097 2627 introducta,
2123 2585 2218 2630 quod
2239 2585 2387 2620 alterius

1294 2631 1390 2675 apud
1413 2630 1563 2665 alterum
1582 2630 1658 2665 sine
1678 2640 1788 2665 causa
1807 2630 2092 2675 deprehenditur,
2112 2640 2280 2665 revocare
2300 2640 2386 2665 con-

1295 2675 1419 2711 suevit.

1340 2718 1392 2758 67
1426 2719 1631 2755 SCAEVOLA
1676 2719 1767 2754 libro
1828 2720 1928 2754 uin-to
1964 2719 2186 2766 diqestorum
2242 2719 2386 2755 Stichus

1293 2768 1508 2801 testamento
1542 2764 1634 2806 eius,
1667 2775 1772 2808 quem
1821 2765 1977 2799 ominum
2001 2775 2106 2799 suum
2131 2765 2385 2807 arbitrabatur,

1294 2811 1458 2845 libertate
1490 2812 1656 2854 accepta,
1690 2810 1720 2844 si
1751 2811 1872 2844 decem
1897 2810 2000 2844 anuis
2026 2820 2069 2844 ex
2093 2810 2149 2845 die
2173 2810 2296 2845 mortis
2321 2820 2385 2844 an-

1295 2866 1385 2891 nuos
1411 2856 1532 2890 decem
1555 2854 1746 2889 heredibus
1769 2855 2026 2899 praestitisset,
2058 2865 2124 2900 per
2157 2859 2239 2890 octo
2272 2865 2385 2890 annos

1295 2900 1520 2946 praefinitam
1544 2899 1779 2943 quantitatem
1813 2903 1853 2934 ut
1883 2901 2003 2935 iussus
2036 2904 2114 2935 erat
2138 2900 2251 2943 dedit,
2284 2904 2384 2945 post-

1294 2945 1438 2981 modum
1469 2955 1506 2980 se
1530 2944 1720 2988 ingenuum
1746 2945 1918 2990 comperit
1941 2955 2008 2980 nec
2031 2945 2248 2990 reliquorum
2272 2955 2384 2981 anno·

1294 3001 1372 3026 rum
1396 2989 1494 3025 dedit
1518 2993 1553 3024 et
1584 2989 1837 3033 pronuntiatus
1870 2994 1924 3026 est
1954 2991 2147 3035 ingenuus:
2181 2991 2381 3035 quaesitum

1295 3040 1361 3078 est,
1385 3046 1431 3069 an
1455 3034 1663 3079 pecuniam,
1689 3045 1794 3079 quam
1818 3035 2008 3070 heredibus
2034 3035 2151 3077 dedit,
2183 3039 2224 3070 ut
2246 3035 2384 3070 indebi-

1294 3085 1367 3116 tam
1399 3080 1520 3114 datam
1551 3083 1713 3124 repetere
1745 3083 1780 3114 et
1835 3091 1883 3116 ua
1907 3081 2050 3116 actione
2072 3081 2198 3126 possit.
2235 3091 2384 3125 respon-

1295 3127 1366 3168 dit,
1392 3126 1422 3160 si
1446 3134 1524 3159 eam
1548 3124 1736 3169 pecuniam
1770 3125 1813 3160 de
1840 3125 1885 3168 it,
1922 3136 2014 3171 quae
2045 3136 2159 3170 neque
2191 3136 2235 3161 ex
2267 3125 2383 3169 operis

1294 3172 1367 3206 suis
1392 3180 1507 3215 neque
1531 3179 1575 3204 ex
1598 3180 1637 3204 re
1662 3170 1749 3212 eius,
1776 3171 1833 3205 cui
1851 3171 1948 3206 bona
1967 3171 2037 3206 fide
2061 3171 2247 3212 serviebat,
2273 3179 2382 3214 quae-

1297 3220 1311 3250 1
1363 3216 1432 3250 sita
1456 3215 1521 3255 sit,
1546 3225 1653 3259 posse
1675 3215 1800 3259 repeti.
1848 3216 1963 3251 Tutor
1988 3216 2155 3251 creditori
2178 3215 2303 3260 pupilli
2327 3214 2382 3248 sui

1293 3260 1373 3306 plus
1398 3270 1504 3305 quam
1529 3259 1725 3295 debebatur
1749 3261 1898 3296 exsolvit
1922 3266 1957 3296 et
1988 3262 2122 3296 tutelae
2152 3260 2281 3295 iudicio
2314 3269 2380 3303 pu-

1293 3306 1378 3351 pillo
1403 3316 1476 3340 non
1499 3305 1702 3349 imputavit:
1728 3316 1861 3350 quaero
1882 3317 1929 3341 an
1948 3306 2192 3351 repetitionem
2212 3305 2381 3338 adversus

1294 3355 1312 3385 2
1363 3350 1571 3385 creditorem
1591 3350 1750 3385 haberet.
1778 3352 1962 3397 respondit
1981 3352 2122 3386 habere.
2172 3349 2286 3384 Titius
2300 3359 2381 3383 cum

1293 3396 1422 3430 multos
1448 3395 1639 3430 creditores
1663 3396 1822 3438 haberet,
1847 3397 1884 3431 in
1908 3397 2036 3441 quibus
2061 3400 2097 3430 et
2122 3395 2257 3435 Seium,
2283 3393 2380 3427 bona

1293 3450 1359 3475 sua
1389 3440 1552 3485 privatim
1583 3439 1682 3475 facta
1712 3441 1912 3476 venditione
1943 3441 2082 3475 Maevio
2116 3438 2307 3479 concessit,
2341 3442 2383 3471 ut

1293 3485 1379 3520 satis
1405 3485 1639 3520 creditoribus
1670 3486 1824 3521 faceret:
1858 3487 1920 3521 sed
1946 3486 2105 3520 Maevius
2137 3483 2240 3518 solvit
2271 3493 2380 3526 pecu-

1293 3531 1387 3564 niam
1412 3529 1492 3564 Seio
1517 3533 1698 3575 tamquam
1723 3531 1896 3573 debitam,
1930 3541 2020 3575 quae
2044 3531 2113 3564 iam
2138 3539 2159 3562 a
2183 3528 2276 3562 Titio
2300 3526 2380 3560 fue-

1293 3579 1350 3609 rat
1373 3575 1508 3610 soluta:
1541 3576 1742 3620 quaesitum
1773 3579 1845 3618 est,
1879 3588 1959 3611 cum
1984 3580 2108 3619 postea
2133 3572 2383 3617 repperiantur

1292 3688 1367 3719 den.
2202 3688 2231 3722 (ε)
2237 3687 2246 3720 )
2272 3683 2381 3716 homi·

1291 3731 1373 3764 nino
1385 3731 1420 3764 F

1440 3688 1483 3728 (τ)
1509 3688 1758 3720 condictionem
1772 3689 1805 3720 F
1888 3688 1931 3727 (8)
1958 3686 2067 3717 locare
2082 3685 2114 3717 F
