2528 3918
120 109 378 160 mvmtmno
1199 105 1276 157 145

167 239 189 277 7
215 239 321 276 Imm
337 239 427 275 libro
447 238 638 274 vicensimo
658 236 707 271 ad
718 235 872 272 edictum
920 235 1105 271 Communi
1117 236 1203 271 divi-

120 285 240 322 dundo
274 284 442 320 iudicium
475 283 594 318 locum
628 282 738 317 habet
769 285 804 316 et
834 281 872 316 in
906 281 1069 326 vectigali
1105 291 1203 326 agro.

118 329 299 376 vectigalis
322 339 406 375 ager
429 338 476 363 an
498 327 701 379 regionibus
722 326 829 361 dividi
847 326 971 371 possit,
996 326 1203 362 videndum:

118 375 230 421 magis
260 378 379 410 autem
410 373 515 408 debet
544 372 650 408 iudex
682 371 860 407 abstinere
890 371 1095 407 huiusmodi
1118 371 1204 406 divi-

122 425 135 456 1
175 421 289 456 sione:
303 418 460 464 alioquin
493 418 661 453 raestatio
671 416 850 469 vectigalis
860 417 1109 453 confundetur.
1132 416 1204 452 Ne-

118 466 230 502 ratius
260 464 385 500 scribit
423 473 464 498 ar
489 463 613 506 itrum,
645 462 676 498 si
708 462 912 507 regionibus
947 462 1098 498 fundum
1133 473 1205 498 non

118 510 322 556 vectigalem
345 508 493 544 divisum
517 508 656 544 duobus
680 507 947 550 adiudicaverit,
972 518 1079 553 posse
1103 507 1205 552 quasi

118 560 137 592 2
184 556 221 591 in
256 554 396 590 duobus
430 553 550 589 fundis
585 553 790 589 servitutem
824 553 1016 597 imponere.
1065 553 1133 597 Qui
1167 553 1205 587 in

116 611 190 637 rem
212 599 457 635 Publicianam
480 599 633 642 habent,
666 598 772 634 etiam
805 599 982 633 communi
1013 598 1203 633 dividundo

117 650 136 682 3
182 645 351 681 iudicium
375 649 528 690 possunt
551 654 727 680 exercere.
773 643 832 678 Ex
852 643 1065 688 quibusdam
1085 647 1204 679 autem

117 691 255 727 causis¹
279 690 471 726 vindicatio
497 694 632 732 cessat,
665 689 694 724 si
726 693 846 724 tamen
878 689 974 724 iusta
1007 699 1118 724 causa
1151 693 1205 724 est

114 735 336 782 possidendi,
373 735 460 772 utile
496 735 673 771 communi
709 733 902 769 dividundo
940 734 1127 779 competit,
1164 738 1205 769 ut

114 785 202 827 puta
236 781 266 816 si
302 791 345 817 ex
382 790 493 816 causa
526 780 675 816 indebiti
710 779 818 815 soluti
851 781 933 815 res2
964 779 1202 824 possideatur.

114 830 135 862 4
180 827 277 861 Inter
299 826 499 872 praedones
530 829 649 861 autem
680 825 749 860 hoc
779 824 950 860 iudicium
981 825 1099 861 locum
1131 835 1203 860 non

114 872 241 914 habet,
266 882 332 907 nec
356 871 387 907 si
410 872 571 917 precario
596 870 802 916 possideant
825 870 945 905 locum
967 871 1115 906 habebit
1138 881 1204 906 nec

113 918 144 952 si
168 917 270 960 clam,
320 917 380 952 uia
402 917 537 953 iniusta
557 921 612 952 est
631 916 810 962 possessio
830 915 912 958 ista,
937 916 1100 961 precaria
1119 926 1202 952 vero

112 963 207 997 iusta
231 963 291 1008 qui
317 973 390 1005 em,
423 962 486 998 sed
517 973 609 1007 quae
640 972 711 997 non
726 1000 728 1002 v
742 965 868 1006 pergat
891 960 938 996 ad
961 961 1083 996 iudicii
1107 961 1201 1006 vigo-

113 1011 132 1043 5
179 1018 265 1043 rem.
313 1008 473 1043 Iulianus
490 1007 624 1049 scribit,
650 1007 680 1042 si
701 1007 791 1042 alter
814 1016 1002 1052 possessor
1020 1011 1201 1052 provocet,

112 1053 203 1089 alter
226 1053 323 1089 dicat
347 1063 428 1088 eum
451 1053 485 1088 vi
509 1053 709 1098 possidere,
743 1063 816 1087 non
848 1052 977 1087 debere
1008 1053 1078 1088 1100
1109 1051 1201 1087 iudi-

112 1098 206 1134 cium
219 1098 296 1134 dari
315 1108 382 1134 nec
402 1102 486 1144 post
505 1109 638 1133 annum
659 1097 811 1143 quidem,
836 1097 920 1143 quia
963 1097 1074 1133 lacuit
1096 1098 1202 1133 etiam

111 1148 193 1190 post
224 1154 356 1179 annum
379 1143 418 1179 in
442 1154 522 1179 eum
546 1144 607 1189 qui
630 1143 662 1178 vi
687 1143 815 1178 deiecit
837 1143 930 1178 inter
957 1143 1064 1178 'ctum
1088 1143 1200 1178 reddi.

111 1193 147 1225 et
170 1189 201 1225 si
230 1189 410 1242 precario,
443 1189 578 1234 inquit,
610 1189 707 1224 dicat
737 1199 817 1224 eum
850 1188 1050 1233 possidere,
1083 1188 1202 1224 adhuc

112 1234 266 1270 cessabit
287 1235 358 1270 1100
381 1234 569 1277 iudicium,
602 1234 686 1279 quia
720 1238 755 1269 et
779 1233 824 1269 de
846 1234 1009 1279 precario
1033 1234 1201 1270 interdic-

111 1284 186 1315 tum
209 1280 326 1315 datur.
364 1279 428 1315 sed
452 1285 487 1315 et
509 1280 540 1315 si
564 1280 655 1315 clam
676 1279 818 1314 dicatur
835 1279 1019 1324 possidere
1037 1280 1097 1325 qui
1116 1290 1200 1325 pro-

110 1329 225 1368 vocat,
252 1325 443 1361 dicendum
468 1335 546 1361 esse
569 1326 621 1360 ait
645 1335 787 1360 cessare
809 1325 879 1360 hoc
904 1325 1091 1360 iudicium:
1118 1335 1201 1360 nam

110 1371 155 1406 de
179 1371 400 1406 clandestina
422 1371 648 1416 possessione
673 1374 873 1415 competere
896 1370 1124 1406 interdictum
1146 1371 1200 1405 in-
1227 1395 1230 1398 ι

111 1419 131 1452 6
178 1417 264 1462 quit.
313 1415 352 1451 Si
382 1416 452 1452 duo
485 1417 556 1452 sint
588 1417 648 1461 qui
686 1426 761 1450 rem
796 1416 935 1460 pignori
971 1421 1199 1461 acceperunt,

110 1462 361 1507 aequissimum
393 1472 471 1497 esse
501 1462 588 1497 utile
613 1461 791 1497 communi
816 1460 1007 1497 dividundo
1031 1461 1201 1497 iudicium

111 1510 128 1542 7
177 1507 266 1543 dari.
315 1507 387 1542 Sed
410 1512 446 1542 et
468 1507 499 1542 si
523 1507 568 1542 de
591 1518 659 1542 usu
682 1506 804 1542 fructu
823 1507 870 1541 sit
888 1506 980 1543 inter
1001 1507 1091 1542 duos
1113 1518 1199 1542 con-

110 1555 130 1588 8
177 1553 367 1595 troversia,
406 1553 484 1588 dari
519 1553 634 1588 debet.
683 1553 772 1587 Item
807 1553 836 1587 si
874 1552 945 1587 duo
981 1563 1004 1587 a
1034 1557 1201 1605 praetore

109 1598 208 1634 missi
231 1598 304 1633 sint
328 1598 366 1633 in
389 1598 652 1643 possessionem
675 1598 892 1643 legatorum:
919 1601 973 1633 est
993 1608 1087 1633 emm
1105 1598 1201 1633 iusta

110 1654 221 1679 causa
255 1643 460 1689 possidendi
496 1644 679 1679 custodiae
712 1643 839 1688 gratia.
885 1653 923 1678 er
946 1654 966 1679 o
1000 1646 1036 1678 et
1067 1643 1097 1679 si
1130 1643 1199 1679 duo

109 1693 267 1731 ventres,
299 1688 393 1724 idem
417 1689 485 1724 erit
508 1689 717 1724 dicendum:
751 1688 848 1733 quod
878 1689 927 1724 ha
954 1692 990 1724 01
1011 1689 1198 1724 rationem.

108 1738 129 1770 9
175 1734 288 1770 Plane
312 1734 343 1769 si
365 1734 436 1769 iam
460 1734 579 1769 damni
603 1734 727 1770 11110011
750 1734 878 1769 missus
902 1734 1021 1769 iussus
1046 1734 1093 1770 sit
1142 1745 1199 1769 os-

108 1779 232 1821 sidere,
257 1790 331 1815 non
355 1779 421 1814 erit
443 1780 527 1815 huic
551 1780 630 1815 utili
652 1779 782 1815 iudicio
806 1780 919 1822 locus,
945 1790 1026 1814 cum
1042 1780 1101 1815 vin
1127 1780 1198 1814 'ca-

111 1828 151 1860 10
197 1825 331 1860 tionem
354 1825 486 1860 habere
508 1825 633 1870 possit.
682 1824 771 1860 Cum
795 1825 838 1860 (10
862 1835 930 1860 usu
953 1824 1075 1860 fructu
1101 1836 1197 1860 com-

108 1871 206 1906 muni
230 1870 420 1906 dividundo
443 1871 614 1906 iudicium
638 1871 765 1915 agitur,
789 1869 897 1906 iudex
917 1870 1076 1905 officium
1095 1881 1199 1906 suum

107 1916 158 1951 ita
181 1916 323 1960 diriget,
356 1919 397 1951 ut
427 1916 483 1951 vel
512 1916 716 1961 regionibus
749 1915 799 1951 eis
824 1916 877 1950 uti
899 1915 972 1950 frui
995 1916 1197 1961 permittat:

107 1961 162 1996 vel
183 1961 278 1997 locet
300 1972 404 1996 usum
427 1961 585 1996 fructum
608 1961 671 1996 uni
695 1971 739 1996 ex
762 1961 849 1996 illis:
881 1961 936 1997 vel
967 1961 1094 1997 tertiae
1117 1972 1198 2006 per-

108 2017 234 2049 sonae,
268 2010 309 2042 ut
338 2006 376 2041 hi
407 2007 595 2052 pensiones
620 2007 697 2042 sine
720 2007 794 2042 ulla
818 2007 1060 2042 controversia
1083 2007 1198 2052 perci-

109 2052 224 2104 piant:
257 2052 313 2087 vel
336 2052 367 2087 si
390 2062 447 2087 res
472 2052 620 2087 mobiles
643 2052 734 2094 sint,
767 2052 875 2087 etiam
898 2052 950 2087 sic
973 2052 1125 2097 poterit,
1159 2056 1200 2087 ut

107 2101 199 2133 mter
230 2108 290 2132 eos
323 2098 511 2133 conveniat
535 2102 754 2142 caveantque
776 2108 841 2142 per
864 2100 1028 2142 tempora
1051 2108 1090 2133 se
1112 2108 1197 2133 usu-

108 2153 167 2178 ros
192 2147 227 2178 et
248 2142 435 2184 fruituros,
458 2143 528 2178 hoc
548 2147 604 2178 est
623 2147 664 2177 ut
683 2153 705 2178 a
731 2142 780 2178 ud
800 2142 957 2187 singulos
978 2147 1104 2178 mutua
1122 2143 1200 2179 vice

112 2191 147 2222 11
198 2191 294 2223 certo
318 2191 478 2233 tempore
509 2188 555 2223 sit
585 2199 672 2224 usus
719 2192 855 2224 ructus.
903 2187 1030 2233 Neque
1063 2189 1199 2224 colonis

109 2244 222 2278 neque
253 2234 304 2268 eis
336 2234 398 2278 qui
430 2233 631 2279 depositum
662 2237 898 2278 susceperunt
928 2233 998 2269 hoc
1028 2234 1199 2269 iudicium

112 2281 150 2313 12
198 2279 385 2324 competit,
417 2279 576 2324 quamvis
601 2279 813 2314 naturaliter
861 2278 1053 2314 ossideant.
1104 2279 1199 2314 Inter

109 2334 188 2367 eos,
213 2325 274 2370 qui
297 2324 436 2369 pignori
460 2329 695 2370 acceperunt,
721 2325 802 2359 talis
854 2324 951 2359 ’visio
976 2324 1055 2360 fieri
1080 2325 1196 2368 debet,

108 2373 148 2412 ut
170 2381 242 2405 non
266 2380 349 2405 vero
373 2370 487 2415 pretio
513 2370 719 2405 aestimetur
750 2380 855 2415 pars,
890 2369 953 2405 sed
984 2370 1022 2405 in
1056 2374 1198 2406 tautum

109 2414 302 2458 dumtaxat,
329 2420 501 2460 quantum
519 2426 584 2460 pro
606 2426 648 2451 ea
667 2419 770 2460 parte
787 2415 949 2458 debetur,
974 2419 1009 2451 et
1033 2415 1196 2461 adsigne-

109 2464 166 2495 tur
186 2460 328 2506 quidem
348 2461 476 2506 pignus
496 2461 559 2495 uni
579 2471 623 2495 ex
643 2461 892 2504 creditoribus,
913 2461 1058 2496 licentia
1077 2466 1197 2497 tamen

109 2516 179 2541 non
215 2505 409 2551 denegetur
443 2506 595 2541 debitori
631 2506 787 2541 debitum
821 2506 950 2542 offerre
992 2510 1028 2541 et
1067 2507 1196 2559 pignus

109 2561 211 2586 suum
234 2551 341 2587 luere.
374 2551 537 2596 idemque
561 2551 691 2587 dicitur
716 2555 751 2586 et
774 2551 805 2587 si
828 2562 1016 2596 possessor
1040 2552 1196 2605 plgnoris

108 2595 176 2631 litis
201 2597 481 2632 aestimationem
504 2597 797 2642 pigneraticiam³
820 2597 858 2632 in
877 2607 951 2632 rem
972 2601 1090 2642 agent1
1110 2598 1195 2633 offe-

113 2644 150 2676 13
196 2646 263 2677 101.
307 2642 345 2677 Si
367 2642 506 2678 debitor
527 2642 722 2677 communis
744 2642 881 2687 praedii
901 2646 1040 2687 partem
1058 2643 1197 2688 pignori

109 2685 204 2722 dedit
226 2691 262 2722 et
285 2697 307 2722 a
330 2687 471 2723 domino
496 2688 641 2723 alterius
665 2688 778 2733 partis
802 2692 1017 2732 provocatus
1043 2689 1197 2724 creditor

109 2731 182 2767 eius
215 2736 278 2767 aut
309 2733 354 2768 ab
387 2733 456 2768 alio
490 2733 667 2769 creditore
690 2732 837 2768 alterius
863 2733 1032 2769 debiton's
1055 2734 1195 2769 licendo

109 2778 286 2822 superavit
311 2781 345 2813 et
369 2778 508 2814 debitor
533 2778 607 2814 eius
633 2779 692 2813 cui
714 2789 771 2814 res
794 2778 864 2813 fuit
887 2778 1092 2814 adiudicata
1114 2779 1198 2815 velit

134 2826 243 2858 artem
267 2833 368 2858 suam
391 2823 528 2868 praedii
550 2824 752 2868 reciperare
776 2824 892 2859 soluto
918 2834 959 2859 eo
1017 2823 1088 2859 uod
1120 2825 1197 2869 ipse

109 2832 245 2903 gebuit:
279 2868 457 2913 eleganter
489 2869 619 2904 dicitur
649 2879 721 2905 non
753 2879 832 2904 esse
862 2835 1095 2912 audiendum,
1129 2870 1196 2904 nisi

111 2915 145 2947 et
167 2923 243 2948 eam
266 2918 405 2958 partem
428 2918 575 2959 paratus
599 2915 646 2950 sit
668 2915 885 2959 reciperare,
911 2925 1018 2960 quam
1042 2915 1197 2950 creditor

109 2967 172 3001 per
194 2958 493 2995 adiudicationem
513 2960 606 2994 emit.
643 2970 727 2995 nam
748 2963 783 2995 et
801 2960 831 2995 si
846 2963 984 3004 partem
996 2959 1195 2995 vendideris

110 3002 160 3037 rei
183 3007 218 3038 et
239 3004 357 3048 prius,
389 3015 496 3050 quam
519 3005 679 3040 traderes
703 3005 873 3050 emptori,
906 3005 1084 3040 communi
1109 3005 1194 3040 divi-

110 3046 227 3099 dundo
251 3049 380 3085 iudicio
404 3054 619 3095 provocatus
642 3050 752 3086 fueris
777 3050 918 3096 aliaque
942 3061 1026 3095 pars
1046 3050 1111 3085 tibi
1131 3050 1194 3086 ad-

110 3092 264 3129 iudicata
294 3094 359 3138 sit,
393 3100 653 3140 consequenter
677 3095 807 3131 dicitur
830 3106 874 3131 ex
898 3101 1016 3141 empto
1042 3097 1099 3141 agi
1122 3107 1195 3132 non

110 3147 231 3216 Home,
255 3139 324 3175 nisi
346 3143 459 3175 totam
482 3151 556 3176 rem
580 3141 763 3186 suscipere
785 3140 895 3176 fuerit
917 3145 1085 3186 paratus,
1111 3142 1195 3186 quia

112 3191 196 3233 'aec
219 3194 302 3229 pars
325 3184 498 3221 beneficio
522 3186 668 3222 alterius
700 3186 873 3222 venditori
905 3187 1075 3222 accessit:
1109 3187 1194 3232 quin

110 3236 212 3263 immo
236 3229 341 3264 etiam
365 3240 409 3265 ex
432 3231 574 3267 vendito
595 3241 702 3276 posse
722 3231 903 3267 conveniri
923 3236 1129 3277 emptorem,
1156 3236 1196 3267 ut

112 3273 256 3318 recipiat
288 3278 421 3311 totum:
457 3276 572 3312 solum
602 3276 691 3312 illud
722 3276 957 3322 spectandum
989 3278 1075 3320 erit,
1109 3288 1193 3312 num

110 3314 201 3353 forte
221 3318 320 3355 fraus
344 3320 463 3366 aliqua
485 3321 675 3357 venditoris
698 3322 895 3357 intervenit.
933 3322 996 3357 sed
1017 3326 1053 3358 et
1072 3324 1102 3358 si
1122 3322 1193 3358 dis-

111 3364 224 3398 tracta
247 3369 348 3409 parte
372 3367 520 3401 cesserit
548 3367 662 3402 victus
693 3367 890 3403 licitatione
921 3367 1099 3411 venditor,
1134 3378 1192 3403 ae-

112 3415 196 3450 que,
220 3409 372 3453 pretium
395 3415 436 3445 ut
457 3412 642 3454 restituat,
667 3422 712 3448 ex
736 3422 789 3449 em
816 3417 853 3448 to
877 3413 1065 3448 tenebitur.
1103 3413 1194 3448 haec

112 3451 232 3504 eadem
256 3457 291 3488 et
312 3455 350 3489 in
372 3456 541 3492 mandato
566 3457 763 3503 ceterisque
820 3458 900 3493 uius
931 3458 1070 3503 generis
1101 3458 1193 3493 iudi-

112 3505 180 3531 cns·
197 3502 390 3535 servantur.

133 3584 141 3592 ·
157 3538 181 3579 8
205 3542 364 3579 Pinus
391 3544 482 3581 libro
515 3546 704 3583 vicensimo
737 3548 841 3582 tertio
873 3547 923 3582 ad
945 3548 1098 3584 edictum
1144 3547 1195 3582 Et

113 3594 143 3620 sl
165 3597 236 3639 non
260 3598 392 3630 omnes,
417 3589 477 3634 qui
499 3601 574 3625 rem
598 3602 818 3627 communem
842 3592 994 3635 habent,
1020 3592 1083 3628 sed
1107 3593 1194 3628 certi

113 3639 155 3664 ex
185 3631 239 3667 lus
271 3633 424 3669 dividere
454 3634 674 3679 desiderant,
706 3637 776 3673 hoc
807 3637 977 3673 iudicium
1007 3638 1100 3674 inter
1131 3648 1192 3674 eos

2270 108 2366 158 X3

1279 239 1292 271 1
1343 236 1422 271 0001
1448 236 1460 271 1
1483 238 1611 281 potest.
1661 236 1698 271 Si
1732 236 1908 272 incertum
1939 237 2004 280 sit,
2038 247 2085 272 an
2117 237 2175 272 lex
2207 237 2370 273 Falcidia

1274 281 1393 316 locum
1443 281 1549 316 abeat
1573 281 1665 316 inter
1687 281 1896 325 legatarium
1920 286 1956 318 et
1978 282 2165 326 heredem,
2191 283 2367 319 communi

1275 326 1467 362 dividundo
1500 327 1557 371 agi
1587 330 1707 371 potest
1739 331 1802 361 aut
1835 328 1993 364 incertae
2028 328 2141 373 partis
2177 327 2367 364 vindicatio

1275 371 1391 407 datur.
1429 372 1589 407 similiter
1612 371 1654 406 fit
1677 376 1712 407 et
1736 372 1767 407 si
1790 373 1968 416 peculium
1992 373 2149 426 legatum
2182 373 2247 414 sit,
2282 374 2367 418 quia

1274 417 1311 451 in
1360 420 1508 452 uantum
1530 427 1587 452 res
1611 417 1810 462 peculiares
1836 418 2005 453 deminuit
2028 419 2065 454 ld
2098 418 2194 464 quod
2225 418 2367 454 domino

1275 464 1294 497 2
1369 462 1512 502 ebetur,
1541 462 1718 498 incertum
1753 466 1817 498 est.
1866 462 1972 498 Venit
2002 464 2039 503 in
2072 464 2249 499 communi
2281 464 2367 499 divi-

1274 507 1395 543 dundo
1426 507 1598 543 iudicium
1631 508 1735 543 0110111
1768 507 1799 543 si
1823 508 1902 552 quis
1925 518 1999 543 rem
2024 520 2244 545 communem
2270 509 2367 545 (1010-

1274 553 1403 588 riorem
1425 552 1570 596 fecerit,
1603 552 1697 589 forte
1722 563 1862 588 servum
1884 553 2102 590 vulnerando
2127 559 2190 591 aut
2213 555 2367 590 animum

1275 598 1350 633 eius
1375 599 1634 644 corrumpendo
1667 603 1730 634 aut
1762 598 1908 634 arbores
1941 609 1985 634 ex
2015 599 2124 635 fundo
2159 600 2366 636 excidendo.

1274 646 1293 678 3
1343 643 1381 679 Si
1402 644 1599 679 communis
1618 644 1709 680 servi
1729 644 1844 689 gratia
1864 654 1981 679 noxae
2001 645 2142 680 nomine
2161 646 2242 691 plus
2263 656 2366 691 prae-

1273 688 1414 732 stiterit,
1440 690 1688 725 aestimabitur
1712 700 1836 725 servus
1862 693 1897 725 et
1917 690 1993 725 eius
2013 694 2150 735 partem
2172 701 2366 736 conseque—

1273 737 1295 768 4
1341 737 1411 769 tur.
1460 735 1549 770 Item
1574 735 1605 771 si
1627 745 1722 770 unus
1745 734 1783 770 in
1807 734 1959 770 solidum
1983 734 2028 770 de
2050 735 2189 780 peculio
2216 747 2366 772 conven-

1273 784 1332 814 tus
1365 783 1401 815 et
1433 779 1623 816 damnatus
1657 780 1721 823 sit,
1756 784 1810 816 est
1842 791 1923 815 cum
1956 780 2053 816 socio
2080 782 2257 816 communi
2281 781 2367 817 divi-

1274 824 1393 861 dundo
1419 825 1525 869 actio,
1550 829 1592 861 ut
1641 830 1754 861 artem
1777 825 1907 870 peculii
1932 829 2182 871 consequatur.

1320 867 1344 907 9
1370 871 1598 907 AFRICANUS
1629 871 1707 907 ibro
1728 872 1879 917 septimo
1900 872 2150 917 quaestionum
2187 871 2256 907 Sed
2267 876 2365 917 post-

1273 926 1380 961 quam
1405 916 1523 951 socius
1555 917 1646 952 servi
1680 916 1875 952 communis
1908 917 2050 952 nomine
2082 916 2126 952 de
2157 917 2297 962 peculio
2331 918 2367 952 in

1273 961 1426 997 solidum
1451 961 1639 997 damnatus
1666 965 1779 1004 esset,
1812 962 1842 997 si
1874 961 1970 1006 apud
2002 962 2139 998 socium
2170 973 2227 998 res
2259 973 2366 1007 pecu-

1271 1006 1375 1042 liares
1408 1007 1644 1050 intercidant,
1681 1007 1791 1042 nihilo
1825 1007 1943 1042 minus
1975 1008 2062 1043 utile
2099 1008 2166 1043 erit
2198 1008 2367 1043 iudicium

1273 1052 1452 1088 communi
1484 1052 1675 1088 dividundo
1709 1053 1756 1087 ad
1786 1052 2056 1098 reciperandam
2087 1056 2226 1098 partem
2257 1064 2366 1098 pecu-

1272 1098 1370 1133 niae:
1397 1098 1556 1143 alioquin
1579 1098 1739 1143 iniquum
1762 1098 1858 1140 fore,
1892 1098 1923 1133 si
1946 1102 2025 1134 tota
2049 1109 2092 1134 ea
2115 1109 2172 1134 res
2197 1098 2243 1134 ad
2267 1098 2365 1133 dam·

1273 1154 1358 1178 num
1371 1144 1446 1178 eius
1460 1144 1520 1189 qui
1531 1143 1702 1179 iudicium
1722 1144 1905 1189 acceperit
1921 1145 2110 1189 pertineat,
2133 1155 2214 1179 cum
2234 1145 2366 1179 utrius-

1272 1199 1341 1233 que
1366 1189 1498 1224 domini
1521 1189 1719 1234 periculum
1742 1189 1779 1224 in
1802 1189 1911 1224 rebus
1935 1189 2176 1234 peculiaribus
2201 1200 2279 1225 esse
2305 1189 2366 1225 de-

1271 1234 1366 1270 beat.
1404 1245 1487 1269 nam
1512 1238 1548 1270 et
1571 1245 1663 1278 eum,
1689 1235 1749 1279 qui
1773 1234 1945 1270 mandatu
1970 1234 2102 1270 domini
2127 1234 2367 1270 defensionem

1272 1279 1364 1315 servi
1388 1280 1565 1326 suscepit,
1591 1291 1695 1316 omne
1719 1280 1815 1325 quod
1838 1281 1934 1316 bona
1958 1280 2028 1315 fide
2051 1281 2270 1326 praestiterit
2294 1290 2367 1315 ser-

1271 1329 1447 1368 vaturum,
1474 1326 1633 1371 quamvis
1658 1326 1837 1371 peculium
1861 1330 1989 1371 postea
2011 1325 2255 1367 interciderit,
2276 1326 2367 1361 haec

1272 1371 1341 1413 ita,
1368 1371 1398 1406 si
1422 1371 1583 1407 neutrius
1608 1372 1716 1416 culpa
1739 1372 1986 1407 intervenerit:
2022 1371 2152 1407 etenim
2176 1371 2366 1414 dominum,

1272 1427 1352 1451 cum
1376 1427 1446 1468 quo
1471 1417 1515 1452 (10
1539 1417 1679 1462 peculio
1704 1417 1839 1462 agitur,
1875 1417 1906 1452 si
1930 1421 2078 1462 paratus
2103 1417 2149 1452 sit
2173 1417 2281 1452 rebus
2305 1427 2366 1462 pe—

1271 1462 1463 1497 culiaribus
1488 1463 1633 1507 petitori
1657 1462 1793 1505 cedere,
1820 1473 1863 1498 ex
1889 1473 2000 1498 causa
2024 1462 2239 1498 audiendum
2259 1467 2363 1508 puta-

1270 1507 1338 1550 vit,
1364 1508 1501 1543 scilicet
1533 1508 1564 1543 si
1597 1508 1673 1543 sine
1705 1507 1786 1543 dolo
1811 1508 1905 1543 malo
1932 1511 1968 1543 et
1990 1507 2224 1544 frustratione
2248 1508 2285 1543 id
2308 1508 2361 1543 fa-

1271 1553 1353 1588 ciat.

1320 1597 1370 1636 10
1396 1598 1556 1633 Panas
1573 1598 1664 1634 libro
1684 1599 1876 1634 vicensimo
1899 1600 2003 1635 tertio
2024 1598 2075 1634 ad
2084 1598 2241 1635 edictum
2277 1599 2365 1634 Item

1270 1644 1429 1689 quamvis
1461 1643 1548 1688 legis
1572 1644 1739 1689 Aquiliae
1770 1644 1864 1680 actio
1896 1644 1934 1679 in
1966 1644 2132 1680 heredem
2164 1655 2238 1680 non
2270 1655 2364 1680 com—

1270 1693 1388 1734 petat,
1421 1694 1542 1724 tamen
1572 1689 1642 1725 hoc
1672 1689 1802 1725 iudicio
1835 1689 1939 1725 heres
1974 1690 2063 1725 socii
2094 1690 2298 1735 praestet⁴,
2332 1690 2362 1725 si

1270 1735 1355 1780 quid
1380 1734 1571 1770 defunctus
1594 1735 1632 1770 in
1655 1746 1694 1770 re
1719 1735 1899 1770 communi
1923 1735 2085 1778 admisit,
2119 1746 2189 1780 quo
2222 1735 2365 1771 nomine

1274 1785 1286 1814 1
1337 1780 1422 1825 legis
1458 1780 1623 1825 Aquiliae
1666 1780 1760 1816 00110
1797 1780 1968 1816 nascitur.
2028 1780 2067 1816 Si
2100 1791 2187 1816 usus
2223 1784 2362 1816 tantum

1270 1829 1392 1861 noster
1427 1826 1491 1869 sit,
1537 1826 1597 1870 qui
1632 1836 1747 1878 neque
1782 1826 1902 1861 venire
1936 1836 2052 1871 neque
2087 1825 2199 1861 locari
2234 1830 2360 1878 potest¹

1294 1870 1567 1906 uemadmodum
1600 1871 1724 1907 divislo
1757 1874 1879 1916 potest
1910 1871 1988 1907 fieri
2011 1871 2048 1906 in
2073 1882 2252 1907 communi
2277 1871 2359 1906 divi-

1270 1883 1388 1952 gundo
1422 1917 1572 1958 iudicio,
1603 1916 1797 1952 videamus.
1837 1916 1900 1952 sed
1930 1920 2075 1962 praetor
2098 1917 2308 1958 interveniet
2332 1918 2367 1952 01

1269 1972 1344 1998 10111
1364 1962 1577 2003 emendabit,
1605 1965 1656 2005 ut,
1677 1962 1707 1997 si
1726 1961 1833 1997 iudex
1852 1962 1955 1998 alteri
1974 1973 2077 1998 usum
2098 1962 2363 2004 adiudicaverit¹

1269 2018 1342 2043 11011
1374 2007 1535 2043 videatur
1571 2008 1662 2043 alter
1697 2008 1759 2053 qui
1792 2008 1991 2043 mercedem
2027 2007 2158 2053 accipit
2193 2018 2266 2043 11011
2301 2008 2363 2050 1111,

1270 2053 1372 2099 quasi
1394 2054 1476 2098 plus
1499 2052 1612 2088 faciat
1635 2053 1696 2098 qui
1719 2053 1859 2088 videtur
1881 2053 1954 2088 frui
1966 2054 1991 2096 ⁵,
2017 2053 2101 2098 quia
2124 2054 2194 2089 hoc
2217 2063 2283 2098 pro
2311 2057 2366 2088 ter

1270 2102 1289 2133 2
1338 2098 1588 2134 necessitatem
1619 2098 1671 2133 fit.
1720 2098 1763 2133 In
1794 2099 1973 2134 communi
2006 2098 2198 2134 dividundo
2231 2099 2269 2134 iu
2296 2098 2364 2134 icio

1268 2144 1362 2179 iusto
1394 2144 1508 2189 pretio
1533 2154 1609 2179 rem
1633 2143 1822 2179 aestimare
1847 2143 1990 2180 debebit
2012 2144 2121 2180 iudex
2145 2147 2181 2180 et
2205 2143 2248 2179 de
2273 2144 2364 2179 evic-

1268 2190 1366 2224 tione
1390 2199 1531 2235 quoque
1557 2189 1753 2225 cavendum
1779 2190 1855 2224 erit.

1318 2233 1364 2271 11
1404 2234 1528 2271 GAws
1562 2234 1655 2271 libro
1687 2235 1839 2281 septimo
1872 2234 1922 2270 ad
1951 2234 2107 2270 edictum
2134 2234 2365 2280 provinciale

1268 2280 1310 2315 In
1333 2290 1473 2315 summa
1497 2279 1711 2315 admonendi
1735 2290 1870 2322 sumus,
1895 2279 2003 2325 quod,
2028 2279 2059 2315 si
2080 2283 2164 2332 post
2180 2280 2364 2314 interitum

1267 2325 1319 2361 rei
1339 2326 1537 2361 communis
1557 2326 1600 2368 is,
1622 2325 1680 2361 0111
1699 2325 1834 2370 aliquid
1854 2336 1898 2361 ex
1920 2335 2169 2360 commumone
2189 2325 2366 2377 praestari

1267 2374 1428 2416 oportet,
1463 2381 1505 2407 eo
1531 2371 1673 2406 nomine
1697 2381 1801 2416 agere
1825 2371 1927 2413 velit,
1962 2370 2140 2406 communi
2173 2369 2364 2405 d1vidundo

1267 2416 1437 2452 iudicium
1461 2417 1548 2452 utile
1572 2416 1696 2451 datur:
1723 2416 1831 2451 veluti
1855 2416 1885 2451 si
1905 2420 2007 2451 actor
2026 2416 2205 2461 impensas
2227 2415 2364 2460 aliquas

1266 2463 1303 2497 in
1327 2473 1402 2497 rem
1427 2473 1649 2498 communem
1672 2461 1778 2504 10011,
1811 2462 1885 2497 sive
1916 2462 2034 2497 socius
2067 2460 2143 2496 eius
2176 2461 2273 2496 solus
2299 2460 2362 2495 ali-

1267 2508 1351 2553 quid
1376 2518 1420 2542 ex
1445 2518 1488 2543 ea
1511 2519 1550 2544 re
1572 2509 1735 2544 lucratus
1760 2511 1833 2550 est,
1865 2507 1962 2542 velut
1993 2516 2121 2551 operas
2156 2506 2248 2541 servi
2271 2516 2362 2541 mer-

1267 2553 1426 2595 cedesve,
1451 2554 1520 2589 hoc
1543 2554 1675 2590 iudicio
1701 2562 1824 2590 eorum
1849 2552 2006 2587 omnium
2029 2551 2119 2587 ratio
2145 2551 2308 2586 habetur.

1316 2596 1366 2635 12
1398 2599 1595 2635 Uzmmss
1623 2600 1715 2635 libro
1739 2598 2031 2646 septuayevzsimo
2049 2597 2174 2643 primo
2198 2596 2249 2632 ad
2270 2596 2361 2631 edic-

1266 2648 1340 2679 tum
1389 2644 1426 2680 Si
1458 2644 1563 2680 aedes
1596 2655 1802 2680 communes
1834 2642 1907 2680 sint
1930 2646 1995 2679 aut
2018 2642 2137 2687 paries
2162 2642 2359 2678 communis

1266 2692 1301 2724 et
1333 2700 1414 2724 eum
1445 2690 1591 2725 reficere
1622 2690 1677 2726 vel
1708 2690 1876 2725 demolire
1907 2690 1961 2725 vel
1993 2687 2031 2724 in
2064 2697 2145 2722 eum
2175 2687 2363 2722 immittere

1289 2735 1350 2770 uid
1374 2745 1465 2780 opus
1491 2735 1555 2778 sit,
1589 2735 1769 2770 communi
1792 2734 1983 2771 dividundo
2007 2733 2138 2772 iudicio
2166 2733 2232 2768 erit
2255 2743 2362 2778 agen-

1266 2746 1361 2821 dum,
1386 2783 1450 2815 aut
1473 2780 1664 2816 interdicto
1689 2781 1742 2815 uti
1764 2780 1955 2825 possidetis
1980 2781 2191 2834 experimur.

1315 2823 1364 2863 13
1391 2825 1500 2860 IDEM
1526 2826 1617 2861 libro
1648 2826 1941 2872 septuaqensimo
1973 2830 2100 2872 qumto
2134 2826 2185 2863 ad
2207 2827 2360 2863 edictum

1266 2870 1308 2904 In
1331 2870 1503 2906 iudicium
1528 2871 1707 2906 communi
1731 2870 1924 2907 dividundo
1957 2882 2079 2908 omnes
2112 2882 2170 2908 res
2202 2872 2359 2914 veniunt,

1266 2916 1334 2950 nisi
1366 2915 1396 2951 si
1428 2915 1513 2960 quid
1544 2915 1653 2951 fuerit
1685 2926 1729 2951 ex
1761 2917 1940 2952 communi
1971 2927 2149 2953 consensu
2174 2922 2360 2962 exceptum

1267 2961 1484 3003 nominatim,
1510 2971 1554 2995 ne
1578 2962 1711 2996 veniat.
1733 2979 1735 2982 ·

1315 3005 1366 3043 14
1389 3005 1550 3041 Pavws
1569 3007 1660 3042 libro
1686 3007 1791 3041 tertio
1815 3006 1865 3042 ad
1883 3006 2068 3043 Plautium
2115 3008 2157 3043 In
2178 3008 2248 3043 hoc
2267 3008 2358 3043 iudi-

1265 3051 1359 3087 cium
1382 3051 1451 3086 1100
1472 3051 1579 3094 venit,
1604 3051 1700 3097 quod
1721 3052 1900 3088 communi
1918 3053 2061 3088 nomine
2081 3057 2200 3089 actum
2221 3058 2275 3089 est
2296 3057 2360 3088 aut

1267 3100 1281 3131 1
1333 3097 1388 3149 agi
1414 3097 1536 3132 debuit
1560 3097 1605 3132 ab
1631 3107 1685 3140 eo,
1711 3097 1772 3142 qui
1795 3098 1864 3133 scit
1887 3108 1926 3134 se
1951 3099 2086 3134 socium
2107 3099 2250 3134 habere.
2287 3099 2356 3133 Im-

1263 3142 1394 3187 pendia
1427 3145 1568 3185 autem,
1605 3152 1697 3187 quae
1729 3142 1813 3178 dum
1844 3143 2028 3196 proprium
2059 3154 2176 3179 meum
2207 3143 2358 3179 fundum

1265 3188 1428 3223 existimo
1448 3187 1529 3230 feci,
1550 3198 1642 3233 quae
1661 3188 1808 3231 scilicet,
1830 3199 1861 3224 si
1878 3189 2121 3224 vindicaretur
2139 3188 2243 3224 fundi
2262 3198 2356 3234 pam,

1263 3243 1328 3278 per
1352 3232 1598 3277 exceptionem
1622 3232 1694 3268 doli
1717 3234 1870 3269 retinere
1893 3245 2054 3279 possem,
2088 3245 2135 3269 an
2169 3234 2295 3275 etiam,
2327 3234 2356 3267 si

1265 3277 1443 3313 communi
1467 3277 1657 3314 dividundo
1682 3278 1813 3314 iudicio
1838 3290 1977 3314 mecum
2001 3284 2144 3324 agetur,
2178 3279 2356 3323 aequitate

1263 3323 1375 3368 ipsius
1410 3322 1533 3358 iudicii
1567 3323 1721 3359 retinere
1755 3325 1907 3368 possim,
1953 3324 2248 3360 considerandum
2290 3327 2353 3357 est.

1264 3368 1361 3413 quod
1385 3368 1525 3413 quidem
1549 3369 1660 3413 magis
1684 3373 1793 3413 puto,
1851 3370 1912 3405 uia
1935 3370 2051 3405 bonae
2075 3369 2160 3404 fidei
2183 3368 2353 3403 iudicium

1264 3417 1319 3448 est
1342 3414 1520 3448 communi
1543 3414 1753 3449 dividundo:
1787 3425 1824 3450 se
1873 3415 1942 3450 1100
1966 3415 2027 3457 110,
2053 3415 2084 3449 si
2107 3424 2245 3448 mecum
2269 3422 2353 3456 aga-

1263 3462 1331 3493 tur.
1371 3462 1528 3494 ceterum
1552 3459 1583 3495 si
1614 3459 1813 3496 alienavero
1846 3463 1986 3505 partem
2017 3470 2150 3499 meam,
2183 3468 2255 3493 non
2287 3457 2354 3492 erit

1263 3503 1356 3539 unde
1379 3504 1531 3539 retinere
1554 3505 1699 3550 possim.
1738 3505 1801 3540 sed
1832 3505 1880 3547 is,
1914 3505 1974 3549 qui
2006 3515 2028 3540 a
2052 3514 2107 3539 me
2132 3503 2273 3543 emerit,
2307 3512 2353 3536 an

1262 3548 1414 3584 retinere
1437 3549 1562 3594 possit,
1586 3549 1776 3585 videndum
1801 3554 1875 3585 est:
1901 3560 1983 3584 nam
2008 3552 2044 3583 et
2063 3549 2093 3583 si
2113 3547 2353 3582 vindicaretur

1262 3593 1307 3628 ab
1333 3604 1374 3629 eo
1399 3604 1496 3639 pars,
1520 3594 1779 3640 impendiorum
1804 3594 1954 3636 nomine,
1981 3604 2071 3639 quae
2093 3603 2154 3637 ego
2176 3592 2352 3644 fecissem,

1261 3638 1312 3674 ita
1335 3641 1375 3674 ut
1398 3649 1462 3685 ego
1486 3643 1628 3684 poterat
1650 3640 1883 3676 retentionem
1908 3638 2044 3674 facere:
2078 3641 2114 3673 et
2145 3647 2261 3672 verius
2286 3639 2352 3678 est,

118 3744 158 3784 u)
183 3742 311 3778 ubiins.

427 3748 470 3789 (2)
486 3749 559 3791 suit
566 3759 606 3781 ex
614 3759 714 3782 causa
723 3750 828 3783 debiti
838 3751 942 3784 soluti
951 3751 1076 3783 fiducia
1084 3753 1200 3785 Keller

1819 3754 1860 3793 (4)
1886 3751 2073 3794 praestatS
2186 3751 2229 3791 (5)
2254 3748 2354 3787 fluiF

2041 3808 2080 3840 19

1323 3753 1365 3795 (3)
1391 3751 1618 3794 pigneraticia
1628 3754 1701 3786 dett.
