2528 3918
174 84 343 128 XXXII

172 206 276 252 Ligni
299 205 492 252 appellatio
505 206 516 227 ¹
548 215 678 242 nomen
699 207 865 252 generale
887 211 962 250 est,
993 207 1057 243 sed
1080 208 1132 243 sic
1155 217 1259 254 sepa-

172 256 283 294 ratur,
308 255 350 287 ut
371 251 418 286 sit
442 250 598 296 aliquid²
621 251 782 296 materia,
813 253 862 289 ali
887 251 971 289 uid²
992 252 1137 298 lignum.
1185 262 1259 288 ma-

173 297 262 333 teria
286 301 351 339 est,
375 306 468 342 quae
490 294 538 331 ad
550 295 811 333 aedificandum
879 297 1042 333 ciendum
1059 297 1262 334 necessaria

172 347 236 385 cst,
261 342 404 386 lignum,
428 340 601 386 quidquid
624 342 844 378 conburendi
867 353 978 389 causa
1000 346 1166 388 paratum
1195 346 1260 379 est.

172 388 235 423 sed
257 391 377 422 utrum
401 386 452 421 ita
475 385 635 431 demum,
665 387 698 423 si
721 388 904 424 concisum
927 388 975 423 sit
998 398 1044 423 an
1075 391 1112 424 et
1134 388 1167 424 si
1189 399 1262 424 non

172 433 241 468 sit?
274 436 310 467 et
332 431 486 476 Quintus
509 431 654 468 Mucius
684 432 777 469 libro
806 433 964 469 secundo
988 432 1114 475 refert,
1143 433 1175 468 si
1204 432 1263 468 cui

171 478 268 523 ligna
279 477 399 522 legata
411 480 541 520 essent,
554 487 646 522 quae
657 477 695 513 in
708 478 820 514 fundo
834 484 947 520 erant,
960 478 1107 514 arbores
1120 478 1262 524 quidem

171 522 342 558 materiae
373 531 485 558 causa
515 522 675 558 succisas
708 534 779 558 non
803 523 942 559 deberi:
975 533 1042 559 nec
1066 523 1207 566 adiecit,
1232 523 1263 559 si

173 568 268 604 non³
293 566 526 603 comburendi
546 567 664 612 gratia
686 568 848 604 succisae
872 572 968 612 sunt,
1003 568 1052 604 ad
1074 578 1156 605 eum
1206 578 1261 603 er-

177 616 190 648 1
239 612 372 655 tinere,
406 611 471 648 sed
499 612 552 648 sic
582 612 738 659 intellegi
768 623 990 659 consequens
1021 616 1087 650 est.
1135 612 1165 649 Ο
1208 613 1262 649 ’us

171 668 313 703 quoque
335 657 428 693 libro
475 657 577 694 uinto
600 658 688 694 iuris
701 658 825 703 partiti
847 658 900 694 ita
913 659 1068 704 scripsit,
1094 658 1153 694 cui
1166 659 1263 704 ligna

172 704 288 749 legata
311 707 406 745 sunt,
430 669 478 738 a}
502 713 583 738 eum
607 703 726 738 omnia
748 703 845 748 ligna
868 704 1057 756 pertinere,
1082 714 1174 750 quae
1191 704 1261 739 alio

172 748 314 784 nomine
337 758 412 784 non
434 748 662 794 appellantur
671 750 695 790 ⁴,
721 749 829 783 veluti
852 760 904 783 v1r

172 793 239 830 clei
262 793 453 837 olivarum,
486 793 616 838 quibus
647 793 693 828 ad
726 794 858 829 nullam
921 794 929 802 “
955 806 990 830 m
1019 805 1094 830 rem
1123 794 1194 830 nisi
1216 794 1263 829 ad

172 839 452 875 comburendum
477 839 592 884 possit
614 839 684 873 uti:
709 839 773 874 sed
796 843 833 874 et
856 839 978 875 balani
1000 840 1055 876 vel
1081 839 1112 875 si
1126 840 1187 885 qui
1203 839 1264 874 alii

172 888 192 919 2
240 883 367 920 nuclei.
416 883 515 919 Idem
546 883 637 919 libro
669 884 826 920 secundo
857 889 966 930 negat
995 885 1143 921 arbores
1173 895 1262 920 non-

171 929 255 965 dum
280 929 455 971 concisas,
479 929 548 964 nisi
597 939 663 964 uae
687 929 888 965 minutatim
913 930 1150 966 conciduntur
1161 931 1186 973 ⁵,
1210 930 1262 965 vi-

171 975 249 1010 deri
272 975 305 1010 ei
327 974 476 1019 legatas,
501 940 656 1019 cui‘ligu

172 1020 285 1056 bitror
308 1020 377 1055 hoc
402 1030 543 1065 quoque
566 1019 653 1065 ligni
676 1019 916 1065 appellatione
941 1021 1134 1063 contineri,
1168 1019 1264 1065 quod
1294 1030 1297 1047 τ

171 1065 329 1101 nondum
352 1065 552 1100 minutatim
575 1064 645 1100 fuit
669 1065 863 1108 concisum,
895 1065 926 1102 si
949 1066 1021 1101 iam
1044 1065 1263 1102 concidendo
1294 1061 1297 1099 2

171 1110 240 1146 fuit
263 1110 490 1146 destinatum.
537 1110 688 1155 proinde
713 1110 743 1146 si
767 1110 891 1146 silvam
923 1111 1007 1146 huic
1030 1111 1084 1147 rei
1107 1111 1265 1147 habebat
1295 1102 1298 1160 Ι

171 1156 396 1197 destinatam,
432 1155 522 1191 silva
546 1155 688 1200 quidem
710 1166 784 1191 non
807 1155 928 1198 cedet,
961 1156 1120 1192 deiectae
1145 1160 1264 1191 autem

171 1201 319 1236 arbores
336 1201 512 1245 lignorum
529 1211 574 1245 ap
602 1201 767 1236 ellatione
780 1201 1069 1243 continebuntur,
1086 1201 1157 1237 nisi
1168 1201 1265 1236 aliud

171 1250 191 1282 3
239 1250 390 1282 testator
413 1245 535 1281 sensit.
616 1246 708 1290 ignis
739 1250 858 1282 autem
889 1246 1016 1291 legatis
1048 1246 1144 1292 quod
1168 1257 1262 1282 com-

172 1291 324 1327 burendi
348 1301 459 1326 causa
480 1295 648 1343 paratum
665 1294 721 1326 est
745 1291 959 1333 continetur,
984 1291 1058 1327 sive
1075 1291 1122 1327 ad
1145 1292 1265 1328 balnei

171 1336 441 1372 calefactionem
466 1346 539 1371 Slve
563 1335 762 1372 diaetarum
785 1337 1091 1382 hypocaustarum
1121 1337 1195 1373 sive
1218 1337 1264 1372 ad

171 1382 306 1418 calcem
342 1382 397 1417 vel
433 1380 480 1415 ad
511 1379 618 1415 aliam
659 1391 734 1416 rem
774 1381 997 1427 coquendam
1027 1382 1168 1418 solebat
1199 1382 1262 1417 uti.

170 1430 191 1462 4
239 1426 366 1462 ofilius
389 1426 482 1462 libro
507 1426 632 1471 quinto
656 1427 743 1461 iuris
766 1427 892 1472 partiti
915 1427 988 1463 scri
1014 1428 1061 1463 sit
1094 1437 1162 1463 nec
1186 1437 1263 1462 sar-

170 1476 290 1508 menta
320 1471 406 1516 ligni
437 1471 678 1516 appellatione
710 1471 903 1507 contineri:
939 1483 957 1508 s
1035 1472 1067 1508 si
1098 1472 1264 1508 voluntas

169 1529 241 1553 non
264 1516 478 1562 refragatur,
504 1520 541 1552 et
555 1516 712 1569 virgulae
736 1521 773 1552 et
791 1517 927 1570 gremia
935 1518 960 1570 ⁶·
973 1521 1010 1553 et
1032 1522 1214 1554 sarmenta
1228 1522 1265 1553 et

170 1565 676 1643 ἓῗρὲἷὲἓέθῗῶὲῖιῖῗηᾞᾙ
708 1566 1190 1653 fflssffffssesuffle.
1204 1572 1265 1642 Ἤ

169 1652 383 1698 quibusdam
408 1652 623 1697 regionibus,
648 1656 688 1687 ut
711 1652 749 1687 in
771 1654 949 1698 Aegypto,
980 1664 1004 1688 u
1030 1653 1043 1687 i
1067 1653 1264 1688 harundine

169 1709 236 1744 pro
249 1698 344 1742 ligno
359 1702 522 1736 utuntur,
544 1701 580 1732 et
592 1697 810 1734 harundines
827 1703 864 1734 et
884 1709 1061 1744 papyrum
1085 1698 1262 1734 comburi-

169 1749 229 1779 tur
240 1744 253 1765 ⁷
273 1747 311 1779 et
329 1742 503 1778 herbulae
523 1742 700 1796 quaedam
715 1743 770 1778 vel
786 1743 912 1788 spinae
929 1743 985 1779 vel
998 1754 1125 1789 vepres
1150 1743 1262 1779 conti-

170 1789 362 1825 nebuntur.
399 1788 486 1833 quid
500 1798 629 1823 mirum
638 1789 656 1823 ⁴?
669 1799 749 1823 cum
762 1787 892 1833 ξύλονῗ
903 1789 974 1824 hoc
991 1792 1027 1823 et
1041 1799 1149 1824 naves
1162 1788 1263 1831 ξυλη-

169 1830 801 1922 ξὰςίῃψεξξεὲὲᾶἒεεοὲᾱῑῂέῖὲ
818 1832 1264 1915 {dizst‘gzssssndztuffiss

170 1928 188 1959 7
237 1890 499 1960 remqutuntur.
547 1924 586 1959 δί
607 1923 742 1969 lignum
765 1925 813 1960 sit
829 1928 1001 1977 paratum
1018 1924 1065 1959 ad
1089 1925 1264 1961 carbones

169 1968 374 2022 coquendas
398 1973 505 2014 atque
530 1968 781 2011 conficiendas,
805 1974 856 2004 ait
872 1969 998 2005 Ofilius
1022 1970 1116 2006 libro
1139 1970 1262 2015 quinto

168 2015 258 2050 iuris
280 2013 406 2060 partiti
429 2014 627 2049 carbonum
650 2025 673 2049 a
698 2014 891 2060 pellatione
914 2015 1120 2051 huiusmodi
1151 2019 1262 2051 mate—

168 2059 259 2095 riam
288 2070 360 2095 non
392 2059 583 2095 contineri:
616 2070 656 2095 se
712 2070 759 2095 an
789 2060 993 2105 lignorum?
1032 2064 1069 2096 et
1098 2059 1264 2096 fortassis

169 2105 250 2151 quis
274 2104 370 2140 dicet
392 2115 459 2140 nec
483 2104 678 2149 lignorum:
710 2115 783 2140 non
813 2106 907 2141 enim
937 2105 1115 2150 lignorum
1148 2106 1265 2150 gratia

169 2151 259 2186 haec
289 2153 444 2186 testator
474 2150 611 2185 habuit.
668 2149 731 2185 sed
762 2154 799 2185 et
828 2150 973 2186 titiones
1005 2154 1042 2185 et
1075 2151 1147 2186 alia
1169 2151 1266 2196 ligna

170 2200 275 2232 cocta
297 2205 342 2231 ne
365 2194 502 2230 fumum
525 2194 662 2230 faciant
688 2199 808 2230 utrum
840 2195 937 2240 ligno
968 2206 1016 2230 an
1047 2196 1195 2231 carboni
1218 2207 1265 2232 an

170 2251 235 2277 suo
255 2240 378 2285 generi
393 2240 735 2276 adnumerabimus?
758 2244 796 2275 et
811 2241 923 2285 magis
940 2244 1006 2283 est,
1024 2244 1064 2276 ut
1079 2242 1265 2287 proprium

170 2289 190 2321 8
236 2296 349 2331 genus
372 2285 561 2320 habeatur.
602 2285 798 2339 Sulpurata
813 2296 955 2331 quoque
972 2285 1016 2321 de
1039 2286 1135 2331 ligno
1151 2297 1264 2332 aeque

170 2334 190 2366 9
237 2330 386 2367 eandem
409 2330 595 2366 habebunt
617 2330 870 2366 definitionem.
917 2330 976 2366 Ad
1000 2331 1097 2367 faces
1122 2342 1264 2377 quoque

169 2379 297 2421 parata
319 2386 393 2411 non
416 2379 524 2411 erunt
538 2375 715 2421 lignorum
733 2386 780 2421 ap
807 2376 974 2412 ellatione
992 2377 1262 2422 comprehensa,

173 2425 213 2457 10
259 2421 328 2457 nisi
351 2421 441 2457 haec
471 2420 542 2455 fuit
563 2420 741 2456 voluntas.
824 2431 844 2457 e
874 2421 963 2467 pinu
993 2426 1112 2457 autem
1135 2421 1265 2467 integri

169 2466 309 2502 strobili
332 2466 419 2511 ligni
442 2465 682 2511 appellatione
707 2466 997 2502 continebuntur.

214 2509 269 2550 56
299 2511 390 2547 ¹¹PA
399 2521 494 2547 mos
506 2511 599 2547 libro
616 2515 749 2557 quarto
766 2511 817 2547 ad
828 2510 1002 2547 Sabinum
1033 2512 1113 2548 Pali
1129 2516 1167 2549 et
1180 2523 1262 2566 per-

169 2557 262 2592 ticae
286 2557 322 2591 in
354 2567 502 2592 numero
518 2557 545 2577 ¹²
577 2556 747 2592 materiae
770 2556 954 2601 redigendi
977 2561 1079 2601 sunt,
1114 2562 1152 2594 et
1182 2558 1263 2594 ideo

169 2602 348 2647 lignorum
373 2602 614 2647 appellatione
638 2612 712 2637 non
736 2602 974 2638 continentur.

215 2645 268 2684 57
295 2646 523 2682 Pomomvs
545 2647 637 2682 libro
670 2647 854 2693 triqesimo
886 2647 936 2682 ad
958 2646 1133 2683 Sabinum
1181 2647 1262 2684 Ser-

169 2693 246 2728 vius
270 2691 466 2737 respondit,
499 2692 558 2727 eui
581 2692 695 2728 omnis
719 2692 869 2728 materia
891 2691 1011 2737 legata
1034 2693 1100 2735 sit,
1133 2693 1166 2729 ei
1197 2704 1263 2729 nec

169 2748 290 2772 arcam
314 2748 380 2773 nec
404 2737 595 2772 armarium
619 2738 775 2783 legatum
797 2747 887 2773 esse.

216 2779 269 2820 58
301 2782 496 2818 &ammes
526 2782 618 2819 libro
657 2787 791 2829 quarto
830 2782 1117 2830 disputationum
1174 2783 1263 2818 Cum

170 2827 274 2863 uxori
297 2837 384 2863 suae
408 2828 487 2872 quis
511 2838 565 2869 ea,
590 2838 682 2873 quae
706 2828 783 2865 eius
807 2838 918 2864 causa
939 2832 1070 2873 parata
1092 2832 1188 2871 sunt,
1211 2829 1261 2865 le-

169 2877 307 2917 gasset,
341 2872 470 2907 dehinc
500 2872 599 2908 vivus
630 2884 808 2919 purpuras
843 2877 1088 2919 comparasset
1117 2874 1155 2909 in
1177 2885 1261 2919 pro·

171 2918 286 2953 vincia
308 2917 459 2953 necdum
490 2922 609 2953 tamen
632 2919 851 2961 advexisset,
883 2918 1098 2964 rescriptum
1130 2924 1186 2955 est
1216 2920 1262 2955 ad

172 2963 351 2999 mulierem
374 2973 554 3008 purpuras
578 2964 768 3008 pertinere.

215 3005 270 3046 59
294 3007 487 3043 lomnes
518 3008 609 3043 libro
645 3010 829 3055 triqesimo
864 3014 997 3055 quarto
1040 3009 1081 3045 di
1104 3014 1261 3044 estorum

170 3053 238 3098 Qui
262 3052 540 3098 chirographum
563 3053 667 3098 legat,
703 3065 777 3090 non
797 3058 937 3090 tantum
968 3053 1013 3090 de
1042 3058 1082 3089 ta
1107 3054 1176 3090 ulis
1200 3065 1260 3091 co-

169 3100 269 3143 gitat,
295 3097 359 3134 sed
383 3097 490 3133 etiam
514 3097 558 3134 de
582 3099 803 3143 actionibus,
839 3110 991 3145 quarum
1013 3100 1180 3145 probatio
1205 3105 1260 3135 ta-

170 3144 263 3180 bulis
296 3143 516 3179 continetur:
554 3144 792 3188 appellatione
822 3146 916 3181 enim
948 3145 1176 3190 chirographi
1208 3145 1261 3181 uti

170 3200 235 3225 nos
273 3199 340 3234 pro
370 3188 457 3241 ipsis
497 3188 698 3225 actionibus
731 3191 849 3235 palam
881 3194 955 3231 est,
998 3201 1080 3226 cum
1109 3190 1259 3226 venditis

171 3234 417 3279 chirographis
441 3233 675 3278 intellegimus
700 3245 829 3271 nomen
848 3235 997 3271 venisse.
1045 3235 1131 3280 quin
1153 3235 1260 3271 etiam

171 3280 202 3315 si
231 3290 360 3315 nomen
391 3277 471 3323 quis
494 3277 682 3323 legaverit,
715 3280 751 3315 id
785 3280 882 3326 quod
911 3281 949 3316 in
980 3280 1181 3317 actionibus
1206 3284 1261 3316 est

171 3324 324 3370 legatum
349 3323 576 3368 intellegitur.

217 3368 271 3408 60
295 3371 478 3406 Azanos
504 3368 596 3404 libro
635 3369 792 3404 secundo
825 3371 1047 3417 diqestorum
1079 3382 1102 3406 a
1127 3370 1183 3406 ΡΑ
1191 3381 1261 3407 mo

170 3416 447 3461 epitomatorum
487 3413 576 3450 Cum
593 3419 826 3459 quaereretur
839 3416 876 3457 ¹³,
901 3416 984 3461 agni
999 3415 1105 3461 legati
1119 3416 1147 3437 ¹⁴
1171 3427 1258 3462 qua-

172 3531 210 3566 (1)
235 3527 419 3571 appellatio
433 3528 496 3562 del.
601 3529 645 3569 (2)
670 3527 764 3560 aliud
778 3528 858 3561 Hal.

171 3573 229 3605 sed
242 3574 302 3606 ins.
396 3577 439 3612 (4)
464 3582 616 3615 quaeque
629 3572 845 3615 appellantur
858 3573 916 3606 ins.

171 3617 399 3650 conciduntur
410 3618 474 3651 del.
577 3619 621 3656 (6)
646 3618 771 3650 cremia
783 3617 865 3651 Hal.

172 3662 235 3695 del.
381 3664 428 3703 (8)
452 3664 491 3696 id
499 3670 565 3696 oet:
578 3662 708 3704 lignum

173 3707 295 3739 vehant
365 3711 424 3747 (10)
450 3709 487 3742 id
497 3715 563 3741 est:
588 3706 803 3750 apaludibus

976 3532 1020 3572 (3)
1044 3530 1255 3571 conficiendi,

1018 3577 1062 3615 (5)
1087 3575 1153 3607 nisi
1169 3586 1199 3617 q.
1214 3586 1256 3607 m.

881 3710 937 3748 (ιι)
961 3724 1005 3736 ==
1018 3709 1064 3742 D.
1078 3711 1258 3750 5o,1⁸,¹6s

1084 48 1604 159 *aza—7,

996 750 1171 785 carbones
1195 760 1276 784 nu-.

657 985 680 1009 a
695 975 813 1019 legata
835 979 931 1010 sunt.
979 986 1044 1020 ego
1061 979 1181 1011 autem
1205 985 1263 1010 ar-
1295 1006 1296 1014 ,

982 3620 1026 3660 (7)
1050 3619 1259 3653 comburitur
1326 3631 1388 3652 scr.

864 3664 910 3703 (⁹)
934 3663 973 3696 id
984 3671 1048 3697 est:
1068 3675 1152 3706 quae
1164 3664 1260 3707 ligna
1329 3666 1392 3702 (20)
1417 3667 1452 3696 et
1474 3669 1632 3705 nepotem
1651 3663 1715 3696 del.

1492 13 1497 49 l

2141 95 2172 126 D
2178 97 2206 128 E
2235 93 2423 127 metris

1330 212 1436 244 tenus
1467 208 1690 253 viderentur,
1727 209 1870 255 quidam
1901 209 2045 245 aiebant
2073 219 2203 255 agnum
2234 208 2419 244 dumtaxat

1330 264 1396 289 sex
1420 263 1579 290 mensum
1609 264 1708 291 esse:
1740 255 1803 291 sed
1833 255 1951 291 verius
1982 258 2039 290 est
2068 264 2131 291 eos
2160 253 2296 300 legatos
2327 264 2417 297 esse,

1335 302 1350 334 1
1401 298 1463 343 qui
1485 298 1639 336 minores
1662 300 1837 336 anniculis
1851 301 1879 322 ¹⁵
1902 303 2034 335 essent.
2081 299 2199 335 Servis
2221 303 2259 336 et
2282 299 2418 334 ancillis

1331 344 1480 379 urbanis
1503 343 1628 389 legatis
1651 355 1842 390 agasonem
1865 345 2055 381 mulionem
2086 344 2203 390 legato
2237 354 2310 380 nou
2333 354 2414 380 con-

1330 388 1438 424 tineri
1462 389 1647 434 respondi:
1671 400 1734 426 eos
1757 390 1851 426 enim
1874 390 1971 426 solos
1994 390 2032 425 in
2054 399 2097 425 eo
2119 399 2268 425 numero
2285 389 2418 432 haberi,

1331 444 1424 514 (ἐιιοέ
1448 438 1549 515 ξυλεῖ
1572 434 1723 514 ΐαὶηἰΗεε
1731 436 1883 515 licircum
1900 435 2030 480 seipse
2055 434 2114 488 sui
2124 435 2162 515 ¹⁸¹
2175 434 2293 516 culttiigs
2310 444 2420 470 causa

1332 487 1340 494 ·
1427 490 1448 513 a
1473 489 1559 514 ere.
1639 490 1708 514 ana
1758 491 1803 516 no
1827 491 1989 526 purpura
2011 491 2117 515 uxori
2164 490 2229 524 ega
2286 506 2295 521 ,
2328 490 2420 524 quae

1331 524 1410 560 eius
1435 534 1546 560 causa
1567 529 1696 570 parata
1719 531 1848 567 essent,
1875 537 1954 561 cum
1980 525 2127 560 multam
2150 525 2268 560 lanam
2285 529 2323 560 et
2344 535 2417 560 om-

1331 569 1388 605 nis
1411 569 1551 614 generis
1575 569 1787 623 reliquisset,
1812 571 2071 623 quaerebatur,
2104 580 2151 606 an
2174 570 2288 606 omnis
2313 569 2416 605 debe-

1331 617 1443 650 retur.
1490 624 1549 650 res
1577 614 1686 656 ondit,
1711 615 1743 651 si
1765 615 1850 650 nihil
1876 626 1921 651 ex
1944 626 1988 651 ea
2011 616 2226 651 destinasset
2248 614 2294 650 ad
2316 626 2419 650 usum

1331 659 1475 701 uxoris,
1508 669 1546 695 se
1603 660 1716 696 omnis
1748 661 1938 696 commixta
1967 665 2081 703 esset,
2113 671 2186 696 non
2216 660 2420 696 dissimilem

1332 715 1411 741 esse
1434 704 1734 747 deliberationem,
1759 716 1839 741 cum
1881 716 1968 741 enus
1991 707 2109 751 legata
2123 710 2219 741 esset
2232 709 2269 741 et
2291 705 2420 740 multas

1331 760 1390 786 res
1438 760 1506 785 uae
1536 760 1650 795 penus
1681 755 1802 787 essent
1824 762 1843 786 r
1878 751 2043 796 'quisset,
2078 762 2124 787 ex
2155 751 2286 796 quibus
2344 754 2421 786 ater

1331 761 1494 848 familias·
1509 795 1660 831 vendere
1683 796 1809 832 solitus
1832 800 1939 831 esset.
1988 806 2071 831 nam
2102 796 2133 831 si
2156 796 2238 831 vina
2262 796 2298 830 di
2326 795 2420 830 udis-

1333 845 1388 876 set
1410 841 1600 876 habiturus
1623 841 1740 876 usioni
1764 842 1840 886 ipse
1864 845 1901 877 et
1923 841 2026 877 heres
2051 842 2145 884 eius,
2177 845 2296 876 tamen
2318 851 2421 876 omne

1332 885 1370 920 in
1402 895 1500 931 penu
1530 885 1738 921 existimari.
1792 886 1856 922 sed
1888 896 1969 921 cum
1999 887 2216 932 probaretur
2245 897 2326 922 eum
2361 886 2421 931 qui

1332 934 1586 966 testamentum
1609 930 1754 967 fecisset
1784 935 1923 976 partem
1946 941 2061 976 penus
2091 931 2243 967 vendere
2278 931 2421 967 solitum

1332 986 1431 1018 esse,
1464 976 1700 1012 constitutum
1729 987 1829 1019 esse,
1860 980 1902 1011 ut
1925 987 1969 1011 ex
1991 986 2054 1018 eo,
2086 976 2184 1021 quod
2214 976 2261 1011 ad
2291 987 2420 1011 annum

1334 1032 1426 1066 opus
1449 1026 1556 1064 esset,
1579 1021 1729 1057 heredes
1753 1021 1924 1067 legatario
1944 1021 2080 1057 darent.
2128 1021 2181 1057 sic
2195 1022 2282 1056 mihi
2304 1022 2424 1067 placet

1335 1071 1371 1101 et
1394 1066 1432 1101 in
1455 1066 1539 1102 lana
1552 1066 1642 1109 fieri,
1667 1071 1707 1102 ut
1730 1077 1776 1102 ex
1798 1077 1843 1102 ea
1866 1066 1962 1112 quod
1986 1066 2033 1102 ad
2055 1077 2161 1102 usum
2172 1077 2331 1102 annuum
2346 1077 2421 1101 mu—

1333 1112 1412 1147 lieri
1436 1112 1522 1147 satis
1547 1116 1652 1156 esset,
1676 1122 1720 1148 ea
1744 1116 1918 1148 sumeret:
1955 1122 2028 1147 non
2058 1111 2151 1148 enim
2183 1111 2336 1147 deducto
2368 1122 2422 1153 eo,

1334 1156 1429 1202 quod
1452 1156 1499 1192 ad
1521 1156 1587 1192 viri
1610 1168 1714 1193 usum
1739 1168 1831 1202 opus
1854 1162 1967 1198 esset,
2001 1157 2177 1202 reliquum
2201 1157 2305 1192 uxori
2327 1156 2421 1201 lega·

1333 1208 1410 1237 tum
1439 1212 1519 1238 esse
1534 1204 1571 1244 ¹⁷,
1604 1202 1667 1239 sed
1698 1202 1794 1248 quod
1826 1202 1949 1238 uxoris
1981 1212 2092 1238 causa
2120 1205 2287 1248 paratum
2317 1208 2422 1238 esset.

1335 1251 1353 1281 3
1402 1247 1563 1283 Praediis
1587 1247 1713 1293 legatis
1737 1251 1774 1283 et
1797 1258 1889 1293 quae
1911 1258 2035 1283 eorum
2058 1246 2287 1292 praediorum
2305 1247 2414 1283 colen-

1334 1292 1461 1328 dorum
1485 1303 1595 1329 causa
1618 1296 1739 1338 empta
1767 1297 1964 1338 parataque
1993 1296 2131 1334 essent,
2162 1302 2278 1337 neque
2307 1293 2423 1343 topia-

1333 1338 1426 1373 rium
1449 1348 1565 1383 neque
1591 1338 1802 1374 saltuarium
1825 1338 1981 1383 legatum
2005 1338 2116 1374 videri
2139 1338 2208 1372 ait:
2234 1337 2423 1383 topiarium

1334 1383 1427 1418 enim
1452 1383 1612 1426 ornandi,
1638 1383 1847 1419 saltuarium
1864 1388 1983 1418 autem
1998 1382 2123 1419 tuendi
2145 1387 2182 1418 et
2199 1382 2423 1418 custodiendi

1334 1428 1435 1463 fundi
1458 1430 1570 1473 magis
1594 1438 1701 1473 quam
1725 1428 1865 1464 colendi
1881 1432 2047 1481 paratum
2071 1438 2168 1464 esse:
2193 1428 2333 1463 asinum
2349 1438 2423 1462 ma-

1334 1473 1534 1508 chinarium
1550 1473 1707 1518 legatum
1723 1473 1852 1509 videri:
1878 1478 1963 1509 item
1982 1483 2076 1516 oves,
2094 1483 2186 1518 quae
2202 1472 2425 1509 stercorandi

1333 1517 1434 1553 fundi
1458 1529 1569 1554 causa
1591 1522 1824 1563 pararentur:
1857 1519 1942 1554 item
1967 1518 2175 1564 opilionem,
2210 1518 2243 1554 si
2265 1517 2342 1553 eius
2364 1528 2423 1563 ge-

1333 1563 1429 1599 neris
1453 1573 1537 1599 oves
1562 1566 1715 1599 curaret.

1380 1606 1430 1646 61
1457 1608 1566 1644 IDEM
1585 1609 1676 1645 libro
1699 1611 1825 1644 octavo
1859 1608 2079 1661 dayes-torum
2103 1619 2127 1644 a
2150 1607 2286 1644 Pano
2308 1608 2423 1654 epito-

1333 1657 1511 1689 matorum
1558 1654 1776 1689 Textoribus
1809 1654 1992 1695 ommbus,
2026 1653 2089 1698 qui
2119 1653 2175 1688 sui
2199 1657 2321 1689 essent
2344 1664 2424 1688 cum

1333 1703 1543 1739 moreretur,
1566 1699 1693 1743 legatis
1716 1699 1916 1743 quaesitum
1939 1703 2005 1740 est,
2030 1709 2077 1733 an
2093 1702 2131 1734 et
2152 1699 2195 1740 is,
2220 1709 2325 1743 quem
2340 1709 2423 1743 pos-

1333 1748 1393 1780 tea
1423 1754 1469 1779 ex
1499 1744 1555 1779 his
1588 1744 1772 1780 ostiarium
1809 1743 1973 1786 fecisset,
2012 1743 2129 1788 legato
2170 1743 2423 1779 contineretur.

1333 1800 1392 1825 res
1418 1789 1519 1824 ondit
1542 1789 1734 1824 contineri:
1771 1799 1844 1824 non
1866 1789 1960 1824 enim
1983 1788 2031 1824 ad
2053 1788 2150 1823 aliud
2163 1789 2191 1810 ¹⁸
2222 1788 2424 1824 artificium.

1334 1845 1372 1870 se
1421 1834 1468 1869 ad
1491 1834 1600 1870 alium
1623 1845 1727 1869 usum
1750 1834 2000 1869 transductum
2023 1844 2113 1870 esse.

1381 1876 1435 1917 62
1458 1879 1480 1915 1
1487 1889 1653 1915 otmarus
1688 1879 1781 1915 libro
1819 1879 2003 1925 sinqulari
2043 1879 2088 1914 de
2129 1878 2425 1925 ambiquae'tatibus

1335 1924 1404 1969 Qui
1427 1924 1519 1960 duos
1543 1925 1659 1960 mulos
1682 1925 1841 1960 habebat
1855 1924 1908 1959 ita
1922 1924 2070 1969 legavit:
2096 1923 2221 1959 ‘mulos
2238 1923 2340 1965 duos,
2387 1923 2425 1958 ui

1335 1970 1416 2006 ‘mei
1439 1974 1544 2005 erunt
1576 1981 1657 2005 cum
1681 1970 1829 2012 moriar,
1866 1970 2005 2005 ¹⁹heres
2037 1969 2152 2005 dato':
2182 1969 2277 2004 idem
2307 1979 2332 2004 n
2385 1979 2425 2004 os

1334 2015 1462 2057 mulos,
1487 2015 1551 2051 sed
1574 2015 1664 2051 duas
1688 2015 1803 2051 mulas
1827 2015 2031 2060 reliquerat.
2079 2014 2265 2060 respondit
2281 2013 2424 2050 Servius

1334 2061 1458 2097 deberi
1480 2060 1646 2105 legatum,
1673 2060 1757 2106 quia
1778 2061 1956 2095 mulorum
1970 2060 2209 2105 appellatione
2224 2059 2331 2095 etiam
2347 2070 2423 2094 mu-

1334 2107 1389 2141 lae
1406 2106 1644 2148 continentur,
1669 2105 1966 2151 quemadmodum
1981 2105 2220 2151 appellatione
2243 2115 2424 2140 servorum

1333 2151 1441 2187 etiam
1470 2161 1593 2187 servae
1624 2151 1836 2196 plerumque
1869 2150 2106 2186 continentur.
2160 2150 2198 2185 id
2229 2154 2349 2185 autem
2380 2160 2422 2185 eo

1333 2197 1460 2239 veniet,
1495 2196 1591 2241 quod
1614 2206 1754 2241 semper
1777 2207 1884 2232 sexus
1908 2196 2125 2231 masculinus
2157 2195 2263 2231 etiam
2286 2195 2423 2230 femini-

1334 2253 1420 2277 num
1444 2252 1569 2277 sexum
1593 2242 1761 2277 continet.

1381 2284 1433 2324 63
1461 2286 1568 2321 low
1587 2287 1678 2322 libro
1694 2287 1820 2332 primo
1844 2286 1894 2321 ad
1916 2285 2076 2322 Urseium
2093 2286 2265 2321 Ferocem
2303 2285 2347 2320 In
2368 2295 2423 2321 re-

1333 2332 1496 2377 petendis
1520 2331 1646 2376 legatis
1669 2332 1761 2367 haec
1790 2331 1902 2366 verba
1933 2341 2024 2376 quae
2056 2330 2150 2365 adici
2180 2330 2298 2366 solent
2329 2330 2423 2365 ‘item

1335 2377 1431 2412 ‘dare
1456 2377 1604 2412 damnas
1629 2377 1717 2412 esto'
1752 2379 1789 2412 et
1811 2376 1857 2410 ad
1882 2375 2109 2412 condiciones
2139 2378 2176 2411 et
2206 2374 2252 2410 ad
2276 2375 2350 2411 dies
2374 2375 2423 2410 le-

1332 2427 1498 2467 gatorum
1515 2421 1657 2457 easdem
1671 2431 1711 2457 re
1739 2421 1885 2457 etendas
1901 2420 2029 2456 referri
2048 2420 2201 2456 Sabinus
2226 2419 2421 2465 respondit.

1380 2465 1434 2505 64
1455 2468 1686 2505 ,AFRICANUS
1720 2467 1797 2502 ibro
1812 2469 1918 2502 sexto
1938 2467 2188 2511 quaestionum
2229 2464 2297 2509 Qui
2313 2465 2422 2500 tilium

1333 2517 1370 2548 et
1392 2516 1559 2557 nepotem
1569 2513 1601 2533 ²⁰
1614 2511 1782 2547 heredem
1795 2512 2011 2552 instituerat,
2029 2514 2130 2546 certa
2144 2510 2292 2555 praedia
2339 2520 2422 2545 uae-

1333 2568 1403 2603 que
1426 2558 1464 2593 in
1487 2557 1543 2593 his
1560 2556 1685 2592 mortis
1703 2560 1865 2602 tempore
1881 2566 1948 2591 sua
1965 2560 2084 2591 essent
2106 2556 2229 2600 nepoti
2243 2566 2309 2601 per
2350 2555 2421 2591 dei·

1334 2603 1562 2639 commissum
1602 2602 1749 2638 dederat
1786 2604 1936 2646 excepto
1946 2603 1976 2623 2¹
2019 2600 2250 2636 kalendario:
2299 2601 2422 2636 mortis

1334 2652 1494 2701 tempore
1516 2648 1554 2682 in
1578 2657 1622 2683 ea
1643 2657 1741 2689 arca,
1765 2647 1803 2682 in
1827 2656 1899 2692 qua
1920 2646 2158 2682 instrumenta
2179 2649 2217 2682 et
2240 2646 2423 2681 cautiones

1333 2693 1535 2729 debitorum
1558 2696 1672 2735 erant,
1697 2692 1851 2737 pecunia
1872 2696 2059 2727 numerata
2080 2691 2224 2726 inventa
2239 2696 2304 2726 est.
2347 2690 2420 2735 ple-

1333 2740 1453 2784 risque
1475 2738 1664 2774 videbatur
1686 2737 1744 2772 vix
1775 2737 1974 2773 verosimile
1996 2747 2094 2779 esse,
2127 2740 2168 2771 ut
2198 2740 2349 2771 testator
2379 2735 2423 2771 de

1333 2784 1485 2829 pecunia
1508 2787 1697 2819 numerata
1719 2783 1901 2818 sensisset.
1949 2792 2014 2827 ego
2031 2786 2150 2817 autem
2172 2781 2262 2816 illud
2278 2781 2421 2826 dignum

1332 2829 1638 2865 animadversione
1661 2827 1927 2869 existimabam,
1961 2838 2042 2862 cum
2072 2827 2153 2872 quis
2176 2826 2420 2861 kalendarium

1357 2874 1509 2910 raestari
1532 2873 1642 2909 alicui
1664 2873 1834 2916 voluerit,
1866 2876 2033 2908 utrumne
2068 2871 2213 2907 nomina
2236 2870 2422 2905 dumtaxat

1332 2886 1533 2956 gebitorum
1557 2918 1735 2964 praestari
1753 2917 1906 2953 voluisse
1922 2916 2179 2962 intellegendus
2203 2920 2259 2951 est
2274 2926 2321 2950 an
2336 2926 2419 2951 vero

1331 2966 1438 3001 etiam
1461 2964 1662 3010 pecuniam,
1688 2963 1718 2998 si
1742 2973 1814 3008 qua
1836 2963 1882 2998 ab
1906 2962 1962 2998 his
1986 2966 2132 3003 exacta.
2164 2960 2278 2997 eidem
2301 2964 2420 2996 tamen

1331 3009 1538 3046 kalendario
1563 3008 1744 3044 destinata
1767 3007 1885 3043 fuerit.
1933 3012 1970 3043 et
1992 3007 2102 3051 magis
2127 3009 2226 3051 puto.
2252 3006 2418 3051 quemad-

1331 3055 1485 3097 modum,
1510 3054 1543 3090 si
1565 3058 1714 3090 exactae
1737 3053 1911 3098 pecuniae
1935 3056 1972 3088 et
1992 3062 2118 3087 rursus
2143 3050 2340 3086 collocatae
2364 3062 2418 3086 es-

1331 3104 1421 3142 sent,
1481 3099 1671 3135 ermutatio
1696 3098 1877 3133 nominum
1907 3108 1980 3133 non
2002 3100 2199 3142 peremeret
2227 3096 2281 3132 vel
2306 3096 2417 3131 minu-

1331 3150 1408 3182 eret
1422 3145 1447 3180 fi
1473 3144 1745 3186 eicommissum‚
1762 3143 1814 3178 ita
1828 3143 1929 3188 ipsae
1950 3152 1997 3187 qu
2046 3152 2090 3177 ue
2107 3141 2291 3186 pecuniae,
2308 3141 2340 3177 si
2356 3141 2417 3176 ad-

1331 3191 1402 3227 huc
1425 3189 1647 3231 kalendario,
1671 3188 1709 3224 id
1732 3192 1788 3224 est
1803 3187 2006 3224 nominibus
2045 3186 2204 3222 aciendis
2220 3186 2419 3222 destinatae

1330 3239 1469 3275 essent,
1500 3234 1617 3270 eidem
1647 3233 1921 3269 fideicommisso
1955 3231 2081 3268 cedere
2114 3231 2278 3267 debeant.
2334 3231 2419 3277 quin

1330 3281 1436 3317 etiam
1458 3279 1548 3315 illud
1572 3289 1714 3324 quoque
1737 3282 1860 3324 putem
1876 3276 2017 3313 defendi
2030 3287 2148 3322 posse,
2173 3280 2215 3311 ut
2229 3287 2303 3312 non
2313 3276 2418 3313 modo

1329 3336 1353 3361 a
1382 3324 1606 3361 debitoribus
1638 3327 1784 3359 exactae
1807 3322 1998 3369 pecuniae,
2031 3321 2093 3357 sed
2121 3331 2345 3367 quacumque
2375 3320 2419 3356 de

1329 3380 1441 3407 causa
1463 3369 1643 3411 redactae,
1667 3368 1782 3405 eidem
1804 3374 1923 3403 tamen
1946 3367 2077 3402 rationi
2101 3367 2280 3403 fuerint²²
2308 3366 2417 3402 desti-

1329 3419 1436 3451 natae
1458 3414 1734 3450 fideicommisso
1758 3412 1896 3449 cedant.

1789 3528 1847 3566 (13)
1865 3530 2105 3568 quaererentur
2117 3526 2152 3559 F

1753 3573 1813 3614 (¹5)
1837 3572 1989 3604 anniculi
2004 3571 2055 3605 F²
2157 3573 2218 3612 (¹⁸)
2242 3571 2351 3613 ipsius
2364 3571 2414 3603 sui

1797 3619 1858 3657 (¹⁴2)
1883 3617 1986 3649 alium
1999 3617 2034 3649 F
2124 3619 2183 3652 (19)
2208 3617 2279 3650 seio
2291 3618 2352 3649 ins.
2367 3616 2418 3649 1³¹

1875 3664 1934 3704 (21)
1964 3662 2117 3704 excepto]
2142 3671 2218 3693 cum
2242 3664 2334 3693 certo
2352 3673 2408 3694 scr.

1327 3532 1387 3571 (12)
1413 3539 1589 3561 numerum
1604 3528 1716 3572 Lqem.
2233 3527 2291 3564 (w
2320 3526 2418 3568 agnis

1327 3574 1460 3616 legatis,
1473 3574 1554 3616 agni
1566 3586 1632 3607 scr.

1495 3624 1551 3658 (17)
1579 3618 1711 3651 essetF

1331 3711 1394 3750 (22)
1419 3709 1547 3741 suerint
1561 3709 1623 3741 del.
