2528 3918
112 114 172 144 Dr:
203 115 516 144 SERVITUTIBUS
546 113 705 142 PRAED.
724 111 890 142 Rus‘rm.
1188 92 1263 140 117

2190 93 2292 135 VIII
2323 95 2345 134 3

109 226 327 261 sessionum¹
353 225 399 260 ad
421 223 615 269 irrigandos
640 233 743 267 agros
769 220 876 256 dividi
907 224 1090 265 oportere,
1124 219 1190 254 nisi
1224 220 1227 270 J

108 272 252 316 proprio
284 271 360 306 iure
391 270 469 315 quis
501 269 581 314 plus
613 268 681 302 sibi
712 267 834 302 datum
867 266 1072 300 ostenderit.
1107 266 1190 299 item
1223 273 1226 311 J

108 317 365 361 rescripserunt
388 325 515 359 aquam
538 314 589 348 ita
614 313 752 348 demum
773 312 927 357 permitti
947 312 1040 353 duci,
1066 311 1096 346 si
1115 311 1191 345 sine
1223 314 1225 341 ε

107 362 235 396 iniuria
260 361 404 396 alterius
427 360 464 394 id
487 359 559 393 fiat.

157 404 206 443 18
239 407 430 442 ULPIANUS
471 404 561 439 libro
597 407 727 448 quarto
762 401 898 436 decimo
934 401 983 436 ad
1018 400 1190 436 Sabinum

108 452 188 487 Una
212 456 265 486 est
287 451 344 484 via
368 454 402 484 et
426 449 454 484 si
504 459 542 483 er
565 449 684 493 plures
708 447 838 481 fundos
862 447 1085 491 imponatur,
1111 455 1191 480 cum

108 507 179 531 una
203 496 350 531 servitus
375 494 431 529 sit.
493 494 619 538 enique
644 493 837 538 quaeritur,
863 502 920 533 an,
946 492 975 526 si
999 501 1064 535 per
1081 501 1191 525 unum

107 542 253 576 fundum
274 541 359 582 iero,
379 550 442 584 per
454 539 561 573 alium
574 550 645 573 non
657 548 721 583 per
733 541 872 571 tantum
884 541 1035 581 tempus,
1057 539 1190 581 quanto

107 587 254 621 servitus
279 585 463 626 amittitur,
489 595 535 618 an
559 584 731 618 retineam
756 583 986 617 servitutem?
1023 586 1058 616 et
1081 581 1191 625 magis

109 636 179 673 est,
204 635 245 665 ut
269 635 332 664 aut
354 634 433 664 tota
457 630 641 664 amittatur
665 633 729 662 aut
752 631 830 663 tota
853 628 1068 662 retineatur:
1093 626 1191 661 ideo-

107 687 175 722 que
199 676 228 711 si
252 676 348 710 nullo
374 685 460 710 usus
493 685 589 716 sum,
623 678 701 709 tota
732 673 925 715 amittitur,
958 673 988 707 si
1022 672 1077 707 vel
1107 681 1191 713 uno,

106 726 182 756 tota
206 725 378 756 servatur.

155 764 205 803 19
230 766 388 801 PAULUS
416 765 507 800 libro
530 768 634 799 sexto
659 763 709 798 ad
732 762 906 798 Sabinum
954 762 991 796 Si
1024 772 1116 797 unus
1149 771 1193 796 ex

106 812 211 846 sociis
237 811 424 855 stipuletur
447 811 514 844 iter
538 809 584 844 ad
609 819 829 844 communem
853 808 1023 849 fundum,
1057 806 1192 841 inutilis

108 862 161 892 est
185 856 386 901 stipulatio,
413 855 496 899 quia
520 865 586 890 nec
611 855 688 889 dari
712 854 743 889 ei
766 858 903 898 potest:
930 853 993 887 sed
1017 853 1046 887 si
1071 862 1192 887 omnes

106 902 320 946 stipulentur
344 901 415 935 sive
448 900 643 935 communis
676 910 817 940 servus,
850 899 978 942 singuli
1012 908 1055 932 ex
1087 897 1192 932 sociis

106 948 172 981 sibi
196 947 272 982 dari
296 950 460 991 oportere
483 949 604 990 petere
639 948 807 990 possunt,
839 944 922 988 quia
952 944 1003 977 ita
1035 943 1112 977 dari
1143 942 1192 976 eis

106 992 266 1036 potest²z
301 1002 364 1032 ne,
397 991 427 1025 si
459 991 649 1035 stipulator
678 990 756 1024 viae
787 990 906 1034 plures
938 988 1086 1023 heredes
1110 987 1191 1022 reli-

106 1037 230 1082 querit,
255 1037 387 1071 inutilis
413 1036 592 1080 stipulatio
618 1035 692 1070 fiat.

152 1080 204 1119 20
230 1082 458 1117 POMPONIUS
479 1081 568 1116 libro
594 1080 801 1126 triqensz‘mo
827 1080 930 1113 tertio
955 1079 1005 1113 ad
1019 1078 1193 1113 Sabinum

106 1128 143 1162 Si
167 1128 251 1162 mihi
275 1127 398 1162 eodem
421 1130 580 1171 tempore
606 1125 824 1161 concesseris
850 1128 886 1159 et
908 1124 960 1158 ire
993 1134 1096 1168 agere
1128 1133 1193 1168 per

106 1178 204 1207 tuum
228 1173 345 1207 locum
370 1175 405 1206 et
427 1172 479 1206 uti
503 1171 574 1206 frui
598 1182 638 1206 eo
663 1172 719 1205 ius
744 1181 841 1211 esse,
876 1169 1000 1209 deinde
1033 1180 1096 1212 ego
1129 1168 1192 1202 tibi

107 1228 315 1253 concessero
340 1218 394 1252 ius
418 1217 504 1251 mihi
527 1217 580 1251 uti
603 1216 673 1250 frui
699 1226 770 1250 non
795 1225 891 1250 esse:
928 1225 999 1248 non
1024 1215 1126 1249 aliter
1151 1224 1190 1248 eo

107 1264 183 1298 loco
209 1263 319 1297 uteris
343 1263 490 1304 frueris,
525 1272 630 1306 quam
654 1265 695 1295 ut
718 1262 769 1295 ire
793 1271 896 1304 agere
920 1260 1005 1294 mihi
1030 1264 1126 1294 recte
1150 1259 1190 1293 li-

107 1313 195 1343 ceat.
244 1309 328 1342 item
361 1308 391 1342 si
423 1312 459 1342 et
490 1307 619 1342 ducere
649 1317 714 1351 per
745 1311 846 1340 tuum
877 1305 1028 1340 fundum
1062 1315 1192 1349 aquam

106 1355 181 1388 iure
213 1357 362 1397 potuero
396 1357 431 1387 et
460 1353 498 1387 in
530 1363 570 1387 eo
601 1352 665 1386 tibi
700 1351 890 1386 aedificare
922 1351 1031 1385 invito
1057 1361 1111 1384 me
1136 1350 1191 1384 ius

107 1409 178 1433 non
200 1398 327 1433 fuerit:
354 1399 384 1433 si
407 1398 472 1432 tibi
497 1407 705 1432 concessero
730 1397 785 1430 ius
811 1407 888 1431 esse
913 1396 1112 1436 aedificare,
1139 1395 1190 1428 ni-

106 1444 176 1478 hilo
209 1444 324 1478 minus
357 1444 450 1478 hanc
483 1443 684 1478 servitutem
718 1442 802 1476 mihi
825 1446 1009 1486 praestare
1034 1440 1191 1481 debebis,

106 1499 151 1524 ne
175 1489 277 1523 aliter
303 1488 479 1530 aedifices,
505 1499 611 1532 quam
635 1494 674 1522 ut
700 1488 827 1521 ductus
854 1497 967 1531 aquae
991 1497 1090 1521 meus
1115 1496 1190 1519 ma-

107 1539 207 1575 neat,
243 1534 424 1578 totiusque
458 1534 533 1568 eius
565 1533 616 1568 rei
648 1533 809 1567 condicio
846 1533 928 1566 talis
965 1542 1042 1566 esse
1075 1531 1190 1572 debet,

107 1579 220 1623 qualis
245 1583 357 1620 esset,
391 1580 420 1613 si
452 1590 524 1613 una
549 1579 734 1613 dumtaxat
757 1578 856 1611 initio
884 1576 1067 1612 concessio
1093 1576 1192 1610 facta

109 1628 122 1658 1
175 1628 277 1659 esset.
327 1624 484 1659 Servitus
508 1624 735 1665 naturaliter,
770 1634 841 1657 non
866 1634 973 1656 manu
996 1622 1093 1657 facto
1119 1622 1190 1656 lae-

107 1670 189 1708 dere
224 1673 342 1714 potest
375 1669 526 1704 fundum
563 1670 789 1703 servientem:
828 1667 1125 1712 quemadmodum
1162 1667 1191 1701 si

106 1715 209 1749 imbri
234 1719 372 1749 crescat
395 1725 489 1759 aqua
512 1715 547 1748 in
571 1715 645 1748 rivo
671 1718 733 1748 aut
758 1724 801 1748 ex
825 1714 917 1757 agris
942 1714 978 1746 in
1003 1723 1082 1747 eum
1108 1723 1191 1747 con-

109 1760 193 1795 fluat
218 1765 280 1794 aut
303 1770 418 1805 aquae
440 1760 521 1794 fons
547 1759 738 1794 secundum
763 1759 875 1792 rivum
900 1758 953 1792 vel
978 1758 1014 1792 in
1040 1768 1081 1792 eo
1114 1758 1125 1791 i
1152 1768 1191 1792 so

108 1805 128 1836 2
173 1805 335 1839 inventus
367 1809 492 1849 postea
522 1805 640 1839 fuerit.
690 1804 727 1838 Si
751 1804 862 1838 fundo
889 1803 1016 1838 Seiano
1043 1802 1192 1837 coninis

106 1850 186 1885 fons
210 1851 327 1891 fuerit,
355 1861 397 1885 ex
418 1861 486 1895 quo
509 1850 608 1884 fonte
628 1861 692 1894 per
712 1849 862 1883 fundum
876 1849 1043 1883 Seianum
1064 1858 1192 1893 aquam

106 1896 181 1930 iure
207 1896 398 1937 ducebam,
428 1906 504 1930 meo
529 1895 626 1930 facto
651 1895 760 1929 fundo
787 1895 915 1929 Seiano
941 1898 1060 1928 manet
1084 1893 1191 1928 servi-

107 1944 125 1974 3
173 1945 242 1975 tus.
291 1941 486 1975 Hauriendi
506 1941 560 1975 ius
583 1951 654 1975 non
674 1940 825 1974 hominis
837 1941 860 1981 ³,
887 1939 949 1974 sed
969 1939 1106 1983 praedii
1127 1943 1191 1973 est.

152 1984 199 2021 21
230 1986 388 2021 PAULUS
419 1986 509 2020 libro
544 1987 668 2031 quinto
702 1986 836 2020 decimo
863 1985 910 2018 ad
934 1984 1108 2019 Sabinum
1156 1983 1193 2018 Si

106 2032 189 2065 mihi
223 2032 439 2066 concesseris
471 2032 538 2066 iter
569 2041 683 2075 aquae
714 2041 778 2075 per
809 2030 957 2064 fundum
990 2034 1088 2063 tuum
1121 2040 1193 2063 non

108 2077 283 2111 destinata
318 2080 438 2120 parte,
475 2087 538 2120 per
570 2086 675 2120 quam
709 2075 891 2115 ducerem,
929 2079 1026 2109 totus
1061 2074 1193 2109 fundus
1248 2084 1251 2087 ·

106 2127 190 2156 tuus
215 2122 358 2156 serviet:

153 2164 205 2202 22
231 2166 460 2201 POMPONIUS
481 2166 570 2201 libro
597 2166 803 2213 triqensz‘mo
829 2165 933 2199 tertio
953 2165 1003 2199 ad
1018 2164 1193 2199 Sabinum

108 2212 169 2246 sed
194 2222 284 2265 quae
308 2212 388 2246 loca
413 2212 487 2246 eius
512 2211 613 2246 fundi
638 2217 743 2252 tunc,
770 2222 850 2245 cum
875 2220 918 2244 ea
942 2210 1042 2244 fieret
1067 2210 1192 2251 cessio,

108 2257 276 2291 aedificiis
301 2257 488 2292 arboribus
513 2257 621 2291 vineis
645 2266 759 2291 vacua
783 2255 933 2296 fuerint,
967 2265 1009 2289 ea
1042 2256 1119 2290 sola
1153 2266 1192 2290 eo

109 2303 247 2337 nomine
272 2303 434 2337 servient.

154 2345 204 2384 23
231 2347 285 2382 ΡΑ
296 2357 389 2382 ULUS
410 2348 499 2382 libro
524 2347 648 2392 quinto
673 2347 808 2381 decimo
834 2346 883 2380 ad
906 2345 1079 2381 Sabinum,
1126 2345 1194 2379 Via

109 2393 277 2427 constitui
300 2393 354 2427 vel
377 2393 483 2427 latior
507 2396 586 2427 octo
612 2392 761 2436 pedibus
786 2392 839 2425 ve]
861 2391 1045 2435 angustior
1065 2395 1192 2435 potest,

109 2443 148 2472 ut
171 2443 288 2472 tamen
313 2448 390 2472 eam
415 2437 637 2471 latitudinem
661 2438 804 2477 habeat,
830 2447 901 2480 qua
925 2436 1125 2470 vehiculum
1144 2436 1194 2470 ire

112 2487 125 2516 1
175 2487 310 2528 potest:
337 2483 493 2527 alioquin
517 2483 584 2517 iter
608 2483 684 2524 erit,
710 2493 779 2516 non
799 2482 865 2516 via.
904 2481 941 2516 Si
953 2481 1054 2515 lacus
1067 2491 1193 2525 perpe-

109 2533 193 2563 tuus
217 2529 253 2562 in
276 2528 388 2562 fundo
413 2532 475 2562 tuo
501 2531 565 2568 est,
590 2527 778 2571 navigandi
803 2537 943 2571 quoque
968 2527 1130 2567 servitus,
1157 2530 1196 2560 ut

110 2577 128 2607 2
176 2573 401 2618 perveniatur
421 2573 467 2607 ad
479 2572 628 2606 fundum
648 2573 813 2613 vicinum,
834 2571 969 2616 imponi
989 2575 1119 2616 potest.
1158 2571 1195 2605 Si

109 2618 239 2653 fundus
264 2618 416 2652 serviens
441 2618 494 2652 vel
518 2618 548 2652 is
574 2618 630 2651 cui
655 2617 805 2651 servitus
831 2617 978 2651 debetur
995 2617 1193 2660 publicare-

110 2668 187 2706 tur,
220 2667 370 2708 utroque
395 2674 481 2698 casu
507 2663 636 2697 durant
660 2663 864 2702 servituteS,
901 2662 982 2705 quia
1015 2672 1094 2695 cum
1129 2672 1195 2696 sua

111 2713 129 2743 3
179 2709 387 2743 condicione
423 2708 570 2753 quisque
606 2707 737 2742 fundus
770 2707 1025 2751 publicaretur.
1075 2706 1191 2749 Quae-

111 2764 260 2798 cumque
285 2754 432 2788 servitus
456 2753 567 2787 fundo
593 2752 759 2794 debetur,
794 2752 956 2786 omnibus
983 2752 1057 2785 eius
1082 2752 1193 2796 parti-

111 2800 178 2833 bus
212 2799 381 2833 debetur:
416 2802 451 2833 et
481 2798 559 2833 ideo
593 2798 750 2842 quamvis
774 2797 1013 2841 particulatim
1037 2797 1193 2837 venierit,

111 2855 231 2879 omnes
256 2848 375 2888 partes
400 2844 549 2878 servitus
576 2843 733 2887 sequitur
753 2847 788 2876 et
807 2842 868 2884 ita,
894 2845 934 2876 ut
953 2842 1080 2885 singuli
1099 2846 1196 2875 recte

111 2893 218 2933 agant
240 2890 294 2924 ius
319 2889 386 2923 sibi
411 2899 486 2923 esse
507 2888 613 2923 eundi
623 2889 647 2922 ²⁸.
685 2888 715 2922 si
735 2891 854 2922 tamen
874 2886 1018 2928 fundus,
1044 2887 1100 2920 cui
1123 2896 1194 2920 ser-

111 2936 203 2969 vitus
228 2934 392 2976 debetur,
419 2934 524 2968 certis
548 2933 750 2977 regionibus
774 2933 867 2966 inter
890 2932 1009 2976 plures
1035 2931 1195 2965 dominos

112 2980 242 3014 divisus
275 2983 347 3021 est,
381 2979 537 3023 quamvis
571 2979 734 3012 omnibus
766 2977 928 3022 partibus
961 2977 1110 3011 servitus
1136 2976 1194 3010 de—

112 3025 249 3066 beatur,
274 3028 393 3058 tamen
418 3034 507 3068 opus
529 3027 592 3065 est,
617 3027 657 3057 ut
674 3024 721 3065 hi,
747 3023 807 3067 qui
826 3033 898 3056 non
919 3022 1098 3066 proximas
1111 3031 1193 3065 par-

110 3074 165 3104 tes
190 3069 353 3104 servienti
377 3068 488 3103 fundo
513 3069 711 3110 habebunt,
743 3068 931 3102 transitum
954 3077 1019 3111 per
1042 3067 1195 3111 reliquas

112 3119 230 3158 partes
254 3114 356 3148 fundi
381 3114 478 3148 divisi
502 3114 577 3148 iure
601 3114 758 3148 habeant
781 3116 862 3154 aut,
896 3113 924 3146 si
956 3112 1107 3156 proximi
1131 3122 1194 3155 pa-

113 3160 256 3199 tiantur,
282 3163 474 3193 transeant.

159 3202 212 3239 24
236 3204 464 3239 POMPONIUS
485 3204 575 3238 libro
601 3203 808 3248 triqensz‘mo
834 3203 936 3236 tertio
955 3202 1004 3236 ad
1019 3201 1194 3236 Sabinum

115 3250 169 3282 Ex
194 3260 270 3284 meo
296 3259 410 3293 aquae
435 3249 544 3283 ductu
563 3247 685 3282 Labeo
707 3247 830 3282 scribit
851 3247 995 3281 cuilibet
1014 3257 1120 3290 posse
1140 3256 1195 3280 me

115 3294 227 3328 vicino
256 3293 519 3329 commodare⁵z
545 3292 720 3327 Proculus
741 3296 876 3332 contra,
904 3296 944 3325 ut
961 3302 1005 3326 ne
1025 3292 1061 3325 in
1081 3301 1195 3325 meam

115 3340 275 3381 partem⁶
298 3338 399 3372 fundi
424 3339 540 3379 aliam,
566 3347 671 3381 quam
696 3337 742 3371 ad
767 3347 871 3381 quam
896 3337 1046 3371 servitus
1071 3336 1193 3380 adqui-

117 3383 185 3416 sita
208 3383 263 3423 sit,
289 3384 363 3417 uti⁷
388 3394 430 3418 ea
453 3383 575 3427 possit.
624 3382 767 3416 Proculi
792 3381 968 3416 sententia
991 3382 1106 3416 verior
1130 3385 1193 3416 est.

163 3425 214 3463 25
240 3427 345 3461 IDEM
364 3428 453 3462 libro
478 3428 685 3473 trz'qensimo
711 3431 841 3471 quarto
866 3427 915 3460 ad
938 3426 1110 3461 Sabinum
1158 3425 1194 3460 Si

118 3477 253 3515 partem
276 3471 377 3506 fundi
401 3472 468 3507 mei
493 3476 626 3506 certam
649 3472 714 3506 tibi
737 3471 944 3513 vendidero,
970 3481 1083 3515 aquae
1109 3470 1194 3505 duc-

1259 222 1317 253 tus
1340 218 1415 258 ius,
1449 218 1585 252 etiamsi
1611 217 1756 251 alterius
1780 217 1891 261 partis
1917 226 2027 251 causa
2051 216 2260 261 plerumque
2285 216 2349 250 du-

1261 267 1380 305 catur,
1413 267 1449 298 te
1473 273 1613 307 quoque
1638 266 1822 306 sequetur:
1857 272 1972 306 neque
2003 262 2053 296 ibi
2085 265 2148 295 aut
2179 261 2350 295 bonitatis

1260 309 1334 353 agri
1360 313 1422 342 aut
1445 319 1532 343 usus
1558 308 1631 342 eius
1652 317 1771 352 aquae
1795 307 1885 341 ratio
1910 306 2100 342 habenda⁸
2124 310 2178 341 est
2208 306 2277 348 ita,
2312 310 2350 340 ut

1261 364 1338 388 eam
1362 354 1473 388 solam
1498 357 1635 397 partem
1660 352 1780 393 fundi,
1814 363 1906 396 quae
1938 352 2194 396 pretiosissima
2219 352 2265 386 sit
2289 355 2351 385 aut

1260 399 1411 433 maxime
1434 409 1538 433 usum
1563 399 1637 432 eius
1662 407 1777 442 aquae
1802 397 1996 439 desideret,
2028 398 2084 432 ius
2118 397 2193 431 eius
2218 396 2350 431 ducen-

1261 445 1327 478 dae
1351 448 1539 489 sequatur,
1573 443 1635 478 sed
1668 453 1733 487 pro
1766 442 1871 476 modo
1898 443 1973 486 agri
1998 442 2156 477 detenti⁹
2180 445 2243 476 aut
2267 442 2350 476 alie-

1261 489 1334 523 nati
1359 490 1423 523 fiat
1447 489 1523 523 eius
1548 499 1662 532 aquae
1686 488 1820 522 divisio.

1307 532 1359 570 26
1386 534 1440 568 ΡΑ
1450 544 1544 569 ULUS
1565 534 1655 568 libro
1681 532 1987 578 quadraqeusz‘mo
2011 533 2161 577 septimo
2187 532 2236 566 ad
2259 532 2352 566 edic-

1261 583 1334 614 tum
1382 579 1419 613 Si
1451 580 1508 613 via
1540 579 1609 613 iter
1640 582 1743 613 actus
1768 587 1882 621 aquae
1907 576 2036 611 ductus
2060 578 2195 621 legetur
2219 576 2351 621 simpli-

1262 625 1349 659 citer
1373 635 1436 669 per
1459 624 1622 666 fundum,
1647 623 1801 658 facultas
1826 626 1880 656 est
1900 622 2032 663 heredi,
2058 633 2122 666 per
2143 633 2247 666 quam
2269 632 2351 666 par-

1260 673 1331 704 tem
1355 669 1457 704 fundi
1481 670 1574 711 velit,
1601 669 1817 704 constituere
1836 667 2050 709 servitutem,
2076 668 2105 701 si
2126 668 2229 702 modo
2255 667 2353 701 nulla

1262 715 1382 787 captio
1408 715 1578 759 legatario
1603 714 1640 748 in
1665 714 1833 749 servitute
1856 712 1908 746 fit.

1307 758 1359 796 ..17
1393 760 1586 795 IULIANUS
1614 760 1704 794 Zr'bro
1737 759 1887 805 septimo
1920 758 2139 803 diqestorum
2187 757 2224 791 Si
2257 768 2351 792 com-

1261 806 1358 840 muni
1382 805 1492 840 fundo
1518 815 1595 840 meo
1621 809 1657 839 et
1679 808 1742 839 tuo
1769 803 1899 838 serviat
1921 803 2054 837 fundus
2076 802 2352 846 Sempronianus

1262 855 1297 886 et
1321 851 1471 885 eundem
1495 851 1531 884 in
1557 860 1742 885 commune
1767 848 2036 890 redemerimus,
2063 848 2213 882 servitus
2240 848 2351 881 extin-

1285 897 1398 938 uitur,
1436 896 1521 940 quia
1556 906 1622 941 par
1656 895 1841 939 utriusque
1873 894 2004 928 domini
2039 893 2094 927 ius
2130 893 2166 926 in
2203 896 2354 937 utroque

1278 942 1372 976 undo
1407 952 1484 976 esse
1515 941 1651 985 incipit.
1706 945 1743 974 at
1776 940 1805 974 si
1836 939 1980 983 proprio
2018 948 2094 972 meo
2130 937 2242 972 fundo
2261 940 2287 958 ¹⁰
2320 942 2354 972 et

1261 987 1406 1031 proprio
1431 990 1493 1021 tuo
1518 986 1612 1021 idem
1637 986 1776 1025 serviat,
1802 985 1959 1019 manebit
1981 984 2141 1025 servitus,
2168 983 2252 1027 quia
2271 994 2351 1027 pro-

1262 1032 1339 1077 prio
1364 1031 1475 1066 fundo
1501 1042 1564 1076 per
1590 1041 1810 1066 communem
1836 1030 1985 1064 servitus
2010 1029 2130 1063 deberi
2154 1032 2283 1072 potest.

1309 1074 1362 1113 28
1389 1077 1495 1111 IDEM
1518 1077 1608 1112 libro
1634 1077 1843 1122 triqeusimo
1869 1079 2000 1120 quarto
2026 1075 2245 1119 dz'qestorum
2293 1073 2352 1107 Iti-

1262 1133 1345 1157 nere
1369 1123 1416 1156 ad
1439 1123 1624 1166 praedium
1650 1131 1835 1156 commune
1859 1121 2011 1154 duorum
2032 1120 2146 1163 legato
2168 1119 2236 1153 nisi
2257 1123 2351 1153 uter-

1262 1179 1330 1212 que
1355 1168 1501 1202 deloco
1535 1167 1670 1201 itineris
1706 1166 1926 1207 consentiat,
1962 1165 2114 1200 servitus
2146 1174 2260 1208 neque
2292 1164 2353 1198 ad-

1262 1214 1413 1258 quiritur
1437 1223 1553 1257 neque
1578 1213 1723 1256 deperit.

1308 1256 1360 1295 29
1387 1258 1441 1293 PA
1451 1268 1546 1293 ULUS
1575 1258 1664 1293 libro
1700 1257 1856 1292 secundo
1889 1257 2126 1302 epitomarum
2150 1255 2279 1300 Alfeni
2302 1255 2353 1289 dz'-

1261 1308 1443 1350 qestorum
1491 1304 1559 1347 Qui
1583 1303 1653 1338 duo
1678 1302 1824 1347 praedia
1850 1301 2003 1336 confinia
2025 1301 2222 1341 habuerat,
2248 1311 2352 1345 supe-

1262 1350 1390 1384 riorem
1423 1349 1574 1383 fundum
1606 1348 1832 1382 vendiderat:
1867 1347 1903 1381 in
1936 1347 2012 1390 lege
2043 1346 2094 1379 ita
2127 1346 2282 1387 dixerat,
2315 1349 2355 1379 ut

1264 1405 1393 1439 aquam
1426 1396 1525 1429 sulco
1559 1398 1683 1438 aperto
1719 1392 1870 1437 emptori
1895 1391 2043 1426 educere
2067 1391 2103 1425 in
2126 1390 2276 1425 fundum
2300 1392 2353 1424 in-

1261 1439 1425 1475 feriorem
1450 1443 1547 1474 recte
1571 1440 1694 1473 liceat:
1721 1439 1751 1472 si
1777 1441 1914 1482 emptor
1938 1447 1981 1471 ex
2001 1437 2070 1471 alio
2091 1435 2202 1471 fundo
2225 1447 2354 1480 aquam

1263 1486 1443 1529 acciperet
1468 1489 1503 1519 et
1527 1495 1605 1519 eam
1629 1485 1665 1518 in
1690 1483 1893 1518 inferiorem
1919 1482 2050 1516 ducere
2074 1482 2188 1524 vellet,
2215 1482 2352 1526 quaesi-

1262 1535 1338 1564 tum
1371 1534 1444 1572 est,
1479 1541 1525 1564 an
1558 1530 1672 1574 possit
1702 1529 1739 1563 id
1772 1539 1836 1563 suo
1869 1528 1946 1562 iure
1970 1527 2089 1562 facere
2114 1538 2180 1562 nec
2205 1538 2260 1561 ne.
2298 1538 2353 1561 re-

1262 1575 1388 1620 spondi
1421 1576 1508 1610 nihil
1539 1576 1710 1619 amplius,
1744 1584 1849 1618 quam
1883 1573 1977 1618 quod
2010 1573 2121 1617 ipsius
2152 1572 2254 1607 fundi
2286 1572 2353 1607 sic-

1263 1621 1367 1655 candi
1401 1631 1512 1656 causa
1544 1621 1738 1661 derivaret,
1779 1619 1932 1653 vicinum
1963 1617 2164 1652 inferiorem
2197 1618 2354 1662 recipere

1263 1667 1403 1701 debere.

1308 1709 1361 1748 30
1387 1711 1495 1746 IDEM
1522 1711 1613 1746 libro
1646 1713 1776 1755 quarto
1810 1710 2048 1754 epitommum
2080 1707 2208 1752 Alfeni
2237 1707 2354 1759 ἄφες-

1263 1761 1379 1791 torum
1427 1757 1495 1800 Qui
1520 1756 1590 1791 duo
1611 1756 1759 1800 praedia
1778 1755 1945 1795 habebat,
1971 1754 2007 1788 in
2028 1753 2133 1787 unius
2154 1753 2354 1787 venditlone

1263 1813 1402 1846 aquam,
1418 1802 1558 1846 quaein
1567 1801 1679 1836 fundo
1700 1800 1927 1840 nascebatur,
1950 1802 1985 1833 et
2006 1799 2103 1833 circa
2126 1808 2204 1832 eam
2226 1808 2355 1842 aquam

1262 1848 1333 1882 late
1358 1848 1480 1881 decem
1511 1847 1619 1891 pedes
1653 1849 1860 1890 exceperat:
1896 1845 2096 1889 quaesitum
2129 1848 2200 1885 est,
2236 1848 2354 1877 utrum

1263 1893 1455 1928 dominium
1474 1892 1544 1927 loci
1564 1892 1610 1926 ad
1631 1901 1709 1925 eum
1730 1891 1906 1935 pertineat
1927 1900 1974 1924 an
1994 1893 2034 1923 ut
2053 1899 2117 1934 per
2137 1900 2216 1922 cum
2237 1889 2355 1923 locum

1263 1938 1433 1973 accedere
1457 1937 1580 1982 possit.
1620 1937 1822 1981 respondit,
1856 1936 1884 1970 si
1918 1936 1970 1969 ita
2002 1934 2212 1978 recepisset:
2248 1934 2355 1968 ‘circa

1264 1994 1341 2018 eam
1375 1994 1505 2028 aquam
1540 1983 1611 2017 late
1643 1982 1750 2026 pedes
1777 1981 1921 2022 decem',
1945 1981 2012 2014 iter
2036 1980 2223 2014 dumtaxat
2246 1979 2355 2014 videri

1263 2029 1455 2064 venditoris
1481 2038 1568 2062 esse.

1309 2071 1358 2110 31
1387 2073 1580 2108 IULIANUS
1601 2073 1692 2107 libro
1709 2072 1865 2107 secundo
1887 2082 1936 2106 eoe
1956 2070 2105 2105 Minicio
2142 2070 2229 2103 Tria
2251 2080 2353 2114 prae-

1264 2119 1323 2153 dia
1348 2119 1518 2153 continua
1541 2118 1648 2152 trium
1674 2118 1895 2152 dominorum
1928 2116 2069 2151 adiecta
2084 2116 2108 2135 ¹¹
2143 2118 2262 2149 erant:
2295 2115 2354 2148 imi

1263 2164 1399 2209 praedii
1431 2164 1593 2198 dominus
1628 2174 1670 2197 ex
1703 2174 1838 2197 summo
1871 2162 1982 2196 fundo
2015 2161 2084 2195 imo
2109 2159 2220 2194 fundo
2246 2161 2353 2194 servi-

1264 2214 1375 2243 tutem
1409 2219 1523 2253 aquae
1555 2208 1757 2253 quaesierat
1790 2212 1825 2242 et
1848 2218 1913 2252 per
1937 2206 2089 2240 medium
2114 2205 2265 2240 fundum
2291 2205 2352 2239 do-

1264 2255 1359 2289 mino
1399 2253 1616 2289 concedente
1650 2254 1686 2287 in
1722 2264 1825 2287 suum
1862 2263 1984 2296 agrum
2021 2251 2191 2285 ducebat:
2230 2255 2355 2295 postea

1263 2300 1356 2334 idem
1382 2310 1555 2334 summum
1579 2299 1729 2333 fundum
1762 2299 1863 2332 emit:
1898 2297 2023 2332 deinde
2054 2297 2161 2330 imum
2193 2295 2353 2336 fundum,

1263 2346 1300 2379 in
1326 2355 1430 2389 quem
1455 2355 1584 2389 aquam
1609 2344 1817 2384 induxerat,
1850 2342 2018 2377 vendidit.
2057 2342 2254 2386 quaesitum
2289 2345 2352 2382 est,

1263 2401 1348 2424 num
1372 2390 1462 2424 imus
1488 2389 1621 2424 fundus
1646 2389 1681 2423 id
1706 2389 1760 2422 ius
1786 2399 1901 2433 aquae
1926 2387 2119 2428 amisisset,
2147 2387 2246 2430 quia,
2275 2397 2351 2419 cum

1263 2440 1415 2479 utraque
1446 2435 1595 2479 praedia
1627 2434 1782 2469 eiusdem
1815 2433 1945 2468 domini
1977 2432 2076 2466 facta
2108 2435 2243 2472 essent,
2276 2431 2354 2475 ipsa

1265 2480 1332 2515 sibi
1367 2481 1496 2514 servire
1528 2491 1599 2514 non
1632 2479 1843 2524 potuissent.
1883 2478 2024 2522 negavit
2055 2476 2214 2510 amisisse
2246 2477 2352 2510 servi-

1263 2529 1386 2567 tutem,
1413 2525 1497 2570 quia
1520 2525 1715 2569 praedium,
1740 2535 1804 2568 per
1829 2523 1923 2568 quod
1950 2533 2043 2566 aqua
2068 2521 2276 2563 ducebatur,
2302 2522 2352 2555 al-

1264 2571 1374 2605 terius
1386 2570 1513 2605 fuisset
1533 2574 1569 2605 et
1589 2569 1884 2614 quemadmodum
1903 2568 2053 2602 servitus
2074 2577 2209 2601 summo
2230 2566 2352 2608 fundo,

1263 2620 1304 2649 ut
1328 2616 1364 2649 in
1388 2616 1496 2649 imum
1518 2615 1668 2649 fundum
1694 2624 1787 2659 aqua
1810 2614 1963 2653 veniret,
1996 2612 2129 2656 imponi
2154 2612 2257 2646 aliter
2281 2623 2352 2646 non

1264 2662 1457 2705 potuisset,
1494 2671 1600 2704 quam
1623 2664 1664 2694 ut
1687 2670 1750 2704 per
1773 2658 1926 2693 medium
1951 2667 2091 2702 quoque
2114 2657 2264 2691 fundum
2289 2657 2352 2691 du-

1265 2710 1414 2747 ceretur,
1440 2706 1492 2740 sic
1513 2705 1635 2739 eadem
1656 2705 1806 2739 servitus
1827 2703 1983 2737 eiusdem
2003 2701 2105 2736 fundi
2126 2702 2239 2736 amitti
2252 2702 2354 2736 aliter

1265 2761 1336 2785 non
1360 2754 1502 2795 posset,
1537 2750 1603 2784 nisi
1634 2750 1757 2784 eodem
1789 2752 1947 2793 tempore
1981 2748 2085 2782 etiam
2110 2757 2174 2792 per
2198 2747 2351 2781 medium

1264 2795 1413 2829 fundum
1439 2805 1533 2839 aqua
1558 2795 1639 2829 duci
1665 2794 1814 2828 desisset
1838 2797 1901 2827 aut
1925 2793 2080 2827 omnium
2105 2793 2175 2826 tria
2208 2793 2311 2827 simul
2326 2793 2353 2812 ¹2

1265 2840 1412 2884 praedia
1435 2841 1540 2874 unius
1565 2839 1697 2873 domini
1720 2839 1819 2873 facta
1843 2841 1972 2873 essent.

1312 2883 1365 2921 32
1390 2885 1618 2919 AFRICANUS
1646 2885 1736 2919 libro
1768 2887 1873 2919 sexto
1906 2883 2155 2928 quaestionum
2203 2882 2351 2917 Fundus

1265 2930 1348 2964 mihi
1372 2934 1490 2964 tecum
1515 2929 1710 2964 communis
1736 2933 1806 2963 est:
1840 2933 1977 2974 partem
2009 2932 2107 2962 tuam
2131 2928 2216 2962 mihi
2240 2928 2349 2962 tradi-

1266 2975 1348 3009 disti
1373 2979 1408 3008 et
1431 2974 1476 3008 ad
1502 2974 1650 3009 eundem
1671 2974 1761 3008 viam
1781 2984 1845 3018 per
1863 2974 2017 3008 vicinum
2038 2978 2138 3007 tuum
2156 2973 2349 3017 proprium.

1265 3024 1361 3055 recte
1386 3030 1426 3054 eo
1452 3019 1556 3054 modo
1578 3019 1781 3053 servitutem
1803 3020 2032 3054 constitutam
2053 3019 2103 3052 ait
2122 3029 2236 3062 neque
2257 3018 2350 3062 quod

1266 3065 1334 3099 dici
1366 3065 1479 3099 soleat
1509 3075 1573 3108 per
1595 3068 1715 3108 partes
1741 3075 1806 3099 nec
1831 3064 1969 3109 adquiri
1994 3074 2059 3098 nec
2083 3063 2216 3108 imponi
2242 3063 2349 3098 servi-

1265 3114 1360 3144 tutes
1384 3120 1489 3154 posse
1511 3110 1580 3144 isto
1614 3119 1701 3144 casu
1731 3109 1849 3144 locum
1881 3110 2030 3144 habere:
2063 3109 2121 3143 hic
2154 3108 2245 3142 enim
2278 3118 2349 3142 non

1264 3165 1328 3199 per
1351 3158 1488 3199 partem
1508 3155 1710 3189 servitutem
1730 3155 1879 3199 adquiri,
1905 3158 2030 3198 utpote
2051 3165 2130 3187 cum
2151 3154 2187 3187 in
2206 3153 2242 3187 id
2262 3157 2348 3187 tem-

1264 3211 1331 3244 pus
1353 3200 1570 3244 adquiratur,
1593 3210 1662 3243 quo
1674 3200 1840 3244 proprius
1853 3210 1951 3234 meus
1971 3199 2104 3233 fundus
2125 3198 2266 3232 futurus
2292 3198 2347 3231 sit.

1311 3243 1362 3282 33
1389 3245 1496 3279 IDEM
1512 3245 1600 3279 libro
1615 3256 1708 3279 nouo
1723 3246 1970 3290 quaestionum
2018 3243 2106 3278 Cum
2128 3248 2246 3277 essent
2264 3243 2349 3276 mihi

1266 3294 1300 3324 et
1332 3290 1396 3324 tibi
1427 3289 1529 3323 fundi
1562 3289 1631 3324 duo
1665 3300 1867 3324 communes
1893 3290 2056 3323 Titianus
2083 3292 2117 3322 et
2141 3288 2289 3322 Seianus
2315 3292 2350 3320 et

1264 3335 1299 3368 in
1325 3335 1493 3369 divisione
1519 3334 1758 3376 convenisset,
1784 3338 1824 3369 ut
1847 3334 1931 3368 mihi
1956 3334 2136 3374 Titianus,
2162 3333 2224 3366 tibi
2251 3332 2347 3365 Seia-

1264 3390 1331 3413 nus
1366 3379 1526 3419 cederet,
1558 3379 1708 3414 invicem
1731 3383 1851 3424 partes
1876 3390 1996 3413 eorum
2020 3377 2228 3412 tradidimus
2254 3380 2289 3410 et
2312 3376 2348 3409 in

1264 3424 1436 3458 tradendo
1469 3424 1603 3458 dictum
1636 3428 1705 3467 est,
1743 3428 1782 3458 ut
1814 3424 1913 3458 alteri
1945 3435 2008 3468 per
2040 3423 2186 3457 alterum
2220 3431 2347 3464 aquam

1266 3469 1395 3503 ducere
1425 3469 1564 3504 liceret:
1597 3473 1695 3504 recte
1727 3480 1805 3504 esse
1836 3469 2038 3503 servitutem
2062 3466 2260 3510 impositam
2287 3466 2347 3506 ait,

121 3585 159 3623 (1)
185 3583 426 3624 possessionem
435 3584 469 3615 F

120 3640 230 3666 causa,
241 3640 312 3659 moa:
321 3628 435 3660 delevit
450 3628 493 3660 F¹

121 3673 162 3712 (5)
186 3682 259 3703 meo
268 3672 345 3703 dare
356 3671 385 3704 S

122 3718 163 3755 (Ἰ)
187 3717 252 3756 uti]
262 3716 340 3747 duci
347 3728 407 3748 scr.

610 3586 653 3626 (2)
678 3595 697 3615 a
706 3587 738 3615 te
750 3585 927 3626 adscripsit
934 3585 1037 3626 spatii
1048 3583 1200 3624 explendi

607 3630 648 3670 (3)
674 3628 821 3660 nominis
830 3629 864 3660 F
973 3630 1015 3669 (4)
1041 3627 1137 3658 fundi
1146 3626 1197 3658 F¹

593 3674 636 3713 (6)
660 3683 764 3704 meam
775 3674 915 3714 partem]
925 3676 1053 3714 partem
1062 3671 1128 3703 mei
1135 3684 1196 3703 scr.

545 3717 588 3757 (8)
614 3717 765 3749 navenda
773 3718 807 3749 F
937 3718 980 3758 (9)
1007 3716 1127 3749 retenti
1135 3728 1197 3748 scr.

1229 3580 1233 3608 ¹
1268 3583 1327 3622 (10)
1353 3581 1457 3613 fundo
1468 3594 1524 3614 om.
1535 3582 1575 3621 F,
1584 3592 1654 3614 esse
1664 3582 1729 3613 inc.
1741 3584 1774 3612 at
1784 3593 1807 3613 s.
1820 3592 1851 3622 p.
1862 3591 1934 3612 meo
1946 3581 2022 3611 add.
2033 3578 2085 3610 F²

2212 3578 2265 3617 (11)
2292 3585 2348 3608 aut

1268 3626 1428 3657 continua
1437 3634 1494 3659 aut
1498 3628 1607 3669 potius
1616 3627 1746 3658 adiecta
1757 3627 1818 3658 del.
1957 3626 2013 3664 (12)
2041 3630 2096 3655 aut
2106 3622 2171 3654 tria
2181 3622 2280 3653 simul
2291 3629 2348 3654 au!

1262 3672 1374 3713 potius
1382 3671 1531 3703 omnium
1541 3672 1602 3704 del.
