2528 3918
174 89 365 135 XXVIII
394 91 421 131 7

175 223 224 249 an
245 210 448 248 remittatur
471 209 653 246 condicio:
679 214 716 245 et
820 208 828 218 ‘
869 212 934 251 est,
959 213 1000 244 ut
1015 206 1145 243 remitti
1159 206 1264 242 iuris·

175 256 318 294 iurandi
341 254 504 291 condicio
528 253 679 296 debeat,
709 254 796 290 licet
825 253 887 290 alii
912 251 1113 289 condicioni
1151 261 1265 304 ‚ai-en·

177 306 197 338 5
245 301 329 338 dum
351 300 494 336 habeat.
542 298 614 335 Sed
643 299 675 335 si
705 299 772 335 sub
802 297 1124 349 iurisiurandi-con
1163 305 1267 332 cione

176 347 225 383 sit
254 345 440 381 institutus
470 347 536 379 aut
564 343 597 380 si
627 342 749 380 decem
778 344 876 379 milia
889 345 900 366 ¹
931 342 1085 388 dederit,
1117 341 1189 377 hoc
1212 343 1268 377 est

177 392 357 427 alternata
388 388 616 431 condicione,
647 391 690 424 ut
720 393 785 425 aut
813 390 940 434 pareat
971 386 1172 423 condicioni
1203 389 1268 421 aut

176 437 270 472 iuret
292 434 390 470 aliud
413 433 518 479 quid,
541 433 750 477 videndum,
774 433 946 479 numquid
969 432 1100 468 remitti
1124 431 1157 467 ei
1180 441 1266 467 con-

177 480 271 516 dicio
294 489 368 516 non
391 478 507 521 debet,
555 478 617 514 uia
632 482 753 524 potest
767 479 870 514 alteri
886 477 1087 514 condicioni
1103 475 1263 528 parendo

178 535 257 561 esse
280 533 440 561 securus.
487 534 527 560 se
582 527 639 560 est
666 524 785 560 verius
815 522 1062 559 remittendam
1085 520 1266 557 condicio-

178 580 280 612 nem,
310 578 358 605 ne
387 569 459 604 alia
488 569 626 605 ratione
658 568 820 605 condicio
847 568 919 603 alia
941 577 1023 603 eum
1045 569 1198 612 urgueat
1220 565 1267 601 ad

179 619 199 650 6
245 613 503 650 iusiurandum.
549 613 720 658 Quotiens
751 614 856 649 heres
886 613 1005 648 iurare
1034 611 1179 647 iubetur
1202 610 1266 646 da·

177 664 298 695 turum
321 668 362 695 se
383 658 519 704 aliquid
540 659 596 694 vel
618 658 817 700 facturum,
873 658 945 693 uod
971 667 1043 692 non
1066 656 1268 702 improbum

179 708 251 747 est,
283 703 443 740 actiones
473 704 707 740 hereditarias
738 713 810 738 non
879 704 887 711 '
914 713 931 738 s
962 701 1128 745 habebit,
1160 711 1268 747 quam

179 750 211 786 si
241 748 380 785 dederit
408 748 465 785 vel
493 748 620 785 fecerit
649 748 705 790 id,
746 748 843 793 quod
876 751 954 783 erat
986 748 1106 783 iussus
1135 746 1266 782 iurare.

179 798 198 830 '1
246 793 393 834 Hormo
424 797 544 830 autem
573 793 630 829 vel
659 793 877 829 manumisso
901 792 1024 828 Sticho
1053 792 1131 828 vivo
1155 794 1267 827 testa-

180 844 260 876 tore
279 838 340 884 qui
357 839 410 874 ita
422 839 527 875 heres
542 838 727 874 institutus
742 841 808 881 est,
832 838 864 874 si
878 838 1034 874 iurasset
1053 847 1092 873 se
1107 836 1268 872 Stichum

180 884 497 926 manumissam-um,
536 893 609 919 non
648 882 825 919 videbitur
862 882 1023 919 defectus
1059 881 1269 918 condicione

179 929 283 965 heres
293 929 321 971 ¹,
345 929 504 974 quamvis
527 938 649 964 verum
672 928 720 964 sit
742 927 1026 974 compellendum
1045 938 1126 964 eum
1142 937 1267 962 manu-

179 974 330 1018 mittere,
355 972 387 1009 si
402 973 545 1009 viveret.
581 973 675 1008 idem
699 976 754 1008 est
777 977 814 1008 et
837 973 868 1008 si
889 974 942 1009 ita
960 973 1064 1008 heres
1082 972 1268 1008 institutus

180 1023 277 1056 esset
299 1018 398 1079 quis:
424 1018 551 1057 ‘Titius
575 1018 678 1054 heres
703 1022 779 1053 esto
802 1019 871 1061 ita,
896 1022 937 1054 ut
959 1017 1122 1054 Stichum
1144 1027 1268 1052 manu-

181 1064 312 1100 ‘mittat
341 1067 406 1099 aut
426 1063 534 1099 ‘Titio
555 1066 699 1099 centum
716 1063 769 1098 ita
786 1063 877 1108 lego,
901 1067 942 1099 ut
957 1062 1119 1098 Stichum
1142 1072 1268 1097 manu-

181 1108 334 1145 ‘mittat’.
381 1118 465 1144 nam
487 1112 628 1144 mortuo
653 1107 776 1143 Sticho
800 1118 904 1144 nemo
929 1108 1025 1143 dicet
1046 1117 1269 1144 summoven-

182 1154 267 1190 dum
290 1164 389 1190 eum:
422 1163 494 1189 non
516 1152 656 1188 videtur
679 1153 773 1188 enim
796 1152 957 1189 defectus
982 1152 1212 1195 condicione,
1240 1152 1271 1187 si

182 1199 333 1245 parere³
365 1197 566 1234 condicioni
596 1208 669 1234 non
698 1198 831 1243 possit:
863 1198 1044 1243 implenda
1074 1198 1154 1234 est⁴
1178 1197 1272 1233 enim

183 1247 203 1280 8
250 1244 426 1285 voluntas,
451 1243 482 1278 si
498 1246 627 1288 potest.
659 1242 715 1278 De
728 1243 798 1278 hoc
813 1243 1042 1279 iureiurando
1057 1242 1270 1278 remittendo

182 1299 255 1325 non
278 1292 333 1324 est
354 1297 501 1323 necesse
523 1287 623 1323 adire
645 1291 864 1340 praetorem:
889 1288 999 1324 semel
1022 1287 1116 1323 enim
1131 1288 1171 1323 iii
1188 1297 1270 1334 per-

181 1335 1091 1431 iiffgitindfflffiiiriacffl{imquff‘ffissffieffi
1113 1333 1260 1414 {mgesffl
1254 1342 1272 1421 ῗ

181 1434 369 1460 remissum
406 1422 547 1458 videtur
584 1426 692 1458 etiam
729 1427 918 1468 ignorante
956 1427 1092 1470 scripto
1130 1423 1272 1459 herede.

182 1469 334 1514 ideoque
363 1468 402 1503 in
431 1467 564 1503 herede
585 1467 748 1514 legatarii
770 1472 869 1504 recte
890 1469 1086 1515 probatur,
1120 1472 1162 1505 ut
1215 1471 1274 1505 ost

182 1514 276 1549 diem
297 1512 406 1565 legati
428 1512 613 1548 cedentem
637 1513 669 1549 si
692 1513 887 1549 decesserit
907 1514 1115 1560 legatarius,
1143 1513 1189 1550 de
1215 1516 1275 1550 eat

182 1559 285 1594 heres
309 1568 385 1593 eius
409 1557 552 1593 actione
582 1557 628 1594 de
657 1558 774 1603 legato
798 1559 870 1602 uti,
902 1559 1006 1605 quasi
1035 1569 1126 1605 pure
1155 1559 1272 1604 legato

182 1603 306 1639 relicto
330 1603 364 1638 ei
387 1602 445 1638 cui
468 1602 572 1638 heres
600 1603 797 1639 exstiterat.

229 1646 255 1686 9
279 1647 440 1684 Pano-s
460 1648 551 1684 libro
577 1648 856 1695 quadraqesimo
881 1651 1008 1695 quinto
1039 1650 1090 1686 ad
1119 1649 1274 1686 edictum

184 1693 439 1735 Condiciones,
480 1703 574 1738 quae
609 1697 736 1729 contra
766 1694 881 1730 bonos
910 1704 1027 1731 mores
1057 1695 1274 1738 inseruntur,

183 1738 416 1775 remittendae
432 1741 528 1781 sunt,
553 1738 662 1774 veluti
686 1738 728 1774 ‘si
751 1739 798 1774 ab
821 1739 985 1776 hostibus
1008 1743 1147 1786 patrem
1169 1750 1275 1776 suum

185 1787 270 1819 ‘non
299 1783 512 1826 redemerit’,
551 1783 595 1819 ‘si
629 1784 839 1836 parentibus
875 1785 949 1821 suis
979 1790 1178 1831 patronove
1208 1785 1274 1821 ali-

184 1831 320 1864 ‘menta
342 1838 415 1863 non
437 1829 679 1873 praestiterit'.

234 1872 284 1911 10
317 1872 513 1909 [hmines
533 1873 625 1909 libro
648 1876 774 1910 octavo
798 1875 1083 1921 disputationum
1126 1875 1274 1911 Institu-

184 1918 234 1954 tio
258 1918 360 1954 talis:
387 1918 429 1954 ‘si
449 1918 621 1954 codicillis
638 1918 758 1954 Seium
774 1919 942 1955 heredem
957 1920 1147 1973 scripsero,
1171 1921 1275 1956 heres

185 1963 287 2015 ‘esto’
303 1973 376 1998 non
393 1966 450 1998 est
462 1963 598 2015 inutilis
613 1963 651 1998 iii
666 1964 791 2009 quovis
806 1965 939 2001 herede
952 1965 1116 2001 instituto
1132 1968 1277 2011 praeter

184 2007 314 2043 filium:
342 2010 397 2043 est
420 2017 513 2043 enim
537 2008 795 2045 condicionalis
818 2010 1006 2047 institutio.
1046 2020 1115 2046 nec
1137 2010 1277 2047 videtur

185 2052 365 2088 hereditas
389 2052 561 2088 codicillis
582 2053 678 2096 data,
704 2054 800 2100 quod
818 2055 1047 2091 interdictum
1065 2058 1130 2099 est,
1153 2065 1276 2091 verum

186 2097 443 2134 condicionalis
475 2102 531 2133 est
560 2098 650 2134 haec
681 2099 857 2135 institutio
869 2101 894 2142 ⁵,
934 2110 1027 2152 quae
1059 2104 1275 2137 testamento

186 2142 273 2178 data
289 2146 394 2178 esset.
430 2142 580 2188 proinde
604 2147 640 2179 et
662 2144 694 2180 si
715 2144 768 2180 ita
791 2145 991 2190 scripserit:
1017 2146 1132 2182 ‘cuius
1147 2156 1277 2182 nomen

186 2187 372 2224 ‘codiciHis
388 2188 576 2233 scripsero,
599 2188 659 2224 ille
681 2189 767 2224 mihi
789 2190 892 2226 heres
917 2191 1017 2233 esto’,
1041 2190 1121 2236 pari
1138 2191 1277 2228 ratione

186 2232 377 2269 dicendum
401 2233 468 2268 erit
493 2233 752 2270 institutionem
782 2235 900 2271 valere
930 2235 1027 2271 nullo
1058 2236 1135 2272 iure
1164 2236 1276 2282 impe-

191 2282 201 2312 1
255 2277 384 2314 diente.
434 2277 471 2313 Si
494 2288 599 2324 quem
621 2279 674 2314 ita
694 2279 898 2316 institutum
921 2291 1115 2326 ponamus:
1140 2281 1222 2325 ‘ille‚
1246 2282 1278 2317 si

187 2326 281 2358 ‘eum
313 2322 487 2359 codicillis
522 2323 687 2359 heredem
720 2325 867 2370 scripsi,
908 2326 1012 2361 heres
1044 2326 1146 2369 esto’,
1183 2326 1278 2362 valet

186 2368 364 2403 institutio
396 2368 505 2403 etiam
534 2369 572 2404 in
602 2368 675 2405 filio
709 2370 840 2415 quiin
870 2374 1049 2416 potestate
1079 2375 1154 2414 est,
1195 2382 1277 2407 cum

187 2412 286 2448 nulla
308 2413 356 2448 sit
378 2412 559 2457 condicio,
584 2424 676 2460 quae
697 2414 736 2450 in
758 2416 991 2460 praeteritum
1015 2415 1200 2452 confertur
1221 2417 1278 2453 vel

187 2467 280 2510 quae
302 2458 340 2510 in
363 2468 552 2503 praesens,
575 2459 685 2495 veluti
709 2460 751 2496 ‘si
774 2470 839 2496 rex
860 2460 1077 2497 Parthorum
1097 2461 1206 2505 vivit’‚
1235 2462 1278 2497 ‘si

188 2506 300 2539 ‘naus
323 2513 362 2538 ιιι
384 2507 494 2548 portu
517 2505 613 2539 stat'.

237 2546 286 2584 11
314 2547 340 2583 I
342 2557 508 2584 omanus
534 2549 625 2585 libro
655 2550 821 2586 vicesimo
851 2561 949 2586 nono
972 2551 1013 2586 di
1035 2554 1193 2587 estorum
1239 2551 1279 2587 Si

213 2593 268 2628 uis
291 2596 504 2629 testamento
528 2594 598 2630 hoc
621 2594 727 2631 modo
751 2595 951 2640 scripserit:
1036 2596 1090 2632 ’us
1120 2606 1220 2632 meus
1247 2596 1278 2632 si

187 2639 197 2656 ⁸
234 2637 337 2673 itium
360 2637 601 2683 adoptaverit,
633 2640 736 2676 heres
761 2643 856 2677 esto:
893 2640 925 2676 si
947 2651 1020 2677 non
1043 2641 1277 2687 adoptaverit,

190 2682 349 2718 ‘exheres
380 2684 470 2718 esto'
505 2687 543 2718 et
571 2684 645 2720 filio
675 2688 805 2730 parato
837 2685 1011 2731 adoptare
1042 2686 1157 2723 Titius
1188 2686 1279 2723 nolit

189 2737 228 2763 se
252 2726 497 2807 agregandum
520 2728 624 2772 dare,
657 2730 725 2766 erit
754 2730 849 2767 filius
880 2731 983 2766 heres
1010 2731 1114 2777 quasi
1137 2731 1278 2778 expleta

191 2782 259 2808 con
298 2782 410 2807 cione.

242 2814 291 2853 12
315 2816 660 2855 Hsnuoosmanvs
680 2819 772 2856 libro
796 2821 901 2856 tertio
925 2821 1017 2856 iuris
1039 2832 1058 2855 e
1087 2821 1279 2856 itomarum

190 2861 312 2915 ‚Verba
334 2862 445 2914 haec:
477 2862 636 2900 ‘Publius
659 2864 833 2908 Maevius,
856 2865 888 2901 si
909 2865 1022 2908 volet,
1075 2875 1152 2901 eres
1176 2866 1278 2909 esto’,

189 2917 229 2943 ιιι
251 2916 453 2959 necessario
477 2908 721 2945 condicionem
744 2909 894 2953 faciunt,
918 2914 970 2954 ut,
994 2910 1026 2947 si
1048 2910 1148 2954 nolit,
1174 2910 1278 2947 heres

190 2961 265 2988 non
280 2954 431 2988 existat:
453 2962 536 2987 nam
551 2953 588 2988 in
603 2954 805 2990 voluntaria
818 2955 959 2991 heredis
973 2965 1128 3001 persona
1142 2953 1280 2991 trustra

190 2996 389 3039 adduntur,
413 3006 513 3040 cuin,
538 2998 605 3034 etsi
627 3010 701 3035 non
722 2999 857 3036 fuerint
878 2999 1020 3044 addita,
1050 3000 1182 3036 invitus
1205 3010 1278 3036 non

190 3040 347 3078 efficitur
369 3041 484 3077 heres.

241 3083 291 3124 13
316 3085 343 3121 I
344 3094 510 3122 numm
537 3087 627 3123 libro
660 3089 842 3135 triqesimo
873 3089 1095 3136 diqestomm
1139 3089 1187 3125 Ei
1218 3090 1279 3135 qui

190 3131 243 3167 ita
265 3130 498 3183 hereditatem
521 3131 575 3166 vel
597 3132 752 3177 legatum
768 3144 833 3170 acc
879 3134 909 3170 it
931 3134 975 3170 ‘si
990 3134 1112 3170 decem
1131 3134 1278 3171 dederit’

191 3185 308 3221 neque
330 3175 508 3211 hereditas
531 3186 646 3222 neque
668 3178 821 3223 legatum
835 3144 947 3215 Ἧιιει·
977 3179 1117 3225 adquiri
1146 3183 1277 3226 potest,

191 3231 300 3301 fluam
322 3220 354 3257 si
375 3224 460 3266 post
481 3221 662 3273 impletam
683 3223 927 3260 condicionem
943 3223 980 3259 id
996 3225 1108 3270 egerit
1122 3225 1278 3271 scriptus

219 3276 296 3302 eres
318 3265 374 3301 vel
394 3265 599 3311 legatarius,
630 3277 693 3312 per
717 3269 812 3313 quod
834 3268 1014 3305 hereditas
1039 3274 1102 3305 aut
1124 3270 1277 3315 legatum

193 3310 240 3346 ad
264 3310 333 3346 uiri
355 3309 457 3346 solet.

267 3354 293 3393 4
320 3354 557 3391 Minmws
582 3355 673 3392 libro
705 3362 835 3401 quarto
866 3359 1129 3394 institutionum
1183 3358 1277 3394 Con-

194 3399 352 3437 diciones
383 3403 512 3436 contra
533 3399 650 3436 edicta
672 3401 924 3446 imperatorum
947 3407 1012 3439 aut
1035 3407 1161 3439 contra
1182 3403 1278 3449 leges

193 3449 257 3480 aut
280 3455 371 3491 quae
394 3444 480 3491 legis
499 3444 610 3481 vicem
626 3445 788 3491 optinent
804 3448 959 3492 scriptae
973 3447 1028 3483 vel
1044 3458 1136 3494 quae
1151 3452 1279 3484 contra

193 3489 308 3526 bonos
338 3499 455 3526 mores
478 3489 533 3526 vel
556 3489 746 3526 derisoriae
770 3495 854 3526 sunt
876 3497 940 3528 aut
962 3492 1165 3529 huiusmodi
1188 3503 1277 3539 quas

194 3538 377 3580 praetores
411 3534 699 3580 improbaverunt
728 3546 794 3581 pro
826 3547 897 3571 non
929 3538 1069 3583 scriptis
1100 3538 1279 3574 habentur

193 3647 231 3686 (ι)
256 3646 350 3679 milia
363 3646 427 3680 del.
439 3646 494 3679 Γ*
553 3648 597 3689 (2)
622 3647 716 3680 heres
730 3648 793 3682 del.
850 3650 892 3689 (3)
919 3650 1118 3691 pararereF
1166 3652 1208 3691 (4)
1234 3654 1278 3683 no

197 3691 303 3723 ins.F
344 3695 386 3732 (⁶)
410 3691 654 3725 condicionalis
666 3695 717 3725 est
728 3692 810 3725 haec
823 3693 995 3726 institutio
1007 3695 1068 3727 del.
1117 3697 1160 3734 (6)
1185 3693 1277 3737 prin·

1255 81 1344 130 394

1510 21 1513 48 ’ν

1518 50 1579 129 ‘7
1727 97 1789 129 DE
1818 96 2171 130 coumciomus
2198 94 2415 131 msn‘rm‘.

1334 213 1371 243 et
1392 206 1559 254 perinde,
1589 216 1635 243 ac
1664 207 1696 243 si
1721 207 1883 244 condicio
1907 207 2096 245 hereditati
2118 210 2192 248 sive
2213 211 2330 257 legato
2353 213 2418 250 ad-

1334 253 1428 288 iecta
1450 261 1524 287 non
1546 258 1652 295 esset,
1675 252 1816 298 capitur
1837 252 2015 290 hereditas
2037 254 2245 308 legatumve.

1383 295 1434 334 15
1466 295 1712 333 Panmms
1742 297 1834 334 libro
1864 302 1971 334 sexto
2003 298 2138 336 decimo
2169 302 2419 348 quaestionum

1335 342 1458 385 Filius,
1490 341 1552 387 qui
1573 340 1643 377 fuit
1663 341 1702 378 in
1722 346 1913 388 potestate,
1941 344 2008 379 sub
2033 344 2241 382 condicione
2264 347 2419 393 scriptus

1334 387 1450 430 heres,
1474 396 1582 439 quam
1605 390 1751 423 senatus
1774 392 1838 424 aut
1855 389 2048 441 princeps⁰
2070 390 2118 425 im
2143 391 2284 435 robant,
2307 395 2419 429 tosta-

1334 435 1492 468 mentum
1522 431 1700 468 infirmet⁷
1730 433 1861 478 patris,
1893 443 1937 469 ac
1968 444 1999 469 si
2030 444 2099 470 con
2138 435 2193 472 cio
2223 446 2296 472 non
2327 441 2422 474 esset

1334 477 1372 513 in
1395 476 1471 512 eius
1494 479 1690 522 potestate:
1723 487 1806 513 nam
1839 488 1932 523 quae
1961 478 2061 515 facta
2083 479 2231 516 laedunt
2252 482 2421 527 pietatem

1336 521 1631 558 existimationem
1646 522 1894 559 verecundiam
1910 528 2069 559 nostram
2089 528 2135 568 et,
2155 529 2197 567 ιιι,
2234 527 2422 564 eneraliter

1335 566 1502 609 dixerim,
1534 570 1661 602 contra
1687 567 1801 604 bonos
1823 578 1940 604 mores
1963 569 2073 612 fiunt,
2106 579 2172 606 nec

1336 621 1443 709 Ροίῗεξ
1466 611 1834 710 ᾗῐῗὲῐῖῗνπιῗῑεωὲὂζο

1336 701 1464 737 ‘Titius
1495 702 1599 737 heres
1630 705 1714 744 erit,
1745 701 1846 738 Seius

2219 581 2324 608 &0010
2354 581 2421 608 1108

1902 662 2008 695 uarto
2053 660 2314 696 institutionum
2371 660 2423 697 ‘Si

1390 746 1398 754 ·
1485 746 1521 754 ..
1904 713 1980 739 eres
2011 708 2105 740 esto:
2140 704 2423 743 siSeiusheres

1336 749 1426 787 ‘ei-it,
1451 746 1566 782 Titius
1589 746 1693 782 heres
1717 747 1816 783 esto’.
1856 747 2014 784 Iulianus
2035 750 2196 786 inutilem
2219 759 2299 787 esse
2320 751 2422 787 insti·

1335 791 1511 828 tutionem
1533 791 1658 827 scribit
1666 791 1691 834 ⁸,
1723 802 1804 828 cum
1835 792 1996 829 condicio
2027 794 2178 831 existere
2200 805 2274 832 non
2296 796 2422 842 possit.

1385 834 1436 874 17
1469 837 1747 873 honam-mus
1777 837 1869 873 libro
1902 838 2037 875 deoim0
2068 840 2331 876 institutionum
2385 841 2425 877 Si

1361 881 1458 917 lures
1481 881 1721 918 institutiones
1745 891 1789 917 ex
1813 881 1936 918 eadem
1958 886 2063 928 parte
2085 884 2153 920 sub
2173 884 2321 922 diversis
2337 896 2423 922 con-

1336 893 1537 963 flicionibus
1565 925 1715 970 fuerint,
1755 926 1937 971 condicio,
1978 938 2071 974 quae
2106 929 2204 975 prior
2237 930 2423 974 exstiterit,

1341 971 1536 1017 occupabit
1557 971 1827 1007 institutionem.

1387 1013 1437 1054 18
1464 1015 1699 1052 Manmws
1726 1016 1816 1053 libro
1848 1018 1999 1064 septimo
2027 1019 2289 1056 institutionum
2336 1021 2426 1057 Cum

1338 1072 1461 1098 servus
1493 1072 1583 1107 pure
1612 1061 1704 1098 liber
1734 1066 1771 1097 et
1799 1062 1903 1098 heres
1935 1063 2090 1108 scriptus
2119 1065 2186 1100 sub
2217 1065 2426 1102 condicione

1338 1107 1385 1143 sit
1409 1111 1463 1149 et,
1487 1106 1519 1142 si
1540 1106 1643 1142 heres
1668 1117 1742 1142 non
1766 1107 1958 1150 exstiterit,
1982 1108 2136 1153 legatum
2159 1119 2246 1146 acce
2273 1111 2359 1154 erit,
2389 1111 2427 1147 iii

1338 1152 1455 1198 legato
1486 1151 1675 1204 repetitam
1705 1151 1816 1187 videri
1848 1152 2091 1189 condicionem
2123 1153 2223 1190 divus
2284 1156 2340 1192 ius
2369 1166 2426 1192 re-

1343 1201 1358 1233 1
1407 1197 1561 1242 scripsit.
1599 1196 1678 1232 Hac
1702 1197 1840 1232 ratione
1863 1200 1899 1232 et
1920 1197 2164 1243 Papinianus⁹
2186 1200 2323 1245 scribit,
2347 1211 2428 1237 cum

1339 1242 1420 1278 avia
1442 1245 1608 1287 nepotem
1625 1241 1692 1277 sub
1710 1242 1919 1278 condicione
1935 1243 2227 1289 emancipationis
2242 1256 2308 1291 pro
2323 1249 2429 1291 parte

1339 1287 1505 1324 heredem
1528 1287 1682 1322 instituit
1705 1290 1741 1322 et
1763 1290 1890 1332 postea
1910 1287 2081 1324 codicillis
2101 1289 2242 1335 scriptis
2262 1290 2333 1327 hoc
2352 1301 2427 1327 am-

1339 1333 1434 1379 plius
1466 1332 1499 1368 ei
1529 1332 1658 1384 legavit
1688 1342 1795 1378 quam
1826 1332 1922 1377 quod
1951 1333 2116 1369 heredem
2149 1344 2231 1370 eum
2261 1335 2428 1379 instituit,

1338 1378 1527 1424 repetitam
1549 1377 1661 1413 videri
1685 1377 1930 1413 condicionem
1950 1379 2243 1425 emancipationis
2265 1381 2373 1417 etiam
2391 1381 2429 1417 in

1339 1423 1353 1459 1
1419 1426 1476 1466 to,
1509 1422 1667 1475 quamvis
1697 1422 1735 1457 in
1765 1423 1882 1468 legato
1910 1423 2063 1466 nullam,
2095 1428 2137 1459 ut
2157 1424 2196 1460 in
2218 1425 2428 1469 hereditate,

1341 1479 1385 1504 su
1411 1468 1632 1504 stitutionem
1654 1467 1810 1503 fecisset.

1390 1511 1441 1551 19
1465 1512 1574 1548 loen
1589 1513 1680 1548 libro
1697 1517 1822 1548 octavo
1840 1513 2103 1549 institutionum
2135 1514 2173 1550 Si
2186 1514 2239 1551 ita
2255 1515 2428 1562 scriptum

1340 1558 1449 1594 fuerit
1472 1557 1600 1593 ‘Titius
1623 1557 1727 1593 heres
1745 1562 1841 1593 esto:
1866 1558 1898 1593 si
1915 1558 2031 1594 Titius
2046 1558 2150 1595 heres
2166 1560 2244 1603 erit,
2267 1560 2428 1597 Maevius

1342 1603 1458 1639 ‘heres
1483 1603 1590 1638 esto’:
1624 1602 1656 1638 si
1679 1602 1794 1638 Titius
1822 1604 1851 1624 ¹⁰
1859 1606 2061 1648 suspectam
2094 1604 2223 1640 adierit
2250 1605 2428 1642 heredita·

1341 1652 1436 1691 tem,
1465 1651 1587 1693 potest
1608 1647 1768 1683 Maevius
1799 1658 1866 1684 suo
1897 1648 2044 1684 arbitrio
2076 1649 2175 1685 adire
2207 1653 2244 1686 et
2265 1654 2429 1697 quartam

1341 1693 1504 1729 retinere.

1389 1735 1443 1776 20
1467 1737 1602 1773 Lasso
1631 1737 1723 1773 libro
1753 1737 1911 1774 secundo
1936 1739 2183 1784 posteriorum
2210 1750 2234 1775 a
2257 1739 2430 1777 Iavoleno

1342 1784 1619 1831 epitomatorum
1672 1782 1816 1825 Mulier,
1850 1782 2046 1835 quae-viro
2078 1793 2143 1819 suo
2172 1793 2216 1820 ex
2239 1784 2323 1821 dote
2345 1797 2429 1832 pro-

1342 1828 1488 1864 missam
1510 1827 1700 1873 pecuniam
1723 1827 1895 1871 debebat,
1926 1837 2040 1863 virum
2067 1828 2234 1865 heredem
2255 1829 2308 1866 ita
2329 1831 2430 1868 insti-

1342 1877 1480 1916 tuerat,
1520 1873 1552 1909 si
1587 1883 1665 1908 eam
1698 1873 1906 1918 pecuniam,
1949 1882 2056 1918 quam
2089 1873 2166 1910 doti
2198 1875 2430 1920 promisisset,

1342 1927 1460 1964 neque
1480 1918 1629 1964 petisset
1651 1927 1767 1963 neque
1791 1917 1974 1964 exegisset.
2021 1921 2130 1963 puto,
2162 1919 2193 1955 si
2218 1919 2272 1956 vir
2295 1921 2430 1957 denun-

1343 1964 1469 2000 tiasset
1492 1963 1620 1999 ceteris
1642 1962 1835 1999 heredibus
1858 1973 1923 2009 per
1945 1973 1985 1999 se
2007 1973 2081 1999 non
2096 1967 2204 2007 stare,
2252 1975 2299 2002 uo
2315 1966 2431 2003 minus

1344 2011 1534 2054 acceptum
1562 2007 1700 2043 faceret
1728 2007 1767 2043 id
1801 2008 1896 2053 quod
1932 2018 1976 2044 ex
2010 2007 2094 2044 dote
2127 2009 2196 2045 sibi
2256 2010 2430 2055 eberetur,

1344 2054 1466 2090 statim
1496 2063 1578 2089 eum
1600 2052 1766 2088 heredem
1789 2052 1960 2089 futurum.
2009 2053 2106 2099 quod
2136 2054 2167 2090 si
2197 2055 2295 2092 solus
2326 2056 2431 2093 heres

1343 2098 1531 2135 institutus
1554 2101 1651 2134 esset
1672 2098 1710 2133 in
1733 2098 1798 2134 tali
1821 2098 2043 2141 condicione,
2067 2098 2177 2135 nihilo
2201 2100 2318 2136 minus
2367 2106 2431 2138 uto

1344 2143 1467 2181 statim
1486 2153 1568 2180 eum
1585 2143 1753 2179 heredem
1767 2143 1939 2187 futurum,
1963 2143 2048 2189 quia
2072 2139 2247 2182 ἀδύνατος
2269 2155 2338 2182 con
2365 2146 2431 2183 ‘cio

1349 2193 1363 2224 1
1413 2199 1478 2234 pro
1509 2199 1583 2224 non
1614 2188 1750 2234 scripta
1781 2188 1991 2234 accipienda
2014 2191 2078 2224 est.
2127 2188 2166 2225 Si
2188 2189 2267 2236 quis
2290 2191 2431 2228 heredi·

1344 2234 1475 2270 tarium
1497 2244 1639 2270 servum
1662 2233 1780 2269 iussus
1808 2238 1864 2269 est
1885 2234 2135 2270 manumittere
2157 2237 2194 2270 et
2214 2235 2319 2272 heres
2343 2247 2431 2280 esse,

1345 2278 1593 2360 ἓὲῗφῗὲἑωῗ
1618 2279 1909 2359 οῗῗ“ἒῗ“’.ἑ,ζῗθῗὲ;η
1924 2278 2433 2372 ”ffiuffizizfflssssdhsszz

1346 2368 1540 2405 aditionem
1570 2368 1718 2404 libertas
1749 2378 1851 2404 servo
1883 2368 1970 2404 data
1997 2370 2191 2405 secundum
2213 2370 2431 2408 voluntatem

1346 2416 1366 2450 2
1413 2413 1595 2449 testatoris
1619 2412 1844 2450 convalescit.
1891 2413 1930 2449 Si
1952 2414 2031 2460 quis
2054 2417 2091 2449 te
2113 2414 2279 2451 heredem
2302 2416 2354 2451 ita
2376 2417 2430 2452 in-

1345 2458 1470 2501 stituit,
1495 2458 1527 2494 si
1549 2468 1589 2494 se
1611 2457 1777 2494 heredem
1798 2458 2013 2495 instituisses
2038 2462 2101 2494 aut
2124 2458 2211 2505 quid
2229 2460 2296 2496 sibi
2316 2461 2430 2507 legas-

1345 2514 1414 2546 ses‚
1438 2503 1527 2539 nihil
1545 2503 1705 2546 interest,
1730 2514 1800 2549 quo
1823 2503 1938 2549 gradu
1959 2503 1991 2539 is
2015 2513 2038 2538 a
2059 2507 2096 2539 te
2119 2504 2223 2540 heres
2245 2505 2431 2543 institutus

1344 2548 1401 2585 vel
1431 2548 1518 2595 quid
1550 2549 1583 2584 ei
1611 2548 1766 2594 legatum
1797 2548 1862 2591 sit,
1894 2548 2084 2585 dummodo
2116 2549 2235 2595 aliquo
2257 2551 2371 2596 gradu
2394 2551 2431 2588 id

1345 2598 1382 2630 te
1404 2592 1534 2630 fecisse
1555 2593 1698 2639 probes.

1391 2636 1442 2676 21
1473 2639 1620 2675 Casus
1638 2638 1730 2675 libro
1752 2643 1857 2675 sexto
1881 2638 2018 2675 decimo
2042 2638 2262 2686 diqestorum
2300 2640 2430 2677 Servus

1346 2684 1483 2737 alienus
1507 2684 1558 2719 ita
1580 2684 1695 2737 heres·
1707 2683 1846 2737 institui
1868 2687 1989 2729 potest
2012 2686 2106 2719 ‘cum
2120 2684 2210 2720 liber
2224 2685 2321 2721 erit':
2346 2696 2429 2731 pro-

1345 2739 1447 2827 9112}
1469 2731 2125 2827 ἲῖιῗέσιιῖῗὺνῗιεῗὲῗιαυῖοῗίεξῖνξιῗῂαά
2135 2773 2309 2827 'edictum
2336 2786 2429 2822 pro-

1346 2819 1499 2856 vinciale
1544 2828 1629 2864 quia
1658 2821 1750 2854 ratio
1782 2818 1911 2854 suadet
1933 2829 2014 2854 eum
2038 2829 2098 2865 qui
2121 2818 2321 2856 libertatem
2344 2820 2431 2856 dare

1345 2867 1483 2910 potest,
1514 2863 1632 2909 ipsum
1662 2862 1792 2900 debere
1822 2867 1887 2899 aut
1912 2863 2091 2909 praesenti
2113 2863 2170 2899 die
2192 2867 2257 2900 aut
2278 2865 2315 2900 in
2339 2865 2430 2901 diem

1346 2914 1410 2945 aut
1433 2909 1499 2945 sub
1525 2908 1732 2944 condicione
1755 2908 1842 2944 dare
1864 2908 2065 2945 libertatem
2084 2919 2151 2944 nec
2166 2908 2300 2945 habere
2315 2909 2429 2945 facul-

1345 2958 1456 2990 tatem
1485 2954 1524 2989 in
1554 2963 1677 2989 casum
1704 2963 1727 2989 a
1750 2953 1908 2999 quolibet
1930 2953 2147 2989 obvenientis
2169 2953 2342 2990 libertatis
2367 2956 2428 2990 he-

1345 2999 1466 3036 redem
1487 2998 1683 3034 instituere.

1392 3041 1446 3082 23
1469 3042 1711 3080 Maeonios
1729 3043 1820 3080 libro
1844 3042 2052 3079 duodecirno
2075 3041 2295 3089 dioestorum
2330 3042 2429 3079 ‘Uter

1347 3092 1403 3125 ‘ex
1425 3087 1597 3124 fratribus
1619 3087 1707 3123 meis
1730 3088 1981 3124 consobrinam
2003 3090 2161 3123 nostram
2181 3086 2321 3123 duxerit
2338 3098 2428 3124 uxo-

1346 3137 1450 3176 ‘rem‚
1482 3143 1527 3169 ex
1550 3132 1743 3176 dodrante,
1775 3132 1835 3179 qui
1866 3143 1939 3169 non
1962 3131 2120 3174 duxerit,
2153 3142 2198 3168 ex
2252 3132 2429 3169 uadrante

1345 3179 1460 3215 ‘heres
1485 3178 1586 3214 esto’.
1634 3181 1698 3213 aut
1720 3178 1862 3213 nubit²¹
1886 3177 1989 3213 alteri
1998 3180 2075 3212 ‘aut
2097 3187 2170 3213 non
2248 3181 2265 3212 t
2283 3177 2427 3214 nubere.

1346 3222 1595 3260 consobrinam
1650 3223 1686 3258 ui
1717 3233 1761 3258 ex
1791 3222 1847 3258 his
1874 3221 1976 3258 duxit
1997 3232 2164 3265 uxorem,
2194 3221 2342 3259 habebit
2364 3222 2427 3258 do-

1345 3269 1517 3310 drantem,
1540 3268 1607 3303 erit
1659 3268 1770 3303 terius
1786 3267 1979 3313 quadrans.
2003 3266 2034 3302 si
2051 3270 2177 3302 neuter
2191 3275 2270 3303 eam
2286 3267 2429 3303 duxerit

1343 3322 1510 3355 uxorem,
1540 3322 1613 3348 non
1667 3312 1728 3348 uia
1757 3312 1826 3358 ipsi
1856 3312 1986 3348 ducere
2018 3312 2225 3356 noluerunt,
2257 3312 2321 3348 sed
2343 3313 2429 3358 quia

1343 3358 1405 3394 illa
1435 3357 1569 3393 nubere
1599 3323 1770 3400 noiuerit,
1808 3357 1912 3410 ambo
1946 3356 1984 3392 in
2014 3356 2331 3410 parteswquales
2363 3356 2427 3393 ad-

1344 3403 1551 3438 mittuntur:
1575 3402 1783 3455 plerumq-ue
1798 3411 1891 3438 enim
1906 3401 1997 3437 haec
2015 3401 2200 3440 condicio:
2224 3402 2266 3438 ‘si
2280 3411 2427 3438 uxorem

1345 3447 1519 3490 ‘duxerit’‚
1552 3451 1594 3482 ‘si
1626 3447 1784 3490 dederit’,
1816 3446 1859 3483 ‘si
1887 3446 2023 3482 fecerit’
2053 3447 2106 3482 ita
2134 3446 2250 3492 accipi
2272 3457 2295 3483 o
2321 3450 2426 3490 ortet,

1369 3491 1442 3528 uod
1470 3502 1536 3537 per
1566 3502 1647 3528 eum
1670 3502 1743 3528 non
1765 3495 1856 3535 stet,
1888 3502 1958 3537 quo
1983 3491 2097 3527 minus
2121 3491 2249 3535 ducat,
2305 3495 2341 3527 et
2362 3495 2428 3527 aut

1361 3537 1466 3573 aciat.

1347 3649 1438 3691 cipes
1450 3649 1503 3682 F²
1585 3652 1625 3690 (7)
1650 3648 1798 3682 infirmat
1810 3649 1882 3682 edd.

1965 3650 2009 3691 (s)
2034 3648 2171 3691 scripsit
2181 3649 2234 3682 F²
2311 3651 2357 3690 (⁹)
2380 3650 2424 3693 qs-

1347 3694 1391 3727 D.
1406 3695 1459 3736 35,
1473 3702 1496 3736 i,
1513 3702 1546 3728 77
1555 3707 1610 3738 pr.
1702 3696 1761 3736 (io)
1786 3698 1824 3726 ut
1836 3695 1897 3727 ins.

1989 3696 2043 3735 (u)
2068 3693 2213 3736 nubiffl,
2234 3694 2293 3726 ubi
2306 3693 2357 3728 F’
