2528 3918
119 150 300 183 nomm

116 261 206 297 latio
231 260 277 296 de
300 259 384 296 dote
405 258 657 295 reddendaab
682 263 852 295 extraneo
876 259 1091 304 interposita
1113 259 1212 296 facto

118 304 268 342 divortio
282 304 403 341 statim
415 304 649 340 committitur
660 314 727 340 nec
734 303 975 349 redintegrato
987 304 1213 342 matrimonio

117 350 212 387 actio
248 349 452 396 stipulatori
487 349 650 395 quaesita
694 348 895 385 intercidit:
953 348 1070 386 denuo
1105 349 1214 396 igitur

117 395 364 433 consentiente
387 394 600 440 stipulatore
624 394 688 430 dos
713 393 964 430 constituenda
996 399 1062 438 est,
1086 405 1133 431 ne
1155 404 1212 431 se-

139 439 239 477 uenti
262 439 488 476 matrimonio
519 439 647 475 mulier
676 439 840 476 indotata
870 439 934 476 sit:
974 439 1007 475 si
1038 440 1145 477 modo
1170 450 1214 477 ea

141 496 182 522 os
213 496 285 521 non
317 486 364 521 ab
394 485 475 531 ipsa
504 484 668 531 profecta
698 485 764 528 sit,
789 495 896 531 quam
920 485 1012 520 alius
1035 485 1213 531 permissu

115 531 192 567 eius
215 531 407 584 stipulatus
432 534 496 574 est,
520 534 608 566 tunc
632 530 725 566 enim
746 540 942 566 consensus
962 530 1038 566 eius
1061 542 1135 567 non
1158 534 1214 567 est

115 586 351 613 necessarius.

161 619 216 659 64
239 621 287 657 Li
295 630 468 657 roza-ivus
486 620 579 657 libro
606 623 738 667 quarto
762 631 813 656 ex
827 619 948 656 Cassio
981 620 1072 657 Post
1094 620 1212 657 divor-

114 667 204 702 tium
225 666 353 702 mulier
375 666 407 702 si
430 665 474 701 de
497 665 581 701 dote
603 665 752 701 maritus
766 667 776 687 ¹
811 665 899 700 nihil
931 665 1026 702 cavit
1049 669 1104 709 et,
1130 677 1213 702 cum

115 712 177 748 alii
200 711 399 758 nupsisset,
423 714 551 757 postea
573 711 620 747 ad
643 711 799 757 priorem
821 711 936 747 virum
959 711 1075 754 rediit,
1101 711 1212 747 tacite

115 757 180 794 dos
205 757 238 792 ei
260 757 534 802 redintegratur.

162 800 215 840 65
241 802 471 838 POMPONIUS
498 802 591 838 libro
623 802 752 848 quinto
782 801 833 838 ad

114 848 152 884 Si
174 848 293 894 legato
317 852 382 884 aut
404 846 602 883 hereditate
626 846 762 893 aliquid
785 857 886 883 servo
911 846 1024 883 dotali
1054 847 1210 890 obvenit,

114 893 210 939 quod
232 896 386 929 testator
408 892 523 928 noluit
554 892 601 928 ad
623 892 792 928 maritum
815 892 1006 945 pertinere,
1031 892 1069 928 id
1091 892 1210 930 soluto

113 938 338 974 matrimonio
363 937 585 974 reddendum
610 941 666 974 est
688 937 838 973 mulieri.

160 981 214 1022 66
238 983 349 1020 Ion
373 983 465 1020 libro
497 986 623 1020 octavo
663 983 714 1019 ad
743 982 914 1027 Quintum
945 981 1107 1019 Mucium
1172 982 1212 1019 Si

112 1039 200 1065 usus
230 1028 371 1065 fructus
402 1028 522 1072 fundi,
556 1028 658 1065 cuius
688 1028 946 1082 proprietatem
980 1028 1107 1064 mulier
1137 1038 1211 1064 non

111 1074 280 1117 habebat,
317 1074 410 1110 dotis
445 1074 588 1111 nomine
621 1074 710 1110 mihi
743 1084 767 1110 a
800 1074 943 1110 domino
978 1084 1044 1119 pro
1070 1073 1210 1110 rietatis

112 1119 227 1163 detur,
252 1119 449 1156 difficultas
473 1119 540 1156 erit
589 1124 647 1155 ost
659 1119 851 1156 divortium
874 1119 972 1155 circa
989 1085 1211 1155 reddendum

110 1165 168 1201 ius
190 1164 340 1208 mulieri,
365 1165 535 1210 quoniam
586 1165 593 1173 ’
622 1165 630 1172 ”
670 1175 713 1201 us
737 1175 843 1200 usum
872 1164 1031 1201 fructum
1066 1175 1089 1200 a
1110 1164 1210 1200 fruc-

110 1210 230 1247 tuario
255 1210 335 1247 cedi
356 1221 431 1246 non
453 1220 562 1256 posse
584 1210 654 1246 nisi
677 1210 821 1247 domino
845 1210 1076 1256 proprietatis
1109 1213 1155 1253 et,
1179 1209 1211 1246 si

114 1259 285 1292 extraneo
321 1255 472 1292 cedatur
485 1283 495 1299 ,
526 1255 565 1291 id
595 1259 652 1291 est
682 1256 716 1292 ei
747 1255 809 1301 qui
845 1266 912 1302 pro
939 1255 1102 1291 rietatem
1137 1266 1210 1291 non

111 1301 255 1345 habeat,
279 1301 368 1337 nihil
390 1301 437 1337 ad
461 1312 542 1337 eum
564 1301 728 1344 transire,
753 1300 818 1337 sed
839 1300 887 1336 ad
935 1301 1093 1337 ominum
1124 1311 1209 1346 pro-

112 1346 278 1392 prietatis
319 1356 544 1382 reversurum
582 1357 689 1382 usum
726 1346 896 1382 fractum.
944 1346 1088 1392 quidam
1126 1356 1209 1391 ergo

110 1391 259 1428 remedii
281 1391 363 1428 loco
387 1396 486 1428 recte
508 1395 725 1437 putaverunt
747 1391 1066 1434 introducendum,
1090 1395 1132 1427 ut
1154 1391 1211 1427 vel

110 1436 207 1473 locet
228 1437 326 1473 hunc
348 1447 454 1473 usum
476 1437 635 1473 fructum
658 1436 799 1473 mulieri
821 1437 972 1473 maritus
995 1436 1051 1472 vel
1074 1436 1208 1472 vendat

111 1492 255 1518 nummo
285 1492 378 1526 uno,
410 1487 452 1518 ut
480 1483 599 1529 ipsum
655 1482 774 1518 uidem
803 1482 861 1518 ius
891 1486 1077 1518 remaneat
1098 1492 1209 1527 penes

110 1528 291 1608 xtlimrittum⁷
315 1528 498 1574 perceptio
522 1538 607 1564 vero
630 1493 815 1564 gructuum
842 1527 890 1564 ad
921 1527 1105 1563 mulierem
1128 1538 1209 1573 per-

140 1583 209 1608 nea
228 1600 235 1608 .

854 800 1025 845 Quintum
1048 800 1211 838 Mucium

137 1635 139 1637 ·
157 1615 211 1656 67
237 1617 448 1654 PRoovLUs
466 1618 559 1655 libro
582 1619 735 1665 septimo
755 1618 996 1666 epistularum
1031 1618 1209 1654 Proculus

110 1663 242 1710 Nepoti
272 1673 338 1700 suo
370 1664 534 1700 salutem.
591 1663 734 1699 Ancilla
765 1674 859 1710 quae
889 1664 1013 1709 nupsit
1044 1663 1210 1709 dotisque

109 1709 254 1745 nomine
284 1709 475 1755 pecuniam
508 1709 585 1745 viro
617 1709 784 1753 tradidit,
817 1709 891 1745 sive
923 1709 1040 1745 sciat²
1071 1719 1111 1745 se
1143 1719 1207 1744 an-

111 1755 229 1790 cillam
259 1764 339 1791 esse
370 1755 445 1791 sive
474 1754 632 1800 ignoret,
665 1765 738 1790 non
762 1754 894 1801 poterit
918 1764 997 1790 eam
1020 1754 1209 1800 pecuniam

109 1800 177 1835 viri
216 1799 338 1836 facere
380 1809 493 1846 eaque
528 1799 637 1835 nihilo
673 1800 790 1836 minus
825 1799 958 1835 mansit
992 1800 1068 1836 eius
1106 1800 1208 1835 cuius

109 1845 230 1881 fuerat
252 1848 446 1891 antequam
469 1855 511 1881 eo
531 1845 674 1881 nomine
692 1845 768 1881 viro
789 1845 1003 1888 traderetur,
1023 1845 1093 1881 nisi
1114 1845 1210 1881 forte

109 1894 289 1937 usucapta
313 1894 378 1926 est.
415 1900 482 1926 nec
502 1894 630 1936 postea
651 1891 783 1936 quam³
803 1890 902 1936 apud
923 1890 1076 1926 eundem
1094 1890 1209 1926 virum

109 1937 224 1973 libera
244 1935 345 1972 facta
369 1939 434 1978 est,
461 1935 536 1972 eius
585 1936 734 1971 ecuniae
754 1946 902 1972 causam
919 1939 1059 1971 mutare
1077 1935 1206 1981 potuit.

109 1983 232 2027 itaque
254 1991 323 2018 nec
353 1980 451 2017 facto
486 1981 547 2026 qui
574 1991 629 2017 em
660 1981 811 2017 divortio
836 1985 900 2017 aut
924 1980 1019 2017 dotis
1042 1981 1121 2017 iure
1145 1985 1209 2016 aut

109 2038 175 2074 per
199 2026 462 2063 condictionem
485 2030 648 2079 repetere
669 2030 769 2063 recte
791 2030 932 2072 potest,
964 2026 1029 2063 sed
1050 2027 1081 2062 is
1106 2027 1208 2063 cuius

109 2072 265 2118 pecunia
295 2075 352 2108 est
380 2075 480 2108 recte
509 2072 668 2107 vindicat
700 2082 789 2108 eam.
838 2071 935 2118 quod
965 2072 998 2108 si
1035 2072 1090 2108 vir
1128 2082 1208 2108 eam

110 2117 299 2164 pecuniam
322 2127 389 2163 pro
414 2127 480 2153 suo
504 2117 721 2163 possidendo
745 2117 928 2163 usucepit,
961 2117 1100 2154 scilicet
1123 2117 1209 2163 quia

109 2162 324 2199 existimavit
364 2162 548 2198 mulierem
584 2163 734 2199 liberam
766 2173 864 2206 esse,
895 2163 1044 2209 propius
1077 2166 1143 2205 est,
1167 2165 1209 2198 ut

111 2208 307 2245 existimem
320 2218 402 2244 euni
425 2208 656 2251 lucrifecisse,
675 2208 800 2261 utique
823 2208 866 2251 si,
879 2211 1072 2254 antequam
1083 2207 1207 2243 matri-

110 2254 268 2290 monium
289 2263 369 2290 esse
387 2253 573 2299 inciperet,
595 2257 771 2299 usucepit.
797 2257 834 2290 et
851 2254 890 2289 in
902 2253 1027 2290 eadem
1040 2253 1208 2300 opinione

109 2310 200 2343 sum,
224 2299 256 2335 si
278 2298 365 2344 quid
388 2309 433 2335 ex
457 2309 500 2334 ea
518 2299 673 2344 pecunia
690 2298 843 2345 paravit,
864 2309 913 2334 an
972 2309 1058 2335 uam
1078 2309 1121 2335 ea
1141 2298 1207 2334 dos

108 2344 221 2387 fieret,
244 2343 315 2387 ita,
341 2347 381 2380 ut
412 2354 479 2380 nec
502 2344 710 2389 possideat⁴
743 2355 824 2381 eam
855 2354 922 2380 nec
978 2344 1036 2380 olo
1068 2344 1206 2387 fecerit,

110 2400 180 2437 quo
204 2389 322 2425 minus
347 2399 426 2425 eam
448 2389 659 2435 possideret.

155 2431 483 2488 68·I‘51P1mi11v37s
509 2434 601 2471 libro
633 2435 771 2471 decimo
795 2435 1047 2488 quaestionum
1101 2434 1207 2470 Dotis

108 2490 297 2533 promissio
329 2491 403 2516 non
433 2480 513 2516 ideo
544 2481 662 2517 minus
692 2481 844 2523 valebit,
885 2480 981 2526 quod
1019 2480 1207 2526 ignorante

108 2526 208 2562 initio
232 2529 337 2572 patre
359 2526 507 2571 nuptiae
530 2528 628 2561 non⁵
650 2525 805 2569 fuerint,
839 2526 870 2562 si
901 2528 1030 2571 postea
1054 2535 1205 2561 consen-

108 2571 212 2614 serit,
247 2582 328 2606 cum
363 2571 478 2606 omnis
510 2570 603 2607 dotis
635 2572 823 2617 promissio
854 2570 969 2607 futuri
991 2570 1207 2606 matrimonii

108 2617 255 2652 tacitam
281 2615 529 2652 condicionem
550 2616 716 2662 accipiat.
741 2627 826 2652 nam
849 2620 886 2652 et
909 2616 941 2652 si
963 2616 1079 2652 minor
1103 2616 1206 2651 annis

109 2661 297 2698 duodecim
319 2666 361 2697 ut
379 2662 494 2697 maior
512 2661 668 2697 deducta
691 2662 749 2705 sit,
773 2666 861 2698 tunc
881 2662 1033 2708 primum
1052 2665 1205 2706 petetur,

110 2718 192 2744 cum
214 2707 330 2743 maior
353 2707 455 2742 annis
480 2716 502 2742 a
528 2707 578 2742 ud
608 2707 760 2743 eundem
792 2717 871 2743 esse
902 2707 1077 2752 coeperit:
1134 2706 1207 2742 uod

110 2753 204 2788 enim
227 2752 411 2798 vulgatum
431 2756 486 2788 est
523 2753 592 2788 otis
611 2753 885 2798 promissionem
902 2752 941 2788 in
985 2752 1083 2787 rimis
1128 2763 1205 2787 um-

109 2801 212 2833 taxat
234 2797 370 2843 nuptiis
403 2797 607 2834 destinare⁶
636 2808 752 2844 neque
782 2798 913 2834 durare
943 2808 965 2833 o
990 2797 1205 2842 ligationem,

109 2844 140 2879 si
170 2846 255 2888 post
286 2843 433 2878 alterius
464 2843 729 2879 matrimonium
769 2843 802 2879 ei
838 2843 954 2879 nubat
992 2842 1051 2878 cui
1089 2842 1207 2877 dotem

109 2888 334 2969 fficmisemt’
371 2893 457 2924 tunc
492 2888 612 2924 locum
646 2889 774 2932 habet,
812 2899 894 2924 cum
927 2888 1207 2924 intercesserunt

148 2934 203 2969 'ae
225 2944 276 2969 nu
302 2933 384 2969 tiae.

157 2976 210 3016 69
242 2944 351 3014 ΙιξΕΜ
386 2979 478 3015 libro
511 2983 643 3025 quarto
683 2989 940 3026 responsorum
1000 2977 1089 3013 Cum
1123 2980 1207 3022 post

110 3024 301 3060 divortium
332 3023 407 3059 viro
441 3024 576 3060 sciente
606 3024 733 3060 mulier
754 3024 793 3059 in
815 3023 1078 3070 possessionem
1100 3032 1204 3068 prae-

111 3069 251 3105 diorum
274 3079 367 3114 quae
388 3070 427 3104 in
451 3069 571 3105 dotem
594 3069 758 3115 promisit
775 3070 882 3116 longo
901 3073 1064 3114 tempore
1083 3067 1204 3110 fuerit,

111 3114 319 3150 convenisse
361 3114 470 3150 tacite
513 3115 672 3157 videtur,
719 3125 766 3151 ne
800 3114 866 3150 dos
902 3124 995 3160 quae
1029 3112 1206 3159 promissa

109 3159 229 3195 fuerat
262 3163 423 3212 petatur,
458 3163 511 3202 et,
543 3160 574 3195 si
604 3165 728 3206 petere
759 3170 803 3195 ea
827 3170 891 3196 coe
919 3159 996 3201 erit,
1021 3157 1119 3203 pacti
1136 3167 1204 3210 ‘ex-

114 3207 128 3239 i
179 3215 220 3240 ce
246 3208 343 3240 tione
374 3215 397 3240 a
426 3205 573 3240 muliere
603 3205 797 3251 repellitur.
894 3204 984 3239 ulier
1015 3213 1206 3248 pecuniam

110 3249 179 3285 sibi
212 3215 368 3285 ‹i’ebitam
399 3260 422 3285 a
445 3249 526 3286 Seio
560 3261 640 3286 cum
671 3251 791 3286 usuris
821 3249 936 3285 futuri
966 3248 1137 3294 temporis
1167 3247 1205 3282 in

111 3294 195 3330 dote
228 3295 471 3340 promittenda
505 3295 779 3331 demonstravit:
824 3305 886 3330 eas
928 3303 1071 3340 quoque
1112 3293 1205 3328 dotis

111 3340 311 3384 portionem
347 3350 444 3383 esse,
481 3351 632 3386 quarum
668 3340 743 3376 dies
785 3343 870 3386 post
903 3339 1049 3384 nuptias
1085 3338 1204 3380 cessit,

112 3387 132 3418 2
179 3385 328 3420 rationis
369 3389 434 3420 est.
505 3385 642 3421 Usuras
680 3385 774 3421 dotis
808 3385 846 3419 iii
880 3384 1090 3429 stipulatum
1124 3393 1206 3418 cum

113 3428 196 3464 dote
218 3434 302 3474 post
326 3430 514 3466 divortium
539 3430 713 3466 deductas
747 3440 791 3464 ex
823 3429 879 3464 die
911 3428 1060 3464 secundi
1083 3427 1205 3463 matri-

114 3474 222 3509 monii
244 3485 317 3510 non
341 3485 419 3510 esse
441 3475 677 3520 praestandas
701 3474 849 3520 placuit,
883 3474 968 3519 quia
997 3483 1066 3508 nec
1098 3472 1206 3508 sortis

113 3519 253 3554 exactio
277 3519 398 3555 locuni
419 3520 554 3556 habere
578 3520 715 3564 coepit:
747 3518 854 3554 medii
885 3522 1005 3554 autem
1035 3517 1205 3563 temporis

114 3565 134 3599 3
181 3563 417 3600 debebuntur.
464 3565 507 3600 In
540 3564 684 3600 domum
715 3564 875 3600 absentis
903 3573 1017 3599 uxore
1040 3562 1205 3604 deducta,

1174 159 1195 183 ι
1206 134 1292 182 305

2165 145 2315 189 XXIII
2345 149 2369 189 3

1281 259 1388 296 nullis
1411 259 1449 313 iii
1472 270 1552 314 eam
1573 260 1711 297 interea
1734 273 1778 298 ex
1800 264 1902 300 bonis
1926 265 1990 300 viri
2022 267 2222 312 sumptibus
2253 269 2371 313 factis,

1281 304 1329 340 ad
1363 304 1617 359 exhibitionem
1656 307 1777 359 uxoris
1816 309 2009 354 promissas
2045 322 2174 348 usuras
2208 324 2370 351 reversus

1281 352 1304 385 4
1349 361 1404 386 vir
1425 350 1587 396 improbe
1610 355 1710 397 petit.
1747 352 1865 389 Gener
1883 364 1905 389 a
1925 365 2049 391 socero
2062 356 2182 393 dotem
2194 358 2371 395 arbitratu

1281 395 1399 448 soceri
1422 399 1521 448 certo
1546 395 1602 432 die
1625 396 1703 432 dari
1726 408 1799 433 non
1830 398 2071 436 demonstrata
2102 412 2142 438 re
2171 403 2226 439 vel
2257 414 2370 450 quaii-

1281 443 1386 476 titate
1420 441 1612 486 stipulatus
1646 441 1786 478 fuerat:
1840 444 1987 480 arbitrio
2032 457 2172 493 quoque
2207 448 2369 486 detracto

1282 485 1549 531 stipulationem
1572 486 1691 523 valere
1713 488 1858 532 placuit,
1884 500 1950 525 nec
1981 490 2090 527 videri
2120 492 2249 536 simile,
2274 495 2371 540 quod

1280 529 1394 566 fundo
1429 541 1503 566 non
1538 530 1780 568 demonstrato
1825 534 1959 569 nullum
2002 545 2079 572 esse
2119 537 2275 583 legatum
2316 541 2370 576 vel

1281 575 1547 621 stipulationem
1580 576 1684 613 fundi
1726 582 1929 622 constaret,
1972 591 2052 616 cum
2093 581 2186 619 inter
2226 584 2370 621 modum

1282 620 1555 657 constituendae
1595 621 1688 658 dotis
1721 624 1779 658 et⁷
1819 634 1948 669 corpus
1979 625 2135 670 ignotum
2171 628 2371 666 differentia

1281 676 1411 711 magna
1434 666 1498 702 sit:
1531 666 1625 703 dotis
1658 668 1786 703 etenim
1817 670 1997 714 quantitas
2029 682 2093 716 pro
2118 673 2221 710 modo
2253 674 2369 710 facul-

1280 711 1408 746 tatium
1442 711 1556 764 patris
1592 716 1628 748 et
1662 713 1833 758 dignitate
1870 714 1987 749 mariti
2030 717 2197 754 constitui
2238 724 2367 765 potest.

1281 759 1302 792 5
1349 755 1495 802 Nuptiis
1520 768 1564 792 ex
1587 758 1770 794 voluntate
1789 759 1901 804 patris
1947 760 2060 796 uellae
2081 772 2161 797 cum
2181 763 2252 799 filio
2272 769 2368 801 tuto-

1280 801 1330 837 ris
1353 801 1431 838 iure
1455 803 1650 839 contractis
1675 803 1739 839 dos
1765 815 1829 849 pro
1854 815 1911 839 mo
1939 815 1959 840 o
1982 804 2203 844 facultatium
2235 813 2272 845 et
2295 810 2368 855 dig-

1280 847 1419 882 nitate⁸
1449 848 1623 884 natalium
1652 854 1751 885 recte
1784 860 1848 902 per
1870 853 2024 885 tutorem
2049 853 2215 888 constitui
2238 859 2367 899 potest.

1281 895 1302 928 6
1347 891 1508 946 Patrona
1532 893 1651 929 dotem
1673 905 1739 940 pro
1770 894 1899 930 liberta
1921 894 1997 930 iure
2015 897 2248 948 promissam,
2274 900 2368 945 quod

1281 940 1301 972 7
1349 938 1526 974 exstiterit
1559 939 1700 984 ingrata
1713 965 1722 982 ‚
1758 950 1832 975 non
1873 940 2050 976 retinebit.
2118 941 2206 978 Cum
2240 955 2298 980 res
2331 945 2369 980 in

1280 982 1400 1018 dotem
1432 983 1638 1020 aestimatas
1677 985 1795 1021 soluto
1833 985 2056 1022 matrimonio
2090 987 2190 1023 reddi
2222 989 2369 1041 placuit,

1280 1038 1420 1064 summa
1443 1028 1656 1072 declaratur,
1681 1040 1755 1065 non
1777 1030 1931 1066 venditio
1953 1031 2194 1068 contrahitur:
2219 1033 2371 1080 ideoque

1279 1073 1389 1109 rebus
1413 1074 1547 1118 evictis,
1572 1075 1604 1110 si
1626 1075 1752 1111 mulier
1773 1075 1870 1111 bona
1892 1075 1963 1111 fide
1995 1086 2055 1112 eas
2087 1077 2242 1121 dederit,
2274 1080 2371 1115 nulla

1281 1121 1301 1154 8
1349 1122 1404 1155 est
1427 1120 1522 1156 actio
1547 1120 1640 1156 viro:
1665 1120 1823 1166 alioquin
1845 1121 1890 1156 de
1903 1121 1984 1156 dolo
1997 1125 2148 1158 tenetur.
2192 1123 2234 1158 In
2254 1123 2371 1160 dotem

1279 1164 1389 1200 rebus
1413 1165 1609 1201 aestimatis
1634 1166 1694 1201 et⁹
1723 1166 1875 1209 traditis,
1924 1167 2060 1202 uamvis
2093 1178 2152 1203 eas
2186 1169 2311 1204 mulier
2333 1169 2369 1204 in

1280 1212 1301 1245 9
1348 1220 1417 1245 usu
1439 1210 1583 1253 habeat,
1607 1211 1673 1246 viri
1686 1211 1880 1247 dominium
1919 1215 2039 1247 actum
2051 1212 2238 1248 videretur.
2283 1214 2370 1249 Par-

1279 1258 1357 1290 tum
1381 1254 1553 1291 dotalium
1577 1256 1788 1292 ancillarum
1821 1257 1913 1292 dotis
1945 1267 2022 1293 esse
2053 1258 2252 1303 portionem
2287 1270 2370 1294 coii-

1279 1300 1376 1336 venit
1398 1301 1550 1346 ideoque
1571 1301 1707 1337 frustra
1729 1302 1865 1347 pacisci
1888 1302 2011 1346 virum,
2036 1307 2077 1338 ut
2106 1303 2200 1339 inter
2223 1315 2370 1340 uxorem

1281 1349 1317 1381 et
1339 1356 1379 1381 se
1401 1351 1528 1391 partus
1555 1347 1751 1382 communis
1774 1347 1831 1383 sit.
2192 1359 2208 1365 ‘

1328 1388 1380 1429 70
1405 1391 1566 1428 Pieres
1600 1392 1692 1428 libro
1731 1396 1837 1429 seoeto
1878 1393 2128 1438 quaestionum
2141 1394 2169 1415 ¹⁰
2222 1394 2265 1429 In
2297 1405 2370 1430 am·
2411 1437 2414 1439 ,

1278 1436 1314 1472 b·
1366 1436 1395 1472 ‘s
1444 1447 1483 1472 ro
1510 1437 1653 1473 dotibus
1677 1437 1894 1483 respondere
1917 1437 2042 1473 melius
2066 1442 2130 1474 est.

1303 1447 1376 1519 Ἥ
1404 1447 1512 1535 ἄεις
1539 1482 1631 1535 lfbro
1664 1484 1768 1535 tertio
1809 1483 1945 1519 decimo
1978 1484 2227 1529 quaestionum
2284 1484 2371 1520 Cum

1279 1529 1399 1565 dotem
1422 1528 1579 1563 mulieris
1611 1538 1753 1564 nomine
1784 1532 1973 1563 extraneus
2003 1528 2182 1573 promisit,
2214 1529 2371 1565 mulieris

1277 1573 1476 1619 periculum
1498 1576 1569 1608 est:
1603 1573 1666 1608 sed
1697 1573 1727 1609 si
1750 1574 1899 1609 maritus
1923 1584 2052 1609 nomen
2076 1577 2220 1609 secutus
2244 1585 2371 1610 usuras

1279 1630 1324 1655 ex
1368 1618 1435 1654 erit
1448 1619 1486 1661 ¹¹,
1511 1618 1708 1664 periculum
1732 1619 1807 1654 eius
1831 1618 1992 1654 futurum
2014 1618 2259 1664 respondetur.

1326 1663 1349 1701 7
1403 1663 1510 1700 IDEM
1538 1664 1629 1699 libro
1662 1667 1787 1699 octavo
1820 1674 2076 1710 responsorum
2121 1664 2252 1700 Mulier
2274 1665 2371 1700 bona

1279 1720 1346 1746 sua
1369 1709 1489 1746 omnia
1511 1709 1549 1744 in
1573 1708 1692 1744 dotem
1717 1708 1832 1744 dedit:
1863 1719 2007 1754 quaero,
2033 1719 2079 1743 an
2099 1709 2247 1745 maritus
2268 1709 2370 1755 quasi

1277 1756 1381 1791 heres
1405 1754 1574 1790 oneribus
1598 1754 1812 1800 respondere
1835 1758 1993 1799 cogatur.
2030 1754 2165 1789 Paulus
2186 1754 2370 1800 respondit

1278 1811 1359 1836 eum
1394 1799 1553 1853 quidem,
1580 1799 1647 1852 ‚qui
1679 1803 1756 1835 tota
1787 1810 1832 1835 ex
1862 1799 2136 1851 repromissione
2159 1799 2251 1835 dotis
2274 1800 2371 1835 bona

1277 1846 1434 1882 mulieris
1458 1845 1617 1887 retinuit,
1642 1855 1664 1880 a
1688 1844 1922 1880 creditoribus
1946 1844 2125 1880 conveniri
2149 1844 2224 1880 eius
2240 1845 2267 1866 ¹²
2298 1856 2370 1881 non

1276 1901 1396 1937 posse,
1432 1890 1496 1926 sed
1530 1901 1603 1925 non
1637 1890 1719 1936 plus
1756 1899 1834 1926 esse
1867 1890 1905 1925 in
1935 1889 2170 1935 promissione
2193 1890 2370 1925 bonorum

1281 1940 1296 1972 1
1347 1946 1454 1982 quani
1474 1935 1571 1981 quod
1591 1938 1755 1980 superest
1774 1934 1928 1970 deducto
1943 1945 2027 1969 aere
2053 1935 2179 1970 alieno.
2235 1935 2369 1970 Paulus

1276 1981 1462 2028 respondit
1495 1981 1532 2016 in
1566 1980 1674 2016 rebus
1710 1980 1886 2017 dotalibus
1930 1980 2037 2015 etiam
2079 1983 2218 2025 patrem
2252 1980 2371 2015 mariti

1278 2030 1298 2063 2
1346 2027 1466 2063 dolum
1497 2029 1534 2062 et
1563 2026 1706 2071 culpam
1736 2029 1921 2071 praestare
1952 2024 2092 2060 debere.
2149 2025 2283 2061 Paulus
2313 2035 2369 2060 re-

1276 2072 1439 2119 spondit,
1473 2071 1504 2107 si
1538 2070 1665 2106 mulier
1695 2071 1740 2106 de
1770 2081 1834 2107 suo
1867 2070 1986 2106 dotem
2017 2070 2114 2105 dedit
2144 2073 2180 2106 et
2208 2070 2370 2106 adhibuit

1276 2122 1426 2154 matrem
1458 2126 1550 2162 quae
1581 2116 1628 2152 sti
1653 2116 1830 2159 ularetur,
1863 2115 2024 2161 potuisse
2056 2125 2134 2150 eam
2165 2119 2293 2160 postea
2315 2116 2368 2150 in-

1277 2166 1514 2199 strumentum
1537 2162 1582 2197 do
1637 2171 1656 2196 e
1678 2165 1827 2196 mutare.

1323 2206 1376 2247 73
1401 2207 1510 2243 IDEM
1529 2207 1621 2243 libro
1644 2206 1804 2243 secundo
1827 2206 2086 2241 sententiarum
2131 2204 2257 2241 Mutus
2290 2216 2367 2240 sur-

1277 2254 1344 2290 dus
1369 2263 1501 2289 caecus
1525 2251 1619 2288 dotis
1642 2251 1786 2287 nomine
1809 2251 2022 2296 obligantur,
2046 2250 2131 2295 quia
2164 2253 2200 2285 et
2223 2250 2368 2295 nuptias

1279 2303 1294 2334 i
1346 2298 1560 2335 contrahere
1593 2300 1756 2349 possunt.
1823 2296 1993 2331 Manente
2034 2295 2259 2330 matrimonio
2294 2305 2367 2330 non

1275 2344 1482 2390 perditurae
1504 2353 1609 2378 uxori
1632 2342 1678 2378 ob
1702 2342 1768 2377 has
1794 2351 1921 2377 causas
1945 2341 2010 2376 dos
2033 2340 2134 2376 reddi
2155 2343 2292 2384 potest:
2326 2343 2367 2374 ut

1276 2400 1355 2426 sese
1379 2399 1464 2425 suos
1489 2398 1535 2423 ue
1558 2387 1652 2430 alat,
1683 2391 1725 2422 ut
1754 2386 1906 2423 fundum
1936 2385 2104 2421 idoneum
2128 2388 2239 2426 emat,
2264 2388 2305 2419 ut
2327 2384 2366 2419 in

1277 2435 1421 2472 exilium
1442 2443 1485 2469 ve
1520 2433 1558 2468 in
1587 2432 1740 2468 insulam
1772 2432 1925 2476 relegato
1957 2430 2098 2475 parenti
2119 2432 2278 2475 praestet
2300 2428 2364 2464 ali-

1276 2480 1415 2522 monia,
1447 2482 1512 2514 aut
1541 2481 1583 2513 ut
1614 2480 1772 2522 egentem
1802 2476 1914 2512 virum
1927 2476 1955 2496 ¹³
1984 2474 2132 2510 fratrem
2164 2483 2365 2510 sororemve

1277 2525 1464 2562 sustineat.

1323 2568 1378 2607 74
1413 2569 1758 2605 Hunnooemazws
1796 2565 1887 2602 libro
1923 2565 2047 2610 quinto
2063 2564 2091 2585 ¹⁴
2126 2564 2364 2610 epitomarum

1276 2616 1315 2651 Si
1337 2625 1470 2660 sponsa
1494 2614 1612 2649 dotem
1635 2611 1772 2647 dederit
1795 2620 1860 2646 nec
1879 2609 2041 2655 nupserit
2063 2608 2118 2644 vel
2136 2608 2253 2660 minor
2275 2608 2364 2644 duo-

1276 2660 1391 2697 decim
1416 2659 1518 2695 annis
1542 2662 1583 2693 ut
1612 2668 1704 2693 uxor
1732 2656 1927 2696 habeatur,
1960 2654 2120 2699 exemplo
2153 2652 2247 2689 dotis
2279 2663 2364 2688 con-

1276 2705 1424 2741 dictioni
1446 2703 1579 2739 favoris
1601 2702 1741 2739 ratione
1763 2700 2001 2746 privilegium,
2035 2698 2131 2751 quod
2159 2698 2253 2733 inter
2283 2708 2363 2743 per-

1275 2750 1418 2787 sonales
1442 2749 1603 2785 actiones
1625 2747 1785 2788 vertitur,
1810 2745 1919 2780 tribui
1941 2744 2089 2790 placuit.

1323 2794 1376 2833 75
1403 2795 1652 2831 Turromivus
1671 2792 1763 2827 libro
1786 2794 1892 2826 sexto
1913 2790 1970 2826 dis
1996 2790 2198 2824 utationum
2232 2787 2363 2832 Quam-

1274 2842 1327 2877 vis
1358 2841 1396 2876 in
1426 2839 1530 2875 bonis
1561 2836 1679 2873 mariti
1714 2836 1778 2872 dos
1811 2835 1874 2877 sit,
1907 2800 2063 2870 musici-is
2093 2837 2214 2868 tamen
2238 2836 2303 2875 est,
2328 2836 2362 2867 et

1274 2886 1400 2922 merito
1424 2883 1570 2930 placuit,
1595 2886 1644 2922 ιιι,
1670 2881 1701 2917 si
1723 2881 1760 2916 in
1785 2880 1903 2916 dotem
1925 2879 2078 2915 fundum
2101 2877 2361 2913 inaestimatam

1275 2931 1391 2972 dedit,
1438 2929 1540 2964 cuius
1586 2926 1728 2962 nomine
1773 2925 1904 2970 duplae
1946 2923 2175 2970 stipulatione
2217 2926 2360 2974 cautum

1274 2975 1410 3017 habuit,
1434 2974 1536 3019 isque
1548 2972 1675 3008 marito
1701 2971 1834 3006 evictus
1858 2970 1915 3013 sit,
1940 2969 2061 3005 statim
2085 2978 2163 3004 eam
2184 2978 2227 3003 ex
2250 2971 2362 3011 stipu-

1274 3021 1407 3057 latione
1439 3028 1545 3064 agere
1571 3027 1691 3069 posse.
1728 3026 1836 3061 porro
1873 3015 1974 3051 cuius
2004 3014 2151 3050 interest
2182 3023 2254 3063 non
2286 3020 2363 3046 esse

1275 3066 1426 3102 evictum
1450 3062 1547 3116 quod
1568 3073 1606 3097 in
1630 3061 1714 3097 dote
1735 3060 1805 3096 fuit
1828 3060 1994 3106 quodque
2009 3061 2035 3081 ¹⁵
2054 3059 2134 3104 ipsa
2153 3058 2361 3106 evictionem

1300 3111 1351 3147 ati
1374 3109 1531 3146 creditur
1553 3107 1600 3143 ob
1622 3106 1671 3149 id,
1696 3105 1792 3151 quod
1810 3115 1892 3141 euin
1909 3105 1948 3140 in
1967 3104 2085 3140 dotem
2103 3103 2235 3153 habere
2246 3100 2359 3140 desnt,

1298 3156 1378 3192 uius
1412 3153 1519 3190 etiam
1563 3154 1751 3188 constante
1791 3149 2013 3186 matrimonio
2028 3176 2037 3192 ,
2073 3156 2229 3193 quamvis
2264 3143 2358 3188 apud

1274 3201 1440 3237 maritum
1464 3197 1656 3233 dominium
1688 3196 1753 3238 sit,
1784 3194 2011 3231 emolumenti
2040 3194 2251 3239 potestatem
2282 3197 2359 3239 esse

1275 3246 1451 3287 creditur,
1487 3243 1589 3278 cuius
1623 3241 1731 3277 etiam
1742 3242 1771 3263 ¹⁶
1811 3239 2026 3276 matrimonii
2069 3245 2177 3273 onera
2210 3236 2358 3269 maritus

1274 3290 1437 3327 sustinet.

1321 3332 1374 3372 76
1397 3333 1507 3369 low
1543 3331 1635 3368 libro
1677 3341 1773 3366 nono
1815 3330 1872 3366 dis
1899 3329 2128 3376 utatae'onum·
2190 3367 2196 3373 .

1273 3379 1430 3416 mulieris
1453 3376 1578 3413 mortis
1609 3385 1698 3412 suae
1728 3385 1839 3411 causa
1894 3378 1987 3409 otem
2018 3370 2231 3422 promiserit,
2263 3364 2358 3399 valet

1273 3423 1480 3471 promissio:
1512 3432 1596 3457 nam
1619 3425 1656 3457 et
1678 3420 1709 3456 si
1731 3420 1769 3456 in
1791 3424 1942 3464 tempus,
1966 3426 2035 3461 quo
2056 3423 2131 3458 ipse
2150 3413 2355 3463 moreretur²

1274 3468 1512 3516 promisisset,
1544 3466 1771 3511 obligaretur.
1811 3466 1873 3499 sed
1904 3463 1934 3498 si
1972 3459 2204 3512 convaluent,
2238 3463 2301 3489 cur
2324 3462 2356 3503 0!

1274 3525 1347 3551 non
1378 3513 1581 3549 remittatur
1610 3510 1777 3556 obligatio
1808 3519 1873 3554 per
1903 3505 2170 3541 condictionem,
2195 3502 2309 3549 atque,
2324 3506 2355 3531 ει

1275 3558 1459 3604 stipulanti
1483 3556 1595 3602 quivis
1618 3556 1709 3592 alius
1739 3552 1957 3600 promisisset
1980 3552 2043 3584 aut
2068 3546 2184 3581 dotem
2206 3543 2355 3579 alicuius

2174 3322 2211 3357 Si
2255 3324 2358 3365 pater

117 3616 2348 3647 M

115 3677 154 3717 (i)
168 3677 309 3710 maritus
323 3678 385 3711 del.
434 3679 477 3718 (2)
491 3677 592 3709 sciret
601 3678 663 3719 ΡΙ,
673 3677 814 3710 scietF'2
860 3680 901 3718 (3)
917 3678 1028 3718 quam]
1043 3675 1131 3717 quod
1143 3687 1204 3707 scr.

115 3722 158 3763 (4)
183 3723 333 3764 possidet
345 3723 380 3755 F
489 3723 532 3761 (5)
557 3733 624 3754 non
639 3723 699 3755 del.
715 3722 767 3755 F²
883 3727 925 3761 (6)
952 3721 1114 3754 destinari
1129 3720 1200 3752 edd.

117 3768 158 3806 ιτ)
193 3770 242 3799 est
266 3767 300 3800 F
434 3769 477 3808 (8)
511 3767 712 3808 dignitatem
737 3768 770 3799 F

903 3769 947 3807 (9)
981 3771 1014 3797 et
1033 3765 1095 3798 del.
1121 3764 1202 3796 Hal.
1239 3743 1242 3802 f
1274 3764 1332 3801 (15)
1358 3770 1508 3803 quaeque
1519 3772 1582 3793 scr.

1275 3675 1335 3712 (10)
1360 3688 1404 3700 =
1419 3672 1460 3703 D·
1476 3673 1639 3710 50,17,85
1649 3681 1703 3711 pr.
1774 3669 1827 3706 (ιι)
1852 3663 1993 3703 exigerit
2009 3660 2039 3692 F
2090 3703 2097 3710 ι
2120 3658 2178 3706 (ιι)
2203 3654 2275 3686 eius
2289 3653 2354 3686 dol.

1275 3719 1332 3758 (13)
1358 3717 1479 3755 virum]
1504 3715 1611 3747 filium
1635 3724 1673 3745 ex
1698 3712 1765 3743 alio
1788 3709 1860 3740 viro
1873 3720 1934 3739 scr.
2005 3706 2063 3755 (ii)
2089 3711 2170 3735 iuris
2196 3699 2274 3751 αᾴᾰ.
2299 3696 2354 3730 Γ*

1685 3758 1744 3798 (16)
1769 3754 1865 3786 ouius
1877 3752 1990 3790 etiam]
2005 3752 2103 3780 etiam
2119 3756 2192 3778 cum
2205 3754 2276 3776 eius
2289 3754 2342 3774 scr

2042 3804 2085 3836 39
