2528 3918
200 121 396 164 XXIII3

200 252 312 280 causa
347 240 479 286 aliquid
515 239 796 286 expromittitur,
840 239 1026 275 fideiussor
1068 249 1110 276 eo
1145 238 1286 275 nomine

200 287 306 324 datus
329 290 479 321 tenetur.

246 329 299 369 56
323 330 430 366 loru
438 330 528 365 libro
540 334 645 365 sexto
665 329 716 364 ad
727 328 910 365 Plautium
943 329 980 364 Si
999 329 1029 364 is
1054 328 1114 374 qui
1125 327 1286 364 Stichum

200 375 338 412 mulieri
370 374 476 410 debet
508 374 547 409 in
578 374 698 410 dotem
729 373 910 419 delegatus
943 374 989 408 sit
1020 377 1056 408 et
1094 377 1286 418 antequam

200 422 352 458 solveret
382 419 538 461 debitor,
563 418 706 455 Stichus
738 418 948 460 decesserit,
981 428 1062 453 cum
1084 428 1200 463 neque
1218 428 1287 470 per

201 466 395 502 debitorem
418 464 576 499 stetisset
598 474 668 509 quo
689 464 804 499 minus
824 463 984 505 solveret,
1005 473 1120 508 neque
1138 467 1286 498 maritus

200 511 237 546 in
260 509 396 555 agendo
421 518 556 544 moram
577 507 740 544 fecisset:
771 508 929 554 periculo
961 507 1118 543 mulieris
1143 506 1287 543 Stichus

199 554 388 591 morietur:
420 563 635 599 quamquam
658 553 795 589 etiamsi
818 563 953 588 moram
984 552 1133 587 maritus
1162 551 1290 587 fecerit

199 599 237 636 in
261 598 444 644 exigendo,
469 598 500 633 si
521 602 640 634 tamen
664 598 771 634 etiam
794 597 889 643 apud
908 597 1074 632 maritum
1095 597 1287 632 moriturus

201 644 345 680 Stichus
378 642 506 685 fuerit,
541 643 681 679 actione
716 642 809 678 dotis
841 643 990 677 maritus
1014 652 1087 677 non
1110 645 1286 677 teneatur.

204 692 219 724 1
268 688 325 724 Ibi
358 687 423 724 dos
458 697 537 723 esse
573 687 696 730 debet,
728 688 791 722 ubi
822 697 931 722 onera
953 686 1169 722 matrimonii
1191 689 1286 722 sunt.

201 736 222 769 2
268 734 358 769 Post
377 737 525 768 mortem
543 733 656 778 patris
678 732 798 767 statim
818 742 929 767 onera
947 731 1163 767 matrimonii
1177 731 1288 766 filium

201 781 222 814 3
269 782 476 823 sequuntur,
501 777 594 813 sicut
615 777 727 819 liberi,
752 777 845 812 sicut
866 787 968 811 uxor.
1024 775 1128 820 Quod
1159 775 1289 811 dicitur

201 823 422 859 necessarias
452 823 630 867 impensas
661 822 739 867 ipso
772 821 849 856 iure
881 821 999 857 dotem
1022 821 1191 863 minuere,
1214 830 1288 856 non

202 878 244 904 eo
267 867 441 913 pertinet,
465 872 523 910 ut,
548 868 578 902 si
601 866 695 902 forte
716 865 850 901 fundus
882 866 920 901 in
951 865 1034 901 dote
1057 866 1123 908 sit,
1148 865 1289 901 desinat

202 913 322 958 aliqua
345 922 389 948 ex
411 916 512 957 parte
537 912 663 946 dotalis
689 921 776 954 esse,
798 910 872 953 sed,
892 910 962 946 nisi
980 910 1142 956 impensa
1160 910 1287 946 redda-

201 962 273 1000 tur,
298 961 363 993 aut
409 967 467 992 ars
490 957 593 991 fundi
616 960 679 991 aut
702 959 800 990 totus
823 955 1029 991 retineatur.
1066 955 1130 991 sed
1154 955 1185 991 si
1207 958 1287 990 tan-

201 1006 278 1038 tum
311 1002 350 1037 in
395 1001 530 1037 undum
562 1001 714 1053 dotalem
745 1001 945 1045 impensum
976 1001 1023 1035 sit
1056 1011 1120 1046 per
1153 1004 1287 1045 partes,

158 1108 162 1109 ν
200 1045 1163 1135 33ss⁰202¹233ffi0232t31³3325f5u32ffsssssffsmmfflzi
1180 1044 1290 1142 ⁸:352}

201 1147 334 1172 annum
363 1137 543 1182 impensas
574 1135 753 1171 obtulerit.
790 1135 822 1170 si
851 1135 1005 1180 pecunia
1038 1138 1073 1170 et
1095 1134 1227 1170 fundus
1250 1145 1289 1169 in

202 1182 285 1217 dote
315 1181 386 1217 sint
419 1185 454 1216 et
476 1179 698 1215 necessariae
721 1180 902 1225 impensae
923 1179 962 1215 in
984 1179 1134 1215 fundum
1156 1179 1288 1222 factae,

200 1226 319 1262 Nerva
351 1226 401 1260 ait
431 1226 549 1261 dotem
579 1224 823 1270 pecuniariam
853 1224 973 1260 minui.
1017 1224 1101 1270 quid
1140 1234 1222 1269 ergo
1258 1224 1290 1260 si

200 1271 326 1306 mulier
349 1271 526 1315 impensas
550 1269 677 1305 marito
709 1269 869 1312 solverit,
901 1273 1022 1304 utrum
1054 1274 1192 1305 crescet
1224 1269 1288 1305 dos

200 1326 249 1351 an
273 1326 316 1351 ex
346 1315 481 1359 integro
506 1314 613 1349 data¹
645 1314 847 1350 videbitur?
871 1314 973 1350 cuius
999 1314 1053 1349 rei
1069 1314 1290 1349 manifestior

202 1360 366 1405 iniquitas
399 1359 436 1394 in
470 1358 581 1395 fundo
616 1362 672 1394 est
715 1359 910 1395 secundum
945 1358 1137 1395 Scaevolae
1176 1359 1290 1394 nostri

202 1405 430 1442 sententiam:
462 1414 546 1439 nam
569 1403 600 1439 si
623 1403 754 1439 desinit
777 1404 905 1439 dotalis
929 1414 1018 1446 esse,
1041 1404 1174 1450 poterit
1204 1404 1288 1439 alie·

201 1450 295 1485 nari:
320 1459 444 1484 rursus
465 1448 760 1501 quemadmodum
787 1449 921 1494 poterit
943 1448 1021 1484 fieri
1051 1449 1179 1484 dotalis
1204 1448 1290 1484 data

201 1494 378 1540 pecunia?
408 1504 456 1529 an
478 1504 549 1529 iam
572 1495 726 1539 pecunia
748 1494 787 1529 in
810 1494 894 1529 dote
917 1504 995 1529 esse
1018 1493 1219 1529 videbitur?
1253 1497 1291 1528 et

200 1539 311 1584 magis
336 1542 411 1581 est,
443 1542 484 1573 ut
515 1549 598 1583 ager
629 1539 666 1573 in
698 1549 843 1574 causam
876 1538 968 1574 dotis
992 1542 1201 1581 revertatur,
1226 1538 1289 1574 sed

199 1583 339 1619 interim
362 1583 529 1619 alienatio
552 1583 655 1618 fundi
677 1583 891 1619 inhibeatur.

246 1626 299 1666 57
323 1627 371 1664 ΙΑ
379 1637 550 1663 VOLENUS
576 1628 667 1664 libro
696 1629 816 1675 primo
848 1639 898 1664 ex
922 1627 1066 1663 Plautio
1120 1627 1289 1673 Nuptura

200 1673 273 1710 filio
304 1672 457 1708 familias
490 1673 521 1708 si
551 1683 675 1708 socero
709 1673 828 1708 dotem
851 1673 903 1708 ita
921 1672 1147 1725 promiserit:
1181 1672 1289 1718 ‘quod

200 1718 305 1754 ‘filius
340 1723 424 1753 tuus
455 1718 540 1752 mihi
576 1717 699 1760 debet,
731 1718 768 1753 id
800 1718 874 1753 doti
903 1718 970 1753 tibi
999 1717 1085 1760 erit'‚
1117 1718 1289 1753 interesse

198 1767 299 1810 puto,
324 1767 443 1798 utrum
465 1762 530 1797 filii
552 1763 720 1808 obligatio
745 1773 792 1797 an
813 1763 928 1808 patris
959 1762 1162 1808 persecutio
1193 1766 1230 1798 et
1250 1763 1289 1798 in

199 1818 276 1844 rem
313 1807 478 1844 versum²
517 1807 744 1853 promissioni
782 1807 1018 1843 contineatur.
1065 1817 1149 1843 nam
1182 1807 1214 1843 si
1251 1807 1289 1843 id

200 1852 298 1899 quod
328 1852 439 1888 filium
470 1852 556 1888 dare
588 1856 729 1897 oportet
760 1852 998 1897 significatum
1029 1856 1102 1895 est,
1125 1855 1203 1888 tota
1224 1863 1288 1898 pe-

201 1898 318 1940 cunia,
341 1898 379 1933 in
402 1907 510 1943 quam
532 1897 626 1932 filius
651 1898 767 1977 obliffia
783 1908 825 1932 us
851 1901 922 1940 est,
947 1897 1172 1942 promissioni
1195 1897 1288 1933 dotis

201 1942 459 1978 continebitur:
491 1942 548 1977 sin
571 1946 689 1977 autem
711 1943 724 1976 i
751 1968 760 1985 ,
785 1941 882 1987 quod
904 1947 1042 1988 patrem
1073 1942 1117 1978 de
1146 1942 1287 1988 peculio

199 1988 256 2023 vel
277 1987 315 2022 in
338 1997 413 2022 rem
435 1997 536 2022 verso
559 1991 742 2032 praestare
766 1987 944 2032 oportebit
953 1988 978 2030 ³,
1010 1987 1199 2023 aestimare
1227 1987 1287 2022 de-

199 2031 299 2068 bebit
322 2035 493 2077 quantum
517 2031 564 2067 sit
587 2042 628 2067 eo
652 2036 813 2084 tempore
846 2031 883 2067 id
907 2032 1004 2077 quod
1033 2032 1252 2077 promittitur
1261 2033 1287 2075 ⁴,

200 2081 241 2112 ιιι
263 2086 307 2111 ea
330 2086 468 2112 summa
491 2076 584 2111 dotis
604 2086 682 2112 esse
698 2077 870 2119 v1deatur,
890 2087 961 2122 qua
978 2081 1117 2122 patrem
1137 2087 1178 2112 eo
1198 2081 1287 2112 tem-

199 2131 289 2168 pore
318 2120 382 2156 filii
421 2121 563 2156 nomine
601 2121 828 2156 condemnari
867 2121 1047 2166 oportebit
1056 2123 1082 2156 ⁶.
1122 2122 1219 2173 quod
1258 2122 1288 2157 si

199 2176 274 2202 non
296 2165 475 2202 evidenter
499 2166 678 2210 apparuit,
712 2166 756 2201 de
791 2166 893 2201 cuius
923 2166 1050 2201 mulier
1072 2165 1288 2211 obhgatione

200 2210 322 2254 sensit,
346 2211 671 2256 praesumptionem
690 2211 737 2245 ad
754 2210 818 2245 filii
837 2210 995 2246 debitum
1014 2215 1178 2256 spectare
1197 2211 1286 2246 veri-

200 2255 314 2291 simile
337 2258 401 2297 est,
426 2255 495 2291 nisi
518 2255 777 2291 evidentissime
797 2256 1026 2296 ,contrarium
1057 2255 1285 2301 adprobetur.

246 2297 300 2338 58
327 2299 471 2336 Casus
490 2301 582 2336 libro
605 2311 701 2335 nono
725 2300 860 2336 decimo
873 2300 913 2335 di
936 2304 1093 2336 estorum
1129 2300 1167 2336 Si
1179 2311 1286 2346 spon-

200 2345 334 2381 salibus
357 2344 517 2380 nondum
538 2344 644 2381 factis
657 2345 750 2380 Titio
775 2344 894 2380 dotem
942 2345 1018 2381 eiae
1039 2345 1181 2380 nomine
1203 2355 1286 2391 pro-

200 2390 357 2433 miseris,
391 2399 472 2425 cum
504 2400 547 2425 ea
576 2390 709 2425 nubere
740 2389 772 2425 ei
802 2389 929 2433 nollet,
952 2393 1083 2432 tamen,
1108 2390 1139 2425 si
1161 2393 1288 2435 postea

200 2435 381 2480 nupserit,
413 2434 533 2470 dotem
568 2434 732 2477 debebis,
767 2434 836 2470 nisi
867 2435 958 2470 aliae
980 2446 1030 2470 nu
1055 2435 1128 2470 tiae
1151 2435 1288 2470 mediae

206 2484 218 2514 1
268 2480 551 2515 intervenissent.
606 2479 645 2515 Si
674 2479 800 2515 mulier
831 2480 997 2515 ancillam
1051 2480 1242 2532 amphilam
1265 2489 1287 2515 a

201 2524 296 2560 Titio
320 2524 502 2570 stipulata,
527 2523 655 2560 deinde
678 2524 710 2559 ei
732 2527 891 2569 nuptura
913 2525 1010 2571 quod
1031 2524 1062 2560 is
1087 2525 1155 2560 sibi
1179 2524 1286 2560 debe-

204 2569 264 2605 bat
286 2569 362 2605 doti
384 2569 518 2604 habere
540 2569 711 2615 permisit,
736 2569 876 2604 etiamsi
898 2580 970 2605 non
994 2569 1062 2604 erit
1091 2569 1158 2604 viri
1179 2569 1286 2604 Pam-

202 2614 310 2659 phila,
334 2624 381 2648 an
403 2614 483 2666 ipsa
513 2617 634 2649 tamen
663 2614 850 2659 Pamphila
879 2614 917 2649 in
949 2614 1032 2650 dote
1067 2617 1103 2649 et
1131 2614 1286 2650 mulieris

201 2658 358 2737 gericulo
384 2659 475 2694 erit?
498 2669 546 2694 an
566 2662 602 2694 et
625 2658 721 2704 quod
745 2669 788 2694 ea
810 2659 998 2704 pepererit,
1022 2658 1123 2694 reddi
1146 2659 1285 2695 mulieri

223 2703 369 2755 ‘ebebit‘i'
401 2703 484 2748 quia
508 2704 538 2738 si
560 2704 598 2738 in
621 2713 687 2739 sua
711 2713 822 2739 causa
844 2704 941 2749 prior
972 2703 1154 2749 stipulatio
1185 2714 1285 2738 man-

202 2757 270 2783 s1ss

202 2751 318 2837 quaffi’
333 2791 486 2827 debebat
516 2793 586 2835 vir,
618 2804 688 2838 quo
711 2796 871 2845 tempore
894 2793 959 2829 dos
984 2793 1285 2829 constituebatur:

202 2846 285 2872 nam
314 2836 366 2871 ita
395 2837 528 2882 poterit
556 2837 667 2873 videri
696 2847 754 2873 res
784 2848 864 2883 ipsa
887 2838 933 2873 ad
956 2849 1036 2874 eum
1066 2838 1285 2883 pervenisse:

202 2891 249 2916 an
280 2891 353 2916 non
382 2881 566 2917 habuerit:
607 2893 689 2917 nam
720 2883 751 2918 si
781 2893 854 2918 non
877 2883 1060 2925 habuerit,
1084 2882 1196 2928 magis
1221 2885 1286 2926 est,

202 2930 244 2961 ut
265 2925 426 2961 liberatio
450 2926 519 2961 ob'
544 2927 672 2962 ationis
691 2927 811 2972 potius
831 2938 936 2972 quam
954 2937 1011 2963 res
1034 2927 1114 2972 ipsa
1136 2927 1183 2963 ad
1206 2938 1286 2964 eum

201 2970 253 3006 ita
351 2970 466 3005 enisse
477 2971 511 3005 vi
536 2975 637 3007 eatur
647 2972 797 3017 ideoque
808 2976 933 3018 partus
947 2973 1022 3008 eius
1040 2982 1113 3008 non
1125 2972 1285 3008 debetur.

248 2981 302 3053 39
326 3014 566 3051 Manantes
583 3016 673 3052 libro
684 3027 724 3052 se
751 3018 835 3052 timo
847 3017 1066 3069 diqestorum
1104 3016 1143 3052 Si
1160 3017 1287 3053 mulier

201 3060 254 3095 ita
288 3059 407 3095 dotem
440 3060 658 3105 promiserit:
703 3064 712 3080 ‘
739 3071 836 3097 ecem
877 3062 942 3096 tibi
984 3065 1047 3096 aut
1081 3061 1175 3097 Titio
1210 3061 1285 3097 doti

203 3104 343 3147 ‘erunt',
366 3104 435 3139 hoc
460 3114 547 3139 casu
572 3105 641 3140 dici
663 3110 783 3150 potest
800 3106 854 3141 vel
873 3106 967 3142 Titio
987 3106 1064 3141 dari
1082 3116 1198 3151 posse,
1223 3106 1285 3141 sed

203 3149 248 3185 de
270 3148 355 3185 dote
375 3149 489 3184 virum
512 3150 635 3191 teneri,
661 3151 955 3195 quemadmodum
967 3152 997 3186 si
1009 3151 1103 3186 Titio
1123 3151 1286 3186 iussisset

203 3194 292 3229 dari,
324 3203 391 3229 nec
423 3193 568 3235 mirum,
594 3204 673 3229 cum
698 3196 803 3230 etiam
826 3196 1045 3241 promissura
1066 3196 1142 3231 viro
1167 3195 1284 3231 dotem

202 3239 315 3284 possit
338 3237 521 3283 delegante
544 3248 585 3273 eo
611 3239 711 3274 alteri
741 3241 964 3284 promittere,
995 3240 1061 3275 etsi
1093 3239 1164 3275 dici
1193 3239 1285 3276 solet

203 3284 263 3318 alii
287 3293 393 3329 quam
416 3283 542 3318 marito
574 3282 667 3318 dotis
698 3285 839 3320 nomine
869 3285 1052 3321 mulierem
1082 3295 1156 3320 non
1177 3294 1285 3330 posse

203 3328 361 3373 obligari.
400 3327 457 3363 his
489 3327 581 3363 enim
613 3328 755 3363 casibus
786 3329 860 3364 viro
893 3329 957 3365 dos
981 3329 1171 3375 quaeritur.
1211 3339 1283 3365 non

203 3373 295 3408 enim
318 3371 594 3408 existimabimus
617 3372 713 3407 illam
736 3373 787 3407 ita
809 3375 1022 3418 promisisse,
1055 3384 1135 3409 cum
1161 3374 1216 3409 vel
1240 3374 1284 3409 de

205 3420 218 3452 1
271 3417 354 3452 Titii
377 3417 510 3462 nuptiis
533 3416 715 3462 cogitaret.
763 3417 820 3451 Ex
852 3428 932 3453 asse
963 3419 1066 3454 heres
1098 3419 1283 3454 institutus

342 2757 413 2782 non
437 2747 654 2783 redderetur.
687 2748 756 2783 nisi
774 2748 869 2793 forte
891 2748 1012 2791 refert,
1032 2748 1197 2784 habuerit
1213 2759 1286 2784 rem

203 3530 243 3570 (1)
269 3530 346 3562 data
359 3530 420 3563 del.
503 3531 547 3570 (2)
567 3529 755 3572 persecutio
768 3532 802 3561 et
813 3529 848 3561 in
861 3540 928 3561 rem
942 3533 1083 3572 versum]
1098 3531 1138 3563 de
1150 3530 1284 3573 peculio

204 3577 237 3606 et
250 3575 282 3607 in
297 3585 365 3607 rem
379 3585 473 3607 verso
484 3574 639 3608 Huschke
737 3575 779 3614 (3)
805 3577 937 3615 oportet
952 3587 1013 3607 scr.
1115 3578 1158 3618 (4)
1183 3576 1284 3608 aesti-

204 3619 288 3651 mari
301 3618 436 3651 debebit
448 3622 610 3661 quantum
622 3619 667 3651 sit
680 3629 719 3651 eo
731 3622 879 3660 tempore
891 3629 957 3660 quo
978 3620 1190 3661 promittitur
1200 3619 1283 3653 Hal.

205 3664 247 3703 (5)
272 3667 441 3705 oporteret
451 3675 512 3697 ner.
614 3665 657 3705 (οἱ
683 3662 862 3696 transferat
872 3663 906 3695 F
1004 3666 1046 3705 (7)
1071 3668 1109 3696 ut
1129 3666 1189 3698 ins.
1211 3665 1284 3698 edd.

203 3708 249 3747 (8)
274 3718 312 3739 ea
324 3709 398 3750 suo]
412 3718 453 3741 ex
464 3719 524 3741 suo
535 3721 598 3743 scr.
705 3709 750 3750 (9)
774 3706 912 3740 solverit
923 3707 958 3741 F
1065 3711 1124 3750 (10)
1150 3709 1229 3751 quia
1241 3709 1284 3741 ad

1277 115 1369 166 304

2247 133 2442 166 mamm:

1353 242 1571 292 rogatusque
1601 239 1738 275 mulieri
1769 239 1978 275 dodrantem
2008 240 2215 277 hereditatis
2255 243 2443 279 restituere

1353 283 1455 319 iussu
1486 294 1562 320 eius
1594 284 1691 336 quod
1721 284 1827 320 debet
1858 284 1932 320 doti
1960 285 2124 337 promisit
2146 286 2284 322 marito.
2309 297 2441 330 vereor,

1354 339 1428 363 non
1459 328 1506 363 sit
1536 328 1731 374 obligatus:
1769 339 1853 364 nam
1883 330 2020 365 mulieri
2054 330 2093 365 in
2122 330 2192 366 hoc
2226 335 2377 374 tenetur,
2402 337 2443 367 ut

1355 372 1587 408 hereditatem
1627 373 1844 409 restituendo
1875 374 2069 410 transferat
2098 375 2257 411 actiones
2293 380 2329 411 et
2374 387 2439 412 uas

1355 417 1466 453 habet
1495 421 1531 454 et
1561 418 1688 463 quibus
1720 421 1775 454 est
1804 418 2016 462 obstrictus,
2042 429 2131 471 quas
2154 420 2348 456 transferre
2396 422 2442 456 ad

1355 463 1481 505 alium,
1506 473 1612 542 ffiixam
1636 463 1694 498 cui
1724 462 1830 499 debet
1851 463 2179 507 fideicommssum,
2208 475 2281 500 non
2310 469 2440 511 potest.

1355 507 1482 552 aliquis
1533 507 1541 515 ⁶
1569 507 1636 543 erit
1657 507 1785 543 incerti
1819 518 1900 543 cum
1930 518 1972 544 eo
2005 509 2062 554 agi
2093 519 2216 555 posse,
2241 509 2441 546 ⁷fideicom-

1355 552 1454 588 missi
1487 555 1647 597 praestet
1689 552 1980 589 aestimationem.
2024 553 2108 589 huic
2186 564 2207 590 ο
2243 556 2443 590 consentire

1356 607 1429 632 non
1463 607 1627 642 possum:
1671 607 1754 632 nam
1787 597 1937 643 obligari
1971 598 2127 634 mulieris
2188 599 2358 635 ebitorem
2391 601 2443 635 ita

1356 651 1509 687 aequum
1541 645 1614 684 est,
1649 641 1681 677 si
1710 642 1788 677 acci
1814 652 1873 678 ere
1906 642 1943 677 id
1978 643 1990 678 i
2016 653 2094 678 sum
2117 643 2214 689 quod
2237 644 2270 680 ei
2293 644 2444 680 debetur

1355 686 1409 721 vir
1457 689 1560 722 otest.
1597 685 1660 722 sed
1683 696 1728 722 ne
1749 686 1787 722 in
1812 691 1912 722 otata
1934 698 1994 722 mu
2011 688 2060 722 'er
2083 698 2162 723 esse
2183 688 2356 732 videatur,
2390 689 2442 724 di-

1357 741 1423 766 cen
1449 741 1509 766 um
1533 734 1588 766 est
1609 731 1679 776 ipsi
1701 732 1839 767 mulieri
1863 741 1907 767 ex
1931 732 2155 768 Trebelliano
2187 734 2443 769 restituendam

1357 786 1436 811 esse
1469 779 1607 821 partem
1641 776 1848 812 hereditatis
1883 787 1975 822 quae
2009 777 2042 812 ei
2074 777 2199 813 relicta
2229 782 2301 821 est,
2336 782 2377 813 ιιι
2401 789 2443 814 ea

1356 821 1446 856 suo⁸
1487 821 1615 856 marito
1650 831 1715 866 pro
1752 821 1835 857 dote
1869 831 1946 856 eam
1978 822 2129 857 solveret
2137 822 2162 865 ⁹,
2210 823 2294 875 quia
2328 828 2364 858 et
2397 823 2443 858 ad

1357 875 1436 901 eam
1449 866 1476 887 ¹⁰
1506 865 1817 901 fideicommissum
1841 870 1877 901 et
1899 876 2008 901 onera
2039 867 2113 902 eius
2144 871 2323 912 pertment
2346 868 2442 903 dele-

1355 910 1499 956 gatione
1521 914 1670 963 propter
1692 911 1835 946 nimiam
1859 912 2091 956 suptilitatem
2116 916 2152 946 et
2171 923 2277 948 casus
2289 914 2442 948 necessi-

1357 958 1377 990 2
1424 958 1535 991 tatem
1558 955 1700 990 mlnime
1723 956 1916 1001 optinente.
1960 956 2050 991 Eius
2062 956 2203 992 nomine
2215 967 2308 1002 quae
2330 957 2443 993 libera

1356 999 1544 1035 videbatur
1567 1000 1688 1035 decem
1709 1000 1747 1035 in
1771 1000 1892 1036 dote¹¹
1926 1001 2070 1036 dedisti:
2102 1011 2143 1037 eo
2176 1011 2263 1038 casu
2293 1002 2443 1038 habebis

1358 1045 1629 1088 condictionem,
1654 1055 1723 1090 quo
1737 1045 1869 1081 habere
1891 1046 2080 1091 potuisses,
2093 1046 2289 1082 simulieris
2311 1047 2443 1083 liberae

1357 1090 1500 1125 nomine
1524 1089 1681 1125 dedisses
1704 1100 1770 1126 nec
1783 1090 1929 1135 nuptiae
1953 1095 2098 1126 secutae
2121 1095 2250 1127 essent.
2275 1092 2305 1127 si
2317 1102 2442 1127 manu·

1357 1134 1465 1169 missa
1486 1134 1669 1180 nupserit,
1691 1135 1743 1170 ita
1767 1135 1905 1170 demum
1929 1135 1994 1171 dos
2019 1135 2095 1178 erit,
2120 1136 2150 1171 si
2174 1146 2217 1171 ea
2238 1140 2355 1172 mente
2380 1136 2441 1172 de·

1357 1179 1451 1222 disti,
1475 1184 1517 1215 ut
1539 1179 1752 1225 quandoque
1776 1180 1908 1215 secutis
1940 1180 2074 1226 nuptiis
2105 1181 2170 1216 dos
2203 1185 2307 1217 esset.
2337 1182 2444 1226 igitur

1357 1225 1388 1260 si
1410 1225 1550 1260 mulieri
1572 1224 1767 1260 donaturus
1792 1224 1930 1268 dedisti,
1956 1225 2117 1261 dominus
2131 1226 2305 1269 condicet,
2322 1236 2442 1272 quem-

1357 1269 1549 1304 admodum
1580 1269 1610 1304 si
1641 1279 1721 1304 eum
1761 1269 1822 1315 qui
1853 1270 1921 1305 sibi
1959 1270 2154 1306 donaturus
2195 1275 2289 1306 esset
2317 1271 2444 1307 mulier

1355 1315 1470 1360 ipsam
1483 1314 1511 1335 ¹²
1543 1314 1677 1349 donare
1699 1315 1870 1350 iussisset.

1403 1357 1456 1397 60
1484 1359 1629 1394 Cusus
1663 1359 1754 1394 libro
1792 1360 1980 1395 undecimo
2012 1359 2231 1406 dayes-torum
2288 1359 2441 1404 Quaero,

1357 1408 1514 1450 quantae
1542 1404 1715 1449 pecuniae
1748 1404 1867 1439 dotem
1889 1404 2109 1449 promittenti
2138 1404 2281 1440 adultae
2304 1405 2443 1440 mulieri

1358 1452 1502 1485 curator
1526 1458 1738 1484 consensum
1768 1448 2039 1484 accommodare
2069 1449 2208 1485 debeat.
2239 1449 2440 1495 respondit:

1357 1494 1483 1529 modus
1508 1504 1552 1529 ex
1574 1494 1808 1529 facultatibus
1833 1498 1868 1528 et
1892 1494 2062 1538 dignitate
2074 1494 2230 1530 mulieris
2254 1495 2442 1540 maritique

1357 1538 1567 1575 statuendus
1593 1542 1658 1581 est,
1683 1549 1867 1584 quousque
1890 1540 1981 1574 ratio
2005 1539 2150 1584 patitur.

1403 1581 1454 1622 61
1485 1583 1710 1619 TERENTIUS
1744 1583 1922 1619 Cssufflvs
1961 1583 2053 1620 libro
2097 1585 2202 1620 tertio
2237 1584 2288 1619 ad
2329 1584 2361 1620 le
2387 1595 2442 1619 em

1357 1628 1491 1664 Iuliam
1516 1632 1550 1663 et
1574 1627 1730 1674 Papiam
1776 1627 1857 1664 Sive
1886 1629 2059 1674 generalis
2083 1633 2229 1664 curator
2251 1629 2324 1665 sive
2349 1596 2441 1664 dztis

1358 1673 1498 1709 dandae
1530 1683 1641 1708 causa
1672 1673 1888 1709 constitutus
1920 1674 1967 1709 sit
1999 1677 2035 1708 et
2062 1674 2215 1719 amplius
2252 1674 2327 1709 doti
2358 1684 2440 1726 pro-

1357 1719 1503 1754 missum
1528 1722 1583 1754 est
1606 1728 1712 1763 quam
1734 1717 1925 1754 facultates
1937 1718 2092 1754 mulieris
2111 1719 2241 1761 valent,
2263 1719 2342 1764 ipso
2364 1728 2442 1754 iure

1356 1763 1543 1809 promissio
1568 1773 1639 1798 non
1660 1763 1764 1805 valet,
1779 1763 1862 1808 quia
1880 1763 1956 1808 lege
1977 1767 2057 1798 rata
2068 1773 2140 1799 non
2152 1764 2305 1799 habetur
2317 1767 2441 1799 aucto-

1356 1809 1444 1843 ritas
1470 1808 1550 1844 dolo
1574 1807 1667 1843 malo
1691 1807 1801 1843 facta.
1827 1808 2067 1853 quaerendum
2089 1811 2209 1844 tamen
2233 1812 2299 1851 est,
2323 1812 2441 1844 utrum

1355 1856 1434 1889 tota
1457 1853 1624 1898 obligatio
1649 1862 1696 1887 an
1719 1852 1815 1898 quod
1839 1853 1989 1898 amplius
2011 1853 2223 1898 promissum
2246 1857 2310 1896 est,
2335 1863 2442 1906 quam

1354 1897 1531 1988 aaa
1546 1897 2068 1988 :imfirma
2072 1898 2324 1979 mussa-„ea
2324 1898 2443 1979 (ἕξει

1358 1991 1374 2023 1
1423 1987 1497 2023 Iste
1519 1991 1639 2022 autem
1659 1991 1804 2023 curator
1823 1997 1881 2023 res
1894 1987 1986 2023 dotis
2005 1988 2146 2023 nomine
2164 1988 2306 2023 tradere
2325 1988 2441 2031 debet,

1356 2043 1429 2068 non
1453 2032 1560 2068 etiam
1581 2036 1624 2067 ut
1645 2031 1776 2067 vendat
1798 2032 1941 2068 cuilibet
1964 2036 2000 2068 et
2045 2033 2172 2068 retium
2187 2033 2442 2068 eiusindotem

1357 2078 1427 2113 det.
1460 2077 1613 2113 dubitari
1638 2081 1758 2112 autem
1780 2080 1919 2122 potest,
1951 2087 1998 2112 an
2046 2087 2090 2113 oc
2113 2088 2234 2113 verum
2256 2078 2322 2113 sit:
2356 2078 2442 2123 quid

1356 2123 1449 2158 enim
1479 2122 1510 2158 si
1540 2122 1644 2157 aliter
1673 2122 1821 2157 honeste
1850 2122 1983 2158 nubere
2013 2132 2085 2158 non
2114 2122 2247 2174 possit,
2272 2132 2379 2175 quam
2401 2126 2441 2157 ut

1355 2167 1544 2212 pecuniam
1566 2167 1604 2202 in
1628 2166 1745 2202 dotem
1768 2166 1830 2202 det
1851 2167 1956 2212 idque
1980 2167 2012 2202 ei
2034 2177 2069 2201 m
2169 2167 2361 2212 expediat?
2384 2172 2439 2202 at·

1356 2212 1442 2257 quin
1463 2215 1617 2257 possunt
1639 2221 1694 2246 res
1717 2211 1756 2247 in
1780 2211 1898 2247 dotem
1929 2211 2034 2247 datae
2065 2223 2088 2257 p
2105 2222 2271 2257 erumque
2293 2212 2441 2247 alienari

1356 2261 1392 2292 et
1424 2256 1578 2302 pecunia
1610 2257 1648 2291 in
1684 2256 1802 2291 dotem
1837 2257 2004 2292 converti.
2052 2257 2115 2292 sed
2158 2261 2199 2292 ut
2234 2256 2441 2301 expediatur

1356 2302 1536 2347 quaestio,
1568 2300 1599 2336 si
1654 2300 1771 2336 uidem
1800 2311 1858 2336 res
1889 2302 1925 2336 in
1957 2301 2074 2337 dotem
2105 2302 2253 2337 maritus
2277 2302 2441 2346 accipere

1354 2346 1537 2388 maluerit,
1569 2312 1655 2380 nihil
1686 2346 1835 2390 amplius
1866 2346 2106 2391 quaerendum
2129 2350 2201 2381 est:
2243 2346 2298 2381 sin
2321 2350 2439 2381 autem

1355 2401 1427 2426 non
1456 2390 1561 2425 aliter
1590 2390 1802 2426 contrahere
1831 2390 2091 2426 matrimonium
2122 2391 2176 2426 vir
2205 2390 2340 2436 patitur
2370 2391 2439 2426 nisi

1354 2435 1513 2481 pecuniis
1543 2435 1581 2470 in
1612 2434 1730 2470 dotem
1754 2435 1865 2478 datis,
1896 2439 1983 2470 tunc
2007 2435 2162 2471 officium
2185 2439 2241 2470 est
2264 2436 2438 2471 curatoris

1355 2479 1451 2526 apud
1483 2479 1635 2515 eundem
1665 2480 1800 2514 intrare
1829 2479 1999 2522 iudicem,
2031 2480 2092 2525 qui
2131 2490 2212 2515 eum
2242 2480 2437 2522 constituit,

1355 2529 1397 2560 ut
1429 2525 1558 2559 iterum
1571 2525 1598 2545 ¹⁴
1634 2524 1666 2559 ei
1701 2534 1811 2560 causa
1857 2525 1999 2570 cognita
2041 2525 2148 2560 etiam
2181 2525 2254 2561 viro
2290 2525 2439 2561 absente

1354 2569 1539 2616 permittat
1578 2579 1697 2604 rerum
1738 2569 1939 2605 venditione
1983 2569 2163 2605 celebrata
2197 2570 2317 2606 dotem
2352 2580 2438 2605 con·

1355 2614 1513 2651 stituere.

1401 2657 1454 2696 62
1478 2658 1732 2695 Moosssrmvs
1758 2659 1850 2695 libro
1881 2659 2005 2704 quinto
2036 2669 2289 2712 responsorum
2343 2658 2439 2694 Titia

1356 2715 1437 2739 cum
1460 2708 1554 2739 esset
1576 2704 1691 2739 minor
1712 2703 1836 2749 viginti
1855 2704 2009 2748 quinque
2028 2714 2142 2746 annis,
2161 2706 2324 2749 quartam
2335 2703 2437 2739 here-

1355 2749 1478 2784 ditatis
1501 2749 1624 2784 matris
1648 2758 1735 2784 suae
1759 2758 1978 2783 communem
1996 2750 2023 2770 ¹⁵
2056 2748 2123 2784 sibi
2154 2758 2235 2784 cum
2263 2747 2437 2784 frah-ibus

1354 2794 1505 2829 mutavit
1524 2797 1560 2829 et
1579 2794 1719 2838 accepit
1738 2803 1804 2838 pro
1819 2803 1861 2827 ea
1871 2796 1974 2838 parte
1984 2792 2134 2829 fundum
2146 2792 2248 2846 quasi
2260 2792 2438 2838 emptione

1354 2839 1448 2874 inter
1477 2848 1516 2874 se
1549 2838 1665 2873 facta:
1697 2838 1794 2874 hunc
1822 2836 1974 2873 fundum
2005 2847 2085 2873 cum
2116 2838 2195 2873 alus
2224 2837 2332 2873 rebus
2362 2837 2437 2873 doti

1356 2883 1463 2918 dedit.
1497 2893 1641 2928 quaero,
1673 2882 1704 2918 si
1733 2883 1771 2918 in
1803 2882 1840 2918 in
1943 2893 1978 2917 m
2008 2883 2218 2918 restituatur
2240 2885 2277 2918 et
2298 2885 2438 2928 partem

1355 2938 1455 2963 suam
1485 2927 1639 2973 accipiat
1655 2928 1683 2949 ¹⁶
1722 2930 1886 2972 quartam
1921 2931 1957 2962 et
1990 2927 2116 2962 reddat
2150 2926 2318 2969 fundum,
2352 2926 2437 2972 quid

1356 2973 1486 3008 debeat
1507 2973 1654 3008 maritus
1677 2971 1823 3007 facere?
1847 2982 1893 3007 an
1913 2975 2101 3008 contentus
2120 2982 2199 3007 esse
2212 2971 2340 3007 debeat
2357 2972 2436 3007 aliis

1353 3017 1460 3053 rebus
1483 3017 1520 3052 in
1545 3017 1661 3053 dotem
1685 3016 1803 3051 datis?
1826 3016 1910 3052 item
1930 3027 2073 3062 quaero,
2094 3017 2125 3052 si
2143 3017 2233 3052 haec
2245 3016 2437 3052 decesserit

1354 3065 1391 3114 et
1413 3061 1658 3114 heredes-eius
1681 3062 1719 3113 in
1741 3061 1916 3113 integrum
1939 3061 2197 3097 restitutionem
2216 3071 2261 3096 ex
2282 3070 2436 3127 9⁹¹903¹¹¹ss

1353 3110 1764 3192 ἓὲῗαέἑῗῗῗξῃέἓέἓῗ
1777 3109 2324 3196 affirmatam&
2344 3105 2434 3185 ἕξι-

1354 3200 1473 3231 tentus
1497 3195 1534 3230 in
1556 3196 1752 3230 retentione
1774 3195 1865 3231 lucri
1888 3195 1979 3231 dotis
1997 3195 2124 3230 ceteris
2136 3195 2268 3230 rebus?
2291 3194 2434 3230 Modes-

1352 3241 1450 3275 tinus
1481 3239 1663 3285 respondit
1686 3240 1773 3275 nihil
1802 3240 1964 3285 proponi,
1989 3250 2054 3274 cur
2076 3239 2204 3275 marito
2235 3239 2299 3275 dos
2333 3238 2433 3275 aufe-

1352 3284 1465 3321 renda
1499 3284 1563 3320 sit:
1607 3284 1670 3320 sed
1711 3285 1749 3319 in
1790 3294 1909 3320 veram
1922 3285 1951 3306 ¹⁸
1985 3283 2264 3319 aestimationem
2297 3283 2434 3337 praedii

1352 3328 1478 3364 mulier
1510 3328 1566 3364 vel
1598 3329 1674 3364 eius
1708 3329 1856 3365 heredes
1891 3328 2148 3365 condemnandi
2182 3332 2265 3364 sunt
2296 3338 2334 3364 ιιι
2364 3328 2434 3364 hoc

1353 3378 1424 3409 tem
1450 3383 1493 3409 us
1516 3373 1750 3416 referendam,
1775 3384 1845 3419 quo
1868 3374 1905 3409 in
1928 3373 2047 3408 dotem
2069 3373 2174 3409 datus
2199 3376 2263 3409 est.

1398 3384 1450 3456 6}
1476 3417 1584 3453 IDEM
1609 3418 1699 3454 libro
1729 3418 1911 3464 sinqulari
1937 3417 1981 3453 dc
2012 3416 2261 3453 heurematiczle
2313 3416 2432 3463 Stipu-

1354 3540 1425 3563 eam
1437 3534 1471 3563 et
1482 3543 1543 3563 scr.
1669 3531 1723 3571 (11)
1748 3530 1858 3562 dotem
1870 3531 1943 3563 edd.
2075 3533 2132 3571 (12)
2157 3528 2430 3572 quemadmodum

1354 3575 1380 3609 si
1395 3585 1470 3607 cum
1484 3574 1559 3617 quis
1571 3574 1639 3607 sibi
1651 3574 1835 3607 donaturus
1849 3578 1935 3607 esset
1945 3574 2080 3607 mulieri
2093 3574 2205 3617 ipsum
2217 3587 2280 3608 scr.
2372 3574 2430 3615 (13)

1354 3620 1515 3653 infirmari
1530 3620 1603 3652 edd.
1719 3622 1776 3659 (14)
1800 3619 1969 3651 interdum
1980 3632 2042 3652 scr.
2165 3620 2223 3658 (15)
2247 3618 2431 3652 communis

1359 3665 1511 3698 Οιιίασίιιε
1624 3665 1683 3704 (18)
1708 3663 1852 3706 accipiet
1864 3663 1898 3696 F
2005 3665 2064 3705 (1¹1)
2089 3663 2146 3695 ille
2158 3663 2193 3696 F
2301 3663 2360 3704 (18)
2382 3662 2432 3696 n‘e

1357 3707 1507 3742 Ouiae-ius
1530 3720 1591 3742 sec.
1617 3708 1663 3749 B,
1688 3708 1856 3741 meramF
