2528 3918
102 127 161 157 DE
192 128 238 157 IN
269 127 382 157 DIEM
412 125 694 156 ADDICTIONE

101 241 120 273 2
171 238 233 272 ‘ita
245 237 515 278 habereliceat',
536 236 648 281 deque
668 245 711 270 ea
731 244 770 270 re
791 244 834 269 ex
856 238 974 279 empto
989 236 1055 280 agi.
1093 235 1189 269 Silva

101 284 236 319 caedua
260 284 296 317 in
321 281 598 327 quinquennium
621 281 797 316 venierat:
823 281 1082 324 quaerebatur,
1109 291 1188 315 cum

99 330 199 373 glans
233 328 439 368 decidisset,
472 327 585 362 utrius
617 331 722 361 esset.
759 325 832 360 scio
859 325 1017 360 Servium
1040 336 1186 370 respon-

100 374 206 415 disse,
230 374 381 418 primum
406 372 625 417 sequendum
649 381 726 406 esse
746 370 841 415 quod
861 375 1049 415 appareret
1069 375 1188 406 actum

100 430 194 454 esse:
221 419 316 464 quod
339 418 369 453 si
391 417 428 452 in
453 418 605 452 obscuro
632 420 736 458 esset,
761 426 1005 461 quaecumque
1025 417 1125 461 glans
1145 426 1188 451 ex

99 465 153 499 his
178 464 364 499 arboribus
389 472 480 508 quae
505 472 632 498 caesae
650 472 722 496 non
742 465 862 496 essent
883 462 1079 503 cecidisset,
1103 471 1186 496 ven-

100 509 221 544 ditoris
247 510 365 551 esse¹,
399 519 477 543 eam
501 512 639 550 autem,
697 517 763 542 uae
786 506 824 541 in
848 507 1036 542 arboribus
1061 506 1189 542 fuisset

100 558 119 590 3
167 565 207 589 eo
222 558 381 599 tempore
394 565 475 589 cum
487 553 598 588 haec²
612 563 675 588 cae
703 556 855 594 crentur,
870 553 1048 597 emptoris.
1075 552 1187 587 Nemo

98 604 216 645 potest
240 599 350 634 videri
373 609 451 634 eam
474 609 548 634 rem
572 598 788 640 vendidisse,
823 597 866 632 de
898 598 998 632 cuius
1033 597 1186 632 dominio

98 645 133 680 id
157 646 284 690 agitur,
311 655 356 680 ne
379 645 426 680 ad
451 649 645 689 emptorem
669 647 840 683 transeat,
866 643 928 678 sed
952 644 1021 678 hoc
1047 647 1111 678 aut
1134 643 1186 678 lo-

100 691 191 726 catio
218 694 272 725 est
295 693 359 725 aut
382 690 503 724 aliud³
525 700 637 734 genus
663 693 881 724 contractus.

146 733 194 772 81
224 735 426 771 Scaevoia
447 735 537 771 libro
557 736 707 780 septimo
721 734 941 780 cliqestorum
976 734 1092 769 Titius
1107 745 1186 769 cum

98 786 238 816 mutuos
264 781 442 826 acciperet
461 784 515 815 tot
534 790 663 815 aureos
684 779 750 814 sub
773 779 902 821 usuris,
928 779 1024 814 dedit
1048 779 1186 824 pignori

99 827 170 862 sive
193 826 414 871 hypothecae
438 825 584 870 praedia
610 829 645 860 et
667 825 909 860 fideiussorem
933 825 1103 867 Lucium,
1130 824 1186 860 cui

99 872 261 916 promisit
291 872 385 906 intra
408 871 599 906 triennium
623 870 824 915 proximum
848 881 886 905 se
911 881 991 905 eum
1015 871 1185 905 liberatu-

98 928 193 952 rum:
220 917 316 962 quod
340 917 370 952 si
393 917 429 951 id
453 927 524 952 non
548 916 672 951 fecerit
697 915 753 950 die
778 926 886 960 supra
906 916 1040 960 scripta
1061 920 1095 951 et
1115 916 1184 950 sol-

97 962 185 997 verit
197 962 353 997 debitum
373 962 561 997 fideiussor
581 961 759 1002 creditori,
780 961 884 995 iussit
903 962 1049 1006 praedia
1069 965 1187 1006 empta

101 1008 220 1049 esse',
254 1018 345 1052 quae
378 1007 612 1043 creditoribus
646 1007 874 1050 obligaverat.
920 1018 1072 1051 quaero,
1105 1017 1186 1042 cum

98 1054 194 1087 non-‘¹
217 1053 264 1087 sit
287 1053 460 1088 liberatus
485 1053 618 1087 Lucius
650 1052 840 1086 fideiussor
864 1063 885 1086 a
911 1053 1025 1094 Titio,
1059 1063 1124 1094 an,
1157 1052 1187 1086 si

98 1099 238 1133 solverit
263 1098 444 1140 creditori,
478 1102 597 1142 empta
620 1098 769 1132 haberet
793 1108 900 1142 supra
925 1098 1059 1142 scripta
1083 1107 1185 1142 prae-

98 1143 165 1178 dia.
202 1144 394 1189 respondit,
421 1144 450 1179 si
475 1155 546 1178 non
569 1147 610 1178 ut
633 1143 668 1177 in
694 1153 838 1178 causam
863 1143 1099 1187 obligationis,
1124 1142 1187 1178 sed

98 1194 137 1224 ut
162 1193 279 1234 empta
302 1190 444 1231 habeat,
470 1189 534 1224 sub
561 1188 769 1223 condicione
795 1189 924 1232 emptio
950 1189 1049 1223 facta
1074 1192 1128 1223 est
1151 1192 1188 1223 et

101 1238 113 1269 1
166 1240 387 1270 contractam
407 1245 484 1270 esse
505 1234 765 1278 obligationem.
813 1233 947 1268 Lucius
967 1234 1082 1269 Titius
1102 1244 1186 1278 pro-

97 1280 191 1315 misit
215 1280 259 1315 de
281 1280 393 1315 fundo
419 1291 483 1316 suo
510 1284 651 1315 centum
675 1279 771 1314 milia
796 1279 994 1314 modiorum
1017 1278 1187 1314 frumenti

97 1336 216 1360 annua
250 1331 433 1370 praestare
468 1325 622 1370 praediis
654 1324 735 1359 Gaii
767 1324 855 1359 Seii:
893 1329 1019 1369 postea
1051 1324 1186 1359 Lucius

98 1371 212 1406 Titius
236 1371 393 1406 vendidit
415 1370 566 1405 fundum
591 1370 720 1405 additis
752 1370 869 1405 verbis
901 1370 975 1405 his:
1002 1374 1010 1388 ⁴
1038 1381 1083 1405 uo
1110 1370 1187 1404 iure

98 1420 250 1461 ‘quaque
275 1417 483 1452 condicione
509 1426 550 1450 ea
571 1415 718 1460 praedia
738 1415 840 1450 Lucii
861 1415 945 1450 Titii
965 1416 1012 1451 ho
1041 1416 1071 1451 'e
1092 1420 1187 1457 sunt,

97 1462 158 1496 ‘ita
182 1466 334 1497 veneunt
357 1463 477 1507 itaque
500 1461 759 1496 habebuntur':
785 1471 937 1505 quaero,
969 1472 1015 1496 an
1050 1465 1187 1505 emptor

98 1506 186 1542 Gaio
220 1507 299 1542 Seio
333 1508 378 1542 ad
408 1508 687 1552 praestationem
718 1506 887 1541 frumenti
921 1506 968 1541 sit
999 1506 1185 1542 obnoxius.

97 1553 280 1597 respondit
311 1557 506 1598 emptorem
540 1552 630 1587 Gaio
667 1551 747 1587 Seio
785 1551 982 1587 secundum
1018 1563 1060 1587 ea
1096 1562 1188 1597 quae

96 1603 381 1642 proponerentur
405 1598 598 1643 obligatum
623 1608 696 1633 non
722 1607 809 1632 esse.

593 1693 631 1730 ΙΙ
647 1691 672 1731 ⁶.

343 1759 402 1790 DE
428 1759 476 1790 IN
503 1758 620 1790 DIEM
646 1757 937 1790 ADDICTIONE.

145 1824 162 1861 1
192 1824 351 1860 Paows
379 1825 470 1859 libro
521 1825 621 1859 uinto
646 1825 696 1860 ad
719 1824 893 1860 Sabinum
941 1824 982 1858 In
1008 1823 1100 1858 diem
1124 1823 1186 1858 ad·

97 1870 202 1905 dictio
234 1871 284 1905 ita
316 1871 373 1905 fit:
401 1870 470 1904 ‘ille
511 1870 628 1904 undus
655 1874 797 1905 centum
830 1875 905 1904 esto
938 1869 1003 1904 tibi
1035 1873 1187 1913 emptus,

97 1915 175 1950 ‘nisi
206 1916 235 1950 si
268 1916 345 1960 quis
377 1915 472 1950 intra
506 1915 678 1951 kalendas
702 1915 887 1950 Ianuarias
911 1915 1091 1960 proximas
1115 1925 1187 1949 me-

97 1961 230 1995 ‘liorem
250 1961 493 1996 condicionem
509 1960 643 2003 fecerit,
669 1972 739 2005 quo
766 1971 822 1995 res
848 1971 869 1995 a
889 1960 1030 1995 domino
1056 1959 1187 1995 abeat)

143 2004 166 2042 2
207 2006 401 2041 Urmms
430 2006 520 2041 libro
552 2007 742 2041 vicensimo
776 2009 900 2041 octavo
933 2005 982 2040 ad
1013 2004 1186 2040 Sabinum

97 2052 267 2095 Quotiens
279 2051 411 2086 fundus
426 2052 461 2085 in
483 2051 574 2086 diem
595 2051 784 2092 addicitur,
805 2056 924 2086 utrum
944 2061 1038 2095 pura
1056 2050 1185 2095 emptio

97 2102 160 2139 est,
187 2097 249 2132 sed
273 2098 339 2132 sub
366 2097 574 2132 condicione
598 2097 803 2138 resolvitur,
829 2107 874 2131 an
899 2107 981 2131 vero
1008 2096 1186 2131 condicio-

97 2143 185 2177 nalis
211 2142 257 2177 sit
280 2143 390 2187 magis
416 2142 558 2186 emptio,
584 2142 801 2186 quaestionis
826 2146 890 2176 est.
929 2146 964 2177 et
986 2141 1070 2175 mihi
1090 2141 1185 2176 vide-

97 2193 154 2222 tur
178 2188 293 2223 verius
317 2188 507 2229 interesse,
533 2188 617 2232 quid
641 2192 760 2222 actum
785 2187 848 2221 sit:
884 2198 966 2221 nam
991 2187 1020 2221 si
1046 2186 1186 2231 quidem

96 2234 165 2268 hoc
191 2238 310 2268 actum
335 2238 406 2274 est,
440 2238 481 2267 ut
511 2233 655 2268 meliore
679 2233 788 2267 allata
813 2233 1046 2267 condicione⁷
1071 2232 1184 2267 disce-

98 2279 222 2321 datur,
256 2279 322 2313 erit
346 2289 436 2323 pura
460 2279 608 2322 emptio,
634 2289 725 2322 quae
750 2278 815 2312 sub
843 2278 1050 2312 condicione
1075 2277 1185 2312 resol-

97 2324 206 2359 vitur:
232 2324 287 2358 sin
307 2329 426 2358 autem
446 2324 514 2358 hoc
534 2328 655 2358 actum
669 2328 732 2365 est,
755 2329 795 2357 ut
815 2323 1022 2368 perficiatur
1043 2322 1185 2367 emptio,

99 2370 165 2404 nisi
188 2369 311 2404 melior
336 2369 496 2404 condicio
522 2368 712 2410 offeratur,
747 2369 813 2403 erit
843 2369 972 2412 emptio
1007 2367 1184 2402 condicio-

102 2418 113 2449 1
164 2415 265 2449 nalis.
315 2414 383 2450 Ubi
403 2415 509 2459 igitur
528 2414 722 2449 secundum
743 2413 839 2458 quod
859 2413 1082 2448 distinximus
1095 2423 1186 2492 Rura

97 2459 249 2495 venditio
276 2464 347 2502 est,
371 2460 529 2494 Iulianus
555 2459 679 2494 scribit
701 2459 816 2501 hunc,
850 2458 907 2493 cui
938 2469 994 2492 res
1025 2458 1062 2492 in
1119 2458 1186 2492 iem

98 2505 241 2540 addicta
266 2510 336 2546 est,
370 2510 405 2540 et
428 2515 627 2549 usucapere
650 2515 756 2549 posse
782 2508 816 2538 et
838 2504 979 2538 fructus
1005 2508 1039 2538 et
1063 2513 1185 2538 acces-

98 2551 214 2602 siones
238 2551 370 2585 lucrari
395 2555 429 2585 et
453 2550 648 2595 periculum
672 2550 718 2584 ad
744 2560 823 2585 eum
846 2549 1042 2594 pertinere,
1076 2549 1106 2583 si
1130 2559 1187 2583 res

97 2596 280 2636 interierit,

144 2639 166 2678 3
194 2641 249 2676 ΡΑ
258 2651 300 2676 UL
309 2651 351 2676 US
373 2641 463 2676 libro
485 2641 611 2685 quinto
632 2640 681 2675 acl
698 2639 869 2675 Sabinum
919 2639 1086 2683 quoniam
1105 2644 1186 2683 post

97 2687 276 2721 interitum
308 2687 359 2721 rei
382 2686 452 2720 iam
477 2696 542 2720 nec
568 2685 698 2720 adferri
722 2685 837 2729 possit
861 2685 984 2719 melior
1009 2684 1183 2719 condicio.

144 2731 168 2768 4
209 2731 402 2767 ULPJANUS
430 2731 520 2766 libro
552 2732 741 2766 vicensimo
774 2734 899 2766 octavo
932 2730 982 2764 ad
1011 2728 1185 2764 Sabinum

99 2777 169 2812 Ubi
193 2781 312 2812 autem
338 2776 591 2812 condicionalis
617 2776 769 2810 venditio
797 2779 868 2817 est,
901 2778 1008 2818 negat
1031 2774 1184 2818 Pompo-

100 2823 180 2857 nius
212 2832 410 2867 usucapere
443 2832 522 2856 eum
547 2831 652 2865 posse
677 2831 741 2855 nec
766 2821 904 2855 fructus
930 2820 976 2854 ad
1001 2830 1081 2854 eum
1104 2830 1185 2863 per-

102 2871 113 2901 1
166 2867 287 2902 tinere.
336 2867 433 2902 Idem
456 2867 615 2901 Iulianus
639 2866 728 2901 libro
754 2866 876 2910 quinto
908 2865 1043 2900 decimo
1077 2874 1184 2908 quae-

99 2913 155 2954 rit,
181 2913 211 2948 si
234 2923 290 2947 res
314 2913 350 2946 in
375 2912 465 2947 diem
489 2911 632 2946 addicta
654 2911 872 2946 interciderit
896 2910 951 2945 vel
975 2910 1105 2945 ancilla
1125 2909 1184 2944 de-

100 2958 264 2999 cesserit,
298 2968 343 2992 an
374 2962 498 3001 partus
524 2957 578 2991 vel
602 2957 740 2991 fructus
766 2956 841 2991 eius
867 2956 1008 2990 nomine
1032 2955 1183 2990 adiectio

101 3003 239 3037 admitti
275 3003 398 3047 possit.
448 3007 481 3037 et
517 3006 622 3046 negat
654 3001 907 3036 admittendam
940 3001 1184 3041 adiectionem,

101 3049 182 3093 quia
215 3049 359 3082 alterius
391 3048 441 3081 rei
497 3057 578 3081 uam
611 3048 683 3081 eius
718 3057 809 3091 quae
841 3046 1013 3081 distracta
1037 3050 1090 3080 est
1115 3056 1185 3079 non

101 3096 119 3127 2
169 3094 258 3128 solet
282 3093 432 3127 adiectio
459 3103 479 3127 a
506 3093 607 3126 mitti.
656 3092 753 3126 Idem
772 3092 930 3126 Iulianus
952 3091 1075 3126 eodem
1096 3091 1184 3125 libro

101 3139 234 3180 scribit,
259 3138 288 3173 si
312 3149 356 3173 ex
380 3138 517 3172 duobus
543 3137 651 3172 servis
671 3137 792 3181 viginti
812 3137 961 3171 venditis
981 3140 1016 3170 et
1034 3136 1071 3170 in
1095 3135 1185 3170 diem

101 3183 252 3218 addictis
287 3184 376 3217 alter
408 3183 617 3224 decesserit,
655 3182 780 3217 deinde
811 3182 917 3216 unius
953 3182 1094 3216 nomine
1126 3181 1186 3225 qui

102 3233 263 3272 superest
289 3232 425 3272 emptor
450 3228 626 3269 extiterit,
659 3227 719 3272 qui
751 3238 862 3271 supra
892 3226 1014 3270 viginti
1037 3227 1183 3271 promit—

102 3278 212 3314 teret,
245 3284 291 3308 an
315 3273 518 3308 discedatur
543 3284 565 3307 a
589 3272 707 3316 priore
732 3273 946 3307 contractu?
981 3275 1016 3306 et
1040 3271 1090 3305 ait
1114 3271 1184 3306 dis-

102 3319 249 3353 similem
275 3329 352 3353 esse
376 3318 470 3352 hanc
494 3318 648 3361 speciem
673 3321 798 3361 partus
823 3317 942 3361 specie
966 3322 1002 3351 et
1024 3316 1102 3351 ideo
1129 3317 1186 3350 hic

103 3363 234 3398 discedi
259 3374 280 3397 a
304 3364 420 3407 priore
445 3363 621 3406 emptione
641 3367 676 3397 et
696 3362 742 3396 ad
762 3362 952 3397 secundam
976 3361 1150 3406 perveniri
1162 3362 1184 3395 Β.

104 3412 122 3442 3
171 3408 238 3442 Sed
265 3412 300 3442 et
323 3408 514 3443 Marcellus
539 3408 628 3442 libro
662 3407 783 3451 quinto
816 3407 851 3441 di
875 3411 1031 3441 estorum
1063 3406 1188 3441 scribit

102 3463 189 3498 pure
212 3452 350 3487 vendito
376 3457 411 3487 et
433 3453 470 3487 in
494 3452 585 3487 diem
610 3452 751 3487 addicto
776 3451 840 3486 fun
866 3463 886 3486 o
909 3451 938 3486 si
959 3451 1081 3486 melior
1102 3462 1186 3485 con-

105 3498 195 3532 dicio
221 3498 329 3532 allata
352 3498 408 3538 sit,
433 3508 506 3532 rem
529 3497 667 3542 pignori
692 3507 769 3531 esse
793 3497 971 3538 desinere,
996 3496 1025 3530 si
1050 3500 1187 3540 emptor

1185 108 1270 156 235

2089 115 2233 157 XVIII
2272 119 2304 158 l.
2324 118 2348 157 2

1259 245 1340 270 eum
1359 234 1510 270 fundum
1529 234 1668 279 pignori
1690 235 1861 271 dedisset:
1889 248 1931 272 ex
1950 248 2020 282 quo
2042 238 2228 283 colligitur,
2254 239 2349 283 quod

1259 284 1397 325 emptor
1429 279 1544 315 medio
1577 284 1734 324 tempore
1767 281 1929 318 dominus
1963 283 2060 318 est¹³=
2094 284 2251 328 alioquin
2283 295 2349 319 nec

1259 329 1279 360 4
1326 325 1454 370 pignus
1468 329 1614 360 teneret.
1664 325 1760 360 Idem
1774 327 1931 362 Iulianus
1952 328 2042 364 libro
2066 330 2307 374 octagensimo
2324 331 2350 350 ¹⁰

1258 374 1385 406 octavo
1412 370 1628 415 digestorum
1652 371 1795 415 scripsit
1819 382 1916 415 eum,
1950 374 2009 417 qui
2033 375 2116 409 emit
2138 374 2289 410 fundum
2313 376 2349 409 in

1259 416 1369 457 diem,
1403 415 1593 450 interdicto
1627 416 1723 460 quod
1754 417 1788 450 vi
1819 422 1882 451 aut
1916 419 2006 453 clam
2029 420 2082 454 uti
2106 431 2231 464 posse:
2267 431 2349 455 nam

1258 462 1327 497 hoc
1351 461 1580 496 interdictum
1605 461 1636 495 ei
1661 462 1841 505 competit,
1868 463 1968 498 cuius
1992 463 2142 500 interest
2166 476 2256 511 opus
2277 476 2348 501 non

1258 516 1336 542 esse
1360 506 1508 541 factum.
1544 505 1657 541 fundo
1683 511 1822 549 autem,
1847 508 1980 552 inquit,
2012 510 2048 544 in
2080 510 2172 545 diem
2205 511 2348 546 addicto

1259 556 1293 587 et
1326 552 1550 587 commodum
1581 555 1617 586 et
1648 552 1911 588 incommodum
1942 564 2045 589 omne
2077 556 2123 590 ad
2156 567 2210 591 em
2237 561 2350 592 torem

1257 597 1427 642 pertinet,
1454 601 1646 642 antequam
1669 597 1823 633 venditio
1848 598 2103 642 transferatur,
2138 605 2172 635 et
2196 568 2294 643 ideo,
2320 601 2349 636 si

1257 643 1342 687 quid
1365 648 1450 677 tunc
1475 643 1508 677 vi
1541 647 1605 677 aut
1635 642 1725 677 clam
1757 642 1894 678 factum
1927 648 1999 685 est,
2036 647 2194 696 quamvis
2226 648 2350 682 melior

1258 688 1417 723 condicio
1443 688 1553 723 allata
1575 687 1696 729 fuerit,
1721 687 1799 732 ipse
1823 688 1909 723 utile
1933 689 2159 725 interdictum
2183 691 2348 727 habebit:

1257 733 1320 768 sed
1342 743 1419 768 eam
1439 733 1616 768 actionem
1637 734 1730 768 sicut
1751 734 1902 775 fructus,
1928 734 2053 779 inquit,
2078 747 2166 780 quos
2190 738 2348 782 percepit

1257 782 1276 813 5
1325 778 1456 813 venditi
1490 778 1622 813 iudicio
1658 783 1933 823 praestaturum.
1984 779 2071 814 Cum
2113 781 2220 825 igitur
2262 786 2349 818 tunc

1255 824 1444 859 recedatur
1465 824 1510 858 ab
1533 824 1710 869 emptione
1731 825 1804 864 (ubi
1824 835 1913 869 pure
1933 826 2168 868 contrahitur)
2192 828 2243 862 vel
2263 832 2350 863 tunc

1256 880 1328 904 non
1362 869 1552 914 impleatur
1585 869 1659 910 (ubi
1691 870 1757 904 sub
1790 870 2000 905 condicione
2033 870 2082 912 fit)
2118 883 2197 906 cum
2227 874 2350 908 melior

1257 914 1420 950 condicio
1454 915 1501 949 sit
1537 915 1665 949 allata:
1702 915 1733 950 si
1762 915 1876 950 falsus
1909 920 2046 960 emptor
2077 917 2258 952 subiectus
2292 919 2348 961 sit,

1257 961 1439 1004 eleganter
1471 960 1596 995 scribit
1626 959 1780 996 Sabinus
1815 961 1925 1006 priori
1960 972 2034 996 rem
2071 972 2148 997 esse
2184 968 2349 1007 emptam,

1257 1006 1341 1050 quia
1376 1016 1448 1040 non
1482 1005 1620 1040 videtur
1655 1005 1779 1040 melior
1825 1006 1986 1041 condicio
2022 1007 2131 1041 allata
2167 1019 2243 1043 esse
2278 1020 2349 1043 11011

1257 1051 1429 1086 existente
1459 1062 1542 1086 vero
1577 1056 1745 1095 emptore.
1784 1051 1847 1086 sed
1872 1056 1906 1086 et
1930 1051 1960 1086 si
1985 1052 2114 1087 existat
2139 1053 2229 1088 alius
2254 1064 2349 1099 emp-

1255 1100 1324 1138 tor,
1349 1097 1528 1131 meliorem
1552 1100 1671 1131 tamen
1696 1097 1940 1132 condicionem
1964 1108 2036 1132 non
2060 1097 2210 1139 adferat,
2237 1109 2350 1143 aeque

1259 1142 1447 1176 dicendum
1473 1142 1539 1176 erit
1570 1142 1716 1186 perinde
1749 1143 1892 1184 haberi,
1930 1153 1972 1177 ac
2005 1143 2036 1178 si
2067 1154 2139 1178 non
2172 1144 2348 1179 existeret.

1256 1190 1276 1222 6
1323 1187 1453 1222 Melior
1477 1191 1596 1222 autem
1622 1187 1785 1222 condicio
1819 1188 1950 1222 adferri
1983 1188 2139 1230 videtur,
2174 1189 2203 1223 si
2237 1190 2349 1233 pretio

1256 1233 1303 1268 sit
1327 1232 1497 1267 additum.
1535 1232 1598 1268 sed
1623 1237 1657 1268 et
1689 1233 1717 1268 si
1751 1233 1836 1268 nihil
1870 1233 1984 1278 pretio
2016 1234 2188 1276 addatur,
2221 1235 2349 1270 solutio

1255 1282 1375 1313 tamen
1408 1279 1580 1313 offeratur
1609 1278 1750 1313 facilior
1781 1279 1886 1323 pretii
1916 1279 1971 1314 vel
2002 1280 2192 1322 maturior,
2225 1281 2348 1315 melior

1258 1323 1419 1359 condicio
1445 1323 1578 1359 adferri
1601 1324 1751 1359 videtur.
1787 1329 1975 1369 praeterea
1999 1325 2029 1359 si
2053 1325 2154 1359 locus
2178 1331 2348 1370 opportu-

1258 1369 1337 1404 nior
1362 1369 1530 1405 solvendo
1554 1370 1668 1414 pretio
1695 1369 1853 1411 dicatur,
1888 1380 2000 1414 aeque
2031 1371 2154 1405 melior
2186 1371 2348 1406 condicio

1258 1415 1368 1449 allata
1392 1415 1550 1450 videtur:
1584 1419 1619 1449 et
1650 1414 1701 1449 ita
1725 1415 1943 1459 Pomponius
1965 1415 2064 1450 vlibro
2098 1426 2192 1450 nono
2218 1426 2260 1450 ex
2285 1416 2349 1450 Sa-

1258 1461 1341 1495 bino
1366 1460 1500 1495 scribit.
1537 1460 1631 1495 idem
1655 1460 1716 1502 ait,
1742 1465 1778 1495 et
1802 1461 1832 1495 si
1856 1471 2009 1504 persona
2032 1460 2180 1496 idoneor
2201 1461 2351 1496 accedat

1258 1505 1304 1540 ad
1337 1506 1569 1550 emptionem,
1603 1516 1715 1550 aeque
1746 1506 1856 1541 videri
1888 1506 2068 1541 meliorem
2105 1506 2348 1542 condicionem

1258 1551 1455 1586 allatam¹¹.
1504 1551 1654 1595 proinde
1689 1552 1719 1586 si
1755 1551 1833 1596 quis
1871 1551 2018 1587 accedat
2053 1551 2211 1586 eiusdem
2246 1552 2350 1596 pretii

1259 1601 1416 1640 emptor,
1450 1596 1513 1632 sed
1545 1597 1606 1641 qui
1637 1597 1826 1632 levioribus
1864 1602 1958 1631 emat
1995 1596 2264 1632 condicionibus
2295 1597 2349 1632 vel

1258 1642 1318 1687 qui
1331 1642 1600 1677 satisdationem
1614 1642 1747 1676 nullam
1767 1643 1894 1687 exigat,
1915 1642 2037 1677 melior
2056 1641 2217 1677 condicio
2239 1643 2349 1677 allata

1258 1687 1445 1722 videbitur.
1484 1698 1564 1731 ergo
1589 1688 1683 1722 idem
1708 1687 1774 1722 erit
1797 1687 2022 1732 probandum
2054 1691 2089 1722 et
2121 1687 2150 1721 si
2181 1687 2303 1722 viliore
2318 1688 2345 1708 ¹²

1259 1733 1371 1777 pretio
1398 1743 1513 1768 emere
1545 1733 1592 1767 sit
1622 1737 1791 1777 paratus,
1824 1743 1867 1767 ea
1897 1737 2016 1767 tamen
2047 1733 2223 1774 remittat,
2257 1744 2349 1778 quae

1258 1778 1432 1813 venditori
1455 1779 1576 1823 gravia
1601 1783 1703 1813 erant
1725 1779 1762 1812 in
1785 1779 1902 1823 priore
1927 1778 2116 1822 emptione.

1305 1822 1328 1860 5
1362 1823 1591 1858 POMPONIUS
1619 1824 1710 1859 libro
1740 1835 1836 1858 nono
1869 1824 1919 1858 ad
1948 1822 2122 1859 Sabinum
2170 1822 2348 1868 Quidquid

1259 1870 1351 1903 enim
1382 1869 1428 1903 ad
1458 1869 1647 1903 utilitatem
1678 1869 1870 1904 venditoris
1899 1869 2072 1914 pertinet,
2107 1879 2172 1913 pro
2204 1869 2349 1903 meliore

1260 1914 1467 1949 condicione
1491 1915 1613 1949 haberi
1638 1915 1752 1949 debet.

1304 1957 1328 1996 6
1369 1959 1564 1996 ULPJANUS
1592 1960 1682 1995 libro
1714 1960 1906 1995 vicensimo
1938 1963 2063 1995 octavo
2095 1959 2146 1994 ad
2176 1958 2346 1995 Sabinum

1256 2005 1346 2040 Item
1377 2005 1474 2050 quod
1498 2006 1631 2040 dictum
1656 2010 1710 2040 est
1733 2005 1873 2040 fructus
1897 2004 2034 2039 interea
2059 2009 2184 2049 captos
2211 2010 2345 2049 empto-

1256 2061 1331 2085 rem
1354 2051 1510 2095 priorem
1535 2051 1654 2095 sequi,
1679 2051 1810 2086 totiens
1835 2060 1956 2085 verum
1980 2054 2052 2091 est,
2078 2050 2242 2094 quotiens
2268 2051 2346 2084 nul-

1256 2096 1310 2131 lus
1337 2101 1475 2140 emptor
1497 2096 1627 2138 existit,
1653 2097 1713 2141 qui
1733 2096 1913 2131 meliorem
1933 2095 2177 2130 condicionem
2198 2095 2348 2137 adferat,

1257 2142 1311 2176 vel
1333 2141 1447 2176 falsus
1473 2142 1629 2176 exsistit:
1664 2142 1718 2176 sin
1734 2142 1761 2162 ¹³
1785 2152 1868 2176 vero
1894 2141 2029 2175 exstitit
2061 2145 2198 2185 emptor
2229 2145 2348 2185 poste-

1256 2187 1347 2228 rior,
1378 2186 1518 2222 fructus
1544 2187 1733 2222 refundere
1756 2187 1909 2230 priorem
1934 2186 2063 2221 debere
2095 2191 2254 2227 constat,
2287 2186 2349 2221 sed

1255 2231 1440 2267 venditori.
1479 2237 1514 2266 et
1544 2232 1596 2266 ita
1619 2232 1778 2267 Iulianus
1811 2232 1900 2266 libro
1927 2231 2220 2276 quadragensimo
2237 2232 2262 2252 ¹⁴
2287 2242 2347 2267 oc-

1259 2281 1271 2311 1
1323 2281 1405 2312 tavo
1438 2277 1654 2322 digestorum
1688 2277 1841 2321 scripsit.
1890 2276 1928 2311 Si
1965 2277 2041 2321 quis
2078 2277 2250 2318 extiterit,
2290 2277 2348 2321 qui

1256 2322 1437 2357 meliorem
1462 2322 1707 2357 condicionem
1732 2323 1889 2363 adferat,
1923 2322 2050 2356 deinde
2080 2322 2178 2366 prior
2211 2326 2346 2366 emptor

1256 2368 1423 2402 adversus
1452 2375 1535 2399 eum
1566 2366 1727 2402 licitatus
1759 2367 1806 2400 sit
1842 2370 1878 2400 et
1912 2376 2024 2410 penes
2056 2377 2137 2401 eum
2171 2368 2303 2411 emptio
2322 2368 2348 2387 ¹⁵

1257 2413 1476 2454 remanserit,
1502 2412 1660 2448 dubitari
1683 2413 1834 2457 poterit,
1866 2415 1986 2446 utrum
2017 2412 2156 2446 fructus
2181 2411 2258 2455 ipse
2283 2412 2345 2445 ha-

1256 2458 1357 2498 beat,
1384 2458 1486 2502 quasi
1509 2458 1608 2491 nulla
1631 2458 1775 2492 meliore
1801 2456 2009 2491 condicione
2033 2457 2161 2497 allata,
2194 2467 2240 2490 an
2265 2466 2346 2490 vero

1256 2503 1448 2537 venditoris
1474 2503 1562 2545 sint,
1587 2503 1670 2537 licet
1695 2502 1817 2536 eadem
1842 2502 1887 2536 sit
1911 2512 2084 2546 persona,
2111 2511 2201 2545 quae
2225 2501 2345 2536 molio-

1255 2559 1329 2582 rem
1354 2548 1599 2583 condicionem
1624 2547 1754 2581 attulit.
1793 2546 1887 2591 quod
1910 2546 2001 2580 ratio
2033 2545 2155 2581 facere
2187 2546 2341 2580 videtur:

1254 2593 1415 2628 intererit
1434 2598 1552 2628 tamen
1574 2592 1658 2637 quid
1679 2592 1751 2627 acti
1770 2593 1830 2626 sit:
1854 2596 1888 2626 et
1908 2592 1958 2625 ita
1971 2591 2188 2635 Pomponius
2211 2591 2335 2625 scribit

1305 2636 1326 2674 7
1354 2638 1514 2673 PAULUS
1543 2638 1633 2673 libro
1659 2638 1784 2681 quinto
1808 2637 1858 2671 acl
1881 2636 2054 2671 Sabinum
2101 2636 2204 2671 Licet
2228 2641 2343 2671 autem

1257 2683 1430 2718 venditori
1462 2684 1607 2718 meliore
1638 2684 1748 2717 allata
1780 2682 1989 2716 condicione
2025 2681 2190 2716 addicere
2225 2685 2344 2726 poste-

1255 2729 1351 2770 riori,
1376 2729 1443 2763 nisi
1468 2729 1564 2773 prior
1587 2732 1735 2772 paratus
1760 2727 1806 2762 sit
1829 2727 1909 2771 plus
1935 2726 2076 2761 adicere
2092 2727 2129 2761 ¹⁶.

1302 2771 1326 2811 8
1361 2773 1468 2808 IDEM
1495 2774 1586 2808 libro
1619 2773 1826 2818 trz'yensz'mo
1860 2773 1963 2806 tercio
1996 2772 2046 2806 ad
2074 2772 2227 2808 edictum
2274 2771 2344 2806 Ne—

1257 2829 1355 2854 cesse
1376 2824 1494 2853 autem
1514 2818 1660 2853 habebit
1680 2817 1840 2852 venditor
1860 2817 2004 2852 meliore
2018 2817 2226 2852 condicione
2238 2817 2346 2851 allata

1255 2865 1407 2908 priorem
1432 2868 1626 2908 emptorem
1651 2863 1837 2898 certiorem
1860 2861 1990 2903 facere,
2015 2866 2067 2904 ut,
2093 2862 2123 2897 si
2147 2862 2232 2907 quid
2256 2863 2345 2897 alius

1256 2909 1415 2950 adicit¹⁷,
1440 2909 1517 2953 ipse
1541 2918 1683 2952 quoque
1707 2907 1847 2942 adicere
1871 2908 1994 2952 possit.

1303 2952 1327 2991 9
1368 2953 1563 2989 &2201AEst
1591 2953 1681 2988 libro
1713 2954 1902 2988 vicensimo
1935 2956 2060 2988 octavo
2092 2952 2141 2988 ad
2172 2951 2343 2988 Sabinum

1255 2999 1409 3034 Sabinus
1435 2999 1559 3033 scribit
1578 2998 1686 3032 licere
1708 2998 1880 3033 venditori
1900 2998 2081 3033 meliorem
2101 2997 2344 3032 condicionem

1255 3045 1410 3079 oblatam
1436 3044 1576 3078 abicere
1600 3043 1772 3087 sequique
1795 3044 1945 3087 primam
1969 3043 2072 3087 quasi
2092 3043 2284 3083 meliorem,
2310 3048 2344 3077 et

1253 3090 1305 3124 ita
1328 3090 1469 3124 utimur.
1509 3088 1593 3132 quid
1617 3092 1754 3129 tamen,
1787 3088 1818 3122 si
1849 3088 1918 3122 hoc
1951 3093 2027 3123 erat
2052 3088 2260 3123 nominatim
2285 3097 2344 3121 ac-

1255 3139 1349 3175 tum,
1382 3139 1422 3168 ut
1455 3134 1578 3168 liceret
1609 3134 1743 3168 resilire
1776 3134 1927 3178 emptori
1958 3134 2101 3168 meliore
2139 3132 2344 3167 condicione

1255 3180 1389 3214 allata?
1422 3178 1609 3213 dicendum
1631 3179 1696 3213 erit
1717 3178 1926 3213 dissolutam
1945 3178 2097 3223 priorem
2121 3177 2343 3221 emptionem,

1256 3225 1393 3260 etiamsi
1418 3224 1578 3258 venditor
1603 3227 1808 3268 sequentem
1834 3234 1904 3258 non
1929 3223 2104 3258 admittat.

1306 3269 1354 3306 10
1380 3269 1574 3304 IULIANUS
1602 3269 1693 3304 libro
1718 3270 1822 3303 tertio
1846 3269 1983 3303 decimo
2007 3269 2225 3313 diyestorum
2274 3265 2342 3299 Sed

1256 3315 1286 3349 si
1311 3317 1532 3359 proponatur
1556 3324 1578 3347 a
1603 3313 1777 3349 creditore
1801 3314 1927 3358 pignus
1957 3314 1994 3348 in
2027 3313 2117 3347 diem
2150 3311 2341 3347 addictum,

1258 3371 1329 3394 non
1354 3363 1473 3403 potest
1495 3358 1608 3393 videri
1631 3359 1726 3394 bona
1757 3359 1827 3393 fide
1860 3359 2038 3403 negotium
2074 3357 2148 3400 agi,
2181 3355 2248 3389 nisi
2280 3354 2341 3387 ad-

1257 3405 1361 3440 iectio
1386 3404 1589 3447 recipiatur.
1628 3404 1711 3448 quid
1737 3415 1817 3448 ergo
1853 3408 1925 3445 est,
1959 3403 1989 3438 si
2012 3403 2114 3445 inops
2150 3404 2286 3443 emptor
2310 3403 2344 3432 et

1257 3448 1500 3493 impediendae
1512 3449 1757 3484 tantummodo
1772 3448 1982 3483 venditionis
2004 3457 2113 3482 causa
2133 3443 2342 3479 intervenit?

1257 3499 1375 3539 potest
1400 3493 1553 3527 creditor
1577 3494 1654 3528 sine
1677 3494 1835 3538 periculo
1860 3493 1970 3537 priori
1996 3490 2143 3534 emptori
2166 3489 2340 3523 addicere.

105 3613 144 3652 (1)
170 3610 300 3642 essetF
399 3610 442 3649 (2)
465 3611 528 3641 hae
542 3613 613 3642 dett.

104 3655 188 3688 Best
281 3658 321 3693 (5)
347 3664 415 3686 non
428 3653 535 3686 Scum
547 3654 593 3693 B,
607 3666 664 3686 om.
680 3654 713 3686 F

150 3704 194 3738 (e)
220 3700 299 3732 Sab.
316 3707 416 3736 1...18;
430 3699 494 3730 Ed.
510 3705 562 3736 193
576 3698 660 3740 Pap.
674 3706 721 3732 20.
734 3716 779 3722 -—
792 3699 877 3731 Bas.
895 3699 935 3730 19
961 3705 978 3730 2
1080 3700 1122 3734 (7)
1148 3696 1188 3727 ab

459 3745 501 3782 (8)
527 3743 672 3774 secunda
686 3743 858 3784 pervenire
872 3743 905 3774 F
969 3744 1013 3781 (9)
1038 3745 1103 3773 esst
1118 3741 1189 3776 ΓΜ,

718 3610 761 3650 (3)
787 3608 874 3641 alius
888 3610 920 3641 F
1013 3608 1056 3651 (4)
1082 3608 1113 3639 ei
1128 3609 1187 3640 ins.

107 3744 273 3785 emptione
288 3745 345 3776 ins.
362 3744 390 3776 S

1259 3608 1345 3637 esset
1357 3605 1427 3637 Fem

1259 3652 1317 3689 (12)
1343 3649 1455 3681 viliori
1469 3650 1502 3682 F

1260 3698 1317 3735 (15)
1343 3699 1454 3736 empto
1465 3695 1499 3727 F

1530 3607 1590 3646 (1ο)
1616 3606 1895 3648 quadragensimo
1908 3605 1941 3635 F
1947 3603 1961 3622 ²
2053 3604 2106 3642 (11)
2132 3601 2274 3650 essez'm.
2292 3598 2342 3629 F²

1636 3652 1692 3689 (13)
1718 3651 1780 3682 sim
1793 3650 1826 3682 F
1958 3649 2014 3686 (14)
2041 3649 2266 3685 octagensmm
2279 3655 2333 3676 scr.

1587 3698 1646 3736 (16)
1672 3695 1824 3727 addicere
1840 3695 1871 3726 F
1956 3693 2014 3732 (17)
2040 3689 2212 3721 addicitF

2003 3791 2066 3823 30*
