2528 3918
136 77 431 135 rns'rfflnu'ro
1223 85 1280 134 79

135 213 297 260 improbe
320 212 408 249 dixit
431 215 466 248 et
489 222 562 248 non
587 211 750 257 optinuit,
772 211 809 247 id
833 212 930 257 quod
952 212 989 247 in
1012 215 1227 248 testamento

136 258 277 305 accepit
308 257 458 304 perdere
487 261 525 293 et
553 257 591 292 id
621 256 710 293 fisco
743 256 917 298 vindicari
972 258 1052 294 uasi
1084 257 1227 303 indigno

135 305 308 340 ablatum.
356 302 420 338 sed
451 302 484 337 ei
515 301 657 349 demum
692 301 855 338 aufertur
885 313 955 348 quo
1013 306 1227 339 testamento

136 349 259 384 datum
290 351 362 390 est,
399 347 460 393 qui
490 357 605 392 usque
638 347 684 382 ad
716 348 930 384 sententiam
960 348 1142 384 iudicum¹
1166 347 1229 383 lite

134 393 297 440 improba
318 393 616 438 perseveraverit:
652 396 810 429 ceterum
843 393 873 428 si
906 397 991 430 ante
1015 393 1228 430 sententiam

63 471 69 479 .,
135 438 271 475 destitit
291 437 347 473 vel
371 437 534 481 decessit,
558 448 633 474 non
656 438 689 473 ei
712 438 875 473 aufertur
894 439 991 484 quod
1011 439 1135 475 datum
1154 442 1226 475 est:

134 483 283 530 proinde
315 486 351 518 et
382 483 413 519 si
435 483 585 519 absente
609 493 651 519 eo
676 483 873 519 secundum
895 488 1121 529 praesentem
1143 495 1227 530 pro-

134 529 329 571 nuntietur,
353 531 475 574 potest
498 527 568 564 diei
593 529 876 564 conservandum
901 529 933 564 ei
956 530 1053 576 quod
1076 530 1226 576 accepit.

134 585 175 610 eo
200 577 319 610 autem
342 573 420 609 solo
447 583 571 610 carere
604 574 683 619 quis
717 573 843 617 debet,
877 574 979 611 cuius
1011 576 1227 612 emolumen-

135 623 210 655 tum
235 619 282 654 ad
305 629 386 654 eum
408 619 580 665 pertinet:
615 622 772 655 ceterum
796 619 827 655 si
849 619 887 655 id
909 630 950 656 ro
975 624 1057 657 atus
1080 620 1149 657 fuit
1170 630 1227 656 re-

134 665 299 707 stituere,
334 674 408 700 non
442 664 549 700 debet
578 664 709 700 iniuria
739 664 817 701 fieri
825 665 851 700 ².
899 676 950 700 un
976 677 996 701 e
1029 677 1103 702 non
1135 666 1229 702 male

132 710 351 756 Papinianus
362 709 454 745 libro
476 709 633 745 secundo
654 720 909 756 responsorum
928 711 1049 754 refert,
1074 711 1105 747 si
1125 712 1227 748 heres

132 755 202 790 fuit
213 755 398 790 institutus
411 758 447 790 et
457 759 604 800 rogatus
624 756 813 791 restituere
833 756 1079 800 hereditatem,
1103 756 1229 792 deinde

132 801 170 835 in
194 800 351 846 querella
372 799 563 836 inofficiosi
586 811 659 836 non
682 811 703 836 o
730 801 847 844 tinuit,
871 801 910 837 id
930 802 1027 848 quod
1045 802 1124 838 iure
1141 801 1228 837 Fal-

137 849 175 880 15
225 845 338 881 cidiae
359 845 478 891 potuit
499 846 632 882 habere
656 813 771 881 soffim
794 846 955 892 perdere.
1004 847 1042 883 Si
1061 848 1141 893 quis
1161 847 1227 882 im-

132 891 247 937 pubes
271 890 465 936 adrogatus
490 891 538 926 sit
561 902 605 927 ex
635 891 691 926 his
726 892 908 937 personis,
968 903 1038 928 uae
1070 896 1107 928 et
1138 893 1227 928 citra

133 936 363 982 adoptionem
395 939 431 972 et
461 937 783 982 emancipationem
814 937 915 983 queri
974 948 994 973 e
1024 937 1226 974 inofficioso

158 985 294 1025 ossunt,
319 981 416 1016 hunc
439 985 527 1026 puto
551 982 803 1018 removendum
826 993 849 1017 a
892 983 1037 1026 uerella,
1063 994 1144 1019 cum
1161 983 1226 1018 ha-

132 993 220 1062 {eat
252 1030 416 1072 quartam
440 1037 485 1062 ex
509 1027 764 1063 constitutione
788 1028 857 1063 divi
910 1029 946 1064 ii.
984 1029 1080 1075 quod
1103 1028 1135 1064 si
1158 1028 1229 1074 egit

132 1082 198 1107 nec
222 1071 396 1117 optinuit,
421 1082 469 1107 an
492 1076 657 1117 quartam
680 1073 836 1118 perdat?
869 1077 904 1109 et
961 1077 1025 1109 uto
1058 1077 1123 1109 aut
1154 1085 1228 1109 non

132 1117 393 1153 admittendum
417 1117 463 1152 ad
486 1117 739 1161 inofficiosum,
765 1122 830 1153 aut
852 1118 883 1154 si
907 1129 929 1154 a
992 1119 1136 1162 'ttatur,
1161 1119 1228 1155 etsi

131 1174 204 1198 non
228 1162 435 1209 optinuerit,
459 1166 625 1208 quartam
648 1163 681 1198 ei
705 1164 808 1209 quasi
831 1174 892 1200 aes
916 1165 1072 1200 alienum
1097 1175 1226 1200 conce·

133 1211 175 1244 16
222 1207 385 1243 dendam.
435 1207 472 1243 Si
503 1218 547 1243 ex
579 1219 689 1244 causa
721 1209 765 1244 de
795 1209 988 1245 inofficiosi
1022 1210 1228 1255 cognoverit

130 1253 239 1289 iudex
251 1257 287 1289 et
304 1253 590 1299 pronuntiaverit
609 1257 736 1290 contra
756 1258 1009 1291 testamentum
1029 1265 1097 1291 nec
1118 1254 1228 1291 fuerit

131 1302 383 1343 provocatum,
414 1298 494 1344 ipso
517 1299 597 1335 iure
618 1299 812 1335 rescissum
837 1304 908 1336 est:
945 1304 981 1336 et
1010 1311 1097 1336 suus
1121 1301 1225 1336 heres

133 1345 200 1379 erit
232 1343 430 1380 secundum
455 1354 559 1389 quem
581 1345 778 1380 iudicatum
803 1350 858 1381 est
881 1350 917 1381 et
940 1346 1116 1382 bonorum
1140 1356 1224 1398 pos-

131 1399 268 1432 sessor,
301 1390 331 1424 si
363 1390 433 1424 hoc
465 1399 504 1425 se
535 1390 736 1426 contendit:
770 1394 806 1426 et
837 1391 1020 1427 libertates
1044 1392 1123 1437 ipso
1147 1401 1225 1426 lure

131 1445 203 1471 non
226 1435 365 1471 valent:
391 1444 458 1470 nec
481 1435 599 1480 legata
623 1435 810 1479 debentur,
835 1437 898 1472 sed
918 1436 1037 1472 soluta
1056 1440 1224 1482 repetun-

130 1484 191 1516 tur
214 1484 277 1516 aut
299 1480 346 1515 ab
372 1489 413 1515 eo
439 1481 499 1526 qui
523 1481 645 1517 solvit:
679 1484 744 1516 aut
774 1482 819 1517 ab
852 1493 893 1518 eo
927 1482 988 1527 qui
1011 1482 1167 1528 optinuit
1189 1485 1226 1517 et

130 1526 221 1561 haec
255 1525 335 1560 utili
370 1525 513 1561 actione
548 1529 771 1572 repetuntur.
815 1526 891 1563 fere
926 1531 1047 1563 autem
1077 1527 1109 1563 si
1141 1531 1225 1563 ante

133 1571 412 1606 controversiam
423 1574 556 1607 motam
568 1572 688 1608 soluta
700 1575 794 1615 sunt,
841 1573 879 1608 ui
899 1573 1055 1618 optinuit
1073 1573 1222 1618 repetit:

133 1620 168 1652 et
190 1616 244 1651 ita
275 1616 377 1652 divus
398 1616 604 1653 Hadrianus
638 1621 674 1653 et
706 1617 806 1653 divus
818 1584 917 1654 qPius
949 1619 1222 1664 rescripserunt.

133 1665 173 1696 17
220 1661 332 1696 Plane
371 1662 401 1697 si
439 1666 522 1708 post
556 1662 836 1708 quinquennium
869 1663 1111 1699 inofficiosum
1154 1663 1225 1699 dici

131 1710 297 1752 coeptum
317 1710 373 1742 est
392 1718 437 1743 ex
464 1718 593 1753 magna
617 1712 653 1744 et
675 1708 771 1744 iusta
795 1719 917 1752 causa,
941 1709 1127 1745 libertates
1151 1720 1224 1744 non

132 1763 209 1788 esse
243 1753 482 1796 revocandas,
520 1764 611 1799 quae
647 1754 906 1799 competierunt
939 1754 996 1790 vel
1029 1755 1225 1800 praestitae

132 1801 226 1840 sunt,
252 1797 316 1833 sed
334 1798 455 1843 viginti
475 1809 603 1834 aureos
623 1809 645 1834 a
662 1799 810 1844 singulis
830 1799 1066 1844 praestandos
1085 1800 1222 1836 victori.

178 1840 203 1880 9
227 1842 484 1879 Moosssmws
503 1844 594 1880 libro
617 1845 800 1891 sinqulari
821 1845 866 1881 de
889 1845 1097 1892 inofficioso
1118 1848 1225 1880 testa-

131 1891 249 1924 mento
296 1888 334 1923 Si
365 1892 484 1924 autem
518 1889 612 1924 intra
644 1890 924 1935 quinquennium
957 1890 1086 1935 egerit,
1117 1890 1223 1926 liber-

129 1937 222 1968 tates
253 1944 325 1969 non
358 1938 575 1980 competunt.
612 1935 675 1970 sed
709 1935 844 1971 Paulus
874 1936 925 1971 ait
957 1939 1224 1988 praestaturum

129 1979 212 2014 fidei
236 1979 444 2015 commissas
467 1980 662 2022 libertates,
688 1981 825 2016 scilicet
847 1981 970 2026 viginti
994 1981 1111 2016 aureis
1132 1984 1168 2016 et
1185 1981 1224 2016 in

130 2024 200 2060 hoc
225 2034 313 2059 casu
336 2034 358 2059 a
381 2025 527 2069 singulis
576 2026 788 2060 raestandis.

180 2067 231 2107 10
256 2068 446 2104 MARCELL
454 2079 498 2104 es
526 2070 554 2104 li
575 2080 617 2104 ro
652 2071 757 2105 tertio
793 2070 1015 2117 diqestorum
1062 2069 1101 2105 Si
1138 2080 1223 2115 pars

129 2114 365 2150 iudicantium
396 2114 441 2149 de
471 2114 672 2150 inofficioso
702 2118 917 2151 testamento
951 2118 1078 2151 contra
1111 2118 1223 2150 testa-

131 2162 299 2203 mentum,
323 2169 409 2204 pars
434 2159 630 2195 secundum
653 2160 690 2195 id
714 2160 928 2196 sententiam
952 2160 1100 2203 dederit,
1126 2159 1222 2205 quod

130 2204 308 2240 interdum
331 2204 410 2240 fieri
431 2205 542 2248 solet,
573 2205 764 2242 humanius
797 2206 864 2242 erit
887 2206 987 2251 sequi
1011 2206 1086 2241 eius
1110 2205 1224 2251 partis

131 2250 343 2285 sententiam
383 2260 476 2295 quae
511 2250 707 2286 secundum
741 2254 995 2287 testamentum
1030 2250 1222 2296 spectavit:

130 2295 198 2330 nisi
222 2295 253 2330 si
275 2298 398 2341 aperte
420 2295 555 2331 iudices
577 2295 698 2342 inique
731 2296 927 2332 secundum
958 2297 1130 2342 scriptum
1161 2296 1223 2331 he-

135 2343 149 2375 1
197 2340 318 2376 redem
326 2341 578 2385 pronuntiasse
588 2342 786 2387 apparebit.
834 2342 927 2377 Illud
935 2342 1161 2378 notissimum
1170 2345 1225 2377 est

132 2396 212 2420 eum
237 2386 297 2431 qui
319 2386 476 2431 legatum
498 2387 700 2438 perceperit
723 2398 796 2422 non
818 2391 917 2423 recte
949 2387 993 2423 de
1022 2386 1223 2423 inofficioso

131 2434 345 2467 testamento
364 2431 553 2473 dicturum,
579 2432 647 2467 msi
670 2432 707 2467 id
729 2435 846 2468 totum
869 2432 930 2468 alii
953 2432 1221 2468 administravit.

180 2475 228 2514 11
256 2475 512 2512 MODESTINUS
531 2477 623 2512 libro
648 2478 753 2513 tertio
776 2488 1035 2524 responsorum
1069 2477 1224 2513 Etiamsi

132 2521 291 2567 querella
324 2521 515 2557 inofficiosi
547 2523 751 2558 testamenti
787 2523 1000 2568 optinuerit,
1036 2533 1110 2558 nou
1142 2522 1223 2558 ideo

131 2570 251 2602 tamen
269 2566 490 2609 donationes,
516 2577 606 2612 quas
629 2567 728 2603 vivus
753 2568 811 2603 ei³
832 2568 1027 2613 perfecisse
1053 2567 1223 2613 proponi-

130 2615 200 2654 tur,
224 2611 395 2647 infirmari
418 2623 534 2657 neque
556 2613 593 2647 in
617 2611 737 2648 dotem
761 2613 925 2649 datorum
947 2617 1087 2659 partem
1110 2612 1223 2649 vindi-

133 2657 208 2693 can'
230 2667 337 2703 posse
359 2657 538 2703 respondi.

182 2699 232 2739 12
258 2702 367 2737 IDEM
373 2702 465 2739 libro
477 2703 660 2750 sinqulari
669 2703 714 2738 de
719 2703 1078 2750 praescriptionibus
1123 2702 1222 2739 Nihil

131 2747 280 2782 interest
303 2747 372 2783 sibi
402 2747 568 2784 relictum
598 2748 754 2794 legatum
776 2748 871 2783 filius
896 2748 1134 2784 exheredatus
1159 2749 1222 2784 ad-

131 2792 291 2837 gnoverit
327 2802 374 2828 an
408 2792 481 2828 filio
517 2804 663 2829 servove
704 2794 869 2829 relictum
906 2797 1121 2829 consecutus
1156 2794 1220 2829 sit:

132 2838 323 2890 utrubique
356 2838 448 2873 enim
486 2839 769 2885 praescriptione
810 2838 1087 2874 submovebitur.
1137 2839 1222 2884 quin

134 2883 272 2918 etiamsl
295 2882 389 2919 idem
408 2883 611 2919 institutum
631 2895 772 2920 servum
783 2884 992 2929 priusquam
1005 2883 1104 2919 adire
1118 2884 1220 2919 here-

134 2928 279 2962 ditatem
294 2928 434 2963 iuberet
449 2929 705 2972 manumiserit‚
729 2933 771 2964 ut
793 2929 853 2964 ille
869 2939 933 2964 suo
951 2929 1099 2965 arbitrio
1116 2929 1223 2964 adeat

132 2973 375 3016 hereditatem,
400 2973 506 3019 idque
529 2973 758 3010 fraudulento
783 2974 931 3010 consilio
954 2974 1092 3017 fecerit,
1126 2984 1221 3009 sum-

136 3021 151 3052 1
201 3018 400 3054 movebitur
431 3019 477 3053 ab
509 3019 661 3054 actione.
712 3019 750 3055 Si
783 3030 806 3054 a
837 3019 1047 3055 statulibero
1073 3019 1218 3055 exhere-

133 3062 237 3098 datus
273 3063 462 3108 pecuniam
498 3067 619 3109 petere
655 3064 830 3110 coeperit,
865 3064 976 3100 videri
1011 3064 1057 3100 ad
1107 3064 1222 3100 ovisse

134 3110 154 3142 2
199 3109 357 3161 parentis
369 3108 548 3144 iudicium.
596 3109 634 3144 Si
647 3120 728 3145 cum
738 3109 834 3145 filius
847 3109 1052 3155 ademptum
1080 3114 1222 3156 egatum

133 3153 326 3188 instituerit
347 3157 480 3198 petere,
521 3158 718 3190 summotus
749 3158 890 3200 repetat
918 3154 1111 3191 inofficiosi
1134 3167 1220 3201 que-

133 3198 267 3242 rellam,
291 3199 573 3244 praescriptione
597 3199 831 3235 removendus
855 3210 929 3235 non
954 3204 1025 3235 est:
1060 3201 1220 3246 quamvis

136 3243 229 3277 enim
252 3243 388 3287 agendo
411 3247 663 3280 testamentum
687 3245 993 3290 comprobauerit,
1024 3249 1143 3281 tamen
1168 3251 1222 3282 est

135 3287 288 3332 aliquid,
325 3288 420 3333 quod
450 3290 633 3325 testatoris
665 3290 750 3325 vitio
781 3293 987 3335 reputetur,
1022 3294 1064 3326 ut
1094 3292 1219 3327 merito

135 3334 155 3366 3
202 3333 424 3376 repellendus
457 3344 530 3369 non
563 3334 619 3370 sit.
668 3334 781 3370 Filius
813 3335 1013 3378 testatoris,
1046 3336 1107 3381 qui
1140 3347 1221 3372 cum

135 3375 230 3411 Titio
255 3377 410 3413 eiusdem
433 3379 606 3424 pecuniae
624 3390 705 3415 reus
732 3379 862 3423 fuerat,
885 3380 1095 3416 liberatione
1122 3381 1217 3417 Titio

134 3420 340 3473 legata-per
363 3424 670 3468 acceptilationem
695 3424 779 3460 Titii
810 3425 982 3461 liberatus
1006 3426 1051 3461 ab
1076 3427 1218 3462 actione

134 3465 325 3501 inofficiosi
347 3478 420 3502 non
443 3470 731 3505 summovebitur.

185 3508 234 3547 13
260 3509 462 3547 SoAEVOLA
476 3514 566 3549 libro
581 3515 685 3549 tertio
697 3525 954 3561 responsorum
1002 3514 1098 3550 Titia
1108 3515 1218 3551 filiam

136 3555 302 3590 heredem
325 3556 489 3600 instituit,
513 3558 613 3594 filio⁴
636 3558 792 3604 legatum
816 3559 931 3595 dedit:
958 3560 1081 3596 eodem
1104 3564 1216 3596 testa-

137 3668 177 3708 (1)
190 3668 226 3699 in
240 3668 299 3701 ins.
314 3668 406 3702 Best.
466 3670 509 3711 (2)
523 3670 622 3703 alteri
635 3673 696 3706 ins.
763 3673 806 3713 (3)
820 3674 864 3714 ei]
878 3676 911 3706 et
922 3686 984 3707 scr.
1056 3675 1098 3717 (4)
1111 3674 1216 3706 filium

136 3711 168 3744 h.
183 3711 205 3743 i.
220 3712 309 3745 filiae
326 3713 478 3747 Cuiacius
566 3717 608 3755 (5)
634 3716 683 3748 ita
697 3729 754 3750 om.
769 3717 804 3749 F
813 3717 823 3737 ¹
905 3719 948 3757 (6)
973 3718 1045 3751 fieri
1059 3720 1118 3751 ins.
1134 3719 1216 3752 Hal.

2302 93 2395 135 V2

1297 214 1417 247 mento
1441 211 1517 247 ita⁵
1549 212 1661 247 cavit:
1696 213 1772 248 ‘Ea
1803 213 1923 249 omnia
1955 223 2046 259 quae
2079 223 2121 249 su
2148 223 2190 248 ra
2215 212 2294 249 dari
2317 214 2395 250 fieri

1298 257 1417 298 ‘iussi,
1449 267 1493 292 ea
1516 256 1595 292 dari
1618 257 1696 293 fieri
1719 259 1800 294 volo
1825 259 1871 294 ab
1897 259 1994 294 omni
2016 259 2082 294 her
2129 268 2149 294 e
2172 258 2395 295 bonorumve

1298 305 1517 348 ‘possessore
1541 302 1601 355 qui
1623 302 1710 338 mihi
1733 303 1801 338 erit
1834 304 1940 339 etiam
1972 305 2051 340 iure
2080 304 2275 340 intestato:
2310 305 2395 341 item

1298 350 1402 392 ‘quae
1426 347 1528 382 dari⁶
1550 358 1699 391 mssero,
1726 359 1768 384 ea
1791 348 1844 383 uti
1868 349 1995 384 dentur
2015 349 2186 395 fiantque,
2209 348 2294 385 fidei
2318 350 2395 386 eius

1297 392 1519 428 ‘committo.'
1552 393 1753 438 quaesitum
1778 397 1851 436 est,
1888 394 1918 429 si
1942 405 2044 430 soror
2068 394 2316 431 centumvirali
2337 395 2393 431 iu-

1297 437 1391 473 dicio
1414 438 1628 483 optinuerit,
1663 449 1711 474 an
1741 438 2017 474 fideicommissa
2052 450 2096 475 ex
2129 440 2248 486 capite
2281 451 2395 487 supra

1297 483 1432 528 scripto
1466 483 1674 519 debeantur.
1711 484 1900 530 respondi:
1934 484 1964 520 si
1995 485 2064 520 hoc
2097 489 2311 530 quaeratur,
2346 496 2395 522 an

1296 528 1375 564 iure
1399 538 1540 571 eorum,
1572 539 1662 574 quos
1687 530 1766 575 quis
1791 529 1860 565 sibi
1884 529 1930 565 ab
1953 529 2124 566 intestato
2151 531 2301 567 heredes
2326 531 2392 567 bo-

1297 584 1469 609 norumve
1491 584 1720 619 possessores
1744 585 1975 610 successuros
2000 575 2143 619 credat,
2176 575 2261 612 fidei
2294 587 2392 613 com-

1298 619 1439 655 mittere
1450 620 1577 665 possit,
1598 619 1769 665 respondi
1780 630 1898 666 posse.
1946 619 2054 655 Pam
2062 623 2239 657 Usnotat:
2287 622 2395 658 robat

1298 668 1417 700 autem
1448 674 1516 700 nec
1550 664 1827 701 fideicommissa
1858 665 1904 701 ab
1934 665 2106 701 intestato
2139 665 2225 701 data
2282 667 2393 711 eberi,

1298 710 1401 755 quasi
1426 720 1448 744 a
1472 710 1647 746 demente.

1347 753 1398 792 14
1422 754 1671 791 PAPINIANUS
1700 756 1793 791 libro
1825 756 1952 802 quinto
1984 756 2238 802 quaestionum
2284 757 2395 794 Pater

1297 799 1409 836 filium
1434 801 1671 847 emancipavit
1694 804 1731 837 et
1753 804 1921 847 nepotem
1944 811 1989 837 ex
2013 811 2055 836 eo
2079 801 2245 837 retinuit:
2271 813 2393 839 eman-

1298 846 1439 891 cipatus
1475 850 1644 892 suscepto
1679 850 1809 892 postea
1850 846 1944 889 filio,
1991 847 2132 882 duobus
2168 847 2393 884 exheredatis

1297 896 1400 937 patre
1423 892 1618 937 praeterito
1650 892 1725 927 vita
1756 891 1920 928 decessit.
1957 892 1995 927 in
2027 892 2237 938 quaestione
2270 892 2314 928 de
2336 894 2391 929 in-

1297 936 1451 972 officiosi
1473 938 1680 973 testamenti
1702 937 1940 982 praecedente
1964 948 2076 973 causa
2099 937 2255 973 filiorum
2277 939 2391 983 patris

1296 982 1447 1018 intentio
1469 983 1588 1018 adhuc
1610 983 1754 1028 pendet.
1781 983 1878 1028 quod
1898 983 1929 1018 si
1949 986 2076 1018 contra
2087 983 2180 1018 filios
2201 982 2391 1027 iudicetur,

1296 1031 1400 1108 patqr
1435 1028 1482 1063 ad
1518 1028 1711 1073 querellam
1754 1032 1904 1064 vocatur
1948 1032 1984 1064 et
2019 1038 2121 1064 suam
2154 1028 2392 1064 intentionem

1295 1084 1344 1108 im
1384 1083 1443 1108 ere
1492 1078 1598 1109 otest.

1310 1136 1315 1138 -
1344 1084 1396 1155 ῗῧ
1421 1085 1531 1154 1132ss
1556 1119 1648 1155 libro
1673 1122 1805 1164 quarto
1838 1118 1974 1154 decimo
1999 1119 2253 1164 quaestionum
2299 1119 2392 1155 Nam

1296 1164 1363 1199 etsi
1382 1164 1593 1210 parentibus
1612 1174 1685 1200 non
1707 1163 1858 1199 debetur
1877 1164 2032 1200 filiorum
2052 1163 2232 1200 hereditas
2245 1168 2394 1217 propter

1294 1214 1416 1245 votum
1439 1209 1641 1255 parentium
1666 1212 1702 1244 et
1733 1210 1935 1244 naturalem
1959 1219 2045 1256 erga
2066 1209 2159 1245 filios
2185 1213 2390 1245 caritatem:

1296 1255 1443 1290 turbato
1467 1259 1588 1291 tamen
1612 1254 1737 1290 ordine
1769 1255 1998 1290 mortalitatis
2022 1266 2096 1290 non
2120 1255 2236 1290 minus
2287 1265 2391 1291 aren-

1300 1304 1311 1335 1
1363 1301 1459 1336 tibus
1480 1311 1586 1346 quam
1605 1300 1726 1336 liberis
1746 1300 1804 1345 pie
1824 1301 1977 1346 relinqui
1997 1300 2113 1336 debet.
2149 1301 2244 1336 Here
2273 1300 2280 1307 '
2304 1300 2391 1343 eius,

1295 1346 1356 1391 qui
1390 1350 1474 1391 post
1508 1346 1605 1382 litem
1641 1345 1686 1381 de
1718 1345 1919 1381 inofficioso
1955 1349 2211 1391 praeparatam
2252 1349 2391 1381 mutata

1295 1391 1479 1427 voluntate
1503 1391 1667 1433 decessit,
1691 1402 1765 1427 non
1789 1391 1896 1426 datur
1921 1391 1965 1426 de
1987 1391 2190 1427 inofficioso
2213 1391 2390 1437 querella:

1294 1447 1367 1473 non
1392 1437 1486 1472 enim
1510 1436 1645 1473 sufficit
1667 1436 1765 1472 litem
1788 1436 1993 1480 instituere,
2028 1437 2060 1472 si
2083 1447 2156 1472 non
2180 1437 2218 1471 in
2243 1447 2286 1472 ea
2308 1447 2390 1482 per-

1295 1485 1314 1517 2
1363 1486 1511 1518 severet.
1548 1482 1674 1525 Filius,
1700 1482 1761 1527 qui
1781 1482 1825 1517 de
1843 1482 2036 1518 inofficiosi
2056 1482 2200 1518 actione
2221 1481 2390 1518 adversus

1295 1527 1386 1563 duos
1418 1528 1568 1563 heredes
1603 1531 1771 1580 expertus
1804 1527 1962 1563 diversas
1994 1527 2191 1563 sententias
2231 1527 2390 1563 iudicum

1293 1573 1378 1608 tulit
1402 1577 1438 1608 et
1460 1584 1571 1608 unum
1594 1573 1689 1616 vicit,
1715 1573 1761 1608 ab
1786 1573 1898 1609 altero
1923 1576 2113 1618 superatus
2138 1576 2204 1615 est,
2229 1576 2265 1608 et
2289 1572 2388 1608 debi-

1293 1621 1390 1654 tores
1416 1619 1605 1654 convenire
1631 1622 1667 1653 et
1690 1618 1768 1664 ipse
1800 1629 1822 1654 a
1846 1618 2084 1654 creditoribus
2118 1617 2300 1653 conveniri
2322 1628 2389 1663 pro

1293 1667 1396 1709 parte
1419 1668 1541 1709 potest
1565 1668 1601 1699 et
1626 1673 1779 1709 corpora
1800 1663 1982 1699 vindicare
2016 1667 2052 1699 et
2073 1663 2308 1698 hereditatem
2334 1662 2388 1698 di-

1293 1709 1430 1745 videre:
1456 1719 1578 1745 verum
1600 1710 1692 1744 enim
1714 1712 1768 1744 est
1790 1708 1947 1744 familiae
1967 1708 2200 1745 erciscundae
2219 1708 2390 1744 iudicium

1295 1758 1518 1800 competere,
1554 1755 1640 1800 quia
1671 1754 1849 1790 credimus
1881 1765 1961 1790 eum
1995 1754 2188 1799 legitimum
2222 1754 2389 1790 heredem

1292 1811 1359 1845 pro
1383 1804 1487 1846 parte
1512 1811 1591 1837 esse
1623 1800 1778 1836 factum:
1813 1803 1850 1835 et
1879 1799 1960 1835 ideo
1992 1810 2078 1845 pars
2111 1799 2320 1835 hereditatis
2351 1799 2389 1834 in

1292 1849 1507 1881 testamento
1527 1845 1709 1887 remansit,
1734 1856 1801 1880 nec
1821 1845 2019 1880 absurdum
2038 1845 2179 1880 videtur
2198 1855 2263 1890 pro
2284 1848 2390 1890 parte

1293 1891 1501 1926 intestatum
1525 1891 1646 1927 videri.

1344 1934 1395 1974 16
1419 1936 1529 1971 loru
1547 1937 1638 1973 libro
1662 1936 1819 1972 secundo
1839 1946 2097 1982 responsorum
2133 1935 2237 1979 Filio,
2263 1935 2324 1981 qui
2345 1934 2390 1970 de

1292 1981 1496 2017 inofficioso
1528 1981 1653 2017 matris
1684 1984 1899 2017 testamento
1926 1984 2050 2017 contra
2073 1980 2223 2016 fratrem
2245 1980 2388 2016 institu-

1293 2030 1370 2061 tum
1393 2025 1437 2061 de
1459 2031 1563 2071 parte
1586 2027 1694 2062 ante⁷
1717 2027 1788 2070 egit
1811 2031 1847 2062 et
1871 2027 2042 2070 optinuit,
2074 2026 2167 2066 filia,
2201 2036 2292 2071 quae
2315 2036 2389 2061 non

1295 2072 1365 2116 egit
1388 2074 1452 2106 aut
1474 2082 1548 2106 non
1572 2070 1747 2117 optinuit,
1779 2070 1817 2105 in
1847 2072 2046 2106 hereditate
2078 2071 2233 2115 legitima
2256 2071 2390 2107 fratri⁸

1296 2120 1311 2152 1
1362 2127 1436 2151 non
1460 2116 1653 2152 concurrit.
1703 2115 1837 2151 Contra
1860 2116 2002 2151 tabulas
2026 2115 2090 2150 filii
2121 2117 2387 2160 possessionem

1292 2162 1371 2197 iure
1394 2161 1680 2198 manumissionis
1700 2164 1805 2206 pater
1825 2171 1910 2196 acce
1936 2161 1965 2196 it
1989 2164 2024 2196 et
2047 2161 2222 2196 bonorum
2244 2170 2388 2206 posses-

1294 2207 1431 2242 sionem
1454 2207 1606 2252 adeptus
1631 2210 1706 2242 est:
1730 2210 1856 2259 postea
1931 2217 1953 2242 a
1978 2206 2151 2249 defuncti,
2180 2216 2288 2251 quam
2310 2206 2391 2251 ipse

1293 2252 1584 2295 exheredaverat,
1607 2255 1852 2298 quaestlonem
1870 2251 2062 2287 inofficiosi
2074 2252 2279 2287 testamenti
2290 2255 2390 2286 recte

1292 2297 1457 2343 pertulit:
1495 2298 1698 2343 possessio,
1724 2308 1832 2343 quam
1852 2301 1958 2350 pater
1981 2297 2141 2342 accepit,
2178 2297 2225 2332 ad
2247 2297 2388 2331 irritum

1291 2343 1459 2378 reccidit:
1493 2354 1577 2378 nam
1609 2343 1730 2389 priore
1752 2343 1883 2378 iudicio
1910 2342 1954 2378 de
1977 2342 2055 2378 iure
2078 2342 2211 2388 patris,
2245 2352 2318 2377 non
2343 2341 2387 2377 de

1291 2388 1368 2424 iure
1391 2388 1596 2424 testamenti
1620 2387 1819 2433 quaesitum
1844 2392 1916 2424 est:
1943 2391 1978 2423 et
2000 2387 2080 2423 ideo
2103 2388 2304 2423 universam
2322 2386 2385 2422 he-

1292 2433 1481 2470 reditatem
1504 2434 1599 2469 filiae
1623 2444 1705 2469 cum
1727 2432 1906 2468 fructibus
1930 2433 2071 2468 restitui
2094 2442 2241 2468 necesse
2265 2435 2330 2467 est.

1341 2477 1391 2516 17
1417 2478 1578 2515 PAvws
1597 2479 1688 2514 libro
1712 2479 1869 2514 secundo
1890 2479 2139 2524 quaestionum
2186 2477 2255 2521 Qui
2278 2488 2384 2521 repu-

1293 2524 1424 2560 diantis
1449 2525 1568 2560 animo
1593 2535 1666 2560 non
1695 2524 1793 2559 venit
1825 2524 1872 2558 ad
1903 2523 2170 2558 accusationem
2193 2521 2386 2558 inofficiosi

1292 2570 1509 2612 testamenti,
1529 2574 1670 2615 partem
1690 2580 1763 2604 non
1781 2569 1871 2604 facit
1882 2569 1938 2603 his
1951 2568 2011 2613 qui
2031 2567 2180 2603 eandem
2193 2567 2385 2613 querellam

1293 2625 1436 2651 movere
1470 2615 1606 2650 volunt.
1655 2614 1751 2649 unde
1785 2614 1816 2649 si
1852 2613 1896 2648 de
1930 2612 2132 2648 inofficioso
2167 2615 2385 2648 testamento

1291 2660 1405 2705 patris
1430 2660 1522 2695 alter
1554 2670 1597 2696 ex
1632 2660 1753 2694 liberis
1780 2658 2003 2693 exheredatis
2029 2661 2161 2702 ageret,
2187 2658 2296 2710 quia⁹
2327 2668 2383 2693 re-

1292 2705 1405 2741 scisso
1437 2708 1652 2740 testamento
1686 2704 1777 2739 alter
1802 2714 1944 2755 quoque
1967 2703 2015 2738 ad
2047 2712 2312 2739 successmnem
2336 2703 2384 2738 ab

1290 2751 1460 2786 intestato
1493 2754 1663 2792 vocatur,
1696 2753 1732 2784 et
1745 2750 1772 2770 ¹⁰
1805 2748 1885 2784 ideo
1917 2748 2120 2783 universam
2150 2748 2385 2783 hereditatem

1291 2806 1364 2831 non
1387 2798 1484 2830 reete
1507 2795 1740 2830 vindicasset:
1772 2793 1832 2828 hic
1856 2793 1886 2828 si
1910 2793 2118 2838 optinuerit,
2145 2797 2309 2829 uteretur
2331 2794 2384 2829 rei

1291 2840 1473 2876 iudicatae
1497 2840 1733 2881 auctoritate,
1767 2839 1869 2884 quasi
1901 2838 2111 2874 centumviri
2140 2838 2238 2874 hunc
2270 2838 2384 2874 solum

1291 2886 1403 2921 filium
1425 2886 1463 2920 in
1487 2885 1595 2920 rebus
1619 2884 1785 2919 humanis
1810 2893 1888 2919 esse
1911 2895 2019 2926 nunc,
2045 2894 2126 2919 cum
2144 2883 2306 2919 facerent
2327 2884 2382 2918 111-

1294 2935 1308 2966 1
1358 2933 1541 2973 testatum,
1575 2929 1800 2965 crediderint.
1850 2928 1939 2964 Cum
1972 2933 2100 2964 contra
2129 2932 2384 2964 testamentum

1291 2980 1331 3011 ut
1352 2975 1593 3011 inofficiosum
1626 2974 1824 3017 iudicatur,
1858 2975 2062 3010 testamenti
2092 2974 2284 3009 factionem
2316 2974 2382 3009 ha—

1290 3021 1412 3056 buisse
1437 3020 1628 3056 defunctus
1653 3030 1726 3055 non
1750 3019 1919 3055 creditur.
1943 3030 2017 3055 non
2040 3019 2133 3055 idem
2156 3018 2382 3064 probandum

1290 3070 1356 3108 est,
1382 3065 1412 3101 si
1434 3065 1565 3101 herede
1587 3075 1659 3101 non
1683 3065 1921 3110 respondente
1940 3065 2138 3100 secundum
2156 3068 2381 3116 praesentem

1289 3111 1488 3147 iudicatum
1519 3111 1582 3145 sit:
1615 3110 1685 3146 hoc
1717 3110 1810 3146 enim
1842 3120 1930 3146 casu
1961 3121 2035 3145 non
2070 3109 2226 3145 creditur
2257 3109 2313 3144 ius
2337 3118 2382 3143 ex

1292 3156 1470 3192 sententia
1492 3155 1621 3191 iudicis
1652 3155 1748 3191 fieri:
1781 3159 1817 3191 et
1844 3155 1925 3191 ideo
1957 3155 2140 3190 libertates
2173 3157 2381 3200 competunt

1295 3205 1330 3236 et
1352 3202 1471 3246 legata
1493 3204 1677 3246 petuntur.

1340 3244 1390 3283 18
1415 3245 1524 3281 IDEM
1542 3246 1632 3282 libro
1655 3245 1840 3292 sinqularz‘
1860 3245 1905 3280 de
1936 3245 2144 3291 inofficioso
2169 3246 2380 3279 testamento

1290 3291 1347 3327 De
1371 3301 1441 3336 qua
1464 3300 1503 3325 re
1527 3291 1633 3326 etiam
1658 3290 1866 3327 constitutio
1891 3294 2012 3326 exstat
2031 3290 2192 3326 divorum
2214 3289 2380 3330 fratrum,

1290 3346 1382 3381 quae
1405 3336 1609 3371 huiusmodi
1632 3335 1897 3372 distinctionem
1920 3335 2086 3371 admittit.

1339 3378 1390 3418 19
1414 3380 1523 3416 IDEM
1541 3381 1632 3417 libro
1655 3381 1812 3417 secundo
1836 3381 2087 3427 quaestionum
2132 3379 2251 3414 Mater
2274 3377 2377 3429 dece-

1292 3426 1379 3461 dens
1404 3429 1614 3462 extraneum
1637 3437 1681 3461 ex
1699 3426 1875 3461 dodrante
1893 3425 2058 3461 heredem
2081 3424 2245 3466 instituit,
2268 3422 2380 3473 fiham

1289 3481 1396 3506 unam
1421 3481 1465 3506 ex
1488 3471 1698 3516 quadrante,
1731 3471 1881 3506 alteram
1907 3470 2109 3516 praeteriit:
2141 3469 2231 3503 haec
2256 3466 2299 3501 de
2321 3477 2376 3500 m-

1289 3516 1451 3551 officioso
1478 3516 1548 3561 egit
1572 3520 1608 3551 et
1631 3516 1796 3561 optinuit.
1823 3526 1966 3561 quaero,
1992 3515 2146 3567 scriptae
2169 3513 2267 3563 filiae
2287 3521 2377 3562 quo-

1288 3560 1394 3596 modo
1419 3562 1700 3597 succurrendum
1721 3562 1777 3596 sit.
1809 3560 1994 3606 respondi:
2018 3559 2093 3594 fiha
2115 3560 2310 3603 praeterita
2339 3555 2377 3590 id

2040 3673 2083 3712 (8)
2110 3670 2207 3702 fratri
2220 3670 2282 3703 del.
2296 3670 2379 3703 Ant.

1290 3674 1332 3714 (7)
1358 3673 1398 3705 de
1410 3676 1506 3717 parte
1519 3675 1610 3715 ante]
1625 3674 1665 3707 de
1677 3674 1800 3706 triente
1812 3686 1875 3707 scr.

1990 3719 2049 3757 (10)
2074 3719 2108 3747 et
2121 3716 2181 3748 del.

1290 3718 1399 3751 Faber
1498 3720 1542 3761 (9)
1567 3722 1681 3761 ageret
1693 3722 1727 3751 et
1740 3719 1820 3760 quia
1832 3729 1896 3750 scr.
