2528 3918
166 106 307 152 XVIII
341 111 359 150 1

169 235 182 267 1
232 230 381 266 diorum.
429 228 467 265 Si
491 229 595 264 cum¹
619 229 770 266 servitus
792 229 942 266 venditis
966 228 1119 274 praediis
1144 228 1249 263 debe-

165 281 263 312 retur
286 286 352 311 nec
377 274 703 310 commemoraverit
725 274 904 318 venditor,
937 273 999 310 sed
1031 274 1147 309 sciens
1171 282 1251 308 esse

165 320 346 356 reticuerit
376 323 413 355 et
443 319 489 354 ob
522 318 558 353 id
589 329 654 364 per
683 319 919 365 ignorantiam
943 319 994 354 rei
1018 321 1156 370 emptor
1178 328 1250 353 non

167 365 297 401 utendo
321 374 386 410 per
409 367 582 399 statutum
601 367 740 410 tempus
760 375 837 401 eam
857 364 1062 400 servitutem
1083 362 1247 404 amiserit,

165 410 309 456 quidam
339 413 437 445 recte
466 413 596 454 putant
618 409 834 446 venditorem
856 409 970 445 teneri
994 420 1037 444 ex
1061 411 1178 453 empto
1203 407 1249 442 ob

166 459 185 491 2
233 455 362 490 dolum.
400 454 552 499 Quintus
570 454 712 490 Mucius
729 455 864 499 scribit,
890 454 974 500 ²qui
991 454 1060 489 scri
1087 453 1134 488 sit
1158 455 1251 487 ‘ruta

165 505 283 536 ‘caesa
306 509 467 544 quaeque
490 499 630 535 aedium
653 499 798 536 fundive
828 511 901 535 non
931 499 1038 541 sunt'‚
1096 498 1126 534 is
1157 497 1250 533 idem

165 545 354 590 scriptum:
386 555 470 580 nam
499 548 582 580 ruta
614 555 720 581 caesa
752 555 795 581 ea
827 548 911 580 sunt
934 553 1027 590 quae
1052 553 1168 589 neque
1191 553 1249 578 ae-

165 591 264 625 dium
287 600 403 635 neque
425 589 527 625 fundi
550 594 645 625 sunt.

211 632 263 672 67
288 634 395 670 IDEM
424 634 515 670 libro
548 635 755 682 triqensimo
787 646 880 670 nono
904 634 954 669 ad
976 633 1146 676 Quintum
1169 632 1250 668 Mu-

166 682 260 717 cium
306 679 489 715 Alienatio
514 690 595 715 cum
619 680 680 723 fit,
712 691 793 716 cum
826 690 892 715 sua
924 688 1035 714 causa
1058 678 1250 714 dominium

165 725 212 760 ad
236 724 346 760 alium
368 724 634 767 transferimus,
691 735 759 760 uae
791 728 884 760 esset
914 724 1056 764 futura,
1092 723 1123 758 si
1153 722 1250 768 apud

166 781 230 806 nos
255 780 298 806 ea
328 780 386 806 res
418 770 624 812 mansisset,
656 770 668 805 i
717 780 763 805 ue
793 773 869 805 toto
900 770 976 804 iure
1009 768 1100 804 civili
1130 768 1182 803 ita
1212 778 1250 803 se

165 816 283 859 habet,
294 819 543 861 praeterquam
552 815 582 850 si
591 815 699 861 aliqui
735 815 941 850 nominatim
949 814 996 850 sit
1005 813 1248 849 constitutum.

211 857 264 898 68
295 859 506 897 PBooULUs
535 860 625 896 libro
660 864 764 895 sexto
795 859 1030 906 epistularum
1078 858 1133 902 Si,
1169 869 1250 894 cum

165 905 315 941 fundum
338 905 526 948 venderes,
559 906 596 940 in
618 905 695 950 lege
726 904 918 947 dixisses³‚
951 904 1047 950 quod
1078 903 1250 939 mercedis

166 951 307 987 nomine
330 961 352 986 a
376 950 594 987 conductore
618 950 811 994 exegisses‚
843 950 880 985 id
910 949 1061 995 emptori
1084 959 1249 984 accessu-

165 1007 244 1031 rum
268 1006 357 1038 esse,
382 995 543 1032 existimo
569 1000 604 1030 te
626 995 663 1030 in
688 995 858 1039 exigendo
883 1006 955 1030 non
978 994 1094 1030 solum
1117 995 1248 1029 bonam

166 1041 283 1083 fidem,
307 1041 371 1077 sed
395 1041 499 1076 etiam
523 1040 583 1075 dili
608 1041 737 1075 entiam
761 1044 943 1085 praestare
968 1039 1113 1082 debere,
1137 1038 1175 1074 id
1198 1043 1251 1074 est

167 1097 238 1123 non
261 1087 376 1122 solum
400 1090 442 1121 ut
464 1096 486 1121 a
509 1090 545 1121 te
594 1085 671 1120 olus
695 1085 809 1121 malus
833 1085 945 1128 absit,
978 1085 1042 1120 sed
1075 1084 1181 1120 etiam
1213 1088 1252 1119 ut

170 1135 184 1167 1
235 1132 352 1176 culpa.
401 1131 493 1167 Fere
524 1130 632 1183 aliqui
642 1131 666 1152 ³·
693 1130 809 1166 solent
838 1131 928 1166 haec
960 1131 1068 1165 verba
1091 1129 1249 1164 adicere:

167 1176 282 1212 ‘dolus
306 1176 421 1211 malus
445 1186 468 1211 a
491 1175 673 1212 vend1tore
696 1171 840 1217 aberit,
865 1175 926 1220 qui
950 1175 1054 1210 etiam
1078 1175 1109 1210 si
1132 1174 1250 1210 adiec-

166 1225 186 1257 2
234 1226 309 1256 tum
335 1233 406 1257 non
430 1225 501 1263 est,
526 1221 651 1256 abesse
674 1220 789 1255 debet.
837 1220 914 1256 Nec
945 1220 1083 1256 videtur
1114 1220 1251 1261 abesse,

166 1267 197 1303 si
220 1277 284 1312 per
309 1277 388 1302 eum
412 1266 546 1302 factum
570 1270 624 1301 est
647 1270 710 1300 aut
741 1265 819 1308 fiet,
853 1276 922 1311 quo
955 1265 1070 1300 minus
1101 1264 1252 1300 fundum

167 1316 304 1357 emptor
326 1311 518 1357 possideat.
557 1311 624 1346 erit
646 1320 728 1363 ergo
753 1320 797 1345 ex
821 1314 938 1355 empto
964 1310 1077 1353 actio,
1110 1321 1183 1346 non
1214 1313 1253 1345 ut

167 1357 327 1393 venditor
362 1366 511 1392 vacuam
545 1365 806 1401 possessmnem
840 1355 979 1397 tradat,
1017 1366 1098 1391 cum
1131 1355 1251 1390 multis

166 1401 280 1438 modis
305 1401 467 1437 accidere
516 1401 639 1443 oterit,
665 1410 710 1435 ne
733 1402 873 1436 tradere
895 1401 1029 1446 possit,
1054 1400 1116 1436 sed
1140 1404 1198 1443 ut,
1222 1400 1253 1435 si

167 1447 251 1492 quid
272 1447 352 1482 dolo
373 1446 466 1482 malo
503 1446 572 1482 ecit
589 1449 653 1481 aut
670 1445 769 1489 facit,
794 1446 895 1482 dolus
915 1446 1029 1481 malus
1051 1445 1126 1481 eius
1146 1445 1252 1481 aesti-

167 1496 334 1527 maretur.

212 1535 265 1575 69
289 1536 397 1572 IDEM
404 1536 494 1572 libro
507 1535 692 1572 undecimo
705 1535 944 1582 epistularum
978 1536 1114 1572 Rutilia
1125 1535 1251 1571 Polla⁴

167 1582 251 1617 emit
280 1582 398 1617 lacum
423 1581 637 1616 Sabatenem
659 1581 893 1626 Angularium
918 1584 953 1616 et
977 1582 1073 1617 circa
1096 1592 1176 1616 eum
1199 1581 1251 1616 la-

167 1638 246 1663 cum
266 1627 375 1672 pedes
396 1627 537 1662 decem:
558 1636 701 1671 quaero,
721 1626 892 1671 numquid
913 1627 972 1661 et⁵
993 1626 1114 1662 decem
1134 1626 1253 1671 pedes,

167 1672 227 1718 qui
250 1676 336 1707 tunc
357 1675 595 1714 accesserunt,
621 1671 687 1707 sub
708 1681 803 1717 aqua
823 1671 904 1714 sint,
930 1671 1013 1717 quia
1032 1671 1158 1707 lacus⁶
1177 1682 1251 1706 cre-

166 1718 226 1760 vit,
250 1728 297 1752 an
319 1717 470 1762 proximi
495 1716 602 1762 pedes
627 1716 749 1752 decem
773 1717 818 1752 ab
844 1727 938 1762 aqua
958 1717 1113 1752 Rutiliae
1131 1716 1254 1752 Pollae

165 1763 252 1798 iuris
276 1763 357 1798 sint.
405 1762 580 1798 Proculus
604 1761 804 1814 respondit:
830 1772 893 1807 ego
919 1762 1080 1798 existimo
1106 1766 1253 1797 eatenus

167 1808 327 1850 lacum&
360 1818 463 1853 quem
488 1807 571 1842 emit
594 1807 729 1843 Rutilia
751 1807 872 1850 Polla,
897 1807 1053 1850 venisse,
1079 1812 1253 1852 quatenus

167 1861 253 1888 tunc
283 1852 372 1895 fuit,
406 1857 441 1888 et
473 1853 569 1888 circa
601 1863 681 1888 eum
704 1852 827 1887 decem
849 1852 957 1897 pedes
982 1852 1043 1897 qui
1065 1856 1152 1888 tunc
1175 1852 1251 1887 fue-

166 1902 261 1940 runt,
286 1908 352 1933 nec
376 1898 422 1933 ob
448 1907 526 1932 eam
548 1908 634 1940 rem,
659 1897 754 1942 quod
776 1897 878 1932 lacus
902 1901 1028 1942 postea
1053 1897 1176 1940 crevit,
1200 1897 1251 1932 la-

166 1943 237 1978 tius
263 1953 343 1978 eum
366 1942 549 1988 possidere
573 1942 676 1978 debet
700 1953 806 1987 quam
830 1942 923 1977 emit.

215 1986 267 2025 70
305 1987 517 2023 Lloflvlvws
550 1988 727 2023 Rumvvs
759 1988 848 2023 libro
884 1992 1008 2024 octavo
1043 1987 1252 2035 reqularum

166 2032 287 2068 Liberi
321 2032 472 2068 hominis
509 2033 721 2077 emptionem
757 2032 919 2068 contrahi
953 2043 1059 2078 posse
1095 2033 1254 2078 plerique

167 2077 466 2120 existimaverunt,
486 2077 517 2113 si
535 2077 640 2113 modo
660 2078 753 2112 inter
771 2077 975 2122 ignorantes
995 2078 1030 2113 id
1050 2078 1123 2113 fiat.
1158 2078 1252 2123 quod

166 2122 259 2158 idem
282 2122 402 2169 placet
426 2122 549 2165 etiam,
583 2123 614 2158 si
645 2122 806 2158 venditor
829 2123 935 2166 sciat,
969 2127 1106 2169 emptor
1135 2127 1252 2158 autem

167 2168 313 2212 ignoret.
348 2167 443 2212 quod
466 2168 497 2203 si
521 2171 658 2212 emptor
681 2167 797 2203 sciens
829 2168 978 2204 liberum
1010 2178 1088 2204 esse
1120 2168 1252 2210 emerit,

168 2213 265 2248 nulla
289 2213 419 2258 emptio
445 2213 679 2248 contrahitur.

215 2255 263 2294 71
302 2257 495 2293 Famulus
522 2257 549 2293 Ι
550 2267 665 2293 usrus'
692 2258 782 2293 libro
810 2258 930 2304 primo
962 2258 1252 2294 constitutionum

167 2303 402 2348 Imperatores
426 2303 627 2338 Antoninus
653 2306 688 2338 et
711 2303 825 2338 Verus
843 2303 996 2349 Augusti
1015 2302 1135 2339 Sextio
1157 2302 1251 2338 Vero

168 2348 204 2382 in
238 2348 327 2383 haec
360 2348 466 2383 verba
497 2348 773 2401 rescripserunt:
808 2348 947 2393 ‘quibus
980 2348 1154 2383 mensuris
1190 2352 1253 2383 aut

167 2393 300 2440 ‘pretiis
324 2393 560 2439 negotiatores
583 2405 664 2429 vma
688 2398 953 2439 compararent,
978 2393 1015 2428 in
1040 2394 1251 2428 contrahen-

168 2440 268 2475 ‘tium
291 2444 469 2484 potestate
502 2449 597 2474 esse:
629 2449 743 2483 neque
775 2439 867 2473 enim
899 2439 1086 2483 quisquam
1117 2437 1253 2482 cogitur

168 2484 341 2527 ‘vendere,
362 2484 393 2519 si
414 2487 478 2519 aut
495 2484 648 2528 pretium
665 2487 729 2518 aut
747 2493 915 2518 mensura
934 2482 1130 2527 displiceat,
1150 2493 1251 2527 prae-

168 2530 300 2565 ‘sertim
324 2529 354 2564 si
377 2529 463 2564 nihil
487 2532 612 2564 contra
636 2527 927 2564 consuetudinem
950 2527 1101 2572 regionis
1124 2527 1212 2562 fiat’.

214 2572 267 2611 72
292 2573 538 2609 Parmam
566 2573 657 2609 libro
681 2573 818 2609 decimo
844 2573 1093 2619 quaestionum
1138 2572 1253 2608 Pacta

172 2623 365 2661 conventa,
399 2629 490 2664 quae
513 2623 639 2663 postea
661 2618 760 2654 facta
783 2618 976 2653 detrahunt
999 2617 1132 2663 aliquid
1156 2628 1251 2697 (1111(ξί-

168 2664 274 2706 tioni‚
300 2664 473 2699 contineri
497 2664 698 2699 contractui
721 2663 901 2699 videntur:
960 2673 1027 2698 uae
1058 2673 1142 2699 vero
1176 2673 1198 2697 a
1226 2663 1251 2689 '-

169 2709 285 2750 ciunt,
317 2709 515 2744 credimus⁸
546 2719 617 2744 non
647 2709 774 2744 inesse.
812 2708 907 2760 quod
951 2719 1054 2743 ocum
1084 2708 1194 2743 habet
1216 2707 1252 2742 in

168 2754 234 2796 his,
260 2763 352 2798 quae
375 2754 590 2789 adminicula
613 2757 698 2789 sunt
718 2754 916 2798 emptionis,
942 2753 1050 2788 veluti
1070 2763 1115 2788 ne
1134 2752 1251 2788 cautio

169 2798 298 2843 duplae
329 2803 528 2842 praestetur
559 2802 622 2834 aut
645 2802 686 2834 ut
709 2809 790 2834 cum
813 2798 1020 2834 fideiussore
1045 2798 1162 2834 cautio
1188 2797 1251 2833 du-

168 2843 249 2888 plae
272 2847 483 2888 praestetur.
521 2843 582 2878 sed
614 2855 683 2889 quo
716 2854 802 2879 casu
834 2848 960 2896 agente
991 2846 1150 2888 emptore
1180 2854 1252 2879 non

168 2889 263 2924 valet
293 2892 456 2933 pactum,
491 2889 582 2923 idem
616 2889 706 2924 vires
742 2889 888 2924 habeblt
920 2889 998 2924 iure
1033 2887 1252 2933 exceptionis

169 2937 295 2978 agente
327 2933 516 2968 venditore.
554 2943 601 2968 an
624 2934 716 2968 idem
740 2933 809 2969 dici
841 2934 956 2979 possit
987 2938 1094 2969 aucto
1126 2937 1252 2978 postea

170 2979 224 3013 vel
257 2977 435 3030 deminuto
472 2978 604 3030 pretio,
642 2989 712 3014 non
743 2979 916 3014 immerito
949 2979 1149 3023 quaesitum
1185 2982 1250 3020 est,

169 3032 336 3103 yoniam
379 3027 563 3067 emptioms
605 3024 804 3059 substantia
847 3024 1007 3059 constitit
1046 3034 1090 3059 ex
1124 3023 1249 3068 pretio.

202 3077 328 3103 Δσιυε
355 3071 477 3102 notat:
511 3068 541 3103 si
574 3069 762 3104 omnibus⁹
792 3068 935 3114 integris
959 3068 1184 3104 manentibus
1209 3068 1252 3103 de

169 3111 329 3158 augendo
353 3112 408 3147 vel
432 3112 662 3164 deminuendo
687 3113 800 3158 pretio
823 3124 966 3149 rursum
990 3114 1170 3156 convenit,
1195 3123 1250 3149 re-

169 3167 308 3193 cessum
339 3167 362 3192 a
417 3167 509 3192 nore
538 3162 724 3193 contractu
755 3162 790 3194 et
812 3169 905 3194 nova
930 3159 1058 3204 emptio
1082 3159 1250 3194 interces-

174 3206 186 3237 1
237 3202 326 3237 sisse
348 3201 383 3237 vi
408 3205 498 3236 etur.
547 3201 804 3238 Pammivvs:
832 3203 928 3248 Lege
957 3203 1167 3238 venditionis
1188 3202 1252 3238 illa

168 3246 267 3282 facta
291 3246 333 3282 ‘si
355 3246 440 3298 quid
463 3246 556 3281 sacri
579 3250 643 3281 aut
665 3247 817 3292 religiosi
842 3253 904 3283 aut
927 3248 1061 3294 publici
1085 3253 1150 3291 est,
1175 3250 1250 3284 elus

170 3291 269 3327 ‘nihil
292 3291 410 3334 vemt’,
434 3291 464 3326 si
488 3301 544 3326 res
569 3302 639 3326 non
663 3292 699 3326 in
724 3303 789 3327 usu
812 3293 968 3338 publico,
995 3292 1057 3328 sed
1080 3293 1118 3328 in
1140 3293 1249 3338 patri-

169 3337 286 3373 monio
310 3335 388 3372 fisci
410 3336 495 3378 erit,
527 3335 680 3371 venditio
705 3337 780 3372 eius
805 3338 953 3379 valebit,
986 3348 1053 3373 nec
1076 3337 1250 3373 venditori

168 3381 330 3427 proderit
352 3381 526 3462 exceptio,
552 3391 643 3426 quae
667 3391 739 3416 non
762 3381 888 3417 habuit
910 3382 1038 3418 locum.

216 3423 268 3464 73
293 3425 400 3462 lom
418 3425 442 3462 la
466 3436 508 3461 ro
541 3426 645 3460 tertio
676 3436 931 3471 responsorum
946 3428 972 3448 ¹⁰
1017 3426 1116 3462 Aede
1147 3437 1252 3462 sacra

171 3477 286 3508 terrae
308 3475 407 3507 motu
429 3470 549 3506 diruta
577 3470 679 3506 locus
710 3470 861 3505 aedificii
891 3482 963 3507 non
994 3475 1049 3507 est
1079 3471 1251 3518 profanus

554 3585 597 3624 (2)
615 3583 718 3616 siim.
797 3585 839 3623 (3)
860 3584 995 3616 uixisses
1007 3584 1042 3617 F
1114 3585 1168 3626 (δ’)
1188 3582 1251 3616 ali-

634 3629 677 3669 (4)
701 3627 772 3671 pall
786 3628 819 3660 F
894 3629 937 3668 (s)
962 3639 1042 3661 num
1055 3628 1136 3670 quia
1148 3628 1175 3660 ii
1187 3640 1250 3662 scr.

748 3673 794 3712 (8)
818 3672 881 3704 hoo
894 3673 952 3705 ins.
966 3672 1018 3705 F¹
1098 3674 1143 3714 (ο)
1168 3671 1251 3705 omi-

737 3719 792 3761 (11)
804 3718 911 3751 veniri
921 3719 994 3752 Vat-

169 3586 209 3625 (1)
233 3586 322 3625 cum]
335 3594 402 3626 qua
413 3596 477 3618 ser.

170 3630 242 3670 qui]
255 3630 458 3671 nequiquam
469 3641 532 3662 ecr-

171 3674 214 3714 (6)
240 3673 332 3706 locus
345 3674 379 3707 F
450 3676 494 3713 (¹1)
517 3672 628 3706 locum
639 3673 675 3706 F

167 3731 230 3754 nus
246 3721 278 3753 F
358 3722 418 3763 (10)
428 3733 481 3763 pr.
495 3737 539 3750 =
549 3720 620 3754 Vat.
635 3728 651 3754 δ

1242 100 1328 148 234

1077 3721 1136 3761 (12)
1148 3717 1254 3751 fundo
1320 3716 1442 3750 dentur
1453 3717 1534 3751 Hal.

1324 231 1336 261 1
1388 230 1423 261 et
1434 226 1514 262 ideo
1527 227 1684 264 venirc¹¹
1696 239 1768 266 non
1779 232 1910 275 potest.
1958 228 2057 263 Intra
2076 227 2264 264 maceriam
2284 228 2401 273 sepul-

1319 271 1486 307 chrorum
1509 272 1622 308 hortis
1645 273 1701 309 vel
1725 274 1850 310 ceteris
1875 273 2023 309 culturis
2042 273 2123 308 loca
2141 283 2232 319 pura
2251 277 2401 316 servata,

1319 316 1349 352 si
1381 317 1467 396 itiihil
1482 317 1660 396 tvenditor
1690 319 1898 355 nominatim
1933 318 2090 364 excepit,
2128 317 2175 354 ad
2210 321 2400 364 emptorem

1345 372 1382 396 er
1398 371 1481 396 men
1499 389 1507 396 .

1318 372 1342 407 p
1366 404 1418 443 74
1443 406 1550 442 low
1569 407 1660 444 libro
1681 409 1807 461 primo
1839 409 2086 454 definitionum
2133 407 2297 444 clavibus
2327 413 2400 444 tra-

1319 451 1400 486 ditis
1423 451 1475 487 ita
1494 452 1661 488 mercium
1678 464 1716 488 111
1734 453 1871 490 horreis
1893 452 2115 488 conditarum
2128 453 2309 505 possessio
2329 457 2401 488 tra-

1320 496 1394 532 dita
1416 496 1564 540 videtur,
1589 497 1620 533 si
1644 498 1760 534 claves
1779 498 1876 544 apud
1895 499 2024 533 horrea
2043 497 2197 534 trad1tae
2216 499 2305 534 sint:
2332 509 2401 543 quo

1317 541 1416 594 facto
1450 541 1636 578 confestim
1671 547 1809 589 emptor
1844 543 2035 579 dominium
2070 546 2105 577 et
2145 543 2402 588 possessionem

1318 587 1545 639 adiplscitur,
1571 588 1637 623 etsi
1660 599 1731 624 ηοη
1755 589 1935 634 aperuerit
1958 588 2106 623 horrea:
2140 588 2235 633 quod
2267 588 2296 623 si
2320 599 2401 624 ven-

1319 632 1601 712 dliitorbs'tmeroes
1625 644 1695 669 non
1726 633 1890 676 fuerunt,
1924 633 2096 678 usucapio
2130 633 2315 669 confestim
2347 633 2400 668 in·

1319 688 1338 713 c
1365 687 1410 712 oa
1435 688 1448 711 1
1465 688 1518 713 ur.

1365 720 1416 759 75
1441 721 1784 775 Heauooemxlws
1810 724 1901 760 libro
1932 723 2088 760 secundo
2112 723 2203 758 iuris
2226 724 2397 769 epitoma-

1318 778 1398 802 rum
1445 767 1514 811 Qui
1543 768 1694 804 fundum
1725 769 1898 812 vendidit,
1935 773 1975 804 ut
2005 779 2085 804 eum
2116 771 2214 803 certa
2244 767 2403 803 mercede

1320 811 1535 848 conductum
1554 813 1631 858 ipse
1649 814 1783 849 habeat
1802 814 1868 856 vel,
1893 814 1923 849 si
1935 815 1963 835 ¹2
1986 813 2126 855 vendat,
2151 823 2222 848 non
2246 813 2316 856 alii,
2340 813 2401 849 sed

1319 858 1387 893 sibi
1412 857 1588 893 distrahat
1610 858 1666 894 vel
1690 859 1801 894 simile
1825 859 1960 904 aliquid
1981 859 2203 904 paciscatur:
2238 857 2285 893 ad
2309 868 2403 894 com-

1319 902 1485 948 plendum
1505 903 1552 946 id,
1572 903 1667 949 quod
1685 905 1907 950 pepigerunt,
1929 914 1972 939 ex
1990 903 2131 939 vendito
2145 913 2248 948 agere
2260 903 2400 955 poterit.

1366 945 1419 985 76
1444 947 1604 984 Panas
1621 949 1711 985 libro
1731 953 1837 985 sexto
1850 959 2104 1002 responsorum
2139 947 2246 984 Dolia
2265 959 2302 983 1η
2321 947 2404 983 hor-

1320 993 1389 1029 reis
1414 993 1558 1029 defossa
1581 993 1611 1029 si
1634 1004 1706 1029 non
1730 994 1801 1029 sint
1823 994 2030 1029 nominatim
2052 993 2089 1028 in
2113 992 2313 1028 venditione
2345 1003 2404 1028 ex-

1323 1041 1338 1073 1
1389 1042 1504 1084 cepta,
1528 1038 1738 1074 horreorum
1761 1039 1953 1075 venditioni
1974 1039 2124 1074 cessisse
2141 1038 2262 1073 videri.
2298 1037 2404 1081 Eum,

1321 1083 1380 1129 qui
1403 1084 1440 1118 in
1463 1083 1580 1119 locum
1606 1084 1773 1129 emptoris
1798 1084 1982 1126 successit,
2006 1083 2117 1119 isdem
2142 1083 2405 1119 defensionibus

1321 1128 1372 1163 uti
1395 1138 1512 1174 posse,
1537 1129 1664 1174 quibus
1689 1129 1847 1165 venditor
1872 1129 1946 1164 eius
1959 1129 1987 1150 ¹³
2004 1129 2055 1164 uti
2074 1128 2260 1182 potuisset,
2283 1128 2347 1163 sed
2369 1131 2405 1163 et

1319 1173 1447 1218 longae
1469 1174 1704 1219 possessionis
1727 1175 2026 1220 praescriptione,
2059 1185 2089 1209 Sl
2112 1173 2296 1218 utriusque
2318 1183 2401 1218 pos-

1320 1219 1430 1254 sessio
1454 1218 1600 1264 impleat
1622 1223 1692 1254 tem
1720 1230 1784 1255 ora
1810 1219 2120 1256 constitutionibus
2144 1222 2291 1254 statuta.

1368 1261 1420 1301 77
1445 1263 1493 1299 ΙΔ
1501 1274 1671 1300 romnus
1712 1265 1789 1300 ibro
1821 1268 1951 1310 quarto
1982 1275 2032 1301 ex
2047 1263 2313 1311 posterioribus
2334 1262 2406 1298 Lx-

1323 1319 1464 1344 Bssoms
1505 1309 1548 1344 In
1577 1309 1654 1354 lege
1684 1309 1786 1345 fundi
1818 1309 1997 1345 vendundi
2027 1309 2239 1354 lapidicinae
2251 1309 2277 1329 ¹⁴
2301 1308 2338 1343 in
2363 1318 2405 1343 eo

1321 1354 1431 1390 fundo
1456 1354 1587 1400 ubique
1610 1358 1728 1390 essent
1751 1360 1923 1400 exceptae
1947 1359 2068 1394 erant.
2095 1358 2131 1389 et
2148 1357 2236 1406 post
2258 1353 2406 1388 multum

1321 1399 1490 1445 temporis
1513 1400 1551 1435 in
1575 1409 1616 1435 eo
1639 1399 1751 1436 fundo
1775 1410 1814 1435 re
1841 1404 1938 1435 ertae
1961 1403 2063 1435 erant
2085 1399 2309 1452 lapldicinae.
2345 1408 2406 1434 eas

1321 1455 1463 1525 guoque
1486 1445 1678 1480 venditoris
1703 1455 1780 1481 esse
1837 1446 1946 1481 ubero
1971 1445 2171 1490 respondit:
2206 1444 2326 1479 Labeo
2350 1453 2405 1479 re-

1338 1501 1415 1526 erre
1439 1489 1524 1535 quid
1556 1494 1677 1525 actum
1707 1490 1774 1525 sit:
1811 1490 1842 1525 si
1873 1501 1944 1526 non
1973 1494 2163 1535 appareat,
2196 1500 2268 1525 non
2298 1488 2407 1524 videri

1322 1546 1384 1571 eas
1417 1534 1627 1580 lapidicinas
1663 1545 1741 1571 esse
1777 1539 1964 1580 exceptas:
2002 1535 2176 1571 neminem
2210 1534 2302 1570 enim
2337 1544 2406 1569 nec

1322 1580 1474 1616 vendere
1506 1590 1572 1615 nec
1606 1581 1768 1626 excipere
1801 1580 1896 1625 quod
1926 1591 1999 1616 non
2029 1581 2094 1623 sit,
2130 1583 2166 1615 et
2198 1578 2407 1625 lapidicinas

1323 1626 1440 1661 nullas
1465 1636 1563 1668 esse,
1595 1626 1662 1661 nisi
1687 1636 1778 1671 quae
1803 1629 1978 1671 apparent
2002 1629 2037 1661 et
2062 1625 2273 1660 caedantur:
2305 1624 2408 1659 aliter

1322 1671 1640 1716 interpretantibus
1664 1674 1779 1706 totum
1801 1671 1950 1706 fundum
1973 1670 2246 1716 lapidicinarum
2265 1668 2353 1712 fore,
2377 1668 2407 1704 si

1321 1715 1414 1751 forte
1438 1719 1513 1752 toto
1539 1726 1580 1752 eo
1606 1716 1672 1751 sub
1698 1720 1793 1751 terra
1817 1720 1911 1751 esset
1933 1716 2036 1760 lapis.
2071 1716 2141 1751 hoc
2165 1715 2290 1760 probo.

1369 1757 1421 1798 78
1447 1760 1581 1796 LABEO
1610 1761 1700 1796 libro
1733 1765 1863 1807 quarto
1888 1762 2131 1807 posteriorum
2163 1772 2186 1796 α
2214 1759 2404 1795 ΙΔνοιΕΝσ

1323 1818 1342 1841 e
1369 1807 1598 1842 itomatorum
1645 1806 1803 1841 Fistulas
1837 1805 1988 1852 emptori
2022 1815 2230 1841 accessuras
2259 1804 2296 1840 in
2331 1804 2404 1849 lege

1323 1818 1458 1887 (1110111111
1482 1854 1578 1887 erat:
1604 1851 1862 1896 quaerebatur,
1886 1861 1933 1886 an
1956 1851 2159 1893 castellum,
2184 1860 2229 1886 ex
2251 1860 2320 1895 quo
2347 1849 2405 1884 fis-

1322 1897 1406 1932 tulis
1438 1907 1533 1942 aqua
1565 1896 1772 1938 duceretur,
1806 1896 2001 1932 accederet.
2036 1895 2204 1942 respondi
2234 1904 2407 1947 apparere

1321 1942 1358 1978 id
1381 1946 1502 1978 actum
1522 1951 1613 1984 esse,
1638 1945 1678 1977 ut
1697 1941 1733 1976 id
1777 1952 1822 1977 uo
1849 1952 1894 1977 ue
1913 1941 2109 1983 accederet,
2129 1940 2213 1976 licet
2230 1943 2408 1985 scriptura

1327 1990 1340 2022 1
1390 1998 1462 2022 ηοη
1487 1987 1698 2023 continetur.
1779 1998 1826 2022 un
1853 1998 1913 2022 um
1937 1986 1982 2021 ab
2007 1997 2048 2022 eo
2074 1986 2199 2028 emisti,
2224 1985 2324 2021 cuius
2344 1984 2406 2020 filii

1323 2036 1450 2077 postea
1473 2032 1621 2067 tutelam
1645 2031 1892 2075 administras,
1925 2042 1990 2067 nec
2024 2041 2173 2066 vacuam
2187 2032 2213 2052 ¹⁵
2237 2029 2407 2075 accepisti

1322 2077 1595 2123 possessionem.
1634 2077 1707 2112 dixi
1737 2077 1878 2112 tradere
1911 2081 1945 2112 te
1970 2076 2032 2112 tibi
2056 2075 2315 2122 possessionem
2338 2075 2406 2110 hoc

1322 2123 1427 2158 modo
1485 2132 1584 2165 osse,
1616 2126 1657 2157 ut
1687 2123 1843 2168 pupillus
1877 2127 1912 2157 et
1937 2122 2070 2157 farnilia
2093 2122 2166 2157 eius
2191 2120 2340 2156 decedat
2364 2119 2408 2155 de

1322 2171 1341 2202 2
1388 2168 1453 2203 fun
1480 2171 1612 2210 o,tunc
1623 2168 1762 2203 demum
1774 2171 1815 2202 tu
1826 2167 2033 2212 ingrediaris
2045 2166 2314 2212 possessionem.
2340 2164 2407 2209 Qui

1321 2212 1470 2248 fundum
1495 2223 1538 2248 ea
1560 2213 1636 2258 lege
1661 2216 1804 2255 emerat,
1828 2216 1869 2248 ut
1891 2213 2010 2247 soluta
2033 2211 2185 2257 pecunia
2207 2210 2408 2246 traderetur

1322 2258 1353 2293 ei
1384 2258 1581 2303 possessio,
1619 2258 1758 2293 duobus
1789 2257 1978 2292 heredibus
2010 2257 2142 2292 relictis
2176 2255 2338 2291 decessit.
2374 2254 2406 2290 si

1321 2314 1412 2338 unus
1426 2313 1564 2338 omnem
1578 2303 1764 2348 pecuniam
1786 2302 1938 2345 solverit,
1958 2306 2095 2347 partem
2106 2301 2261 2337 familiae
2271 2299 2405 2335 hercis-

1322 2348 1461 2383 cundae
1484 2347 1614 2383 iudicio
1640 2347 1813 2383 sewabit:
1847 2357 1932 2390 nec,
1965 2347 1995 2382 si
2025 2351 2162 2393 partem
2195 2346 2327 2387 solvat,
2361 2354 2406 2381 ex

1322 2396 1439 2437 empto
1479 2403 1559 2427 cum
1594 2392 1776 2427 venditore
1812 2396 1911 2437 aget,
1956 2392 2121 2437 quoniam
2156 2391 2207 2426 ita
2243 2393 2405 2426 contrac-

1322 2440 1341 2472 3
1389 2442 1464 2472 tum
1478 2447 1538 2472 aes
1554 2437 1708 2473 alienum
1720 2437 1827 2472 dividi
1839 2448 1910 2472 non
1921 2437 2048 2482 potuit.
2096 2437 2293 2472 Frumenta
2315 2445 2407 2488 quae

1321 2482 1357 2517 in
1381 2482 1499 2518 herbis
1524 2485 1627 2518 erant
1650 2493 1730 2517 cum
1754 2482 1984 2525 vendidisses,
2011 2482 2130 2518 dixisti
2154 2485 2201 2524 te,
2226 2481 2256 2516 si
2274 2480 2359 2526 quld
2374 2479 2407 2515 vi

1322 2530 1385 2562 aut
1408 2531 1618 2580 tempestate
1641 2527 1776 2562 factum
1801 2531 1912 2570 esset,
1944 2531 2229 2572 praestaturum:
2263 2536 2306 2561 ea
2328 2524 2404 2560 fru-

1322 2576 1441 2607 menta
1464 2583 1559 2608 mves
1585 2576 1838 2617 corruperunt:
1872 2572 1903 2607 si
1926 2572 2181 2608 immoderatae
2202 2571 2348 2606 fuerunt
2371 2573 2406 2605 et

1323 2621 1449 2653 contra
1481 2617 1773 2653 consuetudinem
1804 2617 2027 2662 tempestatis
2039 2618 2086 2660 ¹⁶,
2121 2617 2177 2662 agi
2211 2619 2328 2652 tecum
2362 2625 2405 2651 ex

1322 2673 1376 2698 em
1402 2666 1440 2698 to
1491 2663 1606 2698 oterit.

1396 2705 1420 2745 9
1468 2717 1671 2743 aroteres
1698 2707 1789 2743 libro
1848 2708 1948 2743 uinto
1979 2717 2029 2743 eae
2044 2705 2312 2753 posterioribus
2334 2704 2405 2740 LA·

1322 2763 1463 2788 BEONJS
1507 2752 1625 2788 Fundi
1656 2756 1795 2798 partem
1854 2753 1860 2759 “
1901 2752 2007 2787 idiam
2038 2761 2081 2786 ea
2110 2751 2186 2795 lege
2208 2749 2403 2792 vendidisti,

1320 2802 1360 2833 ut
1383 2801 1522 2843 emptor
1544 2798 1688 2833 alteram
1703 2798 1730 2819 ¹⁷
1754 2801 1909 2843 partem,
1941 2807 2047 2842 quam
2070 2796 2267 2838 retinebas,
2301 2794 2403 2830 annis

1321 2843 1441 2879 decem
1474 2846 1573 2878 certa
1602 2843 1755 2888 pecunia
1785 2843 1822 2877 in
1855 2852 1968 2877 annos
2002 2841 2158 2886 singulos
2192 2840 2404 2876 conductam

1320 2888 1462 2923 habeat.
1511 2888 1632 2923 Labeo
1665 2891 1701 2923 et
1725 2887 1916 2922 Trebatius
1947 2890 2078 2931 negant
2108 2896 2214 2931 posse
2246 2895 2289 2920 ex
2320 2894 2402 2919 ven-

1320 2934 1393 2968 dito
1418 2944 1439 2968 a
1465 2933 1472 2940 “
1511 2936 1551 2968 ut
1569 2932 1607 2967 id
1627 2932 1721 2977 quod
1741 2932 1946 2967 convenerit
1964 2931 2038 2966 fiat.
2075 2941 2137 2976 ego
2161 2934 2283 2966 contra
2303 2933 2402 2975 puto,

1320 2978 1350 3014 si
1374 2989 1430 3013 mo
1457 2988 1478 3013 0
1492 2978 1520 2999 ¹⁸
1542 2977 1620 3013 ideo
1645 2977 1745 3012 vilius
1769 2977 1918 3012 fundum
1941 2976 2139 3018 vendidisti,
2163 2979 2204 3011 ut
2225 2975 2314 3010 haec
2338 2974 2403 3009 tibi

1556 3026 1793 3058 raestaretur:
1814 3032 1897 3057 nam
1917 3021 1987 3057 hoc
2003 3022 2120 3101 ipsum
2163 3020 2290 3055 retium
2303 3018 2403 3054 fundi

1946 3077 2012 3102 ven

2038 3070 2108 3101 itus
2148 3068 2266 3100 uerat:
2293 3073 2404 3109 eoque

1321 3023 1511 3059 conductio

1320 3068 1519 3103 videretur¹
1545 3094 1554 3110 ,
1586 3067 1681 3113 quod
1711 3077 1753 3103 eo
1776 3070 1882 3112 pacto
1892 3067 1924 3088 2⁰

1320 3113 1396 3148 iure
1418 3113 1559 3148 utimur.

1366 3155 1419 3196 80
1442 3157 1575 3193 Lumo
1604 3156 1695 3193 libro
1727 3157 1851 3202 quinto
1877 3156 2119 3203 posteriorum
2151 3166 2174 3190 a
2204 3154 2251 3190 ΙΑ
2260 3163 2404 3189 rosano

1320 3203 1594 3249 epitomatorum
1641 3201 1729 3237 Cum
1760 3212 1867 3236 manu
1898 3204 1978 3236 sata
2009 3200 2046 3235 in
2077 3199 2278 3235 venditione
2299 3198 2402 3234 fundi

1320 3247 1564 3292 excipiuntur,
1596 3257 1668 3282 ηοη
1700 3256 1792 3312 quae
1823 3245 1859 3280 in
1883 3249 2053 3297 perpetuo
2077 3248 2157 3279 sata
2181 3248 2265 3279 sunt
2288 3243 2402 3288 excipi

1321 3292 1523 3328 viderentur
1533 3293 1582 3334 ²¹,
1614 3291 1701 3327 sed²
1741 3300 1833 3336 quae
1862 3289 2009 3334 sing-ulis
2042 3289 2145 3324 anuis
2177 3289 2246 3324 seri
2276 3289 2401 3330 solent,

1319 3338 1371 3372 ita
1394 3340 1435 3372 ut
1465 3336 1605 3372 fructus
1638 3346 1758 3372 eorum
1789 3335 1952 3370 tollatur:
1985 3344 2068 3369 nam
2099 3334 2200 3370 aliter
2230 3334 2401 3378 interpre-

1319 3382 1478 3417 tantibus
1501 3381 1590 3417 vites
1615 3384 1650 3416 et
1674 3380 1819 3416 arbores
1844 3389 1966 3415 omnes
1990 3382 2159 3424 exceptae
2178 3378 2399 3414 videbuntur.

1324 3429 1338 3462 1
1387 3426 1503 3462 Huius
1533 3425 1585 3461 rei
1617 3425 1828 3470 emptionem
1858 3434 1963 3469 posse
1994 3423 2071 3460 fieri
2102 3423 2190 3459 dixi:
2224 3426 2327 3468 ‘quae
2358 3433 2401 3458 ex

1321 3471 1418 3507 ‘meis
1442 3470 1590 3507 aedibus
1613 3470 1650 3505 in
1672 3474 1754 3505 tuas
1775 3468 1880 3505 aedes
1899 3469 2058 3514 proiecta
2079 3472 2172 3511 sunt,
2197 3472 2238 3503 ut
2256 3478 2298 3503 ea
2317 3466 2402 3503 mihi

1321 3583 1383 3618 im.
1395 3583 1429 3616 F
1436 3582 1447 3604 ¹
1513 3585 1572 3625 (18)
1596 3593 1676 3616 evus
1688 3581 1740 3616 vel
1749 3581 1783 3615 ei
1793 3582 1829 3615 F

1320 3638 1485 3670 quaquam
1497 3628 1532 3661 F
1607 3628 1666 3669 (ιο)
1691 3628 1904 3670 tempestates
1917 3626 2102 3660 Salmasius

1320 3674 1383 3714 (18)
1407 3682 1461 3705 1110
1473 3673 1508 3705 F
1571 3675 1630 3713 (19)
1656 3671 1787 3704 videtur
1797 3671 1881 3705 HaL
1969 3672 2032 3712 (20)
2056 3680 2141 3714 paco
2154 3670 2187 3704 F

1628 3719 1691 3759 (22)
1715 3715 1772 3750 sed
1785 3728 1843 3749 om.
1857 3715 1892 3749 F·

1901 3582 1959 3623 (14)
1984 3581 2198 3614 ladioinaeF
2261 3581 2318 3622 (15)
2343 3591 2400 3613 ne-

2183 3626 2239 3667 m)
2263 3623 2400 3658 alteriF

2268 3671 2325 3711 (21)
2353 3670 2402 3702 vi—

1713 116 1773 147 DE
1804 115 2141 148 con'rRAHENDA
2169 116 2398 148 EMPTIONE

2484 1775 2507 1887 “ffilw's-zu

2492 2464 2509 2526 *rw*
2498 2451 2502 2455 .
2488 2257 2507 2438 &wiffam-12³9<-
2502 2245 2505 2247 ,
2484 2191 2508 2232 ,ΚΕ-
2476 2168 2504 2182 as
2476 2131 2499 2159 ¹2³-
2490 2098 2503 2120 a„

2490 2694 2509 2888 .0.‹ry=·k,-.11=*'2“¹u

2487 3794 2528 3918 m
2487 3366 2527 3833 ffssmsgaw
2490 3245 2526 3381 «ΚΜ
