2528 3918
195 119 370 166 XV111

193 246 248 283 vel
270 245 352 282 ilico
376 243 549 289 stipulata
571 241 619 278 sit
640 241 696 277 vel
720 241 827 277 etiam
848 245 994 288 postea,
1019 243 1179 278 mandati
1202 253 1281 278 eam

195 295 214 327 Ί
262 290 387 332 teneri,
412 287 568 334 quamvis
591 287 672 332 ipsa
695 286 759 330 sit,
791 297 883 333 quae
907 287 1024 323 dotem
1047 287 1194 323 dederit.
1242 287 1281 323 Si

217 337 272 372 uis
297 346 357 378 ea,
382 344 475 379 quae
497 335 710 378 procurator
733 342 820 368 suus
844 336 880 368 et
902 333 993 368 servi
1014 333 1205 377 gerebant,
1228 333 1282 368 ita

193 349 334 418 demum
355 383 436 415 rata
459 388 536 414 esse
567 377 766 421 mandavit,
799 377 830 413 si
858 378 1059 413 interventu
1083 377 1282 423 Sempronii

191 430 292 472 gesta
324 427 459 466 essent,
494 426 530 459 et
559 423 652 459 male
681 423 836 476 pecunia
868 423 1004 459 credita
1027 423 1090 466 sit,
1116 422 1280 468 Sempro-

193 472 307 514 nium,
332 470 393 516 qui
416 468 503 504 nihil
527 468 608 504 dolo
631 467 735 511 fecit,
766 479 839 503 non
863 468 986 503 teneri.
1024 471 1060 503 et
1083 472 1138 504 est
1159 479 1282 503 verum

193 527 284 558 eum,
306 515 366 561 qui
385 525 458 550 non
470 513 588 550 animo
608 514 851 560 procuratoris
870 513 1069 555 intervenit,
1090 513 1153 549 sed
1173 513 1281 549 affec-

192 562 324 597 tionem
355 560 540 595 amicalem
570 559 733 605 promisit
762 558 799 593 in
831 557 1015 594 monendis
1039 559 1280 603 procuratori-

192 607 260 642 bus
285 609 321 642 et
345 605 527 641 actoribus
550 608 587 641 et
608 604 646 639 in
665 604 827 649 regendis
848 603 1005 646 consilio,
1030 603 1190 639 mandati
1209 615 1282 639 non

191 652 325 694 teneri,
357 651 445 687 sed¹
470 650 501 686 si
524 649 610 696 quid
633 649 715 685 dolo
738 649 883 692 fecerit,
915 659 987 684 non
1009 649 1186 692 mandati,
1219 648 1283 684 sed

193 700 213 732 8
259 696 371 742 magis
395 696 439 732 de
463 695 544 732 dolo
569 695 693 731 teneri.
742 694 779 729 Si
810 693 1024 729 mandavero
1057 694 1283 746 procuratori

193 753 290 786 meo,
325 746 367 777 ιιι
397 741 493 777 Titio
525 741 713 787 pecuniam
744 749 860 774 meam
893 739 1015 774 credat
1045 749 1122 775 sme
1152 739 1282 782 usuris,

191 788 222 823 is
248 797 293 823 ue
323 797 397 824 non
427 787 504 822 sine
537 786 655 822 usuris
687 784 893 827 crediderit,
931 794 977 819 an
1013 784 1119 819 etiam
1153 795 1282 820 usuras

192 799 278 868 ruffini
307 831 496 868 restituere
527 831 673 873 debeat,
706 830 898 865 videamus.
936 832 971 864 et
1001 829 1124 865 Labeo
1157 830 1283 865 scribit

191 878 382 915 restituere
405 887 487 913 eum
510 881 685 930 oportere,
711 875 850 910 etiamsi
873 875 943 910 hoc
966 874 1218 917 mandaverim,
1243 878 1284 910 ut

192 923 385 970 gratuitam
407 932 597 968 pecumam
622 921 742 962 daret,
768 920 946 965 quamvis,
979 920 1009 955 si
1032 919 1191 965 periculo
1217 931 1282 956 suo

193 968 420 1011 credidisset,
455 970 627 1008 cessaret,
660 965 774 1011 inquit
796 965 938 1008 Labeo,
971 965 1008 1000 in
1037 965 1156 1001 usuris
1188 965 1282 1001 actio

194 1017 215 1050 9
263 1013 434 1049 mandati.
481 1013 579 1048 Idem
603 1012 725 1046 Labeo
750 1011 801 1046 ait
832 1013 867 1046 et
898 1021 1020 1046 verum
1053 1014 1107 1046 est
1136 1014 1282 1056 reputa-

193 1060 307 1096 tiones
322 1068 463 1105 quoque
477 1059 546 1094 hoc
569 1056 739 1092 iudicium
763 1056 957 1091 admittere.
990 1059 1037 1098 et,
1061 1056 1167 1091 sicuti
1186 1055 1283 1091 fruc-

191 1109 251 1141 tus
277 1105 417 1150 cogitur
439 1103 627 1139 restituere
649 1102 680 1136 is
705 1101 765 1146 qui
788 1104 976 1146 procurat,
1007 1101 1059 1136 ita
1091 1105 1283 1147 sumptum,

194 1161 299 1197 quem
332 1150 370 1185 in
404 1149 545 1184 fructus
576 1146 824 1192 percipiendos
855 1145 960 1189 fecit,
997 1146 1173 1181 deducere
1204 1157 1285 1182 eum

193 1199 354 1241 oportet:
381 1194 444 1230 sed
468 1197 503 1229 et
527 1193 556 1228 si
581 1192 626 1227 ad
649 1196 812 1227 vecturas
837 1201 932 1234 suas,
958 1191 1042 1226 dum
1066 1192 1224 1227 excurrit
1246 1191 1284 1226 in

191 1241 360 1287 praedia,
394 1243 574 1284 sumptum
605 1237 710 1280 fecit,
741 1241 830 1282 puto
863 1237 931 1272 hos
955 1247 1097 1282 quoque
1121 1240 1283 1282 sumptus

191 1289 359 1332 reputare
383 1295 462 1320 eum
486 1287 661 1329 oportere,
686 1282 755 1317 nisi
779 1282 809 1318 si
832 1282 1038 1317 salariarius
1061 1282 1131 1317 fuit
1154 1286 1190 1317 et
1213 1283 1283 1318 hoc

193 1331 368 1373 convenit,
392 1334 434 1365 ut
456 1332 619 1374 sumptus
643 1328 687 1363 de
711 1338 776 1363 suo
800 1326 938 1362 faceret
961 1327 1006 1362 ad
1029 1328 1119 1363 haec
1141 1327 1281 1370 itinera,

195 1380 236 1412 10
282 1376 351 1412 hoc
375 1378 430 1411 est
453 1374 496 1410 de
519 1373 662 1409 salario.
710 1373 808 1408 Idem
831 1372 900 1415 ait,
932 1372 964 1407 si
995 1372 1080 1418 quid
1110 1383 1282 1418 procura-

192 1426 250 1458 tor
274 1422 364 1457 citra
387 1419 595 1455 mandatum
617 1419 656 1454 in
685 1418 906 1499 volugtatem
935 1417 1041 1461 fecit,
1075 1418 1282 1464 permitten-

193 1467 277 1503 dum
301 1467 333 1502 ei
356 1465 515 1508 auferre,
548 1464 645 1510 quod
668 1464 746 1499 sine
794 1474 898 1498 amno
933 1462 1066 1499 domini
1096 1463 1178 1507 fiat,
1212 1463 1281 1498 nisi

195 1516 235 1548 11
283 1512 458 1547 rationem
472 1514 633 1555 sumptus
655 1509 758 1544 istius
779 1509 942 1544 dominus
963 1508 1128 1544 admittit.
1176 1508 1282 1544 Fide-

192 1558 346 1593 iussores
379 1560 414 1592 et
444 1555 671 1591 mandatores
703 1558 737 1589 et
769 1554 800 1589 si
831 1554 908 1590 sine
939 1553 1070 1589 iudicio
1102 1554 1282 1597 solverint,

197 1606 236 1638 12
283 1602 419 1637 habent
450 1601 627 1636 actionem
657 1599 827 1635 mandati.
877 1599 1099 1634 Generaliter
1122 1599 1282 1635 Iulianus

193 1648 262 1690 ait,
294 1648 325 1683 si
355 1646 543 1682 fideiussor
575 1655 620 1681 ex
651 1655 718 1681 sua
740 1655 896 1690 persona
920 1644 1077 1680 omiserit
1101 1644 1282 1690 exceptio-

192 1704 291 1736 nem,
317 1702 388 1738 qua
410 1702 493 1727 reus
516 1691 569 1726 uti
592 1701 665 1726 non
687 1690 824 1736 potuit,
857 1690 888 1725 si
912 1689 1054 1735 quidem
1077 1690 1193 1725 minus
1217 1689 1282 1725 ho—

193 1742 342 1781 nestam,
366 1737 499 1772 habere
524 1746 603 1771 eum
627 1735 786 1770 mandati
806 1735 1001 1770 actionem:
1027 1735 1122 1780 quod
1141 1735 1172 1770 si
1192 1745 1282 1778 eam,

193 1794 265 1830 qua
287 1794 370 1819 reus
394 1783 447 1818 uti
466 1781 595 1827 potuit,
620 1781 651 1817 si
670 1781 787 1816 sciens
807 1781 844 1816 id
861 1780 958 1823 fecit,
982 1791 1056 1816 non
1078 1780 1283 1816 habiturum

192 1829 353 1864 mandati
373 1828 560 1869 actionem,
582 1827 611 1862 si
631 1826 736 1861 modo
757 1825 883 1861 habuit
898 1825 1107 1861 facultatem
1126 1826 1178 1861 rei
1196 1836 1282 1861 con-

193 1874 354 1910 veniendi
377 1872 681 1917 desiderandique,
705 1875 747 1907 ut
769 1871 847 1917 ipse
869 1871 1068 1916 susciperet
1090 1871 1210 1916 potius
1227 1871 1282 1906 iu-

196 1923 236 1955 13
284 1919 415 1954 dicium
433 1919 488 1954 vel
507 1928 571 1953 suo
590 1917 645 1952 vel
665 1916 913 1963 procuratorio
934 1916 1086 1951 nomine.
1135 1915 1173 1951 Si
1192 1916 1280 1952 fide-

192 1965 325 2001 iussori
357 1963 558 1999 donationis
583 1973 696 1998 causa
717 1965 904 2007 acceptum
927 1961 1063 1996 factum
1088 1961 1134 1997 sit
1158 1972 1180 1997 a
1204 1972 1281 1997 cre-

197 2011 320 2052 ditore,
345 2013 451 2055 puto,
483 2009 514 2044 si
544 2007 789 2043 fideiussorem
820 2006 1040 2042 remunerari
1069 2007 1182 2042 voluit
1206 2017 1282 2042 cre-

196 2055 306 2098 ditor,
339 2055 472 2090 habere
503 2064 582 2089 eum
606 2052 765 2088 mandati
789 2052 984 2087 actionem:
1015 2052 1127 2088 multo
1158 2052 1282 2097 magis,

195 2101 224 2139 si
247 2100 371 2136 mortis
396 2109 506 2135 causa
530 2102 679 2144 accepto
703 2098 844 2134 tulisset
869 2097 1024 2133 creditor
1053 2097 1108 2133 vel
1140 2097 1171 2133 si
1203 2108 1282 2133 eam

197 2145 440 2183 liberationem
462 2144 602 2190 legavit.

242 2190 291 2228 11
318 2190 548 2226 POMPONIUS
567 2189 658 2225 libro
684 2189 787 2223 tertio
812 2199 862 2223 ex
885 2187 1032 2223 Plautio
1080 2187 1118 2222 Si
1142 2188 1191 2230 ei,
1226 2188 1283 2223 cui

196 2237 384 2273 damnatus
410 2246 452 2271 ex
477 2245 587 2270 causa
610 2233 834 2269 fideiussoria
856 2232 1005 2275 fueram,
1030 2233 1133 2268 heres
1156 2237 1283 2278 postea

195 2283 358 2324 extitero,
382 2281 523 2316 habebo
548 2279 707 2314 mandati
731 2279 919 2313 actionem.

243 2325 294 2365 12
326 2327 520 2363 Urmms
547 2325 639 2361 libro
671 2325 878 2371 triqensz'mo
903 2323 1027 2369 primo
1059 2323 1109 2358 ad
1130 2323 1283 2359 edictum

195 2374 232 2409 Si
255 2383 338 2408 vero
363 2383 434 2407 non
458 2369 707 2406 remunerandi
731 2379 851 2411 causa,
877 2368 939 2404 sed
956 2368 1201 2413 principaliter
1220 2369 1282 2403 do-

195 2418 312 2454 nando
337 2417 539 2452 fideiussori
561 2415 696 2451 remisit
719 2414 907 2456 actionem,
932 2413 1091 2448 mandati
1111 2423 1191 2448 eum
1210 2424 1284 2448 non

198 2468 211 2499 1
262 2467 436 2499 acturum.
484 2461 674 2496 Marcellus
699 2463 818 2494 autem
841 2458 984 2501 fatetur,
1010 2458 1041 2493 si
1064 2459 1142 2510 quis
1168 2458 1279 2493 dona-

194 2513 296 2544 turus
330 2506 530 2543 fideiussori
564 2516 629 2551 pro
667 2515 708 2541 eo
744 2504 888 2540 solverit
922 2503 1108 2546 creditori,
1151 2504 1283 2538 habere

196 2557 216 2590 2
262 2554 507 2589 fideiussorem
530 2551 689 2586 mandati
713 2549 900 2585 actionem.
947 2549 1078 2592 Plane,
1102 2548 1228 2594 inquit,
1253 2549 1284 2584 si

195 2599 288 2635 filius
326 2598 479 2633 familias
510 2597 565 2632 vel
596 2606 717 2631 servus
747 2594 816 2630 fuit
847 2594 1035 2629 fideiussor
1066 2597 1101 2629 et
1130 2604 1196 2638 pro
1227 2594 1283 2629 his

196 2644 332 2681 solvero
358 2643 555 2678 donaturus
580 2641 647 2684 eis,
679 2640 838 2675 mandati
861 2643 1001 2685 patrem
1023 2639 1078 2674 vel
1103 2639 1283 2674 dominum

197 2701 269 2726 non
292 2692 455 2730 acturos,
480 2688 549 2722 hoc
571 2686 670 2729 ideo,
705 2685 788 2731 quia
811 2696 883 2720 non
907 2684 1002 2730 patri
1026 2684 1198 2719 donatum
1221 2695 1282 2720 vo-

197 2738 217 2771 3
264 2734 364 2770 luit2.
410 2733 523 2768 Plane
547 2732 576 2768 si
607 2742 728 2767 servus
759 2730 946 2766 fideiussor
976 2730 1138 2772 solverit,
1171 2729 1282 2765 domi-

197 2791 282 2816 num
317 2778 475 2814 mandati
509 2782 672 2813 acturum
705 2776 798 2812 idem
828 2775 1022 2811 Marcellus
1055 2775 1186 2810 ibidem
1221 2775 1281 2810 ait.

197 2828 219 2860 4
266 2825 303 2860 Si
327 2824 420 2859 filius
444 2822 595 2857 familias
616 2833 688 2857 non
707 2822 807 2856 iussu
826 2821 939 2866 patris
957 2819 1181 2862 fideiusserit,
1208 2830 1283 2855 ces-

198 2874 256 2906 sat
278 2868 437 2904 mandati
469 2868 581 2909 actio,
614 2867 644 2902 si
675 2867 762 2901 nihil
793 2867 840 2902 sit
869 2866 906 2901 in
935 2865 1093 2910 peculio:
1128 2865 1224 2910 quod
1254 2865 1285 2900 si

197 2916 309 2957 iussu,
333 2914 386 2949 vel
410 2924 454 2949 ex
477 2913 618 2992 geculio
642 2913 798 2947 solutum
822 2914 886 2953 est,
910 2910 1020 2946 multo
1044 2911 1156 2955 magis
1175 2910 1285 2945 habet

199 2964 219 2996 5
266 2964 369 3006 pater
392 2969 474 2993 man
501 2958 560 2992 ati.
609 2957 646 2992 Si
669 2957 740 2992 filio
765 2956 918 2991 familias
942 2955 1124 2997 mandavi,
1156 2959 1197 2990 ut
1218 2966 1283 3000 pro

198 3016 255 3041 me
279 3005 448 3046 solveret,
506 3007 636 3044 atrem,
662 3003 734 3037 sive
758 3002 769 3036 i
797 3012 835 3037 se
859 3001 1001 3036 solverit
1024 3000 1095 3035 sive
1119 3000 1211 3035 filius
1240 3011 1283 3035 ex

198 3050 358 3098 peculio,
391 3059 473 3084 man
501 3048 551 3082 ati
576 3052 737 3083 acturum
798 3047 930 3082 eratius
955 3046 1024 3088 ait,
1057 3045 1152 3091 quod
1175 3045 1286 3080 habet

201 3100 221 3133 6
267 3095 458 3131 rationem:
485 3093 571 3128 nihil
595 3093 686 3128 enim
710 3103 788 3127 mea
807 3092 965 3134 interest,
991 3091 1069 3136 quis
1090 3091 1213 3126 solvat.
1247 3090 1285 3125 Si

200 3141 272 3177 filio
285 3140 438 3176 familias
458 3138 681 3180 mandavero,
702 3141 742 3172 ut
762 3148 827 3182 pro
849 3146 905 3172 me
925 3136 1087 3178 solveret,
1108 3139 1144 3171 et
1165 3146 1283 3171 eman-

201 3187 340 3233 cipatus
371 3184 504 3226 solvat,
535 3194 655 3218 verum
686 3187 740 3218 est
770 3183 807 3217 in
837 3182 974 3217 factum
1005 3181 1180 3216 actionem
1210 3181 1283 3216 filio

200 3231 371 3274 dandam,
396 3233 535 3275 patrem
559 3232 677 3263 autem
701 3231 782 3272 post
806 3226 1123 3271 emancipationem
1147 3226 1283 3261 solven-

201 3281 219 3313 7
266 3280 338 3312 tem
362 3274 582 3321 negotiorum
605 3277 784 3318 gestorum
808 3272 984 3307 actionem
1008 3271 1151 3306 habere.
1191 3271 1283 3306 Con-

200 3323 310 3358 trario
334 3320 465 3356 iudicio
486 3319 717 3363 experiuntur
736 3317 795 3362 qui
814 3317 1021 3351 mandatum
1040 3319 1283 3361 susceperunt,

200 3372 242 3403 ut
264 3371 353 3413 puta
376 3365 436 3411 qui
455 3374 572 3399 rerum
592 3363 645 3398 vel
666 3363 715 3397 rei
735 3362 839 3396 unius
859 3361 1146 3406 procurationem
1164 3371 1284 3396 susce-

202 3416 222 3448 8
269 3416 409 3458 perunt.
457 3409 544 3444 Inde
556 3408 774 3453 Papinianus
787 3407 935 3451 quaerit,
956 3407 986 3442 si
999 3410 1171 3451 patronus
1181 3415 1284 3451 prae-

202 3458 297 3493 dium
322 3455 417 3503 quod
441 3458 584 3496 emerat,
609 3464 673 3498 pro
699 3463 767 3497 quo
793 3452 894 3504 pretii
919 3452 1057 3486 bessem
1076 3451 1284 3494 exsolverat,

201 3503 344 3541 iusserit
366 3502 492 3537 liberto
517 3509 582 3534 suo
606 3497 710 3540 tradi,
735 3501 773 3531 ut
796 3497 854 3531 llle
878 3496 1056 3531 residuum
1079 3496 1182 3541 pretii
1206 3496 1284 3532 red-

203 3548 311 3590 deret,
337 3546 463 3583 deinde
486 3544 623 3580 reddito
647 3542 761 3588 pretio
781 3541 944 3576 vendenti
963 3541 1113 3576 fundum
1132 3544 1283 3587 patrono

1264 112 1346 164 216

2237 118 2440 166 nasum
2469 123 2474 150 ῑ

1350 242 1500 278 libertus
1525 243 1755 286 consenserit,
1781 243 1920 278 trientis

1350 388 1431 413 eum
1465 377 1619 423 pretium
1651 382 1831 424 repetere,
1875 377 1971 423 quod
2010 377 2172 413 deductis
2207 388 2324 414 merce

1350 468 1531 503 nationem

1372 287 1380 294 .
1968 242 2095 278 retium
2118 252 2165 277 an
2187 242 2335 279 libertus
2356 254 2440 289 pos·
2472 251 2478 287 ᾗ
2512 271 2513 274 ¹

1352 291 1399 323 sit
1423 290 1595 332 repetere.
1631 290 1668 323 et
1690 288 1761 331 ait,
1786 288 1817 324 si
1840 298 1923 340 man
1950 291 2049 322 atum
2080 288 2239 340 suscepit
2267 288 2367 324 initio
2397 289 2440 324 li·
2470 292 2475 325 ζ
2503 314 2507 320 .

1349 332 1484 375 bertus,
1507 343 1581 368 non
1603 332 1776 369 donatum
1801 337 1952 378 accep1t,
1978 335 2157 368 contrario
2180 332 2311 369 iudicio
2325 344 2441 414 ‹figsse
2480 347 2486 364 c

1350 433 1439 468 quas
1462 422 1578 458 medio
1602 425 1762 468 tempore
1784 423 1955 469 percepit,
1981 429 2166 468 superest:
2201 423 2297 468 quod
2320 423 2350 458 si
2374 389 2441 459 des·3

1591 471 1738 504 atronus
1773 469 1810 504 in
1844 468 2009 504 libertum
2046 468 2216 511 contulit,
2259 468 2371 504 videri
2405 472 2441 504 et
2496 486 2499 487 ⁷

1351 515 1371 548 9
1418 516 1544 559 postea
1582 513 1732 549 'bertum
1757 517 1909 559 patrono
1943 513 2107 549 donasse.
2155 512 2194 549 Si
2224 513 2311 548 mihi
2340 524 2440 549 man·
2483 507 2504 559 ζῖ

1352 557 1509 601 daveris,
1540 561 1583 593 ut
1611 568 1687 594 rem
1716 559 1783 594 tibi
1813 559 1968 604 aliquam
1992 569 2124 601 emam,
2157 568 2176 594 e
2200 569 2292 604 oque
2323 568 2439 595 emero

1352 613 1430 639 meo
1463 603 1599 648 pretio,
1630 603 1771 640 habebo
1795 604 1955 639 mandati
1979 603 2154 639 actionem

2203 614 2222 639 e
2245 604 2359 649 pretio
2383 615 2439 640 re-

1353 648 1562 701 ciperando:
1599 649 1662 684 sed
1693 653 1730 684 et
1761 649 1791 685 si
1822 653 1884 685 tuo
1913 649 2052 701 pretio,
2083 648 2288 694 impendero
2320 653 2440 685 tamen

1352 693 1485 739 ahquid
1507 694 1604 729 bona
1633 693 1703 729 fide
1734 694 1781 729 ad
1815 698 2027 739 empt1onem
2059 694 2130 737 rei,
2163 694 2229 729 erit
2260 695 2442 730 contraria

1351 739 1510 774 mandati
1543 739 1655 775 actio:
1692 743 1756 774 aut
1787 740 1817 774 si
1847 750 1922 775 rem
1953 743 2108 784 emptam
2138 739 2228 774 nolis
2261 740 2439 792 recipere:

1353 784 1456 819 simili
1491 783 1598 819 modo
1635 787 1670 819 et
1705 785 1736 820 si
1771 784 1855 830 quid
1887 784 1984 819 aliud
2016 784 2237 820 mandaveris
2270 788 2306 819 et
2336 796 2372 820 ιιι
2403 785 2442 820 id
2486 783 2513 823 (s.

1353 832 1532 874 sumptum
1561 828 1692 865 fecero.
1728 840 1796 865 nec
1819 833 1959 864 tantum
1982 829 2018 864 id
2050 829 2146 875 quod
2175 829 2349 875 impendi,
2382 840 2440 865 ve·
2485 864 2488 867 ,

1352 885 1431 910 rum
1462 885 1591 910 usuras
1624 885 1766 920 quoque
1799 885 2007 920 consequar.
2055 884 2183 910 usuras
2219 879 2338 910 autem
2369 885 2442 910 non
2486 878 2488 880 ’

1352 923 1492 955 tantum
1525 930 1569 955 ex
1599 930 1700 955 mora
1731 930 1809 955 esse
1844 919 2101 962 admittendas,
2134 930 2258 955 verum
2289 920 2442 955 iudicem

1353 964 1542 1000 aestimare
1573 965 1722 1008 debere,
1755 965 1785 1000 si
1817 965 1932 1010 exegit
1964 975 1987 1000 a
2018 965 2179 1000 debitore
2209 975 2272 1001 suo
2305 965 2383 1010 quis
2407 968 2443 1000 et
2484 982 2488 1011 j
2511 971 2513 973 ·

1354 1010 1476 1053 solvit,
1501 1020 1582 1045 cum
1605 1011 1802 1046 uberrimas
1825 1020 1954 1045 usuras
1979 1014 2276 1062 consequeretur,
2301 1011 2441 1056 aequis-

1353 1055 1481 1091 simum
1512 1055 1605 1091 enim
1637 1056 1704 1091 erit
1735 1055 1909 1091 rationem
1944 1055 2019 1091 eius
2052 1066 2106 1091 rei
2138 1055 2283 1091 haberi:
2317 1059 2381 1091 aut
2411 1055 2442 1091 si

1353 1101 1429 1146 ipse
1452 1104 1635 1136 mutuatus
1659 1101 1825 1146 gravibus
1850 1101 1968 1136 usuris
1993 1101 2107 1136 solvit.
2143 1101 2207 1137 sed
2230 1105 2266 1136 et
2289 1100 2319 1136 si
2341 1111 2442 1136 rcum

1353 1146 1471 1181 usuris
1502 1156 1575 1181 non
1606 1147 1790 1189 relevavit,
1821 1146 1890 1191 ipsi
1921 1149 2040 1181 autem
2073 1149 2103 1181 et
2137 1156 2269 1181 usurae
2299 1146 2442 1189 absunt,

1352 1191 1406 1226 vel
1430 1191 1461 1227 si
1484 1191 1680 1227 minoribus
1703 1192 1882 1234 relevavit,
1906 1191 1984 1236 ipse
2007 1195 2125 1227 autem
2149 1191 2343 1227 maioribus
2366 1191 2441 1227 fae-

1354 1247 1421 1272 nus
1446 1236 1596 1282 accepit,
1620 1240 1662 1272 ut
1684 1237 1791 1272 fidem
1814 1247 1916 1272 suam
1939 1237 2119 1280 liberaret,
2143 1247 2215 1272 non
2236 1236 2359 1272 dubito
2381 1236 2459 1279 des

1353 1282 1437 1317 bere
1461 1292 1540 1317 eum
1564 1281 1723 1317 mandati
1745 1282 1876 1317 iudicio
1902 1286 1936 1317 et
1959 1292 2088 1317 usuras
2113 1282 2292 1327 consequi.
2330 1285 2366 1317 et
2389 1285 2443 1323 (ut

1353 1331 1409 1362 est
1440 1327 1685 1370 constitutum)
1719 1329 1836 1362 totum
1859 1327 1929 1363 hoc
1954 1338 1998 1363 ex
2021 1337 2134 1372 aequo
2160 1331 2196 1362 et
2218 1327 2312 1362 bono
2336 1327 2444 1362 iudex

1355 1375 1397 1407 10
1444 1372 1687 1408 arbitrabitur.
1735 1372 1828 1407 Dedi
1859 1372 1926 1407 tibi
1956 1373 2164 1417 pecuniam,
2198 1376 2240 1407 ut
2274 1372 2441 1408 creditori

1352 1428 1430 1453 meo
1463 1418 1644 1453 exsolvas:
1676 1428 1748 1452 non
1778 1417 1913 1453 fecisti:
1954 1417 2153 1463 praestabis
2183 1417 2269 1452 mihi
2301 1427 2441 1460 usuras,

1353 1473 1423 1508 quo
1450 1474 1538 1499 casu
1562 1467 1598 1498 et
1628 1473 1651 1497 a
1681 1473 1737 1498 me
1768 1463 1923 1498 creditor
1953 1463 2141 1508 pecuniam
2173 1462 2327 1498 debitam
2361 1473 2442 1498 cum

1352 1509 1471 1544 usuris
1494 1511 1704 1553 recepturus
1730 1508 1794 1543 sit:
1827 1512 1864 1543 et
1893 1508 1946 1543 ita
1975 1509 2168 1553 imperator
2191 1507 2341 1543 Severus
2367 1508 2440 1542 Ha-

1356 1557 1393 1588 11
1444 1553 1569 1589 driano
1606 1553 1875 1589 Demonstrati³
1909 1554 2101 1598 rescripsit.
2150 1552 2188 1588 Si
2230 1553 2441 1588 adulescens

1353 1599 1557 1634 luxuriosus
1580 1598 1725 1634 mandet
1747 1598 1832 1641 tibi,
1863 1602 1904 1633 ut
1936 1610 2000 1644 pro
2025 1598 2211 1634 meretrice
2234 1598 2441 1640 fideiubeas‚

1352 1644 1459 1689 idque
1481 1648 1523 1679 tu
1553 1644 1670 1680 sciens
1702 1643 1910 1679 mandatum
1941 1644 2160 1689 susceperis,
2190 1654 2263 1679 non
2293 1643 2442 1678 habebis

1353 1689 1513 1742 mandati
1536 1689 1731 1742 actionem,
1763 1689 1847 1769 guia
1877 1689 1990 1724 simile
2022 1693 2094 1732 est,
2126 1689 2229 1734 quasi
2258 1688 2441 1733 perdituro

1353 1744 1542 1780 pecumam
1566 1744 1682 1770 sclens
1707 1745 1767 1770 cre

1793 1733 1911 1769 ideris.
1949 1734 2011 1770 sed
2035 1738 2070 1769 et
2087 1734 2118 1769 si
2138 1734 2286 1769 ulterius
2307 1733 2441 1769 directo
2497 1726 2500 1761 Ϊ

1353 1780 1574 1815 mandaverit
1596 1780 1680 1823 tibi,
1712 1783 1754 1815 ut
1776 1779 1954 1815 meretrici
1976 1779 2165 1825 pecuniam
2196 1779 2338 1821 credas,
2370 1789 2443 1814 non
2498 1787 2504 1804 ῑ

1354 1825 1570 1870 obligabitur
1611 1825 1789 1868 mandati,
1831 1825 1934 1870 quasi
1967 1825 2137 1860 adversus
2171 1825 2302 1860 bonam
2336 1824 2442 1859 fidem
2499 1828 2509 1867 3

1357 1873 1397 1905 12
1444 1870 1652 1906 mandatum
1692 1871 1749 1906 sit.

1799 1870 1889 1905 Cum
1932 1870 2075 1915 quidam
2112 1870 2220 1905 talem
2255 1869 2443 1915 epistulam
2495 1873 2510 1918 3

1353 1915 1555 1961 scripsisset
1586 1915 1700 1951 amico
1734 1926 1818 1951 suo:
1844 1918 1941 1960 ‘rogo
1975 1919 2028 1958 te,
2061 1915 2347 1951 commendatum
2378 1915 2441 1949 hae

1354 1962 1452 1996 ‘beas
1474 1961 1659 1996 Sextilium
1673 1960 1899 1996 Crescentem
1923 1961 2076 1996 amicum
2096 1961 2236 2002 meum',
2260 1971 2334 1996 non
2353 1959 2441 1995 obli·

1352 2007 1495 2052 gabitur
1518 2005 1697 2050 mandati,

1356 2054 1396 2087 13
1445 2062 1551 2097 quam
1574 2051 1729 2086 mandan

1354 2097 1491 2132 daverit
1513 2097 1585 2132 filio
1609 2096 1763 2132 familias
1788 2096 2000 2132 credendam
2019 2096 2208 2142 pecuniam
2225 2106 2297 2132 non
2317 2099 2443 2131 contra

1755 2006 1814 2041 uia
1846 2005 2116 2042 commendandi
2146 2006 2258 2051 magis
2289 2005 2442 2041 hominis

1787 2062 1899 2087 causa
1917 2051 2053 2097 scripta
2073 2055 2138 2086 est.
2186 2050 2225 2086 Si
2244 2050 2322 2096 quis
2341 2060 2441 2085 man·
2493 2059 2504 2102 μὲ

1353 2146 1499 2178 senatus
1532 2142 1735 2178 consultum
1766 2142 1975 2187 accipienti,
2007 2141 2071 2178 sed
2102 2151 2146 2177 ex
2169 2151 2213 2176 ea
2236 2151 2366 2183 causa,
2399 2150 2442 2175 ex

1354 2198 1426 2233 qua
1457 2187 1502 2222 de
1533 2187 1672 2232 peculio
1704 2187 1759 2222 vel
1791 2187 1835 2222 de
1858 2187 1895 2222 in
1917 2197 1994 2222 rem
2016 2197 2119 2223 verso
2143 2186 2199 2222 vel
2222 2185 2319 2232 quod
2340 2186 2441 2221 iussu
2497 2192 2515 2230 ξς

1379 2236 1456 2268 ater
1478 2236 1669 2275 teneretur,
1694 2233 1761 2267 erit
1783 2232 1919 2268 licitum
1942 2232 2160 2267 mandatum.
2195 2232 2266 2267 hoc
2290 2231 2440 2277 amplius

1378 2278 1446 2320 ico,
1471 2277 1520 2320 si,
1546 2288 1625 2313 cum
1649 2277 1868 2320 dubitarem,
1893 2281 2013 2312 utrum
2037 2281 2163 2312 contra
2185 2281 2331 2312 senatus
2356 2287 2438 2311 con-

1353 2323 1486 2358 sultum
1508 2323 1687 2367 acciperet
1710 2333 1758 2357 an
1789 2333 1881 2365 non,
1915 2333 1982 2358 nec
2006 2333 2119 2358 essem
2143 2322 2292 2357 daturus
2317 2325 2441 2356 contra

1353 2372 1498 2404 senatus
1523 2368 1725 2403 consultum
1748 2367 1948 2413 accipienti,
1972 2367 2213 2403 intercesserit
2233 2367 2293 2412 qui
2310 2366 2442 2402 diceret

1352 2424 1425 2449 non
1449 2413 1527 2448 acci
1554 2423 1613 2448 ere
1637 2417 1763 2448 contra
1786 2417 1932 2448 senatus
1957 2413 2179 2455 consultum,
2213 2417 2249 2447 et
2272 2412 2440 2457 ‘periculo

1354 2462 1442 2494 ‘meo
1468 2468 1527 2493 cre
1553 2458 1594 2500 e',
1620 2458 1727 2501 dicat,
1753 2458 1855 2493 ‘bene
1879 2458 2023 2493 credis':
2050 2458 2205 2493 arbitror
2226 2457 2344 2493 locum
2364 2466 2442 2492 esse

1356 2506 1397 2539 14
1443 2503 1611 2539 mandato
1636 2506 1672 2538 et
1693 2503 1855 2538 mandati
1878 2514 1958 2538 eum
1981 2503 2106 2538 teneri.
2153 2502 2192 2538 Si
2222 2506 2306 2548 post
2330 2501 2440 2537 credi-

1352 2553 1426 2584 tam
1449 2548 1637 2594 pecuniam
1660 2548 1875 2583 mandavero
1901 2548 2067 2584 creditori
2099 2547 2329 2590 credendam,
2362 2547 2440 2582 nul—

1352 2594 1426 2629 lum
1451 2604 1528 2629 esse
1551 2593 1758 2628 mandatum
1781 2593 1976 2629 rectissime
1999 2593 2218 2638 Papinianus
2243 2592 2303 2628 ait.
2335 2592 2441 2637 plane

1354 2639 1403 2682 si,
1436 2642 1477 2674 ut
1507 2642 1734 2684 exspectares
1765 2649 1832 2674 nec
1864 2649 2032 2684 urgueres
2057 2638 2252 2673 debitorem
2275 2637 2321 2672 ad
2345 2637 2439 2672 solu-

1353 2685 1505 2727 tionem,
1529 2684 1742 2719 mandavero
1766 2684 1851 2726 tibi,
1875 2688 1916 2719 ut
1939 2684 1971 2719 ei
1995 2683 2057 2719 des
2080 2683 2322 2725 intervallum,
2347 2682 2439 2727 peri-

1355 2730 1506 2775 culoque
1528 2739 1606 2765 meo
1630 2729 1818 2775 pecuniam
1841 2729 1919 2764 fore
1939 2729 2066 2770 dicam,
2090 2738 2211 2763 verum
2230 2731 2317 2773 puto
2337 2737 2441 2762 omne

1354 2774 1505 2810 nominis
1537 2775 1736 2820 periculum
1760 2774 1888 2810 debere
1911 2774 1958 2809 ad
1981 2773 2226 2808 mandatorem
2277 2772 2437 2807 ertinere.

1357 2824 1397 2855 15
1444 2819 1543 2855 Idem
1574 2819 1643 2862 ait,
1679 2820 1709 2855 si
1740 2823 1839 2854 tutor
1870 2819 2015 2854 mandet
2045 2818 2178 2863 suscipi
2211 2828 2252 2853 ve
2295 2816 2440 2863 probari

1353 2875 1482 2901 nomen
1513 2865 1610 2910 quod
1643 2864 1798 2907 fecerat,
1833 2864 1946 2899 teneri
1980 2874 2059 2899 eum
2090 2863 2269 2905 mandati,
2305 2862 2439 2898 scilicet

1357 2914 1397 2946 16
1444 2910 1622 2956 quondam
1669 2909 1778 2954 upillo
1803 2919 1868 2944 suo
1891 2909 1947 2944 vel
1971 2909 2129 2944 curatori
2146 2908 2233 2943 eius.
2281 2907 2319 2942 Si
2338 2917 2438 2942 man-

1354 2956 1484 2991 davero
1510 2955 1633 3000 exigen
1659 2965 1716 2989 am
1767 2954 1946 2997 ecuniam,
1971 2953 2098 2989 deinde
2121 2954 2338 2989 voluntatem
2362 2962 2438 2986 mu-

1353 3005 1485 3043 tavero,
1510 3010 1558 3035 an
1581 3000 1627 3035 sit
1649 3009 1731 3034 man
1757 2999 1806 3034 ati
1831 2999 1923 3034 actio
1947 2999 2003 3034 vel
2022 2998 2106 3033 mihi
2122 2998 2177 3033 vel
2195 2997 2316 3033 heredi
2335 2997 2439 3032 meo?

1354 3050 1390 3081 et
1413 3045 1464 3080 ait
1485 3044 1678 3080 Marcellus
1703 3054 1844 3079 cessare
1867 3044 2027 3079 mandati
2051 3043 2245 3085 actionem,
2271 3042 2355 3088 quia
2377 3052 2437 3077 ex-

1353 3091 1503 3126 tinctum
1528 3094 1582 3125 est
1601 3089 1807 3124 mandatum
1826 3088 1928 3124 finita
1945 3089 2137 3124 voluntate.
2174 3087 2270 3134 quod
2289 3087 2319 3122 si
2338 3097 2437 3121 man-

1354 3136 1491 3171 daveris
1524 3134 1749 3180 exigendam,
1783 3134 1910 3169 deinde
1939 3133 2172 3179 prohibuisti,
2206 3136 2367 3168 exactam
2393 3141 2438 3166 ue

1357 3184 1396 3216 17
1444 3179 1626 3225 recepisti,
1669 3179 1808 3215 debitor
1850 3179 2067 3214 liberabitur.
2115 3178 2212 3214 Idem
2246 3177 2369 3212 Marce
2396 3186 2437 3211 us

1354 3225 1494 3268 scribit,
1526 3225 1575 3267 si,
1606 3228 1648 3259 ut
1670 3228 1753 3269 post
1775 3227 1925 3259 mortem
1947 3224 2016 3259 sibi
2038 3226 2304 3258 monumentum
2326 3221 2437 3264 fieret,

1379 3270 1434 3306 uis
1476 3269 1675 3312 mandavit,
1716 3270 1820 3305 heres
1857 3269 1930 3304 eius
1965 3269 2095 3314 poterit
2126 3267 2287 3303 mandati
2321 3275 2435 3311 agere.

1352 3282 1451 3351 illum
1483 3325 1565 3350 vero
1597 3315 1658 3360 qui
1681 3314 1887 3349 mandatum
1917 3313 2093 3358 suscepit,
2126 3313 2156 3348 si
2188 3322 2255 3348 sua
2285 3311 2438 3357 pecunia

1353 3359 1455 3403 fecit,
1487 3364 1573 3405 puto
1607 3370 1711 3405 agere
1741 3358 1918 3401 mandati,
1952 3358 1982 3394 si
2005 3368 2077 3393 non
2103 3358 2154 3392 ita
2177 3357 2210 3392 ei
2232 3356 2438 3392 mandatum

1354 3408 1426 3447 est,
1462 3409 1504 3440 ut
1539 3415 1605 3439 sua
1636 3405 1792 3457 pecunia
1825 3403 1963 3438 faceret
1996 3407 2273 3438 monumentum.
2319 3401 2438 3446 potuit

1354 3450 1446 3486 enim
1470 3460 1574 3495 agere
1598 3453 1703 3484 etiam
1727 3460 1808 3485 cum
1830 3457 1872 3483 eo
1898 3448 1958 3492 qui
1981 3447 2159 3483 mandavit
2170 3448 2194 3489 ⁴,
2218 3450 2260 3482 ut
2282 3446 2350 3481 sibi
2399 3455 2435 3481 e-

1354 3495 1495 3531 cuniam
1519 3495 1620 3530 daret
1643 3494 1690 3529 ad
1711 3493 1924 3536 faciendum,
1948 3493 2099 3528 maxime
2124 3492 2155 3528 si
2171 3491 2242 3527 iam
2263 3501 2334 3537 qua

1353 3539 1400 3575 ad
1422 3539 1624 3575 faciendum
1649 3539 1796 3585 paravit.

204 3664 242 3702 (1)
268 3667 301 3694 et
312 3663 373 3695 ins.
466 3662 508 3700 (2)
534 3659 592 3702 qui
605 3657 706 3691 solvit
719 3658 778 3691 ins.
794 3655 844 3688 ΡΨ
936 3658 977 3698 (3)
1003 3656 1208 3690 Demostrati
1220 3667 1281 3688 scr.

204 3710 245 3746 (ι)
260 3709 306 3739 sic
318 3709 387 3747 sere
400 3707 549 3739 restitue:
564 3704 662 3737 Illum
676 3713 753 3735 vero
766 3702 825 3744 qui
834 3701 1027 3734 mandatum
1040 3701 1189 3743 suscepit
1201 3702 1284 3743 puto

204 3763 302 3794 agere
311 3745 476 3791 mandati,
498 3750 527 3783 si
540 3750 588 3783 ita
602 3750 633 3783 ei
646 3749 841 3782 mandatum
854 3751 913 3789 est,
934 3751 972 3781 ut
992 3757 1051 3780 sua
1072 3746 1217 3790 pecunia
1236 3744 1285 3778 fa·

1352 3656 1441 3687 eeret
1461 3656 1731 3693 monumentum,
1762 3662 1837 3684 cum
1857 3651 1978 3684 herede
1999 3650 2169 3683 defuncti:
2199 3649 2229 3682 si
2247 3659 2315 3681 non
2333 3649 2383 3681 ita
2402 3648 2433 3681 ei

1352 3698 1545 3732 mandatum
1559 3701 1619 3738 est,
1633 3701 1672 3730 ut
1683 3707 1742 3730 sua
1754 3697 1899 3739 pecunia
1911 3696 2037 3729 faceret
2048 3697 2309 3734 monumentum,
2323 3693 2434 3736 potuit

1355 3754 1454 3786 agere
1467 3743 1568 3776 etiam
1581 3753 1655 3775 cum
1668 3752 1708 3775 eo
1721 3742 1778 3785 qui
1792 3741 1966 3774 mandavit

2492 3234 2528 3918 muffxesswffisfflrmfflwtwm
2502 3100 2520 3227 ἡ
2519 3084 2524 3090 „,
2526 3064 2528 3067 ,
2502 3036 2514 3046 -⁴
2523 3014 2525 3018 ι
2505 2969 2518 2981 v
2504 2934 2524 2959 ee
2500 2879 2511 2923 ‘¹
2502 2806 2510 2811 ²
2507 2734 2510 2740 ·
