2528 3918
3 3757 14 3793 1
72 3757 155 3787 teret
167 3755 202 3787 id
216 3755 265 3788 Γ*

85 103 401 162 menum-mus

82 244 254 281 testatore
276 242 402 284 fuerit,
433 250 479 277 ne
508 242 636 286 postea
659 238 805 276 Stichus
837 239 1001 284 serviret,
1033 240 1173 286 placuit

82 286 446 325 fideicommissariam
467 285 668 322 libertatem
691 284 815 320 datam
837 284 967 320 videri:
996 296 1080 321 nam
1109 286 1172 332 qui

82 333 152 369 hoc
174 334 274 379 petit,
299 343 344 369 ne
365 335 493 378 postea
515 330 655 372 serviat,
680 330 821 366 videtur
843 334 976 375 petere,
1001 334 1043 366 ut
1061 331 1170 367 liber-

83 381 102 412 8
149 382 205 415 tas
230 379 261 414 ei
286 380 497 424 praestetur.
539 375 611 411 Sed
634 378 670 411 et
693 375 724 411 si
747 376 799 411 ita
822 376 891 411 scri
920 377 983 411 sit:
1010 378 1067 412 ‘ne
1091 386 1171 412 eum

83 423 237 459 ‘alienes’
274 428 330 459 ‘ne
361 432 441 458 eum
469 421 627 464 vendas',
661 420 756 456 idem
792 421 860 456 erit
922 421 1103 464 'cendum,
1140 422 1171 457 si

82 469 186 505 modo
217 470 286 504 hoc
320 468 437 503 animo
468 466 579 501 fuerit
613 466 731 502 adseri
756 469 851 509 tum,
889 467 984 511 quod
1018 466 1172 504 voluerit

82 524 162 550 eum
185 517 336 550 testator
359 512 404 547 ad
427 512 628 547 libertatem
651 522 716 557 per
742 512 812 547 uci.
861 517 1019 547 ceterum
1043 512 1075 548 si
1098 512 1171 548 alia

82 563 198 594 mente
221 559 258 594 id
281 557 441 602 scripsit,
474 561 515 592 ut
538 561 627 602 puta
650 557 734 602 quia
758 557 946 593 consilium
971 558 1084 593 dabat
1106 558 1169 593 he·

80 604 156 639 redi
186 604 338 640 retinere
367 603 476 638 talem
505 613 644 638 servum
675 603 729 638 vel
760 604 844 647 quia
869 613 1034 639 coercere
1057 603 1171 638 voluit

80 659 218 685 servum
240 652 277 684 et
299 648 480 691 cruciare,
513 658 559 683 ne
588 647 769 683 meliorem
801 648 982 683 dominum
1008 649 1169 693 experia-

81 700 157 736 tur,
196 694 252 730 vel
285 694 332 729 ali
357 695 428 728 ua¹
465 696 601 736 mente,
642 704 715 728 non
746 694 960 729 tribuendae
991 694 1169 729 libertatis

78 739 206 782 auimo,
231 705 420 775 dicendum
444 742 499 774 est
516 749 658 774 cessare
677 739 852 774 libertatis
872 739 1167 784 praestationem:

78 788 113 819 et
135 785 187 819 ita
211 784 334 820 Celsus
365 784 457 819 libro
487 784 679 820 vicensimo
703 784 810 819 tertio
837 784 1056 829 digestorum
1079 784 1168 820 scri-

78 830 140 864 bit.
188 841 260 865 non
283 830 448 865 tantum²
473 829 566 865 enim
587 831 699 865 verba
721 829 995 873 fideicommissi,
1020 830 1085 866 sed
1109 830 1168 864 et³

77 885 174 910 mens
198 875 381 911 testatoris
405 875 563 910 tribuere
586 875 679 911 solet
698 875 899 910 libertatem
920 875 1168 911 fideicommis-

77 921 218 956 sariam.
257 921 320 956 sed
342 931 423 956 cum
448 931 492 955 ex
514 921 807 966 praesumptione
827 921 976 956 liberta-s
996 921 1170 966 praestita

77 977 153 1002 esse
171 966 322 1009 videtur,
346 965 487 1001 heredis
507 970 562 1001 est
581 966 798 1001 contrariam
818 967 1037 1002 voluntatem
1057 970 1168 1002 testa-

77 1014 96 1045 9
142 1011 230 1048 toris
260 1012 426 1057 probare.
476 1011 514 1046 Si
545 1013 647 1056 quis⁴
678 1015 835 1047 tutorem
864 1012 946 1048 ideo
971 1012 1167 1057 scripserit,

76 1057 159 1101 quia
186 1057 339 1092 liberum
369 1057 524 1102 putavit,
561 1057 799 1093 certissimum
829 1061 883 1092 est
913 1067 1030 1102 neque
1060 1057 1168 1092 liber-

74 1106 184 1139 tatem
204 1102 282 1156 peti
303 1112 411 1148 posse
431 1113 547 1147 neque
567 1103 717 1138 tutelam
736 1103 912 1138 libertatis
931 1102 1169 1147 praestationi

74 1148 335 1192 patrocinari⁵:
361 1151 398 1183 et
419 1148 472 1183 ita
492 1151 527 1183 et
545 1148 740 1184 Marcellus
765 1148 857 1184 libro
883 1150 1007 1194 quinto
1032 1148 1168 1184 decimo

75 1193 292 1238 digestorum
315 1196 351 1229 et
373 1193 568 1238 imperator
592 1197 715 1229 noster
738 1204 820 1229 cum
842 1199 945 1239 patre
969 1193 1167 1239 rescripsit.

81 1244 117 1273 10
165 1239 204 1274 Si
228 1238 305 1283 quis
330 1248 432 1274 servo
455 1239 643 1284 pignerato
668 1239 841 1274 directam
871 1240 1075 1274 libertatem
1107 1239 1167 1274 de-

74 1284 183 1327 derit,
220 1284 304 1320 licet
332 1284 471 1319 videtur
502 1285 579 1319 iure
612 1284 738 1329 suptili
766 1284 940 1320 inutiliter
970 1284 1167 1330 reliquisse,

73 1334 230 1365 attamen
264 1330 368 1375 quasi
403 1334 439 1364 et
474 1329 804 1366 fideicommissaria
839 1330 1007 1365 libertate
1042 1330 1169 1365 relicta

74 1385 197 1410 servus
220 1380 343 1420 petere
365 1379 502 1420 potest,
534 1379 576 1410 ut
604 1385 648 1411 ex
671 1375 945 1411 fideicommisso
970 1375 1061 1411 liber
1084 1376 1165 1411 fiat:

74 1420 173 1456 favor
197 1421 290 1456 enim
311 1420 489 1455 libertatis
513 1420 661 1464 suadet,
695 1425 736 1455 ut
760 1421 1038 1466 interpretemur
1062 1425 1099 1456 et
1122 1421 1169 1456 ad

72 1466 247 1502 libertatis
264 1465 471 1511 petitionem
490 1466 685 1511 procedere
701 1467 907 1502 testamenti
924 1467 1044 1509 verba,
1066 1467 1169 1511 quasi

73 1522 116 1545 sex
139 1511 411 1547 fideicommisso
436 1511 555 1546 fuerat
579 1523 704 1547 servus
726 1512 816 1547 liber
836 1522 915 1547 esse
935 1513 1075 1547 iussus:
1101 1523 1167 1547 nec

73 1557 166 1592 enim
189 1557 350 1602 ignotum
375 1561 447 1602 est,
480 1556 577 1602 quod
607 1558 719 1592 multa
752 1562 879 1593 contra
902 1558 990 1593 iuris
1014 1558 1168 1603 rigorem

75 1606 112 1637 11
186 1614 227 1638 ro
262 1602 431 1638 libertate
466 1603 539 1638 sint
581 1603 787 1638 constituta.
844 1603 903 1637 Ex
939 1607 1166 1646 testamento,

72 1658 142 1693 quo
188 1648 402 1694 adgnatione
418 1652 606 1693 postumae
623 1653 770 1694 ruptum
788 1659 866 1684 esse
885 1649 1046 1684 constitit
1055 1651 1079 1692 ⁶,
1104 1658 1166 1684 ne-

26 1720 29 1723 .
72 1703 141 1738 que
165 1693 320 1729 directas
344 1694 530 1729 libertates
555 1698 758 1738 competere
782 1704 897 1739 neque
916 1694 1166 1730 fideicommis-

71 1739 184 1775 sarias
207 1739 338 1782 deberi,
364 1749 452 1783 quas
477 1749 551 1774 non
574 1749 597 1773 a
620 1739 787 1783 legitimis
811 1750 953 1785 quoque
973 1740 1166 1775 heredibus

76 1787 114 1819 12
163 1788 268 1829 pater
291 1784 445 1819 familias
468 1784 670 1829 reliquerit,
702 1785 790 1821 satis
821 1789 975 1820 constat.
1025 1785 1063 1820 Si
1087 1785 1166 1830 quis

70 1830 224 1866 alienum
248 1830 303 1865 vel
327 1840 431 1865 suum
455 1840 597 1865 servum
620 1835 767 1875 rogatus
789 1831 837 1866 sit
855 1831 1107 1866 manumittere
1132 1835 1168 1866 et

70 1875 185 1910 minus
211 1876 257 1910 sit
279 1875 317 1909 in
341 1885 382 1910 eo
408 1875 505 1920 quod
528 1876 672 1920 accepit
694 1875 828 1911 iudicio
852 1876 1054 1920 testatoris,
1083 1877 1166 1921 plus

70 1921 117 1956 sit
138 1921 175 1956 in
198 1920 314 1965 pretio
340 1921 451 1964 servi,
482 1931 530 1955 an
560 1925 710 1965 cogatur
733 1921 789 1956 vel
813 1921 968 1957 alienum
992 1921 1166 1957 redimere

72 1966 124 2001 vel
148 1977 252 2002 suum
276 1966 541 2009 manumittere,
574 1966 766 2001 videndum
794 1970 860 2002 est.
909 1971 946 2002 et
969 1967 1166 2002 Marcellus

71 2011 230 2056 scripsit,
264 2022 345 2046 cum
370 2011 505 2056 ceperit
529 2011 704 2056 legatum,
739 2012 938 2056 cogendum
962 2012 1165 2048 omnimodo

70 2068 173 2092 suum
195 2057 464 2092 manumittere:
491 2061 528 2091 et
547 2067 634 2092 sane
652 2058 722 2092 hoc
742 2058 820 2092 iure
842 2058 985 2101 utimur,
1010 2062 1051 2093 ut
1074 2058 1164 2092 mul-

69 2107 145 2137 tum
175 2102 333 2145 intersit,
366 2113 471 2137 suum
495 2102 646 2147 quisque
670 2107 817 2147 rogatus
842 2103 891 2138 sit
912 2103 1165 2139 manumittere

69 2158 116 2183 an
139 2148 312 2182 alienum:
347 2148 376 2182 si
401 2158 522 2189 suum,
556 2152 705 2192 cogetur
727 2149 995 2192 manumittere,
1027 2149 1166 2184 etiamsi

69 2193 246 2228 modicum
276 2193 433 2237 accepit:
470 2193 568 2238 quod
600 2194 629 2228 si
661 2194 834 2236 alienum,
872 2205 945 2229 non
975 2195 1064 2229 alias
1097 2194 1166 2230 erit

70 2238 269 2284 cogendus,
304 2249 410 2282 quam
441 2237 473 2274 si
503 2239 597 2273 tanti
626 2239 742 2283 possit
764 2239 957 2281 redimere,
991 2243 1166 2285 quantum

72 2287 112 2319 13
160 2294 205 2319 ex
223 2283 354 2319 iudicio
372 2284 556 2319 testatoris
577 2289 794 2320 consecutus
812 2285 869 2320 sit.
902 2285 1059 2320 Proinde
1079 2296 1165 2320 con-

69 2333 258 2375 sequenter
281 2329 476 2364 Marcellus
506 2329 557 2364 ait
588 2339 669 2364 eum
699 2340 858 2375 quoque,
892 2331 953 2375 qui
982 2331 1086 2366 heres
1110 2331 1164 2365 in-

69 2375 216 2411 stitutus
242 2378 312 2417 est,
345 2374 377 2410 si
401 2374 543 2420 quidem
566 2375 701 2420 aliquid
725 2375 773 2410 ad
796 2386 878 2411 eum
902 2376 1057 2411 deducto
1082 2386 1165 2411 aere

69 2420 185 2455 alieno
208 2421 388 2465 pervenit,
423 2420 622 2464 cogendum
654 2431 732 2456 esse
763 2432 870 2456 suum
893 2422 1163 2457 manumittere:

73 2469 112 2500 14
159 2466 191 2501 si
209 2476 293 2501 vero
314 2466 402 2500 nihil
421 2466 593 2510 pervenit,
615 2477 688 2501 non
707 2477 786 2501 esse
805 2467 1014 2511 cogendum.
1051 2467 1165 2502 Plane

69 2511 100 2547 si
122 2510 216 2546 forte
239 2511 355 2546 minus
379 2511 543 2547 relictum
568 2515 624 2546 est
647 2512 765 2554 alicui,
790 2522 913 2547 verum
937 2514 1049 2548 crevit
1067 2513 1163 2557 lega-

68 2561 144 2591 tum
165 2567 208 2591 ex
229 2557 349 2602 aliqua
369 2567 490 2598 causa,
512 2557 765 2601 aequissimum
785 2557 854 2592 erit
872 2558 965 2592 tanti
985 2568 1066 2593 eum
1086 2558 1165 2603 cogi

68 2602 257 2644 redimere,
298 2607 470 2647 quantum
507 2601 553 2636 ad
587 2613 668 2636 eum
704 2603 883 2647 pervenit,
922 2614 989 2638 nec
1021 2604 1164 2639 causari

69 2647 215 2690 debere,
249 2648 346 2692 quod
376 2647 494 2681 minus
522 2647 575 2681 illi
603 2647 768 2682 relictum
800 2648 866 2690 sit,
900 2659 980 2683 cum
1013 2649 1165 2684 creverit

69 2693 146 2727 eius
170 2693 325 2737 legatum
354 2702 419 2737 per
441 2693 648 2727 testamenti
671 2693 914 2728 occasionem:
950 2704 1034 2728 nam
1066 2698 1101 2729 et
1133 2694 1163 2729 si

69 2748 113 2773 ex
137 2747 237 2772 mora
260 2737 399 2773 fructus
425 2747 599 2772 usuraeve
619 2737 893 2774 fideicommisso
913 2740 1162 2782 accessissent,

74 2786 111 2818 15
160 2783 348 2818 dicendum
378 2786 434 2818 est
462 2783 663 2818 libertatem
692 2783 958 2828 praestandam.
1006 2784 1163 2820 Proinde

68 2832 105 2864 et
128 2828 158 2863 si
182 2828 274 2863 servi
298 2828 452 2873 pretium
478 2828 650 2870 decrevit,
684 2828 873 2864 dicendum
901 2833 958 2864 est
987 2829 1163 2866 redimere

74 2877 112 2909 16
160 2873 368 2918 cogendum.
416 2873 521 2917 Quod
545 2874 575 2908 si
597 2873 753 2918 legatum
775 2874 823 2909 sit
845 2874 1080 2919 imminutum,
1110 2875 1160 2910 vi-

70 2919 234 2963 dendum,
259 2929 306 2954 an
329 2923 481 2964 cogatur
498 2929 638 2954 servum
657 2919 909 2955 manumittere
927 2921 987 2965 qui
1006 2921 1163 2965 speravit

69 2965 247 3009 legatum⁷
271 2965 417 3000 uberius
442 2968 730 2999 consecuturum.
780 2969 816 3000 et
838 2969 978 3010 putem,
1012 2966 1041 3000 si
1065 2966 1160 3011 lega-

70 3014 144 3044 tum
169 3009 358 3045 refundere
381 3010 428 3045 sit
450 3013 615 3054 paratus,
650 3020 722 3044 non
751 3020 830 3046 esse
860 3011 1075 3056 cogendum,
1107 3011 1161 3046 id-

21 3095 25 3101 *
70 3056 181 3099 circo,
220 3056 304 3100 quia
341 3055 412 3090 alia
449 3055 749 3099 contemplatione
789 3056 958 3101 adgnovit
991 3057 1160 3100 legatum,

70 3100 164 3145 quod
195 3110 240 3135 ex
270 3101 455 3146 inopinato
481 3101 700 3134 deminutum
724 3104 795 3135 est:
827 3106 957 3146 parato
990 3102 1098 3146 igitur
1128 3103 1160 3137 ei

70 3156 92 3180 a
116 3146 233 3190 legato
256 3146 421 3181 recedere
447 3145 714 3181 concedendum
737 3146 821 3190 erit,
853 3147 922 3182 nisi
954 3147 1048 3182 forte
1071 3148 1160 3183 resi-

74 3194 110 3225 17
161 3191 268 3225 duum
300 3192 455 3236 legatum
484 3191 531 3226 ad
560 3191 715 3235 pretium
746 3191 890 3226 sufficit.
939 3192 1033 3237 Quid
1064 3203 1159 3238 ergo,

0 3230 8 3284 ζ
69 3236 100 3270 81
123 3236 242 3281 plures
267 3238 411 3272 servos⁸
434 3240 581 3281 rogatus
605 3237 654 3271 sit
676 3236 925 3273 manumittere
946 3242 982 3273 et
1001 3238 1047 3273 ad
1068 3249 1157 3283 quo-

2 3292 9 3324 ξ,
69 3280 220 3316 rundam
249 3282 403 3326 pretium
436 3281 595 3317 sufficiat
624 3281 662 3316 id
694 3281 791 3326 quod
819 3282 983 3318 relictum
1006 3287 1079 3326 est,
1113 3283 1159 3318 ad

70 3326 225 3361 omnium
248 3337 322 3361 non
343 3327 516 3369 sufficiat,
542 3337 589 3362 an
612 3327 791 3371 cogendus
815 3327 863 3363 sit
885 3328 1058 3373 quosdam
1082 3339 1158 3364 ma-

70 3372 284 3407 numittere‘e
322 3375 358 3407 et
379 3377 503 3417 putem
526 3371 655 3407 debere
679 3382 760 3407 eum
785 3373 864 3417 cogi
886 3374 942 3408 vel
965 3383 1043 3417 eos,
1069 3385 1156 3419 quo-

70 3427 148 3451 rum
167 3417 321 3462 pretium
339 3418 487 3462 patitur,
512 3417 772 3452 manumittere.
810 3417 888 3462 quis
906 3428 990 3464 ergo
1010 3422 1157 3462 statuet,

71 3462 131 3506 qui
163 3462 284 3508 potius
319 3463 605 3498 manumittitur?
651 3466 818 3498 utrumne
853 3463 931 3508 ipse
965 3464 1157 3509 legatarius

70 3574 112 3617 (1)
136 3574 203 3608 alia
220 3585 285 3618 qua
304 3588 334 3609 v.
354 3577 384 3610 d.
408 3577 500 3620 apud
518 3576 755 3621 Schultinyium
872 3577 914 3618 (2)
939 3577 1071 3611 tantum
1092 3579 1155 3612 del.

70 3622 114 3661 (3)
139 3622 173 3652 et
191 3621 252 3654 del.
399 3628 440 3662 (4)
464 3632 596 3655 servum
614 3623 676 3656 ins.
825 3624 868 3664 (5)
891 3623 1109 3665 patrocinarii
1128 3625 1163 3657 F

73 3667 116 3707 (0)
141 3667 268 3698 constet
281 3666 332 3699 F²
446 3669 489 3709 (7)
513 3677 547 3700 se
564 3669 625 3701 ins.
639 3668 674 3699 F
679 3666 695 3688 2

71 3711 116 3750 (9)
141 3719 161 3742 a
173 3720 240 3752 quo
250 3709 397 3754 legatum
408 3713 558 3755 supplevi
567 3724 629 3745 sec.
644 3713 690 3751 B,
710 3725 767 3745 om.
783 3713 818 3746 F
891 3714 950 3754 (10)
974 3716 1156 3748 manumit-

348 3758 402 3798 (11)
428 3758 457 3790 ni
469 3759 530 3791 im.
544 3759 577 3790 F
657 3759 716 3799 (12)
740 3757 781 3800 si]
793 3758 881 3790 sicut
891 3770 953 3791 scr.
1038 3761 1096 3802 (13)
1122 3760 1157 3794 et

1159 112 1245 163 623

2108 113 2281 159 XXXX
2311 116 2335 156 5

1242 239 1368 285 eligat,
1402 248 1492 285 quos
1523 237 1768 282 manumittat,
1801 251 1846 276 an
1878 241 1982 278 heres
2012 251 2036 278 a
2059 252 2130 288 quo
2153 241 2334 288 legatum'

1242 287 1323 321 est?
1366 289 1402 321 et
1424 284 1590 320 fortassis
1614 284 1693 328 quis
1718 289 1815 321 recte
1839 286 1969 322 dixerit
1992 287 2152 324 ordinem
2178 287 2329 333 scriptu-

1240 340 1304 366 rae
1328 329 1567 375 sequendum:
1592 329 1690 374 quod
1713 330 1745 365 si
1769 331 1855 366 ordo
1876 343 1949 367 non
1967 337 2106 377 pareat,
2131 336 2195 368 aut
2213 332 2335 369 sortiri

1242 386 1304 412 eos
1343 375 1543 420 oportebit,
1590 384 1635 409 ne
1674 375 1831 419 aliquam
1868 377 2068 414 ambitionis
2105 378 2160 414 vel
2196 378 2335 423 gratiae

1241 421 1481 465 suspicionem
1519 423 1666 465 praetor
1706 421 1853 463 subeat,
1894 426 1958 456 aut
1993 423 2129 459 meritis
2162 424 2335 469 cuiusque

1245 470 1284 501 18
1333 466 1495 511 allegatis
1520 465 1687 501 arbitrari
1712 476 1772 501 eos
1799 471 1951 511 oportet.
2000 468 2112 503 Simili
2143 469 2248 504 modo
2281 469 2334 504 di-

1240 511 1391 546 cendum
1425 516 1480 546 est
1511 514 1547 546 et
1577 511 1607 546 si
1637 510 1810 546 redimere
1841 512 1960 546 iussus
1991 514 2037 548 sit
2065 514 2335 559 libertatemque

1239 561 1425 601 praestare
1455 567 1522 591 nec
1554 555 1709 601 pecunia
1741 567 1832 601 quae
1864 557 1981 601 legata
2011 562 2065 594 est
2099 559 2256 594 sufficiat
2289 561 2335 594 ad

1239 602 1521 647 redemptionem
1542 602 1711 644 omnium,
1732 602 1861 647 quibus
1881 602 2028 638 libertas
2050 604 2134 638 data
2154 608 2226 639 est:
2252 614 2335 639 nam

1245 651 1284 681 19
1333 651 1370 682 01
1394 647 1453 682 1110
1478 647 1572 682 idem
1597 647 1674 690 erit,
1700 647 1796 692 quod
1814 658 1925 692 supra
1943 648 2182 692 probavimus.
2221 649 2258 684 Si
2277 650 2335 684 cui

1240 693 1396 737 legatum
1420 693 1467 727 sit
1497 692 1661 728 relictum
1691 692 1795 737 isque
1823 696 1970 737 rogatus
2003 694 2050 728 sit
2080 704 2222 729 servum
2252 706 2335 740 pro-

1240 739 1358 782 prium
1391 738 1642 773 manumittere
1674 738 1777 783 eique
1791 740 1818 759 ¹⁰
1848 738 1944 783 quod
1976 739 2130 783 legatum
2154 745 2209 775 est
2231 750 2334 785 prae-

1241 787 1356 825 stare,
1395 793 1443 818 an
1478 783 1810 818 fideicommissario.
1840 784 1987 818 libertas
2016 784 2234 828 praestanda
2265 786 2336 820 sit?

1242 829 1416 872 quosdam
1441 833 1569 869 movet,
1595 828 1690 873 quia,
1716 830 1746 864 si
1770 828 1881 864 fuerit
1902 831 2051 864 coactus
2071 830 2118 864 ad
2135 830 2336 865 libertatem

1239 873 1503 918 praestandam,
1530 884 1574 908 ex
1597 874 1816 910 necessitate
1841 874 1888 909 ad
1910 874 2172 910 fideicommissi
2196 885 2337 920 quoque

1238 920 1518 964 praestationem
1542 919 1612 955 erit
1633 920 1832 964 cogendus:
1858 925 1894 955 et
1919 923 2004 955 sunt
2027 920 2088 964 qui
2111 925 2242 965 putant
2264 931 2337 956 non

1239 975 1318 1000 esse
1342 965 1552 1009 cogendum.
1600 975 1684 1000 nam
1713 970 1750 1001 et
1779 966 1810 1001 si
1839 966 1924 1000 mihi
1948 965 2105 1010 legatum
2128 964 2257 1001 fuisset
2279 977 2335 1001 re-

1239 1010 1365 1045 lictum
1390 1014 1426 1045 et
1449 1010 1486 1045 id
1510 1014 1656 1056 rogatus
1681 1021 1796 1046 essem
1819 1011 1914 1046 Titio
1935 1011 2126 1046 restituere
2150 1011 2337 1047 confestim

1241 1059 1277 1090 et
1310 1059 1502 1101 praeterea
1535 1056 1847 1092 fideicommissam
1881 1057 2083 1091 libertatem
2117 1066 2221 1092 servo
2257 1067 2335 1092 meo

1239 1105 1438 1146 praestare,
1464 1102 1540 1136 sine
1563 1102 1673 1137 dubio
1698 1102 1898 1137 diceremus
1922 1113 1995 1137 non
2019 1112 2097 1137 esse
2125 1112 2182 1136 me
2206 1112 2335 1146 cogen-

1240 1148 1325 1182 dum
1360 1146 1408 1182 ad
1444 1147 1622 1182 libertatis
1658 1148 1956 1192 praestationem,
1996 1148 2080 1192 quia
2111 1147 2200 1182 nihil
2230 1148 2338 1192 pretii

1239 1192 1383 1228 nomine
1407 1192 1528 1228 videor
1551 1194 1747 1238 accepisse.
1795 1193 1902 1238 plane
1927 1193 1958 1228 si
1981 1192 2075 1228 forte
2089 1194 2114 1213 ¹¹
2142 1196 2225 1238 post
2247 1197 2336 1228 tem-

1237 1248 1307 1283 pus
1337 1238 1448 1273 fuerit
1479 1242 1627 1283 rogatus
1658 1239 1848 1274 restituere
1877 1239 1946 1274 sibi
1974 1239 2132 1283 legatum
2163 1238 2335 1281 relictum,

1239 1283 1310 1318 dici
1341 1287 1462 1328 potest
1493 1287 1642 1329 propter
1672 1284 1780 1319 medii
1811 1284 1983 1329 temporis
2015 1284 2173 1319 fructum
2206 1294 2333 1329 cogen-

1240 1331 1282 1364 20
1330 1329 1415 1363 dum
1447 1339 1529 1364 eum
1558 1329 1829 1372 manumittere,
1869 1330 1900 1365 si
1914 1331 1941 1351 ¹2
1977 1334 2125 1374 rogatus
2161 1329 2242 1375 quis
2276 1330 2338 1364 alii

1238 1373 1400 1417 fundum,
1427 1385 1508 1409 cum
1528 1375 1712 1418 morietur,
1738 1375 1799 1410 alii
1821 1379 1963 1410 centum
1980 1378 2177 1420 praestare,
2202 1375 2234 1411 si
2257 1378 2336 1410 tan-

1237 1423 1314 1454 tum
1345 1431 1390 1455 ex
1418 1420 1596 1456 fructibus
1626 1420 1729 1455 fundi
1757 1421 1978 1466 perceperit,
2013 1425 2186 1466 quantum
2216 1424 2273 1466 est,
2300 1421 2336 1455 in

1238 1466 1533 1510 fideicommisso,
1560 1466 1760 1511 cogendum
1784 1477 1864 1501 eum
1887 1471 2085 1511 praestare.
2135 1466 2186 1502 sic
2210 1465 2270 1508 fit,
2296 1470 2334 1502 ut

1238 1512 1286 1546 sit
1308 1511 1346 1546 in
1369 1512 1541 1556 pendenti
1564 1512 1877 1547 fideicommissum
1901 1511 2149 1558 pecuniarium
2175 1516 2210 1547 et
2235 1511 2331 1547 fidei-

1239 1560 1278 1591 21
1332 1557 1543 1592 commissae
1566 1558 1743 1593 libertatis
1767 1558 1976 1602 praestatio.
2019 1557 2191 1602 Quotiens
2217 1561 2336 1593 autem

1238 1602 1569 1638 fideicommissario.
1592 1603 1741 1639 libertas
1765 1603 1981 1648 relinquitur
2005 1603 2211 1646 efficaciter,
2234 1604 2274 1638 in
2292 1613 2337 1639 ea

1238 1658 1350 1683 causa
1380 1652 1451 1691 est,
1487 1653 1529 1683 ut
1563 1659 1679 1694 neque
1717 1649 1931 1684 alienatione
1966 1659 2082 1694 neque
2114 1649 2337 1694 usucapione

1237 1693 1399 1738 extingui
1420 1694 1553 1739 possit:
1588 1696 1636 1729 ad
1666 1705 1925 1739 quemcumque
1956 1695 2049 1729 enim
2078 1695 2276 1739 pervenerit
2304 1695 2335 1730 is

1238 1749 1381 1782 servus,
1421 1739 1479 1774 cui
1509 1739 1785 1776 fideicommissa
1815 1740 1963 1776 libertas
1995 1740 2122 1775 relicta
2151 1744 2223 1784 est,
2257 1740 2336 1785 cogi

1237 1794 1318 1820 eum
1343 1785 1611 1821 manumittere:
1643 1790 1679 1821 et
1708 1786 1759 1821 ita
1773 1787 1801 1807 ¹³
1831 1789 1887 1821 est
1918 1786 2128 1831 saepissime
2159 1786 2334 1821 constitu-

1237 1834 1324 1864 tum.
1374 1835 1522 1875 cogetur
1543 1831 1652 1876 igitur
1675 1831 1726 1874 is,
1759 1831 1807 1867 ad
1839 1842 1943 1876 quem
1973 1841 2095 1867 servus
2122 1832 2334 1877 pervenerit,

1236 1875 1548 1911 fideicommissam
1572 1877 1778 1912 libertatem
1801 1881 1988 1922 praestare
2002 1878 2028 1897 ¹⁴
2061 1877 2091 1912 si
2113 1877 2183 1912 hoc
2206 1877 2335 1914 maluit

1235 1920 1266 1955 is
1299 1922 1360 1966 qui
1389 1926 1537 1966 rogatus
1570 1926 1624 1957 est
1638 1924 1682 1958 ¹⁵:
1717 1922 1827 1958 latius
1857 1923 1952 1957 enim
1975 1926 2164 1967 acceptum
2188 1927 2261 1966 est,
2294 1927 2336 1958 ut

1236 1970 1272 2001 et
1303 1967 1335 2001 si
1366 1967 1434 2002 sub
1467 1967 1678 2003 condicione
1707 1967 1777 2003 fuit
1807 1968 1840 2003 ei
1863 1968 2012 2003 libertas
2036 1968 2163 2003 relicta
2187 1972 2222 2003 et
2244 1979 2332 2013 pen-

1236 2012 1340 2046 dente
1360 2012 1567 2048 condicione
1585 2013 1763 2049 alienatus
1783 2014 1839 2055 sit,
1862 2017 2019 2048 attamen
2039 2024 2121 2048 cum
2139 2024 2206 2049 sua
2223 2024 2334 2050 causa

1237 2057 1465 2093 alieneturffi.
1514 2059 1611 2111 quod
1634 2059 1667 2094 si
1690 2059 1781 2094 nolit
1805 2060 1850 2094 ab
1876 2069 1918 2094 eo
1941 2059 2154 2102 manumitti,
2181 2059 2243 2095 sed
2267 2071 2332 2104 po-

1234 2102 1308 2137 tius
1333 2103 1379 2138 ab
1404 2113 1447 2139 eo
1471 2104 1556 2139 velit
1580 2104 1627 2139 ad
1650 2104 1853 2140 libertatem
1875 2104 2045 2149 perduci,
2076 2105 2138 2150 qui
2167 2109 2244 2140 erat
2274 2116 2332 2140 ro-

1234 2152 1340 2193 gatus
1365 2158 1447 2183 eum
1470 2150 1739 2193 manumittere,
1773 2150 1890 2185 audiri
1922 2161 2003 2185 eum
2035 2154 2203 2196 oportere
2232 2150 2332 2186 divus

1235 2193 1441 2229 Hadrianus
1473 2198 1509 2229 et
1540 2195 1640 2230 divus
1671 2195 1758 2230 Pius
1787 2195 2063 2241 rescripserunt.
2112 2196 2197 2241 quin
2225 2197 2332 2231 immo

1235 2242 1272 2274 et
1303 2239 1334 2274 si
1364 2240 1436 2274 iam
1468 2241 1709 2276 manumissus
1739 2245 1813 2284 est,
1844 2241 1930 2276 velit
1960 2245 2082 2277 tamen
2111 2242 2230 2287 potius
2256 2242 2332 2277 eius

1234 2285 1385 2320 libertus
1421 2285 1517 2328 fieri,
1562 2287 1623 2331 qui
1658 2290 1737 2321 erat
1772 2291 1918 2332 rogatus
1955 2296 2036 2321 eum
2069 2287 2330 2330 manumittere,

1235 2330 1450 2365 audiendum
1484 2341 1564 2366 eum
1598 2332 1699 2367 divus
1724 2332 1811 2367 Pius
1842 2332 2038 2377 rescripsit.
2086 2333 2150 2367 sed
2174 2337 2209 2367 et
2232 2333 2264 2368 si
2287 2344 2331 2368 ex

1234 2385 1390 2421 persona
1420 2378 1689 2412 manumissoris
1719 2378 1775 2412 vel
1804 2389 1847 2412 ex
1872 2388 2096 2423 quacumque
2121 2388 2231 2414 causa
2253 2389 2328 2413 ma-

1235 2422 1416 2457 numissus
1441 2422 1630 2458 ostendere
1653 2427 1774 2468 potest
1796 2424 1852 2459 ius
1876 2434 1981 2459 suum
2012 2423 2107 2458 laedi
2136 2425 2329 2459 manumis-

1235 2467 1335 2502 sione
1359 2467 1414 2502 vel
1438 2468 1546 2503 etiam
1569 2468 1723 2512 laesum,
1754 2470 1916 2503 succurri
1946 2469 1978 2504 ei
2008 2479 2053 2504 ex
2076 2468 2131 2504 his
2157 2470 2329 2505 constitu-

1233 2512 1390 2548 tionibus
1409 2518 1562 2558 oportet,
1581 2525 1626 2549 ne
1645 2518 1773 2549 contra
1790 2514 2009 2549 voluntatem
2028 2514 2190 2550 defuncti
2208 2514 2330 2552 durior

1233 2557 1310 2592 eius
1336 2558 1498 2594 condicio
1525 2560 1776 2594 constituatur.
1823 2560 1931 2604 plane
1963 2560 1995 2596 si
2027 2570 2070 2595 ea
2099 2560 2146 2596 sit
2172 2560 2328 2596 defuncti

1232 2603 1419 2648 voluntas,
1453 2608 1494 2639 ut
1516 2605 1572 2640 vel
1596 2615 1618 2639 a
1642 2615 1867 2650 quocumque
1884 2607 1909 2627 ¹⁷
1940 2606 2142 2640 manumitti
2166 2606 2327 2649 voluerit,

1233 2648 1422 2684 dicendum
1447 2654 1501 2685 est
1525 2651 1799 2686 constitutiones
1825 2661 1935 2695 supra
1959 2652 2113 2696 scriptas
2139 2662 2291 2687 cessare.

1279 2692 1333 2731 25
1357 2694 1415 2730 ΡΑ
1423 2705 1518 2730 ULUS
1535 2696 1627 2731 libro
1648 2697 1753 2731 tertio
1771 2697 2130 2742 fideicommissorum
2168 2696 2206 2732 Si
2223 2697 2326 2733 heres

1233 2740 1294 2784 qui
1312 2740 1469 2775 vendidit
1486 2751 1626 2776 servum
1646 2742 1722 2776 sine
1740 2751 1950 2777 successore
1963 2742 2166 2784 decesserit,
2188 2746 2327 2787 emptor

1232 2789 1352 2820 autem
1383 2790 1482 2821 extet
1513 2791 1549 2821 et
1580 2787 1664 2822 velit
1703 2797 1827 2823 servus
1858 2787 2020 2822 defuncti
2050 2788 2199 2823 libertus
2236 2799 2325 2831 esse,

1231 2841 1303 2865 non
1328 2832 1507 2876 emptoris,
1533 2842 1605 2867 non
1630 2843 1708 2868 esse
1721 2843 1802 2868 eum
1822 2832 2039 2868 audiendum
2054 2833 2187 2868 Valens
2211 2834 2323 2879 scrip-

1231 2876 1293 2918 sit,
1318 2887 1363 2911 ne
1388 2880 1527 2921 emptor
1551 2881 1585 2912 et
1608 2878 1762 2922 pretium
1786 2881 1822 2913 et
1844 2878 2012 2913 libertum
2035 2879 2175 2924 perdat.

1277 2919 1331 2958 26
1358 2921 1553 2957 [samm
1574 2924 1665 2958 libro
1690 2925 1817 2969 quinto
1838 2923 2198 2969 fideicommissorum
2236 2924 2323 2958 Cum

1231 2976 1314 3002 vero
1333 2966 1364 3002 is
1389 2967 1449 3011 qui
1472 2972 1619 3011 rogatus
1644 2972 1701 3003 est
1723 2979 1796 3003 non
1810 2969 1837 2990 ¹⁸
1861 2969 2016 3004 alienum
2040 2979 2179 3005 servum
2197 2979 2320 3004 manu-

1231 3013 1372 3047 mittere
1402 3013 1631 3049 mortalitatis
1664 3014 1880 3050 necessitate
1916 3015 1971 3050 vel
2001 3015 2175 3050 bonorum
2203 3015 2320 3059 publi-

1231 3059 1371 3092 catione
1409 3058 1455 3092 ad
1492 3059 1602 3093 alium
1639 3069 1780 3094 servum
1820 3060 2006 3105 perduxit,
2047 3060 2158 3103 magis
2194 3060 2321 3103 opinor

1231 3102 1549 3139 constitutionibus
1588 3114 1666 3139 esse
1702 3104 1841 3148 locum,
1885 3116 1930 3141 ne
1967 3106 2122 3140 deterior
2157 3105 2319 3139 condicio

1229 3148 1523 3184 fideicommissae
1554 3149 1731 3185 libertatis
1761 3149 1837 3186 fiat.
1884 3162 1968 3186 nam
1997 3155 2033 3185 et
2063 3161 2142 3185 cum
2178 3149 2319 3193 quidam

1229 3197 1375 3238 rogatus
1399 3197 1505 3236 esset,
1531 3205 1611 3229 cum
1635 3199 1843 3240 moreretur,
1869 3206 2008 3232 servum
2034 3195 2319 3230 manumittere¹⁹

1228 3239 1330 3283 isque
1354 3238 1568 3275 decessisset
1598 3240 1764 3276 libertate
1794 3251 1895 3276 servo
1931 3251 2003 3276 non
2035 3240 2138 3282 data,
2171 3239 2318 3283 perinde

1229 3294 1309 3318 eum
1341 3284 1546 3319 habendum
1578 3286 1813 3321 constitutum
1850 3291 1906 3322 est
1937 3291 2043 3331 atque
2073 3286 2103 3320 si
2134 3284 2181 3319 ad
2211 3285 2315 3319 liber-

1228 3333 1338 3364 tatem
1368 3330 1414 3363 ab
1439 3339 1481 3364 eo
1504 3330 1701 3375 perductus
1726 3335 1838 3367 esset:
1870 3335 1989 3377 potest
2018 3331 2110 3364 enim
2139 3340 2180 3365 00
2204 3333 2313 3364 testa-

1228 3378 1345 3409 mento
1370 3374 1456 3410 dare
1466 3375 1497 3396 ²⁰
1527 3376 1729 3412 libertatem
1758 3377 1881 3422 utique
1913 3376 2094 3411 directam.
2141 3375 2231 3410 sic²'
2263 3374 2314 3419 fit,

1228 3423 1286 3461 ut,
1320 3420 1484 3464 quotiens
1516 3422 1595 3466 quis
1626 3422 1829 3458 libertatem
1857 3421 1997 3466 accepit
2026 3419 2314 3455 fideicommissa-

1226 3465 1327 3508 riam,
1353 3464 1385 3500 si
1403 3466 1449 3501 ab
1470 3466 1540 3502 alio
1563 3477 1669 3513 quam
1692 3468 1754 3514 qui
1772 3470 1849 3502 erat
1865 3470 2012 3510 rogatus
2031 3465 2314 3508 manumittatur,

1788 3581 1845 3621 (15)
1871 3578 1923 3612 vel
1942 3578 1972 3611 si
1988 3578 2051 3611 hoo
2068 3561 2190 3612 maluit
2207 3579 2236 3611 is
2254 3578 2314 3622 qui

1226 3578 1276 3611 ita
1294 3579 1357 3612 del.
1467 3580 1525 3623 (14)
1550 3579 1603 3613 vel
1621 3582 1683 3615 ins.

1786 3626 1845 3666 (16)
1870 3624 2082 3657 alienaturF
2147 3626 2204 3666 (17)
2231 3634 2312 3666 qua-

1227 3627 1363 3666 rogatus
1376 3625 1424 3657 est
1436 3636 1499 3658 non
1512 3633 1560 3659 est
1577 3627 1717 3670 Ulpiani

809 3669 852 3708 (8)
877 3668 998 3711 servos]
1015 3679 1115 3703 suove
1130 3670 1166 3703 F
1226 3679 1368 3711 cumque
1380 3670 1416 3702 F
1468 3671 1528 3713 (18)
1553 3673 1681 3705 estnon
1696 3671 1781 3703 Best
1792 3682 1860 3703 cum
1872 3670 1918 3710 B,
1932 3679 2000 3701 non
2012 3670 2060 3701 est
2073 3669 2109 3702 F
2158 3671 2218 3710 (19)
2242 3679 2311 3701 ma-

1580 3718 1643 3758 (20)
1667 3715 1847 3757 perductus
1865 3716 1948 3747 esset
1966 3715 2178 3746 testamento:
2203 3716 2312 3757 potest

1626 3765 1684 3803 (21)
1709 3759 1872 3792 directum
1883 3760 1929 3793 sic
1941 3759 1976 3792 F
1980 3763 2008 3802 Ε,
2027 3758 2192 3792 directum
2203 3759 2248 3791 sit
2258 3760 2290 3792 F
2296 3757 2311 3780 θ

1227 3715 1422 3748 numitteret
1439 3715 1475 3749 F

1226 3760 1315 3794 enim
1328 3770 1366 3793 eo
1379 3759 1457 3794 dare
1468 3773 1531 3795 scr.
