2528 3918
152 129 532 164 onmea‘rlomus

152 241 219 279 nisi
243 240 446 288 stipulatori
468 239 655 279 diversitas
675 237 918 286 responsionis
941 238 1024 276 ilico
1042 238 1236 287 plat-,ueriti

151 292 238 323 tunc
273 286 365 324 enim
407 287 480 323 alia
513 286 561 324 sti
587 285 699 322 ulatio
743 287 930 322 contracta
973 295 1052 322 esse
1085 285 1237 322 videtur.

151 337 172 368 4
219 333 258 369 Si
280 332 467 379 stipulanti
490 332 576 368 mihi
603 331 748 368 ‘decem'
773 334 814 367 tu
837 330 982 376 ‘viginti'
1006 330 1237 378 respondeas,

151 389 224 414 non
258 388 339 415 esse
376 381 598 414 contractam
636 376 888 422 obligationem
932 376 1001 412 nisi
1039 378 1078 412 in
1114 376 1237 412 decem

152 427 303 460 constat.
352 434 398 460 ex
433 422 612 459 contrario
644 432 786 468 quoque
815 422 847 458 si
876 432 933 458 me
958 421 1102 468 ‘viginti'
1126 421 1236 457 inter-

150 472 300 515 rogante
322 472 364 505 ιιι
387 468 533 505 ‘decem’
556 467 795 513 respondeas,
828 467 998 512 obligatio
1022 468 1091 503 nisi
1113 467 1152 502 in
1175 466 1236 502 de-

152 525 230 551 cem
263 525 338 552 non
370 514 440 551 erit
469 517 675 550 contracta:
715 512 801 548 licet
839 513 934 548 enim
972 515 1115 558 oportet
1151 522 1237 548 con-

149 569 278 605 gruere
300 570 484 604 summam,
509 562 669 595 attamen
685 557 1015 594 manifestissimum
1039 561 1093 594 est
1116 555 1238 610 viginti

152 609 171 640 5
220 608 257 640 et
286 604 410 642 decem
439 604 569 641 inesse.
615 603 687 641 Sed
709 603 742 640 si
764 603 851 639 mihi
874 603 1099 649 Pamphilum
1123 606 1237 656 stlpU:

151 650 240 687 inuti
263 654 302 686 tu
325 650 552 696 Pamphilum
581 653 619 685 et
650 648 813 686 Stichum
841 649 1092 695 spoponderis,
1124 647 1239 684 Stichi

151 695 386 732 adiectionem
408 706 474 742 pro
498 705 721 742 supervacuo
745 694 946 731 habendam
968 698 1075 741 puto:
1100 703 1185 730 nam
1207 692 1239 729 si

151 745 205 777 tot
227 745 313 778 sunt
335 741 601 787 stipulationes,
626 743 714 786 quot
738 750 901 794 corpora,
927 740 1020 776 duae
1043 742 1128 776 sunt
1150 748 1238 784 quo-

152 786 339 823 dammodo
365 786 634 833 stipulationes,
659 796 733 822 una
755 786 870 830 utilis,
901 786 973 821 alia
994 784 1150 827 inutilis,
1174 794 1237 820 ne-

152 836 173 869 6
218 842 288 877 que
309 832 455 868 vitiatur
477 831 575 868 utilis
598 842 663 878 per
685 831 781 867 hanc
808 831 981 867 inutilem.
1028 829 1167 866 Eadem
1190 839 1238 865 an

151 877 224 914 alia
245 878 368 924 lingua
397 877 673 924 respondeatur,
705 876 794 912 nihil
825 876 985 912 interest.
1033 875 1184 922 proinde
1208 874 1239 911 si

175 923 231 960 uis
261 923 392 959 Latine
419 923 708 969 interrogaverit,
740 922 1002 968 respondeatur
1029 921 1064 958 ei
1087 920 1237 965 Graece,

151 935 341 1005 dummodo
373 979 442 1006 con
485 973 612 1005 uenter
640 967 920 1014 respondeatur,
952 966 1120 1013 obligatio
1151 976 1238 1002 con-

151 1015 279 1051 stituta
308 1018 382 1051 est:
420 1014 434 1050 i
459 1024 515 1051 em
549 1024 614 1060 per
646 1013 873 1050 contrarium.
922 1013 985 1049 sed
1014 1016 1135 1048 utrum
1167 1011 1238 1047 hoc

151 1070 266 1106 usque
298 1060 346 1096 ad
375 1059 554 1096 Graecum
585 1069 784 1096 sermonem
818 1061 958 1094 tantum
994 1057 1238 1104 protrahimus

150 1117 198 1141 an
220 1116 304 1142 vero
328 1109 365 1142 et
387 1105 434 1142 ad
457 1105 577 1149 alium,
601 1105 762 1141 Poenum
785 1104 878 1140 forte
901 1104 956 1140 vel
974 1104 1161 1150 Assyrium
1183 1102 1240 1138 vel

151 1151 254 1187 cuius
277 1151 426 1188 alterius
449 1151 609 1197 linguae,
642 1150 799 1186 dubitari
820 1153 952 1196 potest.
999 1153 1037 1185 et
1060 1149 1240 1194 scriptura

152 1196 293 1242 Sabini,
326 1196 389 1233 sed
412 1200 450 1233 et
471 1207 595 1232 verum
625 1195 777 1242 patitur,
801 1199 843 1230 ut
871 1195 985 1231 omnis
1010 1205 1126 1231 sermo
1152 1204 1237 1230 con-

151 1243 265 1278 tineat
286 1243 475 1278 verborum
499 1242 571 1278 obli
595 1242 770 1284 ationem,
794 1240 847 1276 ita
868 1243 999 1284 tamen,
1024 1244 1065 1276 ut
1088 1243 1239 1285 uterque

151 1287 298 1324 alterius
317 1288 474 1333 linguam
490 1287 564 1323 inte
593 1290 675 1332 egat
699 1286 772 1323 sive
795 1296 860 1332 per
884 1296 923 1323 se
943 1286 1016 1322 sive
1033 1296 1098 1331 per
1116 1296 1239 1321 verum

150 1334 223 1369 inte
268 1336 390 1369 retem.

196 1344 406 1416 spamus
437 1378 528 1415 libro
563 1377 773 1414 duodecimo
810 1377 861 1413 ad
894 1376 1068 1413 Sabinum
1115 1375 1237 1422 Stipu-

150 1424 322 1460 lationum
354 1423 529 1469 quaedam
559 1423 598 1458 in
628 1422 764 1467 dando,
804 1422 979 1468 quaedam
1013 1422 1050 1457 in
1072 1421 1239 1458 faciendo

155 1474 168 1505 l
220 1469 432 1505 consistunt.
477 1469 528 1505 Et
550 1469 678 1504 harum
703 1468 859 1504 omnium
883 1467 1059 1514 quaedam
1081 1467 1238 1513 partium

150 1514 425 1561 praestationem
447 1513 644 1559 recipiunt,
680 1514 789 1550 veluti
813 1524 895 1550 cum
927 1513 1049 1549 decem
1073 1513 1151 1548 dari
1174 1512 1237 1549 sti-

150 1560 331 1606 pulamur:
364 1559 539 1613 quaedam
570 1570 643 1595 non
673 1559 868 1604 recipiunt,
902 1562 944 1595 ut
973 1559 1010 1594 in
1039 1558 1116 1602 his,
1147 1568 1239 1604 quae

150 1610 281 1643 natura
308 1605 515 1641 divisionem
545 1615 618 1641 non
649 1605 861 1648 admittunt,
898 1604 1008 1641 veluti
1038 1614 1118 1640 cum
1146 1604 1239 1640 viam

150 1651 219 1687 iter
241 1654 362 1687 actum
385 1650 617 1697 stipulamur:
650 1650 826 1696 quaedam
855 1651 969 1696 partis
1002 1649 1144 1696 quidem
1177 1650 1239 1685 da-

150 1696 282 1733 tionem
305 1700 435 1732 natura
457 1696 651 1742 recipiunt,
677 1696 741 1732 sed
763 1695 834 1732 nisi
855 1699 934 1732 tota
958 1695 1100 1739 dantur,
1125 1694 1239 1740 stipu-

150 1741 276 1778 lationi
300 1741 387 1778 satis
411 1752 485 1778 non
507 1741 566 1786 fit,
589 1741 700 1777 veluti
724 1752 806 1777 cuin
828 1741 1008 1777 hominem
1030 1741 1241 1786 generaliter

151 1787 304 1834 stipulor
328 1791 391 1823 aut
412 1787 552 1823 lancem
572 1790 636 1822 aut
659 1787 842 1832 quodlibet
864 1797 943 1823 vas:
968 1797 1051 1822 nam
1075 1786 1107 1822 si
1127 1785 1241 1821 Stichi

176 1843 236 1870 ars
260 1833 379 1869 soluta
409 1832 473 1876 sit,
505 1832 664 1868 nondum
694 1832 732 1867 in
763 1832 836 1868 ulla
867 1836 971 1878 parte
1000 1830 1240 1877 stipulationis

153 1878 315 1932 ‘beratio
346 1881 432 1932 nata
463 1881 533 1921 est,
566 1877 631 1914 sed
662 1881 725 1931 aut
748 1877 869 1913 statim
891 1876 1007 1931 repeti
1035 1880 1156 1922 potest
1178 1879 1242 1911 aut

151 1923 387 2006 aits-²3³2&
403 1927 494 2005 sa
513 1923 913 2022 izffitifffflassffis
933 1922 1241 2013 assssuss‘ffihffl

152 2017 173 2050 2
220 2014 347 2051 ‘dari’?
393 2014 450 2050 Ex
474 2013 531 2050 his
561 2014 668 2059 igitur
699 2013 992 2059 stipulationibus
1022 2023 1068 2049 ne
1091 2013 1241 2049 heredes

152 2059 294 2106 quidem
341 2070 381 2096 ro
406 2063 510 2105 parte
527 2059 696 2096 solvendo
716 2059 861 2095 liberari
883 2062 1047 2105 possunt,
1072 2059 1242 2104 quamdiu

152 2116 224 2142 non
248 2071 397 2142 eangem
420 2115 495 2141 rem
518 2115 641 2141 omnes
665 2103 842 2141 dederint:
879 2115 952 2140 non
975 2104 1070 2141 enim
1094 2114 1137 2140 ex
1160 2114 1240 2150 per·

152 2161 243 2187 sona
272 2150 442 2187 heredum
480 2150 642 2186 condicio
682 2149 909 2196 obligationis
939 2150 1157 2186 immutatur.
1206 2153 1242 2185 et

152 2196 232 2233 ideo
262 2196 294 2233 si
325 2196 531 2232 divisionem
559 2206 618 2231 res
648 2195 827 2241 promissa
856 2206 929 2231 non
957 2195 1102 2240 recipit,
1133 2195 1242 2231 veluti

154 2242 220 2285 via,
244 2241 396 2278 heredes
419 2241 646 2287 promissoris
671 2241 800 2286 singuli
822 2241 860 2276 in
883 2240 1036 2277 solidum
1054 2244 1240 2276 tenentur:

152 2287 217 2324 sed
239 2297 310 2339 quo
336 2297 424 2323 casu
447 2298 540 2323 unus
561 2296 605 2322 ex
627 2286 818 2322 heredibus
838 2286 990 2322 solidum
1013 2286 1240 2331 praestiterit,

153 2343 191 2368 re
218 2332 400 2368 etitionem
420 2332 566 2368 habebit
590 2342 612 2367 a
636 2331 811 2368 coherede
833 2331 992 2368 familiae
1009 2331 1242 2368 erciscundae

152 2379 190 2413 iu
217 2377 295 2415 ‘cio.
344 2388 388 2413 ex
412 2388 481 2423 quo
508 2377 648 2423 quidem
672 2377 834 2413 accidere
857 2377 1076 2423 Pomponius
1101 2377 1169 2420 ait,
1202 2380 1243 2412 ut

153 2427 190 2459 et
212 2423 435 2469 stipulatoris
458 2423 536 2459 viae
554 2423 611 2458 vel
633 2422 771 2459 itineris
795 2422 944 2459 heredes
969 2422 1099 2468 singuli
1120 2423 1159 2458 in
1182 2433 1241 2459 so-

153 2468 264 2504 lidum
286 2468 445 2504 habeant
468 2468 664 2504 actionem:
697 2468 760 2504 sed
792 2467 935 2514 quidam
966 2469 1036 2504 hoc
1068 2478 1156 2504 casu
1179 2478 1241 2504 ex-

154 2514 267 2559 tingui
287 2513 553 2559 stipulationem
571 2517 712 2559 putant,
737 2513 822 2560 quia
840 2524 906 2560 per
922 2513 1080 2559 singulos
1100 2513 1242 2560 adquiri

154 2559 304 2595 servitus
328 2570 401 2595 non
451 2563 564 2595 otest:
598 2559 662 2595 sed
693 2569 766 2595 non
795 2558 885 2595 facit
907 2559 1067 2594 inutilem
1091 2559 1240 2605 stipula-

156 2607 175 2640 3
221 2604 355 2640 tionem
387 2604 422 2639 di
465 2605 580 2640 cultas
612 2604 877 2650 praestationis.
925 2604 964 2640 Si
986 2608 1106 2640 tamen
1129 2605 1240 2641 homi-

154 2660 235 2685 nem
258 2650 451 2695 stipulatus
476 2660 557 2685 cum
588 2660 659 2686 uno
691 2660 736 2686 ex
765 2649 956 2686 heredibus
989 2649 1217 2695 promissoris
1231 2651 1241 2671 ¹

157 2705 270 2741 egero,
295 2705 380 2740 pars
404 2695 590 2730 dumtaxat
614 2698 815 2731 ceterorum
835 2695 1042 2739 obligationi
1054 2695 1240 2741 supererit,

155 2744 196 2775 ut
218 2743 255 2776 et
278 2740 366 2775 solvi
388 2743 520 2786 potest.
566 2739 659 2776 idem
684 2750 730 2776 ue
754 2743 818 2784 est,
844 2740 876 2776 si
898 2740 962 2776 uni
984 2750 1028 2776 ex
1050 2740 1242 2778 heredibus

156 2789 177 2820 4
223 2795 309 2821 acce
335 2787 372 2821 to
401 2786 513 2821 latum
541 2785 598 2821 sit.
645 2786 663 2821 I
689 2795 814 2831 emque
845 2788 900 2821 est
928 2785 966 2821 in
989 2785 1067 2832 ipso
1092 2786 1242 2831 promis-

155 2840 237 2867 sore
253 2834 290 2867 et
332 2830 574 2867 deiussoribus
591 2831 678 2875 eius,
698 2831 793 2876 quod
811 2831 962 2866 diximus
979 2831 1019 2866 in
1037 2831 1239 2867 heredibus.

156 2879 176 2911 5
222 2875 312 2912 Item
336 2875 367 2912 si
389 2875 428 2911 in
450 2875 547 2912 facto
571 2876 619 2912 sit
641 2876 844 2922 stipulatio,
868 2876 979 2912 veluti
1002 2876 1032 2912 si
1054 2876 1106 2912 ita
1129 2877 1174 2912 sti
1202 2888 1242 2912 u·

156 2921 251 2957 latus
287 2920 409 2957 fuero:
446 2924 523 2966 ‘per
558 2924 595 2957 te
624 2932 698 2958 non
727 2921 806 2957 fieri
835 2931 950 2966 neque
1007 2931 1047 2958 er
1076 2922 1160 2958 here
1186 2932 1243 2958 em

157 2970 280 3009 ‘tuum‚
306 2977 376 3012 quo
400 2967 516 3003 minus
539 2966 626 3002 mihi
648 2967 700 3002 ire
725 2977 830 3012 agere
853 2967 970 3003 liceat'
1021 2971 1057 3003 et
1081 2978 1174 3003 unus
1197 2978 1243 3003 ex

157 3012 320 3057 pluribus
349 3012 539 3048 heredibus
569 3011 808 3057 prohibuerit,
840 3016 1007 3048 tenentur
1037 3012 1176 3058 quidem
1206 3017 1243 3048 et

158 3057 350 3093 coheredes
374 3057 470 3101 eius,
506 3057 569 3092 sed
597 3057 754 3093 familiae
777 3058 1009 3094 erciscundae
1040 3058 1171 3094 iudicio
1196 3059 1241 3093 ab

159 3113 200 3139 eo
231 3106 394 3148 repetent
425 3102 522 3148 quod
553 3103 806 3148 praestiterint.
853 3103 924 3139 hoc
955 3107 992 3139 et
1022 3103 1182 3139 Iulianus
1206 3106 1243 3139 et

159 3150 179 3183 6
225 3147 442 3201 Pomponius
473 3148 638 3193 probant.
687 3147 821 3184 Contra
852 3151 972 3184 autem
996 3149 1027 3184 si
1051 3149 1243 3194 stipulator

158 3192 369 3236 decesserit,
409 3193 469 3238 qui
500 3193 690 3238 stipulatus
722 3196 801 3228 erat
831 3193 899 3229 sibi
926 3193 1120 3238 hei-edique
1151 3195 1243 3230 ειιο2

159 3247 264 3283 agere
287 3237 414 3281 licere,
439 3242 475 3274 et
498 3249 592 3274 unus
618 3248 662 3273 ex
684 3237 875 3274 heredibus
897 3238 974 3275 eius
997 3239 1240 3284 prohibeatur,

159 3283 329 3319 interesse
368 3283 544 3328 dicemus,
590 3287 708 3319 utrum
742 3283 780 3318 in
814 3283 966 3320 solidum
1001 3285 1242 3321 committatur

159 3328 340 3373 stipulatio
374 3339 421 3364 an
457 3339 523 3374 pro
558 3333 662 3374 parte
696 3327 792 3371 eius,
835 3329 896 3374 qui
936 3329 1139 3383 prohibitus
1175 3333 1241 3366 est.

158 3383 243 3408 nam
271 3373 302 3409 si
338 3384 455 3419 poena
491 3373 713 3420 stipulationi
744 3373 885 3410 adiecta
915 3378 980 3417 sit,
1020 3374 1058 3410 in
1088 3375 1242 3411 solidum

159 3418 416 3462 committetur,
448 3419 513 3456 sed
543 3419 603 3465 qui
631 3429 704 3454 non
732 3422 818 3454 sunt
845 3419 1031 3464 prohibiti,
1064 3420 1137 3457 doli
1159 3420 1242 3455 mali

160 3463 370 3509 exceptione
393 3465 726 3501 summovebuntur:
752 3464 782 3500 si
805 3473 890 3500 vero
913 3475 1031 3510 poena
1053 3466 1153 3502 nulla
1176 3475 1241 3511 po·

159 3508 231 3544 sita
253 3509 318 3552 sit,
351 3511 440 3545 tunc
470 3520 536 3555 pro
567 3513 670 3555 parte
693 3509 769 3545 eius
786 3511 932 3548 ‚tantum
955 3510 1018 3556 qui
1039 3511 1242 3557 prohibitus

160 3556 216 3589 est
234 3553 476 3595 committetur
499 3554 694 3601 stipulatio-

205 3594 230 3636 3
261 3597 456 3635 [sumnus
483 3598 574 3636 libro
605 3599 910 3647 quadraqensimo
940 3610 1036 3636 nono
1066 3600 1117 3637 ad
1138 3599 1241 3637 Sabi-

159 3717 199 3755 (1)
223 3712 432 3757 promissuris
448 3713 483 3746 F

576 3715 620 3756 (2)
644 3713 694 3747 ire
713 3714 771 3748 ins.
794 3714 865 3748 edd.
967 3714 1012 3755 (3)
1035 3713 1243 3756 similemque

159 3769 228 3793 esse
239 3758 319 3792 huic
330 3759 489 3792 similiave
502 3759 562 3795 i‘ns.

641 3759 685 3800 (4)
710 3759 756 3792 ad
760 3771 815 3802 pr.
829 3760 869 3802 cf
884 3759 963 3793 Ince.
978 3760 1010 3800 3,
1024 3766 1056 3793 18
1067 3771 1121 3802 pr.
1134 3776 1180 3784 —-
1194 3763 1210 3798 ξ
1227 3765 1243 3792 4

1224 111 1305 162 721

2127 116 2337 166 XXXXV
2371 124 2385 164 1

1306 249 1392 275 num
1445 237 1545 275 Idem
1575 237 1663 274 iuris
1694 242 1749 275 est
1780 243 1816 276 et
1845 240 1882 277 in
1915 241 1977 278 illa
2009 242 2257 289 stipulatione:
2297 244 2393 281 ‘mihi

1311 287 1323 320 1
1375 283 1580 329 ‘heredique
1611 294 1690 320 meo
1722 285 1854 322 habere
1882 287 2023 323 licere'?
2069 288 2140 326 Sed
2169 289 2260 326 haec
2290 289 2391 327 diffc-

1305 330 1423 366 rentia
1441 329 1539 365 illam
1562 329 1673 365 habet
1691 330 1875 375 rationem,
1900 333 2005 378 quod,
2030 334 2095 370 ubi
2112 346 2206 372 unus
2228 346 2272 372 ex
2290 335 2392 372 here-

1305 375 1412 411 dibus
1443 374 1669 429 prohibetur,
1708 386 1781 428 non
1810 380 1929 421 potest
1960 379 2105 416 coheres
2136 390 2182 417 ex
2218 381 2394 427 stipulatu

1307 430 1429 465 agere,
1462 431 1563 456 cuius
1595 419 1685 455 nihil
1716 424 1881 465 interest,
1911 422 1980 459 nisi
2003 434 2119 469 poena
2143 426 2304 462 subiecta
2327 426 2393 463 sit:

1306 476 1390 518 nam
1439 476 1530 519 oena
1553 466 1716 502 subiecta
1729 466 1865 519 .effi⁰st’
1890 471 1931 521 ut
1954 470 2115 506 omnibus
2139 471 2392 514 committatur,

1306 521 1484 592 ghiaunucs
1506 520 1976 602 &nheffgdiffiilsmssssoh‘ilbeltff
1998 519 2394 598 olililitiizelzitgntene‘iitiiiri}viii-³(Z

1306 601 1427 638 redes:
1451 602 1600 638 interest
1623 601 1715 638 enim
1763 602 1909 638 rohibiti
1932 613 1955 638 a
1977 605 2115 641 nemine
2137 607 2331 652 prohiberi.

1353 645 1379 684 4
1405 646 1564 683 Piwzvs
1594 647 1686 684 libro
1743 647 1928 683 uodecimo
1960 650 2011 684 ad
2038 649 2210 686 Sabinum
2255 652 2395 688 Eadem

1308 691 1466 728 dicemus
1502 695 1539 728 et
1574 692 1606 728 si
1641 692 1764 728 dolum
1802 693 1928 729 abesse
1967 704 1990 729 a
2027 698 2063 731 te
2101 696 2299 743 heredeque
2330 701 2394 734 tuo

1307 738 1499 783 stipulatus
1523 737 1590 774 sim
1613 741 1650 774 et
1673 741 1737 774 aut
1766 738 1962 792 promissor
1985 743 2048 775 aut
2070 742 2259 787 stipulator
2280 742 2392 789 pluri-

1311 787 1325 818 1
1375 783 1444 819 bus
1461 783 1653 820 heredibus
1670 784 1803 820 relictis
1821 783 2024 820 decesserit.
2056 786 2144 822 Cato
2163 787 2254 823 libro
2269 788 2393 834 quinto

1307 827 1443 865 decimo
1476 829 1601 865 scribit
1628 839 1746 875 poena
1778 832 1897 865 certae
1932 830 2105 875 pecuniae
2135 833 2329 877 promissa,
2365 834 2395 869 si

1308 874 1394 920 quid
1417 874 1521 910 aliter
1543 874 1679 910 factum
1702 874 1761 918 sit,
1786 878 1928 911 mortuo
1951 876 2168 921 promissore
2193 878 2223 913 si
2246 888 2290 913 ex
2313 878 2394 924 plu-

1307 920 1406 956 ribus
1431 919 1624 956 heredibus
1642 931 1736 956 unus
1756 923 1883 956 contra
1907 931 2013 966 quam
2034 926 2178 958 cautum
2196 924 2243 958 sit
2261 923 2395 968 fecerit,

1308 969 1372 1001 aut
1406 966 1452 1002 ab
1495 965 1659 1001 omnibus
1700 965 1894 1002 heredibus
1936 976 2090 1012 poenam
2124 968 2296 1003 committi
2329 980 2395 1014 pro

1307 1011 1472 1056 portione
1502 1011 1720 1047 hereditaria
1749 1014 1813 1046 aut
1845 1011 1891 1047 ab
1922 1022 1995 1048 uno
2027 1022 2093 1057 pro
2126 1013 2288 1058 portione
2311 1024 2394 1050 sua:

1308 1057 1354 1092 ab
1380 1056 1556 1100 omnibus,
1580 1056 1612 1093 si
1634 1056 1673 1092 id
1693 1056 1841 1099 factum,
1867 1056 1911 1092 de
1936 1068 2007 1102 quo
2031 1060 2175 1093 cautum
2199 1062 2271 1101 est,
2303 1058 2395 1094 indi-

1307 1101 1451 1137 viduum
1486 1102 1550 1145 sit,
1585 1101 1696 1138 veluti
1728 1102 1806 1137 ‘iter
1835 1100 1938 1145 fieri’,
1978 1102 2062 1148 quia
2093 1103 2188 1148 quod
2210 1103 2248 1138 in
2303 1108 2397 1140 artes

1309 1147 1417 1183 dividi
1445 1158 1519 1183 non
1540 1150 1678 1193 potest,
1711 1148 1758 1184 ab
1790 1148 1956 1184 omnibus
1980 1147 2238 1193 quodammodo
2279 1153 2396 1184 actum

1307 1193 1504 1229 videretur:
1537 1196 1576 1228 at
1607 1193 1638 1229 si
1670 1193 1714 1229 de
1738 1203 1780 1229 eo
1805 1197 1950 1229 cautum
1974 1194 2037 1237 sit,
2071 1193 2167 1239 quod
2191 1193 2397 1230 divisionem

1307 1238 1467 1284 recipiat,
1492 1238 1602 1275 veluti
1626 1238 1791 1284 ‘amplius
1814 1249 1888 1274 non
1911 1239 1991 1284 agi’,
2015 1241 2092 1274 tum
2115 1249 2196 1275 eum
2218 1239 2396 1283 heredem,

1309 1283 1370 1330 qui
1387 1283 1558 1321 adversus
1575 1294 1620 1320 ea
1637 1284 1733 1329 fecit,
1754 1295 1822 1338 pro
1846 1285 2010 1330 portione
2027 1294 2095 1320 sua
2114 1284 2228 1320 solum
2246 1295 2398 1330 poenam

1309 1330 1540 1366 committere.
1588 1329 1809 1366 differentiae
1841 1330 1936 1365 hanc
1969 1340 2046 1366 esse
2081 1330 2271 1373 rationem,
2304 1329 2399 1376 quod

1307 1375 1345 1411 in
1375 1376 1496 1421 priore
1526 1385 1613 1411 casu
1648 1385 1771 1413 omnes
1808 1375 2046 1412 commississe
2082 1375 2263 1419 videntur,
2302 1375 2399 1421 quod

1308 1421 1378 1457 nisi
1407 1420 1445 1456 in
1474 1420 1626 1457 solidum
1657 1420 1801 1467 peccari
1831 1431 1905 1457 non
1927 1421 2077 1467 poterit,
2103 1420 2224 1456 ³illam
2247 1421 2397 1468 stipula-

1307 1466 1441 1502 tionem
1473 1469 1549 1512 ‘per
1576 1470 1613 1502 te
1643 1477 1717 1502 non
1748 1466 1844 1510 fieri,
1877 1477 1947 1512 quo
1970 1466 2086 1502 minus
2109 1466 2195 1501 mihi
2218 1466 2270 1502 ire
2293 1476 2398 1511 agere

1309 1512 1464 1548 ‘liceat‘?’
1511 1511 1576 1549 sed
1606 1512 1803 1555 videamus,
1841 1522 1887 1547 ne
1919 1523 1990 1548 non
2019 1511 2113 1547 idem
2144 1511 2204 1547 hic
2235 1511 2299 1556 sit,
2335 1511 2399 1547 sed

1308 1556 1567 1648 ἕὲἓξῖἓξέθέᾰε
1584 1556 2399 1648 ssi.istuis1¹1333121‘3.‘.T{{{²s1.¹zss

1308 1652 1345 1685 et
1367 1649 1466 1684 solus
1488 1649 1688 1694 tenebitur,
1713 1648 1775 1694 qui
1798 1659 1871 1685 non
1893 1648 2060 1684 habuerit
2082 1652 2215 1692 ratum,
2241 1651 2276 1683 et
2299 1648 2397 1684 solus

1310 1698 1408 1739 aget,
1439 1704 1461 1729 a
1485 1705 1557 1740 quo
1579 1694 1690 1730 fuerit
1738 1694 1881 1730 etitum:
1913 1693 2021 1738 idque
2045 1696 2082 1729 et
2104 1693 2277 1729 Marcello
2301 1692 2398 1729 vide-

1309 1743 1387 1783 tur,
1420 1739 1580 1785 quamvis
1611 1740 1688 1786 ipse
1712 1706 1876 1776 {ominus
1900 1749 1966 1785 pro
1998 1742 2100 1785 parte
2123 1742 2241 1774 ratum
2266 1739 2399 1774 habere

1311 1788 1331 1820 2
1378 1795 1451 1820 non
1473 1788 1603 1831 potest.
1646 1784 1684 1820 Si
1706 1785 1749 1830 is,
1797 1785 1836 1821 ui
1859 1784 2006 1830 duplam
2029 1784 2222 1830 stipulatus
2246 1787 2312 1827 est,
2337 1783 2395 1820 de-

1310 1830 1460 1865 cesserit
1490 1830 1654 1876 pluribus
1684 1830 1770 1866 here
1798 1831 1876 1866 ‘bus
1908 1829 2060 1873 relictis,
2085 1830 2329 1875 unusquisque
2352 1829 2398 1865 ob

1311 1875 1520 1911 evictionem
1562 1886 1650 1911 suae
1693 1876 1807 1922 partis
1841 1886 1907 1921 pro
1951 1875 2116 1921 portione
2151 1885 2218 1911 sua
2252 1874 2400 1910 habebit

1310 1922 1501 1957 actionem.
1548 1920 1711 1966 idemque
1744 1924 1799 1957 est
1821 1921 1859 1956 in
1883 1920 2115 1967 stipulatione
2138 1931 2279 1966 quoque
2301 1919 2400 1955 fruc-

1309 1966 1429 2002 tuaria
1450 1970 1485 2003 et
1505 1966 1626 2002 damni
1648 1966 1772 2002 infecti
1790 1970 1826 2003 et
1849 1976 1894 2002 ex
1914 1966 2032 2012 operis
2056 1965 2138 2002 novi
2157 1966 2398 2001 nuntiatione:

1310 2012 1451 2048 restitui
1483 2016 1604 2048 tamen
1635 2022 1725 2058 opus
1755 2022 1802 2048 ex
1832 2011 1950 2066 operis
1974 2011 2057 2047 novi
2079 2011 2302 2047 nuntiatione
2332 2021 2398 2056 pro

1310 2060 1414 2104 parte
1431 2068 1505 2095 non
1522 2061 1652 2104 potest.
1685 2058 1776 2093 haec
1790 2056 1957 2094 utilitatis
1974 2067 2085 2093 causa
2103 2067 2146 2092 ex
2166 2060 2268 2102 parte
2287 2056 2398 2102 stipu-

1309 2105 1462 2140 latorum
1477 2107 1625 2149 recepta
1641 2107 1742 2140 sunt:
1766 2102 1836 2149 ipsi
1852 2105 1973 2139 autem
1990 2102 2199 2149 promissori
2215 2113 2280 2148 pro
2296 2105 2400 2147 parte

1310 2159 1427 2193 neque
1450 2149 1629 2186 restitutio
1654 2159 1770 2194 neque
1793 2148 1953 2185 defensio
1977 2148 2182 2194 contingere
2204 2151 2334 2193 potest.

1357 2195 1407 2233 5⁴
1429 2194 1661 2231 Poueomos
1688 2195 1780 2231 libro
1803 2194 1996 2231 vicensimo
2018 2197 2125 2230 sex-to
2148 2193 2198 2229 ad
2227 2192 2400 2229 Sabinum

1311 2240 1589 2287 Stipulationum
1614 2240 1705 2276 aliae
1730 2239 1914 2276 iudiciales
1938 2242 2039 2282 sunt,
2072 2238 2164 2275 aliae
2187 2237 2400 2284 praetoriae,

1311 2287 1403 2323 aliae
1436 2285 1743 2329 conventionales,
1777 2285 1870 2321 aliae
1906 2294 2109 2321 communes
2140 2284 2341 2330 praetoriae
2364 2286 2401 2319 et

1310 2331 1507 2368 iudiciales.
1555 2331 1741 2368 iudiciales
1772 2333 1858 2367 sunt
1889 2329 2094 2374 dumtaxat,
2127 2340 2219 2375 quae
2250 2339 2272 2365 a
2300 2339 2399 2364 mero

1310 2377 1437 2413 iudicis
1468 2376 1588 2413 officio
1620 2376 1917 2422 proficiscuntur,
1948 2375 2058 2412 veluti
2080 2375 2123 2411 de
2155 2375 2235 2411 dolo
2261 2373 2398 2410 cautio:

1309 2423 1512 2469 praetoriae
1567 2432 1660 2476 quae
1690 2432 1712 2458 a
1742 2432 1839 2458 mero
1871 2421 2048 2467 praetoris
2080 2419 2199 2457 officio
2234 2418 2397 2465 proficis-

1311 2472 1450 2509 cuntur,
1475 2478 1516 2504 ve
1532 2471 1585 2503 uti
1609 2468 1728 2503 damni
1746 2467 1881 2504 infecti.
1917 2465 2118 2514 praetorias
2142 2468 2261 2502 autem
2284 2464 2398 2510 stipu-

1309 2514 1462 2550 lationes
1495 2514 1547 2549 sic
1578 2513 1696 2549 audiri
1727 2516 1887 2560 oportet,
1926 2516 1968 2548 ut
1996 2512 2035 2548 in
2062 2511 2118 2548 his
2151 2510 2400 2548 contineantur

1311 2559 1419 2596 etiam
1431 2558 1635 2595 aedilicias:
1660 2569 1745 2595 nam
1764 2562 1801 2596 ει
1824 2559 1893 2595 hae
1917 2558 1963 2594 ab
1981 2556 2225 2593 iurisdictione
2241 2555 2397 2593 veniunt.

1311 2604 1601 2641 conventionales
1633 2607 1735 2648 sunt,
1775 2614 1867 2650 quae
1908 2614 1954 2640 ex
1988 2602 2221 2639 conventione
2257 2610 2399 2637 reorum

1310 2650 1411 2694 fiunt,
1437 2660 1588 2696 quarum
1611 2649 1760 2686 totidem
1783 2659 1915 2695 genera
1938 2651 2033 2692 sunt,
2059 2650 2146 2693 quot
2168 2657 2281 2693 paene
2299 2646 2397 2682 dixe-

1310 2696 1378 2731 rim
1407 2705 1527 2732 rerum
1558 2695 1902 2732 contrahendarum:
1938 2705 2020 2729 nam
2044 2698 2080 2729 et
2109 2694 2154 2729 ob
2184 2693 2298 2738 ipsam
2320 2701 2397 2727 ver-

1310 2742 1439 2778 borum
1476 2741 1727 2786 obligationem
1770 2740 1864 2776 fiunt
1903 2744 1939 2776 et
1977 2738 2134 2784 pendent
2174 2748 2219 2774 ex
2255 2736 2397 2782 negotio

1311 2790 1507 2823 contracto.
1557 2796 1762 2822 communes
1795 2789 1880 2822 sunt
1912 2784 2160 2829 stipulationes
2191 2782 2300 2818 veluti
2323 2791 2397 2817 rem

1311 2832 1445 2868 salvam
1465 2831 1543 2867 fore
1562 2831 1705 2877 pupilli:
1731 2841 1815 2866 nam
1834 2834 1871 2866 et
1916 2834 2038 2865 raetor
2051 2829 2153 2865 iubet
2173 2838 2248 2863 rem
2264 2827 2397 2863 salvam

1311 2877 1389 2914 fore
1419 2877 1556 2923 pupillo
1589 2876 1707 2912 caveri
1737 2879 1773 2912 et
1794 2876 1887 2911 inter
1914 2886 1973 2911 uni
1995 2873 2120 2917 iudex,
2151 2872 2183 2909 si
2207 2872 2311 2908 aliter
2333 2882 2395 2924 ex-

1309 2922 1426 2968 pediri
1453 2923 1544 2958 haec
1575 2932 1633 2957 res
1664 2932 1737 2957 non
1766 2923 1903 2967 potest:
1935 2921 2020 2955 item
2052 2918 2181 2964 duplae
2213 2916 2396 2968 stipulatio

1315 2971 1330 3004 1
1378 2967 1475 3004 venit
1503 2968 1549 3003 ab
1572 2967 1690 3002 iudice
1714 2970 1778 3002 aut
1802 2966 1847 3001 ab
1872 2965 1997 3001 aedilis
2028 2964 2157 3000 edicto.
2205 2961 2393 3014 stipulatio

1311 3017 1431 3048 autem
1461 3015 1516 3048 est
1538 3012 1727 3048 verborum
1752 3011 1957 3056 conceptio,
1991 3009 2118 3054 quibus
2142 3008 2173 3043 is
2203 3017 2263 3051 qui
2285 3008 2393 3040 inter-

1310 3060 1459 3103 rogatur
1495 3057 1664 3093 daturum
1699 3056 1922 3092 facturumve
1960 3065 1999 3091 se
2030 3053 2124 3107 quod
2155 3052 2287 3103 interro
2313 3052 2394 3103 atus

1312 3107 1332 3139 2
1387 3106 1441 3139 est
1475 3102 1710 3148 responderit.
1769 3101 1865 3137 Satis
1906 3103 2065 3145 acceptio
2102 3101 2167 3149 est·
2197 3098 2293 3141 stipu
2308 3097 2394 3137 atio,

1312 3158 1404 3194 quae
1426 3148 1478 3183 ita
1502 3148 1638 3192 obligat
1660 3147 1923 3192 promissorem,
1949 3149 1989 3181 ut
2008 3144 2287 3193 adpromissores
2305 3149 2392 3184 quo-

1312 3204 1380 3239 que
1404 3193 1449 3229 ab
1475 3203 1516 3229 eo
1542 3192 1783 3238 accipiantur,
1815 3191 1852 3227 id
1883 3195 1938 3227 est
1966 3190 2028 3235 qui
2049 3188 2140 3223 idem
2194 3187 2392 3221 romittunt.

1312 3242 1331 3274 3
1379 3238 1475 3274 Satis
1509 3241 1629 3273 autem
1666 3237 1830 3283 accipere
1864 3237 1997 3271 dictum
2032 3236 2085 3268 est
2119 3242 2160 3284 eo
2188 3240 2243 3265 em
2276 3228 2392 3270 modo,

1312 3295 1381 3329 quo
1406 3283 1493 3319 satis
1522 3282 1659 3319 facere:
1698 3293 1780 3318 nam
1813 3282 1896 3327 quia
1918 3281 1972 3324 id,
2005 3288 2074 3322 quo
2100 3286 2178 3321 quis
2202 3275 2392 3326 contentus

1311 3332 1399 3371 erat,
1425 3329 1457 3364 ei
1480 3328 1742 3374 praestabatur,
1765 3328 1852 3363 satis
1875 3325 1951 3361 fieri
1975 3324 2106 3374 dictum
2130 3323 2200 3356 est:
2237 3322 2273 3354 ει
2296 3329 2392 3354 simi-

1310 3374 1392 3410 liter
1415 3373 1499 3418 quia
1521 3373 1623 3417 tales,
1649 3373 1778 3419 quibus
1804 3374 1991 3407 contentus
2017 3377 2095 3411 quis
2119 3366 2262 3416 futurus
2287 3366 2395 3443 esseti

1310 3419 1361 3454 ita
1389 3418 1587 3462 dabantur,
1625 3422 1666 3454 ut
1703 3418 1820 3454 verbis
1862 3415 2118 3464 obligarentur,
2159 3412 2246 3461 satis
2278 3418 2379 3453 accip

1312 3467 1357 3500 3a
1403 3463 1538 3499 dictum
1569 3467 1633 3500 est.
1682 3463 1721 3499 Si
1751 3465 1882 3498 sortem
1904 3466 2106 3504 prom1ser1s
2132 3458 2182 3498 et,
2214 3464 2244 3489 si
2267 3463 2321 3506 ea·
2334 3463 2394 3488 so·

1309 3509 1388 3545 luta
1410 3519 1483 3545 non
1506 3512 1619 3552 esset,
1651 3518 1821 3553 poenam:
1857 3503 1994 3540 etiamsi
2018 3511 2110 3536 unus
2135 3510 2179 3552 ex
2201 3497 2392 3550 heredibus

1310 3554 1382 3589 tuis
1406 3554 1607 3599 portionem
1630 3564 1731 3590 suam
1757 3562 1800 3587 ex
1832 3545 2110 3600 sorte-solverit,
2143 3543 2252 3598 nihilo
2275 3552 2392 3578 minus

1311 3608 1463 3645 poenam
1482 3599 1688 3640 committet,
1713 3596 1826 3633 donec
1848 3596 1965 3639 portio
1990 3589 2172 3627 coheredis
2196 3588 2355 3624 solvatur
2367 3588 2392 3622 ⁵.

1312 3713 1356 3755 (5)
1382 3721 1422 3745 ex
1438 3713 1526 3746 sorte
1542 3710 1679 3745 solverit
1698 3718 1759 3742 neo
1776 3707 1886 3750 portio
1904 3704 2074 3739 coheredis
2091 3700 2256 3743 solvatur,
2283 3698 2393 3732 nihilo

1311 3757 1423 3791 minus
1432 3766 1575 3800 poenam
1586 3753 1770 3790 committet
1781 3764 1845 3787 scr.
2081 3800 2121 3832 91
