2528 3918
199 112 316 157 1113

200 244 289 282 quas
312 234 350 269 in
373 233 469 268 litem
493 231 579 267 fecit
600 233 721 276 potest
744 229 956 273 desiderare,
981 233 1023 266 ut
1046 229 1113 265 sibi
1132 239 1176 264 ex
1194 229 1285 264 iudi-

199 279 362 317 catione¹
395 276 566 318 satisfiat,
602 276 632 311 si
656 275 821 311 dominus
843 275 915 311 litis
938 274 1107 311 solvendo
1131 284 1204 310 non
1228 274 1284 309 sit.

245 322 295 363 31
331 323 525 359 ULPIANUS
545 321 636 357 libro
660 330 756 355 nono
780 319 831 356 ad
851 320 1005 357 edictum
1040 319 1078 355 Si
1091 319 1181 365 quis,
1204 329 1287 354 cum

198 368 444 416 procuratorio
476 365 619 402 nomine
655 364 910 401 condemnatus
943 369 1055 407 esset,
1089 364 1191 400 heres
1225 374 1285 399 ex-

199 414 311 450 titerit
334 413 475 448 domino
499 411 588 446 litis:
621 409 769 446 iudicati
800 411 975 446 actionem
1007 420 1080 445 non
1110 412 1207 444 recte
1229 419 1285 444 re·

200 458 350 496 cusabit.
387 458 457 492 hoc
488 456 519 492 si
543 466 587 491 ex
610 465 701 491 asse.
738 455 794 491 sin
825 459 944 490 autem
976 464 1020 489 ex
1050 458 1153 500 parte
1182 453 1286 489 heres

201 503 357 540 extiterit
381 506 416 538 et
439 505 555 537 totum
585 500 747 544 solverit,
780 500 810 535 si
842 500 983 545 quidem
1015 499 1047 534 ei
1079 498 1288 534 mandatum

200 553 254 585 est
275 549 345 583 hoc
369 557 439 593 quo
466 555 511 581 ue
530 549 573 581 ut
590 545 717 588 solvat,
741 545 900 580 mandati
922 544 1098 579 actionem
1118 543 1287 596 adversus

200 592 392 630 coheredes
415 592 464 627 ha
491 591 580 627 ebit:
605 590 636 626 si
659 601 732 627 non
756 590 802 625 sit
825 589 1042 631 mandatum,
1066 592 1288 634 negotlorum

198 642 380 684 gestorum
403 637 497 672 actio
522 636 638 671 datur.
676 635 771 681 quod
796 638 851 670 est
876 639 911 670 et
934 635 964 669 si
987 634 1090 669 heres
1114 643 1286 679 procura-

202 687 216 719 1
266 687 323 718 tor
346 693 420 718 non
444 681 618 718 exstiterit
641 685 676 716 et
699 680 853 716 solverit.
902 679 1014 715 Unius
1038 678 1109 714 litis
1133 678 1288 724 plurium

199 737 432 774 personarum
463 727 585 772 plures
617 725 694 761 dari
717 728 969 770 procuratores
992 734 1065 759 non
1089 727 1144 759 est
1165 722 1287 768 prohi-

201 776 220 809 2
268 773 393 808 bitum.
440 771 601 807 Iulianus
625 771 676 806 ait
700 780 798 812 eum,
823 769 883 814 qui
907 768 1004 804 dedit
1028 768 1175 804 diversis
1198 771 1287 803 tem-

199 818 347 864 poribus
397 820 625 853 rocuratores
649 814 758 857 duos‘,
791 814 1024 859 posteriorem
1048 813 1166 849 dando
1190 813 1287 859 prio-

199 873 274 899 rem
296 873 361 908 pro
391 862 523 898 'buisse
546 860 667 897 videri.

245 905 299 946 32
323 906 486 943 panus
506 907 596 942 libro
621 908 746 941 octavo
767 904 816 939 ad
835 904 989 940 edictum
1024 903 1191 939 Pluribus
1203 913 1287 948 pro-

199 952 425 989 curatoribus
447 951 486 987 in
509 950 661 987 solidum
685 949 789 985 simul
813 948 905 984 datis
930 949 1140 994 occupantis
1164 948 1289 983 melior

198 997 362 1034 condicio
395 997 479 1040 erit,
510 1000 550 1031 ut
581 995 756 1041 posterior
779 1004 852 1030 non
876 994 923 1029 sit
944 994 982 1029 in
1006 1004 1047 1030 eo
1071 992 1167 1039 quod
1190 993 1289 1039 prior

197 1043 289 1090 petit
310 1045 536 1088 procurator.

245 1085 298 1126 33
331 1087 526 1123 ULPJANUs
547 1086 638 1121 libro
663 1095 758 1120 nono
782 1083 833 1119 ad
850 1084 1004 1120 edictum
1039 1083 1187 1119 Servum
1223 1094 1287 1119 uo-

200 1143 268 1177 que
313 1136 348 1167 et
381 1132 492 1167 filium
525 1130 678 1166 familias
711 1132 982 1182 procuratorem
1015 1139 1122 1174 posse
1157 1129 1204 1164 ha
1230 1138 1288 1164 ere

198 1179 310 1214 aiunt.
348 1181 383 1213 et
407 1180 579 1229 quantum
602 1175 648 1210 ad
672 1174 783 1209 filium
806 1173 959 1209 familias
991 1184 1114 1209 verum
1146 1177 1218 1209 est:
1251 1174 1288 1208 in

198 1233 299 1259 servo
324 1222 559 1258 subsistimus.
598 1224 634 1255 et
657 1219 798 1264 negotia
819 1219 960 1264 quidem
981 1218 1177 1263 peculiaria
1196 1218 1288 1254 servi

197 1278 304 1314 posse
359 1277 457 1302 erere
481 1266 633 1311 aliquem
658 1269 693 1300 et
715 1265 784 1300 hoc
809 1274 896 1299 casu
919 1267 1187 1309 procuratorem
1211 1264 1286 1299 eius

199 1323 276 1349 esse
300 1323 321 1347 a
347 1312 527 1353 mittimus,
554 1310 649 1355 quod
673 1313 707 1344 et
729 1309 891 1344 Labeoni
914 1308 1072 1344 videtur:
1107 1309 1283 1344 actionem

201 1362 215 1393 1
266 1361 385 1392 autem
396 1355 579 1391 intendere
592 1359 763 1390 vetamus.
812 1354 906 1389 Eum
930 1364 1011 1389 vero
1036 1354 1097 1399 qui
1121 1354 1166 1389 de
1189 1357 1286 1389 statu

197 1413 262 1439 suo
286 1402 400 1447 litigat
422 1403 690 1447 procuratorem
712 1399 845 1435 habere
862 1408 969 1444 posse
989 1409 1062 1434 non
1084 1398 1286 1434 dubitamus

198 1459 269 1484 non
294 1447 409 1483 solum
439 1446 477 1481 in
510 1444 816 1481 administratione
847 1454 983 1487 rerum,
1017 1444 1080 1479 sed
1113 1444 1219 1479 etiam
1250 1444 1288 1479 in

198 1492 409 1534 actionibus,
434 1501 526 1536 quae
551 1490 583 1526 ei
605 1490 660 1525 vel
684 1489 853 1525 adversus
878 1499 958 1524 eum
979 1499 1058 1524 com
1085 1492 1184 1524 etant
1193 1490 1219 1532 ²,
1244 1499 1288 1524 ex

198 1536 423 1582 possessione
447 1536 519 1571 sive
543 1534 721 1571 servitutis
746 1534 819 1570 sive
841 1533 1015 1569 libertatis
1065 1545 1084 1570 e
1103 1545 1168 1570 suo
1189 1537 1287 1570 statu

197 1582 323 1627 litigat.
361 1591 404 1616 ex
429 1580 608 1616 contrario
634 1589 774 1625 quoque
798 1590 878 1615 eum
909 1582 1179 1624 procuratorem
1210 1579 1287 1614 dari

198 1630 217 1662 2
265 1636 372 1672 posse
396 1625 623 1661 manifestum
648 1628 712 1660 est.
761 1624 910 1659 Publice
933 1624 1019 1659 utile
1044 1627 1098 1660 est
1121 1624 1286 1660 absentes

195 1682 217 1706 a
242 1671 523 1717 quibuscumque
548 1669 707 1705 defendi:
732 1679 815 1704 nam
840 1673 875 1704 et
897 1669 934 1704 in
959 1669 1172 1715 capitalibus
1195 1669 1286 1704 iudi-

197 1716 261 1752 ciis
285 1715 444 1752 defensio
470 1715 587 1750 datur.
623 1714 839 1759 ubicumque
869 1714 991 1759 itaque
1022 1714 1151 1750 absens
1184 1714 1287 1759 quis³

196 1761 359 1797 damnari
383 1763 521 1806 potest,
554 1759 602 1795 ibi
627 1760 784 1804 quemvis
807 1759 917 1794 verba
940 1769 1005 1804 pro
1031 1768 1072 1795 eo
1096 1759 1286 1794 facientem

196 1810 232 1843 et
254 1805 497 1841 innocentiam
521 1808 751 1840 excusantem
775 1803 890 1839 audiri
914 1814 1066 1856 aequum
1091 1808 1145 1839 est
1169 1807 1204 1839 et
1228 1815 1285 1839 or-

195 1850 375 1886 dinarium
389 1850 592 1885 admittere:
642 1849 715 1885 uod
739 1852 774 1884 et
797 1859 840 1883 ex
863 1852 1037 1893 rescripto
1062 1849 1286 1894 imperatoris

197 1903 217 1935 3
265 1895 377 1931 nostri
402 1905 423 1930 a
449 1898 563 1940 paret.
611 1860 673 1929 git
696 1896 860 1939 praetor:
894 1892 1016 1929 ‘Cuius
1041 1894 1182 1929 nomine
1206 1894 1286 1939 quis

196 1938 387 1976 ‘actionem
436 1939 489 1974 ari
513 1939 580 1975 sibi
603 1938 819 1984 postulabit,
850 1938 881 1973 is
913 1948 993 1973 eum
1023 1939 1088 1974 viri
1119 1939 1203 1974 boni
1228 1949 1285 1973 ar-

195 1983 343 2021 ‘bitratu
375 1984 560 2020 defendat:
595 1987 630 2019 et
662 1983 693 2019 ei
717 1994 787 2029 quo
812 1983 980 2018 nomine⁴
1004 1987 1086 2028 aget
1108 1983 1144 2018 id
1168 1987 1287 2019 ratum

193 2030 340 2065 ‘habere
365 2040 445 2064 eum
469 2029 514 2064 ad
538 2039 641 2074 quem
666 2038 708 2063 ea
731 2039 789 2063 res
812 2028 976 2073 pertinet,
1002 2029 1086 2063 boni
1107 2029 1170 2063 viri
1192 2028 1284 2064 arbi-

198 2078 219 2110 4
267 2078 376 2110 ‘tratu
400 2074 572 2109 satisdet'.
610 2075 772 2118 Aequum
796 2073 954 2118 praetori
978 2073 1090 2108 visum
1115 2078 1170 2109 est
1193 2084 1284 2116 eum,

196 2119 257 2164 qui
280 2119 430 2154 alicuius
455 2119 596 2154 nomine
628 2122 842 2163 procurator
876 2118 1075 2163 experitur,
1110 2118 1286 2154 eundem⁵

198 2168 218 2200 5
265 2164 369 2199 etiam
382 2163 623 2199 defensionem
637 2163 731 2198 susci
759 2173 827 2198 ere.
877 2162 913 2197 Si
959 2163 1014 2198 uis
1034 2164 1071 2197 in
1091 2174 1164 2199 rem
1185 2174 1286 2199 suam

195 2213 407 2255 procurator
429 2208 658 2251 interveniat,
692 2218 713 2242 a
763 2218 810 2243 uc
842 2207 908 2242 erit
964 2207 1127 2244 ‘cendum
1158 2208 1287 2244 debere

195 2264 276 2289 eum
295 2253 502 2289 defendere:
528 2254 596 2288 nisi
614 2252 709 2288 forte
728 2263 772 2287 ex
791 2252 1006 2288 necessitate
1025 2252 1134 2288 fuerit
1152 2252 1283 2289 factus.

241 2297 294 2337 34
323 2298 447 2335 Gsws
474 2298 565 2334 libro
591 2298 695 2333 tertio
720 2297 770 2332 ad
792 2297 947 2332 edictum
972 2298 1201 2344 provinciale
1247 2297 1285 2333 Si

195 2344 272 2387 quis
297 2343 334 2379 in
357 2353 433 2379 rem
464 2353 566 2378 suam
597 2342 845 2388 procuratorio
877 2342 1020 2378 nomine
1052 2353 1073 2377 a
1099 2343 1144 2386 't,
1176 2343 1285 2378 veluti

195 2399 250 2424 em
276 2392 334 2424 tor
353 2387 580 2423 hereditatis:
607 2398 653 2422 an
674 2387 802 2422 debeat
822 2387 971 2422 invicem
991 2397 1058 2423 ven
1096 2391 1210 2423 torem
1223 2387 1284 2423 de-

194 2400 365 2469 fengere?
397 2436 433 2468 et
463 2433 602 2478 placet,
635 2432 665 2467 si
696 2432 791 2468 bona
814 2431 885 2466 fide
909 2436 944 2467 et
967 2443 1039 2468 non
1062 2432 1099 2467 in
1122 2431 1285 2467 fraudem

194 2488 317 2514 eorum
341 2478 400 2524 qui
424 2477 573 2513 invicem
598 2487 702 2522 agere
725 2477 857 2512 vellent
893 2480 1007 2512 estum
1028 2477 1075 2512 sit
1092 2478 1283 2523 negotium,

194 2534 266 2559 non
290 2526 455 2568 oportere
480 2533 559 2558 eum
582 2522 732 2557 invicem
757 2521 861 2557 defen
888 2532 956 2557 ere.

241 2565 293 2605 35
327 2567 522 2604 ULPIANUS
554 2567 645 2603 libro
670 2578 765 2602 nono
789 2566 839 2601 ad
861 2567 1015 2603 edictum
1062 2566 1133 2602 Sed
1157 2570 1192 2602 et
1215 2567 1284 2603 hae

195 2622 368 2658 personae
399 2615 673 2657 procuratorum
704 2611 883 2647 debebunt
915 2611 1121 2654 defendere,
1153 2612 1282 2657 quibus

194 2658 270 2693 sine
293 2657 465 2692 mandatu
489 2667 591 2702 agere
614 2657 715 2692 licet:
742 2660 782 2692 ut
832 2660 893 2691 uta
916 2656 1028 2699 liberi,
1052 2657 1136 2692 licet
1156 2656 1227 2691 sint
1246 2657 1283 2691 in

193 2705 389 2747 potestate,
421 2702 506 2736 item
536 2706 703 2746 parentes
737 2704 772 2737 et
818 2705 931 2736 ratres
964 2705 999 2737 et
1022 2701 1157 2737 adfines
1182 2705 1218 2736 et
1239 2702 1281 2737 li-

198 2750 211 2781 1
261 2746 364 2781 berti.
412 2746 591 2781 Patronus
615 2747 781 2782 libertum
806 2749 841 2781 et
863 2756 927 2791 per
950 2749 1216 2791 procuratorem
1243 2750 1283 2781 ut

192 2791 370 2836 ingratum
394 2801 565 2826 accusare
588 2795 707 2836 potest
730 2794 765 2826 et
796 2791 946 2826 libertus
976 2801 1041 2836 per
1070 2794 1280 2836 procurato-

193 2838 214 2871 2
261 2846 335 2871 rem
366 2836 591 2880 respondere.
641 2836 721 2871 Non
746 2836 859 2871 solum
884 2839 1003 2871 autem
1027 2836 1057 2871 si
1081 2836 1173 2871 actio
1197 2846 1280 2881 pos-

193 2881 328 2916 tuletur
358 2890 381 2915 a
415 2884 667 2925 procuratore,
703 2880 767 2916 sed
799 2883 834 2915 et
866 2880 922 2915 si⁶
945 2881 1203 2926 praeiudicium
1227 2881 1281 2916 vel

197 2924 445 2967 interdictum,
479 2925 534 2960 vel
558 2926 587 2960 si
611 2925 840 2970 stipulatione
863 2925 1059 2970 legatorum
1082 2925 1138 2961 vel
1162 2925 1280 2960 damni

193 2969 315 3005 infecti
348 2970 430 3004 velit
462 2970 594 3005 caverit
628 2970 771 3006 debebit
803 2970 986 3005 absentem
1021 2970 1212 3006 defendere
1242 2970 1280 3005 in

194 3014 409 3060 competenti
451 3014 619 3050 tribunali
655 3018 690 3050 et
724 3014 848 3050 eadem
908 3015 1074 3050 rovincia.
1123 3019 1279 3051 ceterum

193 3059 272 3105 cogi
296 3069 377 3095 eum
402 3059 507 3094 etiam
530 3060 566 3093 in
590 3060 801 3104 provincia⁷
826 3059 870 3095 de
882 3026 1010 3095 pRoma
1041 3060 1141 3095 abire
1171 3060 1227 3095 vel
1260 3069 1280 3095 e

193 3103 373 3140 contrario
398 3103 453 3138 vel
477 3114 498 3138 a
522 3104 704 3148 provincia
726 3105 762 3139 in
787 3105 892 3139 aliam
916 3105 1134 3150 provinciam
1158 3108 1194 3140 et
1217 3103 1277 3140 de-

193 3151 213 3185 3
259 3147 406 3184 fendere
436 3147 564 3183 durum
596 3152 660 3184 est.
707 3149 907 3184 Defendere
939 3153 1059 3184 autem
1089 3153 1144 3185 est
1165 3148 1201 3185 id
1224 3149 1278 3184 fa-

193 3203 273 3229 cere
315 3192 388 3228 uod
407 3192 569 3228 dominus
590 3193 626 3227 in
646 3194 742 3228 litem
761 3194 908 3236 faceret,
934 3198 970 3229 et
990 3204 1114 3230 cavere
1133 3194 1277 3230 idonee:

192 3248 259 3274 nec
291 3204 434 3273 debebit
464 3237 586 3272 durior
618 3238 779 3274 condicio
804 3239 1048 3283 procuratoris
1072 3238 1148 3274 fieri
1173 3249 1278 3284 quam

192 3286 248 3319 est
270 3281 413 3324 domini,
437 3285 685 3327 praeterquam
708 3283 745 3317 in
769 3283 986 3319 satisdando.
1019 3287 1161 3329 praeter
1173 3284 1277 3319 satis-

192 3327 369 3363 dationem
387 3330 606 3379 procmator
638 3327 688 3362 ita
720 3327 909 3363 defendere
938 3328 1093 3371 videtur,
1125 3328 1155 3364 si
1186 3328 1276 3363 iudi-

191 3372 287 3408 cium
319 3382 397 3407 acci
422 3371 484 3406 iat.
520 3371 614 3406 unde
645 3372 843 3416 quaesitum
876 3376 930 3408 est
960 3373 1057 3418 apud
1088 3373 1276 3415 Iulianum,

192 3427 239 3452 an
263 3427 389 3462 compe
439 3420 509 3459 tur,
533 3426 579 3451 an
603 3426 685 3451 vero
710 3416 866 3451 sufficiat
891 3418 936 3452 ob
960 3428 1034 3452 rem
1059 3428 1130 3453 non
1154 3417 1275 3453 defen-

192 3574 233 3617 (1)
257 3574 304 3607 εἰσ
315 3573 350 3606 F
356 3573 377 3613 ¹,
391 3584 430 3606 cx
443 3573 585 3606 iudicati
598 3573 731 3606 actione
744 3572 827 3607 F’S
937 3575 979 3616 (2)
1005 3576 1053 3608 sic
1062 3574 1098 3607 F
1105 3574 1126 3615 ¹,
1141 3585 1272 3618 compe-

193 3621 265 3650 tent
275 3617 359 3651 F’S
458 3619 501 3660 (3)
526 3618 585 3660 qui
597 3616 651 3651 F’
749 3619 791 3659 (4)
817 3620 851 3651 et
863 3618 895 3651 ei
907 3628 1049 3660 quocum
1062 3618 1202 3652 alterius
1216 3630 1272 3652 no-

193 3662 281 3695 minc
292 3674 355 3696 scr.
449 3663 492 3700 (5)
516 3662 664 3695 eiusdem
677 3674 740 3696 scr.
833 3663 878 3705 (e)
903 3663 931 3695 si
945 3676 1004 3696 om.
1018 3664 1054 3696 F
1127 3665 1169 3706 (¹1)
1195 3674 1271 3707 pro·

193 3706 337 3739 vinciam
350 3707 425 3741 deu.
503 3708 547 3749 (8)
572 3708 620 3741 nic
630 3706 715 3740 F¹S
725 3719 793 3740 cum
807 3708 853 3750 B,
867 3707 909 3740 ad
921 3708 981 3741 im.
995 3707 1049 3741 F⁸
1127 3710 1170 3750 (9)
1195 3719 1271 3741 nam

1303 104 1358 152 4⁰
1952 120 2013 151 ns
2041 113 2441 156 Pnocm‘roumus
2470 0 2528 193 ἶ

1356 239 1431 264 sam
1455 229 1500 263 sti
1526 228 1718 264 ulationem
1743 229 1925 264 committi.
1963 233 2000 264 et
2021 229 2181 266 Iulianus
2205 230 2330 266 scribit
2352 230 2442 268 libro

1355 273 1460 309 tertio
1519 273 1711 318 'gestorum
1742 274 2026 319 compellendum
2057 275 2221 320 accipere
2253 275 2441 312 iudicium:

1355 318 1424 353 nisi
1455 318 1515 353 et⁸
1538 317 1714 363 agendum
1746 329 1859 356 causa
1890 319 2033 364 cognita
2063 321 2284 355 recusaverit
2313 321 2369 356 vel
2399 331 2443 357 et

1354 363 1451 398 iusta
1481 373 1592 398 causa
1621 367 1779 399 remotus
1813 362 1931 399 fuerit.
1967 363 2157 400 defendere
2187 364 2327 400 videtur
2359 376 2442 411 pro-

1357 410 1501 443 curator
1525 411 1561 443 et
1583 408 1614 443 si
1635 407 1674 442 in
1709 408 1971 461 possessionem
2004 409 2122 445 venire
2179 410 2329 453 afflatur,
2364 420 2444 446 cum

1355 453 1435 498 quis
1459 452 1580 488 damni
1602 452 1725 488 infecti
1749 454 1836 489 satis
1860 453 1915 488 vel
1938 454 2135 499 legatorum
2184 455 2345 498 esideret,

1402 495 1455 535 36
1480 497 1640 533 ΡΑσιυε
1660 497 1751 534 libro
1775 502 1900 534 octavo
1925 499 1975 533 ad
1997 499 2150 534 edictum
2195 500 2250 535 vel
2270 500 2307 535 in
2327 500 2444 546 operis

1355 543 1438 578 novi
1460 542 1695 578 nuntiatione.
1735 543 1799 578 sed
1830 547 1866 578 et
1898 543 1927 578 si
1960 553 2098 579 servum
2122 554 2166 580 ex
2191 554 2301 580 causa
2324 545 2445 580 noxali

1355 587 1515 633 patiatur
1538 587 1630 635 duci,
1655 586 1844 623 defendere
1867 587 2023 623 videtur:
2047 588 2099 624 ita
2118 592 2249 632 tamen,
2274 593 2315 624 ut
2333 590 2370 625 in
2389 590 2445 626 his

1356 632 1521 668 omnibus
1544 635 1660 668 ratam
1683 643 1758 668 rem
1783 632 1964 668 dominum
1987 633 2194 669 habiturum
2218 638 2352 670 caveat.

1402 675 1456 715 37
1488 677 1683 713 Uzmws
1703 677 1795 713 libro
1819 689 1914 713 nono
1939 677 1989 713 ad
2011 678 2165 715 edictum
2201 678 2366 714 Omnium
2380 690 2444 715 au-

1356 726 1429 758 tem
1452 722 1633 758 actionum
1657 723 1798 758 nomine
1822 723 1927 758 debet
1950 722 2159 766 defendere,
2192 724 2298 760 etiam
2323 735 2446 761 earum

1362 771 1374 802 l
1425 777 1518 814 quae
1547 767 1584 802 in
1607 767 1773 803 heredem
1796 778 1869 803 non
1893 767 2032 803 dantur.
2080 767 2185 804 Unde
2216 773 2271 805 est
2302 770 2442 815 quaesi-

1356 816 1449 848 tum:
1483 812 1514 848 si
1545 812 1770 848 adversarius
1801 813 1920 858 plures
1951 812 2114 848 intendat
2144 814 2305 850 actiones
2343 818 2379 850 et
2408 815 2445 850 in

1357 857 1516 903 singulas
1547 857 1676 903 singuli
1700 858 1855 893 existant
1879 857 2083 894 defensores
2108 859 2291 904 suscipere
2314 860 2444 904 parati,

1358 902 1466 938 videri
1490 912 1571 938 eum
1593 906 1691 938 recte
1715 902 1858 938 defendi
1880 903 2042 939 Iulianus
2067 903 2128 938 ait.
2165 914 2236 949 quo
2269 904 2347 940 iure
2379 915 2445 940 nos

1356 947 1408 982 uti
1431 947 1650 993 Pomponius
1673 947 1808 983 scribit.

1402 989 1456 1030 38
1481 991 1590 1027 [nau
1608 992 1699 1028 libro
1723 992 1867 1038 quadra
1894 993 2029 1028 ensimo
2053 992 2104 1028 ad
2125 993 2280 1029 edictum
2335 993 2445 1029 Non⁹

1357 1042 1476 1072 tamen
1493 1047 1533 1073 eo
1550 1047 1663 1083 usque
1681 1036 1861 1083 proceden
1886 1048 1946 1072 um
1960 1038 2036 1080 erit,
2056 1042 2107 1081 ut,
2128 1038 2158 1074 si
2170 1038 2291 1074 decem
2309 1039 2404 1075 milia
2417 1041 2446 1061 ¹⁰
2516 1042 2528 1093 ξ

1355 1086 1526 1162 getantur
1558 1086 1594 1118 et
1625 1086 1768 1118 exstant
1799 1082 1870 1118 duo
1903 1082 2109 1119 defensores
2133 1083 2250 1129 parati
2273 1084 2310 1119 in
2335 1083 2445 1129 quina
2520 1094 2528 1102 ²

1381 1126 1558 1170 efendere,
1583 1127 1786 1162 audiantur.

1403 1170 1456 1210 39
1471 1174 1497 1193 ¹¹
1522 1172 1630 1207 IDEM
1649 1172 1740 1208 libro
1765 1183 1860 1208 nono
1884 1173 1934 1208 ad
1956 1173 2110 1209 edictum

1357 1221 1428 1252 tem
1451 1218 1488 1252 in
1513 1217 1714 1256 actionibus
1739 1221 1774 1252 et
1804 1217 2003 1253 interdictis
2017 1219 2044 1239 ¹²
2068 1222 2104 1253 et
2134 1218 2172 1253 in
2205 1218 2443 1264 stipulationi-

1355 1263 1423 1298 bus
1448 1262 1553 1298 debet
1577 1262 1754 1298 dominum
1776 1262 1976 1306 defendere,
2000 1273 2120 1298 verum
2139 1263 2177 1298 in
2196 1263 2443 1309 interrogatio·
2518 1287 2528 1294 .

1356 1308 1461 1343 nibus
1494 1318 1653 1353 quoque,
1689 1311 1731 1342 ut
1761 1307 1799 1342 in
1829 1307 1908 1343 iure
1937 1308 2178 1353 interrogatus
2213 1318 2257 1343 ex
2280 1309 2445 1345 omnibus
2513 1312 2528 1358 3}

1357 1353 1474 1388 causis
1497 1352 1723 1398 respondeat,
1751 1362 1793 1387 ex
1817 1353 1947 1398 quibus
1971 1352 2147 1389 dominus.
2183 1363 2231 1388 an
2252 1353 2359 1398 igitur
2381 1354 2444 1389 he-
2511 1380 2528 1393 f

1355 1408 1412 1434 res
1446 1398 1491 1433 sit
1523 1398 1673 1441 absens,
1705 1397 1920 1442 respondere
1944 1398 2086 1434 debebit
2110 1402 2145 1433 et
2167 1398 2198 1434 si
2221 1399 2446 1451 responderit
2519 1414 2528 1438 3·

1358 1446 1373 1478 1
1423 1443 1478 1478 vel
1509 1442 1682 1485 tacuerit,
1714 1442 1902 1478 tenebitur.
1952 1442 2020 1487 Qui
2054 1443 2167 1479 alieno
2200 1453 2342 1479 nomine
2372 1444 2445 1490 agit
2514 1442 2528 1484 ’ἐ

1356 1498 1614 1534 quamcumque
1638 1487 1833 1530 actionem,
1866 1487 1902 1523 id
1925 1492 2044 1523 ratum
2067 1488 2271 1523 habiturum
2296 1498 2375 1524 eum
2399 1489 2445 1525 ad
2512 1484 2528 1531 ἓξ

1357 1543 1463 1585 quem
1487 1543 1528 1568 ea
1552 1543 1609 1568 res
1640 1532 1832 1578 pertinebit
1863 1542 1988 1568 cavere
2020 1532 2135 1568 debet.
2174 1533 2237 1568 sed
2266 1533 2444 1570 interdum

1355 1578 1439 1613 hcet
1469 1588 1535 1614 suo
1569 1578 1711 1613 nomine
1742 1581 1956 1623 procurator
1987 1578 2210 1623 experiatur,
2245 1581 2366 1614 tamen
2400 1578 2447 1615 de

1355 1627 1434 1659 rato
1467 1622 1610 1658 debebit
1642 1633 1786 1665 cavere,
1817 1626 1858 1658 ut
1880 1622 2098 1668 Pomponius
2131 1623 2221 1659 libro
2253 1623 2443 1661 vicensimo
2508 1636 2510 1671 j

1356 1671 1482 1713 quarto
1508 1668 1642 1703 scribit.
1679 1671 1719 1702 ut
1741 1670 1831 1712 puta
1853 1668 2100 1703 iusiurandum
2123 1669 2348 1714 procuratori
2371 1673 2442 1705 ret-
2504 1701 2510 1714 μ,

1356 1713 1439 1748 tulit
1450 1714 1488 1756 ¹³,
1513 1713 1642 1748 iuravit
1667 1712 1807 1747 absenti
1831 1712 1907 1747 dari
1932 1716 2114 1765 oportere:
2139 1713 2212 1779 agit
2231 1713 2300 1749 hoc
2312 1713 2443 1751 iudicio

1356 1768 1421 1794 suo
1442 1758 1584 1793 nomine
1628 1761 1752 1809 ropter
1771 1767 1873 1792 suum
1893 1757 2160 1793 ius1urandum¹
2205 1763 2261 1801 (ne
2286 1769 2331 1794 ue
2352 1759 2445 1795 enim

1355 1803 1445 1839 haec
1470 1803 1563 1838 actio
1612 1813 1729 1838 omino
1755 1806 1953 1847 competere
1975 1803 2124 1848 potuit):
2150 1802 2212 1839 sed
2237 1803 2281 1839 de
2307 1804 2379 1839 ebit
2400 1804 2446 1841 de
2504 1846 2507 1849 .

1356 1851 1434 1883 rato
1469 1857 1605 1883 cavere.
1644 1847 1707 1883 sed
1739 1851 1775 1882 et
1806 1847 1836 1882 si
1866 1848 2091 1893 procuratori
2124 1848 2358 1884 constitutum
2389 1853 2444 1885 est

1357 1896 1392 1928 et
1407 1894 1434 1914 ¹⁵
1459 1903 1502 1928 ex
1535 1903 1577 1928 ea
1609 1902 1720 1928 causa
1752 1895 1853 1937 agat:
1890 1892 2125 1928 dubitandum
2161 1904 2234 1929 non
2269 1900 2324 1929 est
2382 1894 2458 1930 uinv

1355 1938 1456 1973 locus
1489 1938 1535 1972 sit
1567 1937 1611 1973 de
1642 1941 1721 1973 rato
1755 1937 1911 1973 cautioni
1934 1938 2041 1984 idque
2063 1938 2282 1984 Pomponius
2307 1949 2379 1974 scri
2403 1940 2442 1976 it.

1357 1985 1376 2017 2
1425 1982 1615 2027 Quaeritur
1639 1982 1735 2028 apud
1758 1983 1953 2019 Iulianum:
1977 1987 2098 2019 utrum
2123 1983 2304 2019 dominum
2328 1984 2444 2020 solum

1355 2030 1471 2062 ratam
1494 2038 1569 2062 rem
1592 2028 1726 2063 habere
1750 2027 1855 2062 debet
1879 2028 2053 2064 satisdare
2084 2038 2131 2064 an
2163 2029 2271 2064 etiam
2304 2032 2442 2066 ceteros
2503 2062 2510 2069 .,

1356 2072 1575 2108 creditores?
1599 2076 1635 2108 et
1658 2073 1709 2108 ait
1729 2072 1915 2108 dumtaxat
1935 2073 1978 2109 de
1997 2073 2138 2110 domino
2161 2073 2356 2109 cavendum
2376 2084 2443 2110 nec
2503 2093 2521 2123 ⁴,

1354 2117 1424 2153 illis
1447 2118 1565 2153 verbis
1590 2117 1648 2152 ‘ad
1673 2128 1777 2163 quem
1802 2128 1844 2153 ea
1867 2129 1923 2154 res
1974 2119 2113 2154 ertinet’
2138 2119 2331 2156 creditores
2356 2130 2440 2155 con·
2526 2154 2528 2159 .

1354 2162 1474 2198 tineri:
1500 2173 1582 2198 nam
1606 2173 1672 2198 nec
1694 2163 1763 2207 ipsi
1788 2162 1929 2199 domino
1980 2173 2042 2199 aec
2062 2164 2292 2200 incumbebat
2312 2165 2440 2201 cautio.
2494 2178 2506 2198 ’ς

1355 2210 1374 2242 3
1423 2207 1460 2243 Si
1485 2207 1528 2243 de
1552 2207 1634 2243 dote
1659 2211 1742 2252 agat
1798 2212 1892 2251 ater,
1928 2219 2053 2244 cavere
2085 2209 2192 2244 debet
2221 2213 2336 2245 ratam
2367 2219 2458 2246 rem*

1354 2251 1463 2287 filiam
1487 2252 1708 2288 habituram:
1735 2263 1773 2287 se
1822 2257 1857 2288 et
1880 2252 2069 2289 defendere
2092 2263 2171 2289 eam
2195 2253 2317 2297 debet,
2342 2258 2384 2290 ut
2406 2258 2443 2291 et
2491 2262 2502 2290 Γ
2526 2262 2528 2264 ·

1354 2299 1375 2331 4
1422 2296 1614 2332 Marcellus
1628 2297 1762 2332 scribit.
1799 2297 1837 2332 Si
1859 2301 1962 2342 pater
1985 2298 2048 2333 filii
2071 2299 2214 2334 nomine
2232 2299 2442 2335 iniuriarum

1354 2345 1455 2387 agat,
1491 2352 1571 2377 cum
1603 2341 1695 2378 duae
1719 2342 1790 2377 sint
1814 2343 1973 2378 actiones
1997 2353 2070 2378 una
2093 2343 2206 2388 patris
2231 2344 2343 2379 altera
2366 2344 2440 2388 filii,
2496 2345 2506 2350 ”

1354 2389 1377 2421 5·
1422 2390 1539 2422 cessat
1574 2386 1619 2422 de
1653 2389 1732 2422 rato
1766 2387 1897 2422 cautio.
1946 2387 1983 2422 Si
2015 2391 2130 2424 status
2166 2389 2441 2425 controversiam
2496 2401 2528 2434 *2

1354 2431 1411 2466 cui
1435 2431 1546 2467 faciat
1568 2435 1799 2476 procurator,
1826 2432 1898 2468 sive
1923 2442 1966 2467 ex
1990 2433 2158 2468 servitute
2181 2433 2218 2468 in
2241 2434 2440 2470 libertatem
2496 2470 2500 2479 ,
2523 2459 2525 2462 -

1353 2476 1523 2512 adversus
1561 2487 1641 2511 eum
1673 2477 1752 2522 quis
1783 2476 1896 2522 litiget
1927 2477 2000 2513 sive
2031 2478 2109 2523 ipse
2141 2488 2185 2514 ex
2215 2478 2379 2515 libertate
2402 2480 2440 2515 in
2499 2511 2521 2518 ..

1352 2521 1555 2557 servitutem
1585 2524 1704 2566 petat,
1738 2521 1844 2557 debet
1876 2532 1999 2557 cavere
2021 2526 2137 2558 ratam
2161 2534 2235 2559 rem
2260 2523 2439 2560 dominum

1350 2566 1566 2601 habiturum.
1601 2570 1636 2601 et
1658 2566 1708 2602 ita
1733 2566 1848 2602 edicto
1874 2567 2044 2612 scriptum
2069 2572 2134 2610 est,
2158 2572 2199 2604 ut
2222 2579 2264 2604 ex
2288 2573 2440 2615 utroque
2526 2612 2528 2614 ¹

1351 2614 1371 2646 6
1418 2611 1530 2646 latere
1555 2611 1658 2656 quasi
1682 2614 1785 2647 actor
1806 2611 1994 2647 habeatur.
2042 2612 2110 2648 Est
2142 2616 2178 2649 et
2210 2624 2335 2657 casuS,
2367 2625 2438 2660 quo
2492 2612 2495 2652 J
2519 2614 2525 2644 ’-

1351 2655 1430 2700 quis
1463 2656 1621 2691 eiusdem
1653 2656 1805 2692 actionis
1839 2657 1982 2692 nomine
2014 2660 2048 2692 et
2072 2657 2116 2693 de
2139 2661 2217 2694 rato
2245 2663 2370 2695 caveat
2403 2662 2438 2695 et

1349 2700 1544 2736 iudicatum
1569 2701 1667 2736 solvi.
1704 2704 1744 2736 ut
1765 2704 1855 2746 puta
1878 2702 2060 2747 postulata
2084 2707 2139 2738 est
2162 2704 2315 2748 cognitio
2337 2704 2381 2739 de
2400 2704 2439 2740 in

1349 2745 1403 2780 int
1490 2756 1524 2781 m
1555 2746 1795 2789 restitutione,
1829 2757 1910 2782 cum
1942 2747 2057 2782 minor
2089 2747 2377 2801 circumscriptus
2399 2749 2438 2785 in
2491 2756 2493 2786 ζ
2519 2764 2522 2794 ζ

1350 2800 1415 2825 ven
1443 2791 1551 2826 ‘tione
1575 2791 1770 2826 diceretur:
1796 2791 1942 2826 alterius
1966 2796 2180 2836 procurator
2203 2794 2341 2829 existit:
2375 2793 2435 2829 de-

1350 2835 1413 2870 bet
1448 2845 1573 2871 cavere
1607 2835 1666 2871 hic
1696 2839 1911 2880 procurator
1942 2840 1978 2871 et
2007 2841 2122 2871 ratam
2154 2848 2228 2873 rem
2253 2838 2435 2874 dominum

1348 2879 1573 2923 habiturum,
1606 2890 1650 2916 ne
1673 2879 1767 2916 forte
1790 2880 1952 2916 dominus
1975 2891 2136 2917 reversus
2161 2883 2244 2918 velit
2266 2884 2349 2929 quid
2373 2894 2436 2929 pe·

1347 2929 1443 2967 tere,
1474 2925 1559 2961 item
1582 2925 1776 2960 iudicatum
1801 2925 1905 2967 solvi,
1939 2929 1979 2960 ut
2010 2926 2038 2961 si
2063 2926 2147 2972 quid
2170 2927 2264 2964 forte
2312 2933 2436 2974 ropter

1347 2970 1442 3005 hanc
1472 2970 1733 3005 restitutionem
1755 2970 1791 3004 in
1816 2970 1988 3015 integrum
2013 2972 2188 3016 praestari
2213 2973 2257 3007 ad
2298 2973 2433 3009 escenti

1348 3014 1486 3057 debeat,
1511 3015 1580 3049 hoc
1602 3017 1813 3060 praestetur.
1853 3020 1888 3049 et
1911 3016 2000 3050 haec
2023 3016 2074 3051 ita
2097 3016 2185 3051 Pom
2213 3018 2315 3053 onius
2339 3018 2435 3054 libro
2518 3056 2522 3066 ⁸

1348 3062 1366 3093 7
1413 3059 1603 3094 vicensimo
1628 3059 1751 3104 quinto
1777 3059 1822 3094 ad
1845 3059 2000 3095 edictum
2025 3061 2159 3096 scribit.
2218 3066 2288 3098 tem
2313 3063 2375 3106 ait,
2401 3063 2432 3099 si
2479 3080 2487 3099 1
2510 3063 2521 3081 ²

1347 3104 2433 3188 {33⁰3amatam&3233533301fizmve‘3iffi11’3332
2481 3105 2487 3112 ’

1346 3192 1442 3238 quod
1473 3196 1594 3228 actum
1625 3196 1689 3228 est.
1727 3176 1790 3229 sed
1824 3204 1896 3229 non
1930 3194 2037 3230 facile
2067 3205 2132 3247 per
2160 3201 2430 3240 procuratorem

1346 3238 1424 3283 quis
1448 3242 1634 3289 suspectus
1659 3239 1887 3274 accusabitur
1900 3240 1938 3282 ¹⁶,
1971 3249 2137 3285 quomam
2170 3240 2287 3277 famae
2319 3251 2430 3278 causa
2480 3255 2484 3267 ¹-
2506 3258 2526 3285 ‚-

1346 3285 1418 3325 est,
1450 3283 1518 3318 nisi
1550 3286 1690 3318 constet
1721 3283 1753 3318 ei
1785 3293 1807 3318 a
1839 3287 1957 3319 tutore
1980 3283 2185 3320 mandatum
2209 3286 2427 3330 nominatim,
2450 3299 2454 3303 ’
2479 3269 2518 3343 3

1344 3330 1408 3362 aut
1431 3327 1461 3362 si
1485 3327 1590 3362 etiam
1614 3328 1761 3380 absente
1785 3332 1920 3370 tutore,
1945 3329 2047 3374 quasi
2071 3339 2141 3364 non
2165 3329 2429 3374 defenderetur,
2468 3337 2514 3392 ᾖ

1342 3374 1490 3417 praetor
1513 3375 1590 3407 erat
1614 3376 1830 3417 cogmturus.
2484 3396 2487 3398 >

1389 3414 1442 3453 40
1468 3416 1574 3451 locu
1593 3416 1682 3452 libro
1707 3428 1802 3453 nono
1826 3417 1876 3452 ad
1897 3416 2050 3452 edictum
2096 3417 2315 3463 Pomponius
2339 3418 2431 3454 scri·
2480 3393 2507 3471 Ξ

2155 1173 2239 1209 Non
2252 1174 2367 1209 solum
2379 1183 2443 1209 au·

2480 3507 2515 3521 Ἴ

2486 3525 2493 3550 ἴ

1341 3573 1375 3607 F·
1507 3576 1566 3615 (io)
1592 3574 1687 3607 milia
1699 3575 1762 3608 del.
1774 3572 1830 3607 Γ*
1975 3575 2027 3615 (11)
2055 3578 2070 3613 5
2087 3581 2102 3607 ἰ
2115 3591 2159 3603 =
2174 3574 2304 3618 Vasft.
2318 3579 2332 3613 ς
2348 3576 2429 3609 34οδ
2480 3558 2503 3636 {J

1342 3620 1400 3661 (12)
1425 3618 1507 3651 etin
1522 3618 1713 3652 interdictis
1726 3631 1788 3652 scr.
1964 3619 2021 3660 (13)
2046 3619 2258 3651 adversarius
2272 3622 2305 3651 et
2317 3620 2346 3651 is
2360 3620 2421 3653 ine.
2484 3658 2491 3661 ,

1341 3665 1399 3704 (14)
1423 3663 1684 3696 suu-iurandum
1694 3663 1730 3696 F
1782 3663 1840 3704 (15)
1866 3664 1900 3695 et
1910 3661 1974 3702 F’,
1989 3665 2026 3695 ut
2040 3662 2076 3703 S,
2090 3675 2148 3696 om.
2162 3663 2198 3696 F
2203 3663 2214 3684 ¹
2279 3665 2338 3705 (16)
2362 3673 2427 3708 per
2478 3663 2493 3700 ᾧ

1341 3717 1421 3751 proc
1427 3711 1591 3741 aratorem
1605 3708 1664 3751 qui
1678 3717 1767 3751 susp.
1783 3706 1997 3740 accusabitur
2009 3708 2207 3741 defendetur
2222 3720 2275 3741 scr
