2528 3918
165 131 331 163 MILITIS

164 241 201 279 id
225 244 279 277 est
298 244 401 286 patre
420 250 485 276 suo
509 243 614 275 natus
635 240 755 282 fuerit,
780 240 980 276 omnimodo
1001 252 1079 276 rum
1108 244 1142 276 et
1160 240 1254 276 illius

165 288 424 323 testamentum.
473 284 536 320 sed
568 284 598 320 si
630 285 770 331 quidem
803 295 943 330 pagano
977 285 1049 321 iam
1074 287 1131 321 ’10
1156 285 1253 322 facto

165 336 270 368 natus
295 330 359 372 sit,
384 340 450 365 nec
475 330 701 365 convalescet
723 334 886 375 ruptum:
920 331 950 366 si
973 341 1056 366 vero
1081 331 1255 366 militante

164 377 282 413 adhuc
313 379 419 410 natus
449 374 574 417 fuerit,
615 379 817 421 rumpetur,
854 375 1001 419 deinde,
1042 377 1072 411 si
1106 376 1256 412 voluerit

164 425 281 458 ratum
303 420 391 456 illud
416 430 493 456 esse
516 424 637 465 pater,
673 421 898 456 convalescet
929 421 980 456 sic
1010 422 1112 466 quasi
1138 422 1253 457 denuo

165 470 184 502 3
229 466 378 502 factum.
404 464 475 500 Sed
492 467 548 500 et¹
571 465 599 500 si
615 465 692 501 vivo
710 476 775 501 avo
794 469 965 501 nascatur
980 471 1179 511 postumus,
1197 466 1255 501 hic

164 522 236 547 non
259 514 402 556 rumpet
425 510 595 546 continuo
618 511 732 556 patris
763 515 1034 547 testamentum:
1068 513 1098 548 si
1129 522 1253 557 super-

163 557 289 593 vixerit
322 559 405 601 post
435 561 583 591 mortem
616 556 672 591 avi
703 556 780 592 vivo
806 556 924 592 adhuc
947 561 1068 601 patre,
1101 560 1253 602 rumpet,

165 601 261 648 quod
284 611 397 637 novus
421 601 471 636 illi
495 611 591 636 nunc
614 601 767 646 primum
790 602 894 637 heres
919 602 1169 646 adgnascitur:
1204 602 1255 637 ita

163 651 294 690 tamen,
319 650 360 682 ut
383 657 576 691 numquam
599 646 714 691 possit
739 647 891 682 duorum
915 648 1019 682 simul
1039 651 1255 683 testamenta

163 703 242 728 rum
270 702 328 728 ere
353 695 388 727 et
411 692 466 727 avi
491 696 526 726 et
548 692 674 737 patris.

210 735 233 775 3
288 737 556 772 PAPINJANUS2
580 737 670 773 libro
695 741 826 783 quarto
847 737 982 773 decimo
1004 739 1254 783 quaestionum

163 783 252 818 Eius
276 782 413 825 militis,
450 783 510 827 qui
541 782 673 818 doloris
705 782 917 827 inpatientia
940 784 995 818 vel
1019 783 1138 819 taedio
1163 783 1256 818 vitae

163 828 254 864 mori
277 828 420 870 maluit,
453 831 704 862 testamentum
735 828 853 862 valere
883 828 937 864 vel
968 829 1127 863 intestati
1158 829 1255 864 bona

164 874 209 909 ab
242 874 297 908 his
329 873 389 918 qui
419 873 497 917 lege
526 877 702 908 vocantur
729 873 900 908 vindicari
925 874 1025 909 divus
1049 874 1255 909 Hadrianus

167 922 182 953 1
231 918 424 963 rescripsit.
473 918 602 953 Militia
632 919 761 953 missus
787 918 883 953 intra
907 929 1040 953 annum
1063 922 1254 954 testamen-

163 968 239 999 tum
261 964 382 999 facere
406 963 524 1008 coepit
547 973 662 1008 neque
686 963 859 1008 perficere
882 964 1020 1009 potuit:
1045 968 1165 1009 potest
1186 964 1256 999 dici

164 1009 320 1045 solutum
351 1009 402 1043 ita
433 1019 512 1044 esse
545 1012 796 1044 testamentum
829 1009 925 1053 quod
949 1010 984 1044 in
1010 1010 1135 1044 militia
1158 1009 1254 1052 fecit,

164 1055 195 1090 si
217 1055 294 1089 iure
317 1054 462 1089 militiae
485 1054 556 1089 fuit
579 1055 767 1099 scriptum:
803 1054 961 1099 alioquin
993 1055 1022 1090 si
1046 1055 1156 1090 valuit
1178 1055 1256 1090 iure

164 1103 184 1135 2
233 1099 430 1142 communi,
464 1110 536 1134 non
569 1110 646 1135 esse
677 1100 754 1134 iure
785 1100 987 1135 rescissum.
1035 1100 1111 1136 Nec
1135 1104 1256 1135 tamen

165 1146 260 1180 circa
284 1145 428 1179 militem
449 1145 572 1180 eadem
592 1145 820 1180 adhibebitur
840 1145 1038 1181 distinctio:
1065 1156 1147 1180 nam
1167 1156 1255 1191 quo-

165 1201 317 1235 cumque
341 1190 446 1225 modo
467 1191 743 1226 testamentum³
765 1190 901 1233 fecerit,
926 1191 1116 1226 novissima
1131 1192 1254 1226 volun-

163 1239 239 1271 tate
276 1235 517 1278 rescindetur,
559 1236 726 1280 quoniam
760 1235 924 1271 voluntas
962 1247 1102 1281 quoque
1136 1236 1255 1271 militis

164 1281 441 1316 testamentum⁴
466 1284 530 1315 est.

212 1324 264 1363 35
289 1326 398 1361 IDEM
425 1326 515 1362 libro
548 1337 644 1361 nono
676 1326 812 1361 decimo
847 1327 1096 1371 quaestionum
1151 1326 1255 1362 Miles

164 1372 196 1407 si
215 1374 467 1406 testamentum
487 1371 736 1416 imperfectum
755 1371 943 1416 relinquat,
965 1372 1143 1417 scriptura
1165 1382 1256 1417 quae

164 1416 345 1462 profertur
364 1415 513 1461 perfecti
533 1416 736 1451 testamenti
782 1420 970 1451 otestatem
991 1418 1147 1462 optinet:
1173 1427 1256 1452 nam

164 1462 283 1496 militis
308 1464 560 1496 testamentum
584 1461 662 1496 sola
684 1472 729 1505 pe
764 1461 869 1496 'citur
892 1462 1095 1498 voluntate:
1127 1463 1257 1507 quique

163 1507 268 1552 plura
291 1517 355 1551 per
380 1506 454 1542 dies
478 1507 595 1542 varios
620 1506 763 1548 scribit,
789 1517 897 1552 saepe
919 1506 1040 1543 facere
1063 1511 1255 1543 testamen-

163 1556 240 1587 tum
263 1551 410 1586 videtur.

211 1594 264 1634 36
288 1596 397 1631 IDEM
423 1597 514 1632 libro
549 1601 654 1632 sexto
686 1608 943 1643 responsorum
998 1598 1124 1633 Militis
1158 1598 1255 1633 codi-

167 1642 253 1678 cillis
286 1642 333 1677 ad
364 1645 618 1677 testamentum
641 1642 747 1678 factis
773 1643 879 1678 etiam
903 1643 1081 1678 hereditas
1105 1643 1182 1678 iure
1205 1643 1253 1678 vi-

166 1688 293 1723 detur⁵
325 1687 411 1722 dari.
461 1697 572 1732 quare
605 1687 634 1722 si
666 1691 804 1733 partem
837 1687 1017 1723 dimidiam
1048 1687 1256 1723 hereditatis

165 1732 335 1768 codicillis
357 1732 509 1774 dederit,
543 1736 756 1767 testamento
792 1732 947 1778 scriptus
980 1744 1024 1769 ex
1048 1744 1129 1769 asse
1152 1734 1256 1769 heres

163 1782 302 1824 partem
334 1777 514 1813 dimidiam
544 1778 710 1820 habebit,
742 1778 861 1823 legata
894 1782 1013 1814 autem
1040 1782 1255 1814 testamento

167 1827 181 1858 1
233 1823 318 1858 data
358 1823 590 1858 communiter
631 1823 817 1858 debentur.
877 1823 980 1859 Miles
1021 1825 1256 1860 castrensium

163 1869 340 1904 bonorum
372 1872 407 1903 et
438 1879 511 1903 non
544 1869 780 1903 castrensium
812 1868 959 1904 diversis
986 1869 1178 1905 heredibus
1202 1870 1255 1904 in-

164 1913 299 1949 stitutis
338 1917 465 1958 postea
501 1914 735 1948 castrensium
770 1914 947 1948 bonorum
982 1915 1071 1949 alios
1107 1915 1256 1950 heredes

163 1959 328 1994 instituit.
378 1959 556 2003 prioribus
581 1959 712 1993 tabulis
732 1962 873 1993 tantum
894 1959 1086 1994 abstulisse
1105 1959 1255 2002 videtur,

165 2008 337 2050 quantum
368 2004 405 2038 in
428 2004 644 2048 posteriores
670 2003 877 2039 contulerit:
911 2014 978 2039 nec
1008 2004 1148 2040 videtur
1178 2016 1256 2040 mu-

164 2053 253 2091 tare,
279 2049 344 2084 etsi
363 2049 544 2101 prioribus
565 2049 697 2084 tabulis
716 2059 808 2084 unus
825 2049 928 2084 heres
945 2050 1100 2095 scriptus
1117 2050 1254 2086 fuisset.

165 2097 185 2130 2
232 2094 337 2130 Miles
361 2105 399 2129 111
423 2094 596 2139 supremis
622 2094 828 2129 ordinandis
848 2094 992 2139 ignarus
1012 2106 1158 2131 uxorem
1180 2106 1258 2131 esse

164 2143 394 2185 praegnatem
414 2139 547 2174 ventris
568 2150 640 2174 non
658 2140 785 2175 habuit
804 2140 1030 2175 mentionem.
1063 2145 1147 2186 post
1162 2152 1256 2176 mor-

164 2190 236 2221 tem
260 2185 372 2229 patris
396 2184 471 2219 filia
495 2188 582 2219 nata
605 2188 751 2230 ruptum
775 2195 853 2220 esse
872 2189 1124 2221 testamentum
1145 2197 1256 2232 appa-

165 2230 238 2266 ruit
261 2239 376 2274 neque
400 2230 518 2274 legata
542 2229 674 2265 deberi.
716 2230 747 2265 si
771 2240 842 2275 qua
860 2241 943 2266 vero
962 2231 1076 2266 medio
1097 2235 1258 2276 tempore

166 2276 321 2320 scriptus
354 2274 457 2310 heres
493 2276 610 2320 legata
647 2275 829 2318 solvisset,
870 2276 1019 2311 utilibus
1056 2277 1256 2312 actionibus

165 2320 260 2355 filiae
292 2320 408 2355 datis⁶
440 2319 486 2356 ob
518 2320 771 2365 improvisum⁷
807 2331 930 2356 casum
955 2331 1033 2356 esse
1056 2322 1258 2358 revocanda

165 2376 230 2401 nec
247 2366 460 2408 institutum,
484 2375 563 2400 cum
580 2366 695 2401 bonae
714 2365 796 2400 fidei
812 2376 1000 2411 possessor
1017 2366 1137 2410 fuerit,
1163 2367 1257 2413 quod

166 2414 185 2446 3
232 2410 314 2446 inde
338 2411 471 2446 servari
496 2420 568 2446 non
589 2411 777 2456 potuisset,
802 2415 987 2456 praestare
997 2412 1021 2447 ⁸.
1053 2412 1255 2448 Veteranus

164 2456 318 2491 moriens
347 2459 599 2491 testamentum
622 2457 700 2492 iure
726 2457 904 2492 communi
927 2461 1087 2502 tempore
1111 2458 1258 2493 militiae

164 2501 301 2536 factum
323 2501 462 2536 irritum
488 2511 565 2536 esse
589 2502 699 2537 voluit
723 2506 758 2537 et
780 2501 970 2537 intestatus
995 2504 1098 2538 esse⁹
1121 2504 1255 2538 maluit.

165 2546 335 2582 heredum
353 2546 596 2582 institutiones
617 2557 660 2582 ac
677 2547 947 2582 substitutiones
963 2548 1001 2582 in
1021 2548 1143 2584 eodem
1159 2552 1258 2584 statu

165 2591 338 2627 mansisse
376 2591 530 2636 placuit,
572 2592 690 2636 legata
728 2602 810 2627 vero
851 2596 1012 2637 petentes
1048 2594 1258 2639 exceptione

166 2637 237 2672 doli
260 2636 344 2671 mali
368 2637 564 2672 secundum
587 2637 643 2672 ius
674 2648 859 2673 commune
891 2639 1122 2682 summoveri,
1156 2639 1256 2675 cuius

166 2681 385 2726 exceptionis
420 2682 511 2717 vires
548 2692 591 2717 ex
625 2692 779 2727 persona
812 2683 967 2727 petentis
1003 2684 1254 2719 aestimantur:

166 2730 202 2762 et
215 2729 241 2748 ¹⁰
265 2727 422 2772 alioquin
445 2727 563 2772 potior
588 2731 641 2763 est
662 2728 699 2762 in
722 2738 761 2762 re
784 2728 864 2772 pari
888 2738 1000 2763 causa
1026 2729 1255 2774 possessoris.

167 2775 188 2807 4
234 2772 339 2807 Miles
371 2773 448 2807 iure
483 2773 662 2808 communi
692 2775 846 2808 testatus
908 2776 1008 2808 ostea
1043 2778 1255 2810 testamento

165 2817 243 2852 iure
266 2817 411 2852 militiae
435 2828 544 2862 super
568 2818 670 2853 bonis
696 2818 859 2854 omnibus
900 2822 980 2854 acto
1012 2823 1097 2864 post
1124 2830 1256 2854 annum

166 2862 311 2898 militiae
330 2863 403 2898 vita
423 2863 643 2898 decesserat:
668 2863 797 2908 prioris
817 2865 1033 2906 testamenti,
1055 2865 1150 2909 quod
1171 2876 1255 2918 rup-

167 2911 243 2942 tum
268 2918 346 2943 esse
371 2909 578 2951 constabat,
611 2919 684 2944 non
710 2908 945 2954 redintegrari
967 2910 1058 2944 vires
1084 2910 1254 2945 constitit.

214 2950 266 2990 37
294 2952 451 2988 Paaws
472 2953 562 2989 libro
587 2955 736 3000 septimo
761 2955 1010 2999 quaestionum
1055 2954 1092 2990 Si
1117 2955 1256 2990 duobus

168 3007 190 3032 a
212 2998 322 3032 milite
344 2998 470 3034 liberto
493 2999 634 3044 scriptis
655 2999 845 3034 heredibus
866 3000 955 3034 alter
976 3000 1134 3035 omiserit
1153 3000 1255 3036 here-

169 3042 332 3085 ditatem,
364 3054 428 3088 pro
458 3054 501 3078 ea
524 3047 627 3089 parte
650 3045 841 3080 intestatus
864 3045 1042 3080 videbitur
1066 3045 1256 3081 defunctus

170 3087 375 3130 decessisse,
406 3089 488 3134 quia
512 3090 611 3124 miles
636 3093 672 3124 et
694 3100 759 3134 pro
784 3093 888 3135 parte
911 3090 1035 3126 testari
1057 3094 1188 3136 potest,
1223 3094 1258 3126 et

170 3133 338 3177 competit
351 3137 504 3178 patrono
522 3135 567 3169 ab
587 3135 756 3170 intestato
777 3136 952 3171 bonorum
973 3136 1164 3181 possessio,
1189 3136 1258 3171 nisi

171 3176 200 3211 si
222 3177 311 3212 haec
331 3179 496 3214 voluntas
517 3179 675 3214 defuncti
695 3181 848 3224 probata
868 3180 987 3224 fuerit,
1011 3184 1053 3216 ut
1073 3181 1257 3216 omittente

171 3221 280 3256 altero
305 3222 352 3257 ad
375 3223 525 3259 alterum
547 3225 652 3260 vellet
675 3228 787 3260 totam
812 3226 927 3260 redire
950 3226 1193 3261 hereditatem.

192 3263 270 3318 ,38
295 3266 402 3302 IDEM
420 3269 509 3305 libro
534 3272 659 3305 octavo
684 3271 933 3315 quaestionum
981 3271 1083 3316 Quod
1116 3272 1256 3314 dicitur,

171 3321 203 3345 si
237 3311 350 3364 miles,
368 3312 463 3348 intra
497 3324 630 3349 annum
665 3326 770 3360 quam
804 3315 934 3350 missus
967 3320 1021 3351 est
1052 3316 1255 3359 decesserit,

171 3356 289 3391 valere
321 3367 394 3391 eius
425 3362 675 3394 testamentum
705 3360 799 3404 quod
830 3360 908 3396 iure
938 3361 1083 3396 militari
1109 3362 1256 3404 fecerat,

172 3410 292 3452 verum
318 3405 389 3453 est,
417 3403 553 3439 etiamsi
576 3409 658 3449 post
681 3415 813 3440 annum
838 3405 1000 3441 condicio
1025 3407 1257 3442 institutionis

174 3449 356 3488 exstiterit,
381 3451 518 3483 mortuo
545 3460 585 3484 eo
609 3450 705 3484 intra
728 3460 872 3485 annum.
920 3454 955 3486 et
977 3451 1057 3487 ideo
1083 3452 1113 3487 si
1136 3451 1258 3487 heredi

172 3490 244 3525 filio
262 3491 494 3543 substituerit,
514 3493 599 3528 nihil
615 3494 773 3537 interest,
797 3495 937 3540 quando
956 3496 1050 3531 filius
1067 3497 1256 3532 moriatur:

176 3539 190 3569 1
241 3535 375 3570 sufficit
407 3537 499 3571 enim
530 3542 666 3583 patrem
696 3540 791 3575 intra
818 3551 949 3575 annum
974 3542 1103 3577 obisse.
1152 3542 1258 3576 Miles

175 3650 214 3690 (1)
240 3652 274 3681 et
286 3650 346 3683 del.
462 3652 503 3693 (2)
529 3651 649 3694 paulus
664 3654 723 3693 F¹,
744 3655 911 3697 papianus
926 3654 976 3688 F²
1088 3657 1130 3698 (3)
1156 3658 1258 3689 testa-

175 3699 285 3726 mento
301 3696 335 3728 F
392 3697 433 3734 (4)
458 3697 648 3729 testamenti
664 3699 698 3731 F
759 3700 800 3740 (5)
826 3699 997 3732 videbitur
1008 3699 1060 3733 F²
1131 3702 1174 3742 (6)
1201 3701 1257 3733 do-

176 3739 220 3770 tis
237 3740 269 3771 F
352 3741 393 3779 (7)
422 3741 601 3782 promisum
617 3742 674 3782 F¹‚
693 3743 940 3784 impromissum
954 3744 1006 3777 F²
1095 3745 1139 3785 (8)
1165 3756 1258 3787 prae-

1253 113 1338 161 399

2153 120 2363 161 XXVIIII
2398 123 2414 161 1

1324 243 1576 275 testamentum
1605 239 1759 281 fecerat,
1799 240 1925 275 deinde
1960 252 2031 276 non
2063 241 2276 286 ignominiae
2308 252 2419 278 causa

1325 285 1454 320 missus
1485 294 1627 320 rursum
1660 284 1798 320 cinctus
1833 291 1887 320 est
1918 287 1955 321 in
1988 286 2058 320 alia
2090 287 2232 323 militia:
2290 297 2415 323 uaere-

1323 330 1441 372 batur,
1467 340 1513 365 an
1537 332 1789 364 testamentum
1804 331 1829 351 ¹¹
1855 331 1941 373 eius,
1967 332 2061 376 quod
2078 332 2115 366 in
2131 333 2256 368 militia
2288 338 2416 375 ecerat,

1324 375 1466 410 valeret.
1515 374 1694 420 quaesivi,
1726 379 1846 409 utrum
1877 376 1954 411 iure
1986 377 2129 412 militari
2162 388 2208 413 an
2239 379 2417 414 communi

1323 421 1400 455 iure
1423 423 1576 455 testatus
1599 423 1664 454 est.
1701 424 1736 455 et
1756 421 1785 455 si
1807 420 1948 465 quidem
1970 423 2145 457 communi
2166 423 2244 458 iure
2263 427 2418 459 testatus

1325 470 1390 506 est,
1415 465 1513 500 nulla
1537 465 1712 500 dubitatio
1739 469 1803 507 est,
1829 465 1915 510 quin
1939 466 2064 501 valeat.
2114 469 2176 503 sed
2200 469 2230 503 si
2254 472 2295 503 ut
2318 469 2418 505 miles

1323 511 1469 545 fecisset
1491 513 1756 553 testamentum,
1782 511 1917 555 agitare
1943 513 2054 555 coepi,
2080 514 2220 556 quando
2246 514 2417 560 adsump-

1323 560 1382 591 tus
1406 555 1554 598 fuisset,
1579 558 1771 600 postquam
1796 556 1901 590 desiit
1925 556 1962 590 in
1987 558 2142 592 numeris
2169 569 2264 600 esse,
2298 564 2419 595 utrum

1323 601 1419 636 intra
1451 611 1583 636 annum
1613 611 1660 636 an
1684 605 1768 646 post
1791 611 1944 636 anuum:
1980 603 2128 646 cognovi
2160 604 2254 639 intra
2285 615 2419 640 annum

1325 657 1405 681 eum
1430 646 1670 691 adsumptum.
1719 657 1800 690 ergo
1826 647 1878 688 si,
1911 657 1991 681 cum
2024 647 2143 682 adhuc
2174 649 2251 684 iure
2276 650 2419 685 militari

1324 691 1476 733 valeret,
1513 701 1637 726 rursus
1670 691 1794 727 eodem
1822 692 1898 726 iure
1921 695 2046 736 posset
2069 694 2214 736 testari,
2247 695 2419 740 numquid

1325 737 1432 771 etiam
1461 740 1545 781 post
1578 747 1712 772 annum
1743 747 1784 772 eo
1818 741 1958 772 mortuo
1993 737 2111 772 valeat
2141 742 2419 775 testamentum?

1325 792 1381 817 me
1411 781 1598 824 movebat,
1635 782 1731 826 quod
1766 782 1837 816 alia
1872 782 1996 816 militia
2031 786 2085 817 est
2120 785 2318 828 posterior:
2358 786 2419 821 sed

1324 826 1515 868 humanius
1541 831 1595 861 est
1620 827 1737 862 dicere
1761 828 1879 862 valere
1902 831 2175 870 testamentum,
2206 831 2306 874 quasi
2333 841 2417 866 con-

1324 872 1447 907 iuncto
1472 882 1617 907 munere
1642 872 1797 908 militiae.
1835 883 1908 907 non
1932 873 2060 917 loquor
2084 873 2129 908 de
2152 884 2204 916 eo,
2230 876 2290 919 qui
2310 876 2420 911 voluit

1324 917 1443 952 valere
1465 920 1720 953 testamentum
1742 918 1848 952 etiam
1869 918 2100 962 adsumptus:
2125 918 2184 953 1110
2206 920 2297 954 6111111
2318 922 2419 965 quasi

1325 963 1362 997 in
1394 962 1520 999 militia
1551 973 1590 998 se
1615 963 1713 997 uenti
1744 962 1830 998 fecit
1862 967 2114 998 testamentum
2145 965 2306 1010 exemplo
2333 966 2418 1008 eius,

1327 1008 1389 1053 qui
1439 1018 1574 1052 aganus
1617 1008 1696 1051 ecit,
1723 1007 1850 1043 deinde
1873 1008 2026 1043 militare
2052 1009 2178 1053 coepit.

1372 1051 1395 1091 3
1450 1053 1559 1088 IDEM
1579 1053 1670 1089 libro
1695 1064 1791 1088 nono
1817 1054 2067 1099 quaestionum
2124 1054 2161 1089 Si
2192 1054 2285 1089 filius
2317 1055 2418 1090 fami-

1325 1099 1390 1134 lias
1427 1099 1527 1134 miles
1566 1102 1692 1143 captus
1726 1098 1822 1143 apud
1854 1099 1976 1134 hostes
2011 1099 2220 1142 decesserit,
2263 1099 2420 1135 dicemus

1325 1145 1436 1189 legem
1450 1144 1650 1179 Corneliam
1672 1145 1779 1179 etiam
1803 1144 1849 1179 ad
1867 1144 1942 1179 eius
1960 1148 2213 1180 testamentum
2229 1145 2418 1189 pertinere.

1326 1190 1388 1224 sed
1412 1199 1645 1235 quaeramus,
1682 1189 1712 1224 si
1744 1194 1847 1234 pater
1878 1190 1953 1224 eius
1986 1190 2084 1234 prius
2116 1190 2153 1225 in
2186 1190 2329 1225 civitate
2360 1191 2419 1226 de-

1326 1236 1475 1270 cesserit
1506 1235 1630 1269 relicto
1663 1239 1794 1279 nepote
1826 1245 1870 1270 ex
1903 1234 1995 1276 filio,
2038 1245 2085 1269 an
2121 1236 2280 1271 similiter
2311 1239 2419 1271 testa-

1325 1285 1483 1315 mentum
1502 1280 1614 1324 patris
1636 1284 1835 1324 rumpatur.
1871 1283 1906 1314 et
1927 1280 2116 1315 dicendum
2140 1284 2194 1316 est
2212 1291 2285 1315 non
2305 1281 2421 1326 rumpi

1326 1330 1598 1368 testamentum,
1636 1325 1718 1370 quia
1743 1335 1786 1360 ex
1812 1335 1852 1361 eo
1878 1329 2056 1370 tempore,
2090 1337 2159 1371 quo
2194 1330 2321 1371 captus
2355 1332 2419 1368 est,

1325 1371 1466 1406 videtur
1491 1371 1697 1406 decessisse.

1372 1415 1425 1454 40
1459 1416 1567 1451 IDEM
1602 1416 1693 1452 libro
1733 1415 1921 1451 undecimo
1962 1427 2216 1462 responsorum
2286 1416 2420 1452 Lucius

1326 1461 1441 1496 Titius
1480 1461 1578 1496 miles
1619 1461 1760 1496 notario
1801 1471 1866 1496 suo
1904 1465 2157 1496 testamentum
2194 1462 2420 1497 scribendum

1326 1507 1419 1542 notis
1453 1506 1601 1542 dictavit
1633 1509 1668 1541 et
1698 1510 1889 1551 antequam
1912 1506 2041 1541 litteris
2065 1507 2419 1551 praescribereturffl,

1326 1553 1398 1587 vita
1423 1551 1613 1587 defunctus
1639 1555 1710 1586 est:
1744 1562 1897 1596 quaero,
1931 1561 1978 1586 an
2009 1552 2099 1587 haec
2132 1552 2278 1587 dictatio
2303 1553 2421 1588 valere

1326 1598 1451 1643 possit.
1507 1597 1677 1642 respondi
1708 1597 1897 1639 militibus,
1933 1607 2074 1641 quoquo
2107 1597 2212 1632 modo
2245 1597 2353 1632 velint
2386 1602 2421 1633 61

1327 1653 1396 1688 (1110
1430 1642 1536 1677 modo
1568 1646 1741 1687 possunt,
1774 1646 2027 1677 testamentum
2059 1641 2179 1677 facere
2211 1653 2421 1678 concessum

1327 1698 1415 1730 esse,
1440 1688 1492 1722 ita
1515 1691 1647 1730 tamen,
1672 1691 1714 1722 ut
1736 1688 1806 1723 hoc
1829 1688 1881 1722 ita
1905 1688 2137 1722 subsecutum
2159 1697 2237 1723 esse
2256 1688 2421 1733 legitimis

1330 1738 1342 1767 1
1394 1733 1667 1778 probationibus
1685 1733 1906 1768 ostendatur.
1931 1732 2030 1767 Idem
2050 1733 2233 1777 respondit
2250 1744 2294 1768 ex
2310 1737 2420 1769 testa-

1327 1782 1444 1813 mento
1471 1778 1566 1820 eius,
1592 1778 1652 1823 qui
1675 1778 1753 1813 iure
1777 1777 1920 1812 militari
1944 1781 2098 1813 testatus
2122 1782 2235 1820 esset,
2266 1789 2420 1822 servum,

1327 1824 1387 1868 qui
1410 1824 1494 1858 licet
1517 1823 1584 1859 sub
1610 1823 1819 1859 condicione
1842 1824 1997 1867 legatum
2022 1823 2160 1865 meruit,
2186 1824 2293 1858 etiam
2312 1824 2419 1859 liber-

1327 1871 1346 1903 2
1393 1872 1505 1904 tatem
1522 1879 1628 1913 posse
1644 1869 1712 1903 sibi
1730 1868 1920 1903 vindicare.
1945 1868 2044 1903 Idem
2060 1869 2263 1912 respondit:
2284 1869 2421 1904 Lucius

1328 1913 1443 1948 Titius
1475 1914 1575 1948 miles
1606 1918 1858 1949 testamentum
1882 1913 1934 1947 ita
1957 1913 2062 1947 feeit:
2096 1913 2294 1958 ‘Pamphila
2319 1924 2421 1949 serva

1328 1962 1418 1993 ‘mea
1450 1969 1494 1994 ex
1525 1968 1606 1994 asse
1637 1959 1724 1993 mihi
1755 1959 1858 1993 heres
1895 1959 2002 1993 esto':
2039 1958 2108 1993 alio
2142 1958 2271 1994 deinde
2304 1959 2421 2004 capite

1327 2003 1534 2049 Sempronio
1566 2004 1797 2039 commilitoni
1822 2014 1886 2038 suo
1913 2003 2060 2038 eandem
2084 2003 2308 2048 Pamphilam
2339 2005 2419 2039 reli-

1327 2049 1420 2093 quit,
1454 2049 1554 2084 cuius
1586 2048 1669 2083 fidei
1702 2049 1896 2091 commisit,
1927 2052 1969 2083 ut
1993 2058 2071 2083 eam
2084 2049 2112 2069 ¹³
2135 2049 2419 2084 manumitteret:

1327 2104 1478 2139 quaero,
1519 2104 1566 2129 an
1597 2094 1701 2129 heres
1734 2097 1829 2129 esset
1859 2094 2047 2139 Pamphila
2079 2097 2188 2139 atque
2219 2094 2250 2129 si
2284 2095 2420 2130 directo

1327 2139 1526 2184 accepisset
1556 2139 1769 2174 libertatem.
1824 2139 1994 2184 respondi
2026 2139 2299 2184 intellegendum
2330 2140 2419 2174 mili-

1327 2190 1408 2228 tem,
1431 2185 1491 2230 qui
1512 2185 1678 2220 ancillam
1698 2195 1799 2219 suam
1818 2184 1985 2219 heredem
2001 2184 2216 2227 instituerat,
2237 2185 2420 2230 ignorasse

1326 2231 1472 2276 posse¹⁴
1506 2240 1550 2265 ex
1582 2240 1624 2265 ea
1654 2230 1877 2265 institutione
1909 2230 2015 2265 etiam
2041 2229 2242 2265 libertatem
2266 2231 2299 2265 ei
2323 2241 2419 2265 com-

1326 2279 1447 2321 petere
1465 2278 1500 2310 et
1515 2275 1595 2310 ideo
1618 2275 1695 2310 sine
1712 2285 1822 2310 causa
1838 2279 1964 2320 postea
1980 2285 2001 2310 a
2020 2275 2259 2310 commilitone
2275 2276 2419 2320 petisse,

1326 2325 1367 2356 ut
1398 2320 1548 2355 eandem
1580 2321 1862 2355 manumitteret:
1901 2331 1982 2355 cum
2015 2330 2058 2355 ex
2089 2320 2208 2365 priore
2240 2321 2420 2365 scriptura

1326 2367 1439 2401 libera
1468 2370 1503 2400 et
1525 2366 1629 2401 heres
1653 2365 1782 2400 effecta
1806 2369 1877 2408 est,
1911 2369 2038 2410 postea
2070 2365 2167 2400 nullo
2199 2365 2418 2410 praeiudicio

1326 2411 1503 2447 voluntati
1525 2411 1623 2447 facto
1648 2411 1784 2446 frustra
1807 2411 1925 2456 legata
1949 2415 2013 2446 est.

1373 2456 1423 2493 41
1447 2456 1727 2492 TRYPHONINUS
1737 2457 1827 2491 libro
1840 2460 1966 2492 octavo
1979 2456 2115 2491 decimo
2130 2455 2414 2501 disputationum

1327 2502 1430 2538 Miles
1447 2502 1498 2537 ita
1514 2502 1678 2537 heredem
1697 2502 1853 2537 scribere
1869 2505 2007 2546 potest:
2035 2500 2163 2545 ‘quoad
2182 2501 2276 2543 vivit,
2302 2500 2418 2536 Titius

1328 2548 1441 2582 ‘heres
1467 2550 1562 2590 esto,
1596 2551 1679 2592 post
1702 2550 1851 2582 mortem
1876 2546 1951 2581 eius
1977 2546 2179 2590 Septicius’.
2227 2546 2289 2580 sed
2314 2546 2344 2581 si
2366 2546 2419 2581 ita

1327 2593 1527 2638 scripserit:
1560 2591 1686 2627 ‘Titius
1711 2602 1824 2636 usque
1848 2592 1894 2626 ad
1918 2601 2031 2626 annos
2056 2591 2178 2625 decem
2201 2590 2304 2626 heres
2329 2591 2418 2627 esto'

1327 2639 1466 2673 nemine
1491 2637 1706 2680 substituto,
1732 2637 1892 2672 intestati
1917 2647 2028 2671 causa
2051 2639 2134 2680 post
2158 2636 2280 2670 decem
2304 2646 2419 2672 annos

1326 2684 1445 2719 locum
1475 2682 1633 2718 habebit.
1685 2686 1721 2717 et
1751 2683 1834 2727 quia
1866 2682 2017 2716 diximus
2052 2691 2095 2716 ex
2127 2684 2224 2716 certo
2258 2685 2418 2726 tempore

1327 2732 1362 2763 et
1386 2738 1500 2773 usque
1524 2728 1570 2762 ad
1596 2731 1732 2763 certum
1762 2731 1903 2772 tempus
1935 2727 2063 2761 milites
2095 2736 2202 2771 posse
2232 2726 2420 2762 instituere

1326 2774 1502 2815 heredem,
1527 2773 1582 2808 his
1608 2782 1827 2817 consequens
1853 2776 1924 2813 est,
1951 2777 2010 2814 ut,
2043 2775 2236 2816 antequam
2261 2771 2335 2807 dies
2358 2782 2417 2807 ve-

1326 2819 1420 2860 niat,
1457 2829 1527 2863 quo
1560 2818 1768 2852 admittatur
1800 2817 2006 2859 institutus,
2047 2817 2207 2852 intestati
2238 2817 2418 2852 hereditas

1327 2864 1509 2899 deferatur
1534 2867 1570 2898 et
1594 2863 1689 2908 quod
1711 2863 1747 2897 in
1772 2863 1948 2897 bonorum
1971 2862 2135 2908 portione
2159 2863 2192 2897 ei
2214 2862 2316 2905 licet,
2348 2863 2418 2898 hoc

1327 2909 1434 2944 etiam
1457 2909 1494 2943 in
1517 2908 1686 2952 temporis
1712 2908 1847 2952 spatio,
1872 2907 1957 2943 licet
1980 2918 2053 2942 non
2076 2907 2255 2943 modicum
2279 2907 2344 2951 sit,
2374 2918 2418 2943 ex

1331 2958 1342 2988 1
1395 2953 1518 2989 eodem
1542 2953 1721 2997 privilegio
1748 2956 1937 2997 competat.
1981 2953 2122 2995 Mulier,
2147 2953 2183 2987 in
2207 2963 2278 2998 qua
2302 2953 2417 2998 turpis

1326 3009 1386 3034 sus
1413 2999 1481 3034 icio
1509 2998 1635 3033 cadere
1658 3002 1787 3042 potest,
1813 3008 1879 3033 nec
1905 3008 1947 3033 ex
1972 3002 2184 3033 testamento
2209 2998 2328 3032 militis
2353 2998 2415 3032 ali-

1327 3010 1412 3089 quig
1443 3053 1572 3088 capere
1602 3046 1739 3088 potest,
1780 3047 1821 3077 ut
1856 3043 1956 3078 divus
1988 3043 2192 3078 Hadrianus
2223 3043 2415 3087 rescripsit.

1329 3093 1347 3124 2
1394 3088 1472 3124 Nec
1495 3092 1650 3124 tutorem
1675 3088 1716 3129 ei,
1743 3088 1803 3133 qui
1826 3088 1864 3123 in
1889 3089 2006 3123 aliena
2028 3092 2083 3124 est
2101 3091 2291 3133 potestate,
2317 3088 2415 3122 miles

1328 3138 1347 3169 3
1395 3134 1481 3169 dare
1519 3136 1649 3178 potest.
1710 3133 1746 3168 Si
1770 3134 1870 3169 miles
1907 3134 2175 3169 exheredaverit
2209 3133 2319 3167 filium
2360 3132 2415 3167 vel

1327 3179 1442 3214 sciens
1467 3189 1547 3214 eum
1570 3178 1682 3213 filium
1707 3189 1811 3213 suum
1835 3189 1912 3215 esse
1937 3179 2075 3214 silentio
2101 3177 2340 3223 praeterierit,
2368 3187 2415 3211 an

1327 3226 1482 3269 legatum
1507 3234 1529 3259 a
1553 3224 1745 3259 substituto
1772 3224 1846 3259 eius
1872 3224 1958 3259 dare
1978 3224 2103 3269 possit,
2129 3223 2327 3267 quaesitum
2348 3225 2413 3256 est.

1328 3270 1399 3305 dixi
1423 3280 1496 3304 non
1520 3279 1645 3314 posse,
1674 3269 1759 3304 licet
1783 3270 1902 3315 ampla
1924 3270 2041 3313 legata
2064 3267 2245 3312 reliquerit
2269 3266 2413 3301 exhere-

1328 3319 1347 3349 4
1396 3314 1492 3349 dato.
1530 3314 1635 3349 Miles
1656 3318 1691 3349 et
1711 3315 1934 3359 emancipato
1954 3315 2027 3348 filio
2045 3313 2261 3348 substituere
2276 3314 2413 3355 potest:

1327 3370 1448 3395 verum
1472 3359 1541 3394 hoc
1564 3359 1620 3394 ius
1645 3359 1681 3393 in
1705 3360 1760 3395 his
1786 3360 2027 3401 exercebitur,
2062 3368 2152 3403 quae
2184 3357 2229 3391 ab
2260 3356 2339 3400 ipso
2368 3355 2415 3390 ad

1328 3416 1407 3441 eum
1433 3404 1489 3439 cui
1514 3404 1699 3439 substituit
1722 3405 1964 3450 pervenerint,
1989 3414 2060 3438 non
2087 3402 2192 3437 etiam
2216 3401 2253 3435 in
2276 3400 2351 3452 his,
2381 3401 2415 3451 si

1328 3459 1419 3495 quae
1438 3449 1603 3484 habuerit
1617 3450 1673 3484 vel
1691 3454 1819 3494 postea
1840 3449 2046 3494 adquisierit
2060 3449 2096 3481 ¹⁵.
2133 3456 2216 3498 nam
2237 3448 2273 3480 et
2292 3444 2413 3496 srfihq

1328 3505 1392 3530 suo
1416 3494 1493 3529 vivo
1516 3495 1633 3529 adhuc
1657 3505 1722 3530 avo
1743 3496 1937 3535 substituit,
1963 3497 2045 3538 post
2069 3491 2282 3536 adquisitam
2302 3500 2335 3541 61
2358 3500 2416 3525 avi

1327 3539 1561 3575 hereditatem
1592 3550 1695 3575 nemo
1729 3541 1861 3575 diceret
1893 3539 1938 3573 ad
1967 3538 2199 3573 substitutum
2221 3538 2412 3580 pertinere.

1328 3654 1411 3686 stari
1426 3655 1461 3687 F
1530 3655 1575 3697 (9)
1601 3657 1687 3687 esset
1700 3655 1733 3687 F

1328 3702 1439 3732 mento
1452 3700 1486 3732 F
1535 3702 1593 3743 (12)
1611 3699 1873 3742 perscriberetur
1887 3699 1957 3730 edd.

1328 3756 1386 3787 per
1399 3756 1432 3777 se
1444 3757 1505 3778 scr.
1601 3749 1657 3784 (15)
1683 3744 1909 3785 adquaesierit
1923 3743 1974 3775 F2

1806 3656 1864 3694 (10)
1891 3656 1923 3685 et
1937 3654 1998 3686 del.
2012 3652 2164 3696 Krueqer
2233 3654 2286 3692 (11)
2312 3654 2414 3684 testa-

2016 3699 2070 3735 (13)
2090 3708 2126 3729 ea
2142 3698 2177 3730 F
2227 3699 2284 3737 (14)
2301 3697 2411 3738 posse]
