2528 3918
108 155 163 186 ΕΤ
191 154 543 187 USUCAPIONIBUS

108 265 243 301 scilicet
261 265 484 310 quarundam
506 275 626 300 rerum
651 263 711 299 diu
736 266 772 299 et
794 263 871 299 fere
895 273 970 299 sem
997 274 1036 299 er
1059 264 1196 299 incerta

108 311 263 346 dominia
287 315 421 355 essent,
455 322 536 346 cum
560 309 743 346 sufficeret
766 309 918 345 dominis
943 319 965 345 a
1014 309 1194 354 inquiren-

108 357 172 392 das
195 366 253 392 res
277 367 362 392 suas
385 357 511 392 statuti
533 354 704 401 temporis
728 355 894 400 spatium.

154 399 179 438 2
203 400 260 436 PA
268 411 312 436 UL
319 412 363 437 vs
377 402 467 438 libro
485 402 810 447 quinquayensz'mo
829 403 961 445 quarto
978 399 1028 435 ad
1042 400 1194 435 edictum

106 446 301 492 Usurpatio
321 450 375 483 est
391 445 620 491 usucapionis
637 445 869 492 interruptio:
895 448 1056 481 oratores
1077 447 1196 481 autem

107 492 378 538 usurpationem
401 491 622 537 frequentem
646 501 751 526 usum
774 493 916 526 vocant.

153 535 177 575 3
202 537 457 573 Mai->esrum
471 537 561 572 libro
575 537 700 582 quinto
708 536 978 582 pandectarum
1012 533 1195 586 Usucapio

107 586 162 619 est
186 582 360 617 adiectio¹
385 581 530 617 dominii
553 591 617 626 per
637 581 940 617 continuationem
960 579 1196 626 possessioms

107 628 277 673 temporis
301 627 378 672 lege
403 626 548 662 definiti.

153 672 178 709 4
198 672 255 708 ΡΑ
264 682 307 707 οι
314 681 358 707 vs
372 672 463 707 libro
480 672 646 718 quinqua
673 672 807 707 ensz'mo
829 675 960 717 quarto
978 670 1028 706 ad
1043 669 1196 705 edictum

107 718 276 763 Sequitur
305 717 349 752 de
373 718 595 762 usucapione
653 718 760 753 icere.
809 721 844 752 et
867 717 937 752 hoc
962 715 1086 751 ordine
1109 725 1196 750 eun-

107 764 192 798 dum
216 766 281 804 est,
307 766 347 797 ut
365 762 559 805 videamus,
585 763 663 807 quis
714 765 807 798 otest
829 771 1030 807 usucapere
1049 764 1085 796 et
1109 769 1197 804 quas

109 812 128 840 1
173 818 232 844 res
257 811 293 843 et
340 811 451 843 uanto
475 812 647 853 tempore.
719 817 894 852 sucapere
917 809 1038 853 potest
1061 805 1199 841 scilicet

105 857 209 899 pater
238 852 324 887 fami
339 853 401 888 ias.
449 852 545 888 filius
579 853 732 888 familias
771 857 808 889 et
845 853 999 887 maxime
1029 851 1129 886 miles
1160 850 1197 885 in

107 902 126 933 2
176 898 303 934 castris
335 898 551 943 adquisitum
581 899 780 944 usucapiet.
828 898 993 943 Pupillus
1026 897 1057 932 si
1079 899 1198 931 tutore

107 947 256 979 auctore
289 943 447 988 coeperit
470 944 672 988 possidere,
705 944 890 988 usucapit:
928 943 960 978 si
983 953 1056 978 non
1079 945 1198 976 tutore

106 992 255 1025 auctore
278 988 464 1034 possideat
486 993 522 1024 et
546 989 702 1024 animum
731 988 940 1034 possidendi
963 988 1112 1030 habeat,
1145 986 1197 1021 di-

107 1038 127 1069 3
175 1044 295 1070 cemus
319 1045 427 1080 posse
445 1044 526 1070 eum
550 1045 759 1080 usucapere.
796 1034 972 1069 Furiosus
997 1032 1093 1078 quod
1117 1035 1199 1067 ante

106 1079 263 1115 furorem
286 1079 471 1124 possidere
496 1080 633 1125 coepit,
665 1080 844 1124 usucapit.
892 1079 956 1115 sed
978 1079 1093 1114 haec2
1117 1088 1198 1123 per-

107 1135 196 1161 sona
219 1125 272 1160 ita
295 1125 435 1160 demum
459 1126 685 1170 usucapere³
716 1129 855 1171 potest,
889 1125 920 1160 si
953 1135 996 1159 ex
1021 1134 1064 1159 ea
1087 1133 1199 1159 causa

107 1174 127 1205 4
174 1170 367 1215 possideat,
393 1180 437 1205 ex
461 1180 533 1215 qua
557 1170 730 1216 usucapio
755 1171 926 1216 sequitur.
977 1169 1107 1204 Servus
1130 1179 1196 1213 pro

107 1219 126 1250 5
175 1216 306 1251 herede
337 1216 522 1260 possidere
556 1227 628 1252 non
652 1219 784 1261 potest.
831 1216 990 1250 Fructus
1015 1217 1051 1250 et
1073 1217 1200 1259 partus

107 1261 316 1296 ancillarum
334 1265 370 1296 et
393 1260 487 1296 fetus
510 1272 693 1306 pecorum,
719 1261 749 1297 si
771 1260 930 1296 defuncti
949 1270 1022 1295 non
1042 1258 1200 1300 fuerunt,

107 1311 127 1341 6
175 1306 328 1351 usucapi
359 1310 524 1351 possunt.
573 1306 678 1351 Quod
709 1310 830 1342 autem
862 1306 948 1341 dicit
976 1305 1035 1340 lex
1066 1304 1199 1346 Atinia,

107 1355 148 1385 111
178 1361 236 1387 res
268 1351 402 1386 furtiva
433 1362 506 1387 non
538 1352 793 1398 usucapiatur,
826 1351 894 1386 nisi
918 1351 956 1385 in
985 1353 1200 1395 potestatem

106 1397 193 1440 eius,
218 1397 277 1432 cui
295 1397 468 1441 subrepta
492 1400 556 1440 est,
582 1401 792 1440 revertatur,
823 1396 899 1432 sic⁴
924 1399 1111 1440 acceptum
1136 1399 1201 1437 est,

106 1446 147 1476 ut
168 1441 207 1477 in
227 1441 359 1477 domini
382 1444 620 1487 potestatem⁵
645 1443 775 1478 debeat
797 1441 938 1482 reverti,
964 1451 1036 1476 11011
1060 1441 1098 1475 111
1122 1440 1198 1476 61116

105 1487 240 1531 utique,
267 1487 326 1522 cui
350 1488 560 1532 subreptum
584 1492 650 1523 est.
698 1488 808 1533 igitur
837 1487 1006 1523 creditori
1030 1486 1203 1531 subrepta

106 1536 142 1568 et
165 1532 216 1575 ei,
251 1532 310 1567 cui
339 1533 565 1568 commodata
590 1537 661 1576 est,
685 1534 724 1568 in
746 1536 962 1578 potestatem
987 1531 1121 1568 domini
1144 1541 1201 1566 re-

107 1581 124 1612 7
174 1577 250 1613 dire
275 1578 392 1613 debet.
440 1578 564 1614 Labeo
597 1589 739 1624 quoque
763 1579 831 1621 ait,
867 1578 899 1614 si
921 1588 978 1613 res
1009 1576 1202 1622 peculiaris

106 1623 198 1659 servi
228 1622 298 1658 mei
329 1624 502 1669 subrepta
542 1625 588 1659 sit
617 1634 675 1660 me
706 1625 913 1669 ignorante,
954 1622 1084 1658 deinde
1124 1632 1203 1657 eam

106 1671 259 1704 nanctus
283 1668 340 1710 sit,
366 1668 477 1703 videri
499 1669 537 1703 in
556 1673 774 1714 potestatem
794 1679 908 1704 meam
928 1668 1080 1703 redisse:
1107 1678 1201 1702 com-

106 1713 244 1749 modius
270 1713 412 1757 dicitur,
438 1714 576 1750 etiamsi
600 1715 728 1759 sciero,
761 1714 900 1750 redisse
923 1724 1002 1749 eam
1025 1713 1063 1748 in
1086 1723 1202 1748 meam

106 1762 322 1804 potestatem
346 1761 426 1801 (nec
452 1760 544 1794 enim
564 1760 709 1804 sufficit,
734 1760 766 1795 si
785 1770 864 1796 eam
888 1770 974 1802 rem,
1001 1769 1108 1804 quam
1120 1768 1202 1803 per-

107 1804 197 1839 didit
226 1804 414 1849 ignorante
446 1815 520 1849 me,
558 1808 681 1841 servus
715 1805 995 1850 adprehendam:
1036 1804 1067 1840 si
1095 1803 1202 1839 modo

106 1850 144 1884 111
171 1850 314 1894 peculio
347 1860 425 1884 eam
459 1860 538 1886 esse
560 1851 675 1886 volui:
701 1862 785 1885 nam
811 1851 842 1886 si
865 1850 981 1892 nolui,
1016 1853 1103 1884 tunc
1128 1849 1202 1884 exi-

105 1895 259 1939 gendum
302 1898 371 1939 est,
416 1898 457 1930 ut
491 1905 555 1939 ego
600 1895 810 1931 facultatem
846 1896 922 1931 eius
959 1898 1088 1930 nactus
1124 1894 1200 1929 sim.

108 1944 127 1975 8
173 1939 329 1985 Ideoque
353 1943 389 1975 et
421 1940 452 1976 si
476 1951 599 1976 servus
630 1952 731 1976 meus
755 1951 830 1976 rem
852 1941 939 1975 mihi
971 1939 1202 1984 subripuerit,

107 1985 234 2021 deinde
271 1985 420 2021 eandem
455 1986 534 2021 1000
571 1998 636 2022 6110
672 1997 711 2022 re
739 1990 841 2029 onat,
876 1986 1009 2031 poterit
1039 1985 1202 2037 usucapi,

108 2031 211 2075 quasi
233 2031 271 2065 in
294 2034 510 2076 potestatem
532 2043 648 2067 meam
672 2042 710 2067 re
737 2032 836 2074 ierit,
868 2031 993 2076 utique
1018 2031 1049 2066 si
1072 2030 1201 2065 nescii:

107 2087 189 2111 nam
221 2076 252 2111 si
275 2076 381 2119 scivi,
416 2076 605 2121 exigimus,
644 2081 686 2113 ut
713 2077 850 2113 redisse
880 2076 991 2112 sciam
1020 2077 1058 2111 in
1089 2085 1203 2110 meam

107 2125 126 2156 9
174 2125 399 2166 potestatem.
448 2121 539 2157 Item
563 2123 595 2158 si
618 2133 696 2158 eam
721 2133 812 2165 rein,
839 2132 946 2167 quam
970 2131 1093 2157 servus
1118 2121 1201 2156 sub-

107 2166 267 2211 ripuerit,
292 2166 466 2212 peculiari
490 2169 633 2203 nomine
656 2172 796 2211 teneat,
831 2178 905 2203 non
933 2167 1046 2202 videri
1075 2166 1115 2201 in
1138 2177 1202 2211 po-

108 2215 273 2247 testatem
297 2223 411 2247 meam
435 2223 615 2248 reversam
640 2213 862 2259 Pomponius
886 2213 948 2256 ait,
974 2212 1041 2247 nisi
1063 2212 1116 2246 ita
1138 2212 1203 2246 ha-

109 2259 191 2293 bere
205 2258 439 2302 coeperimus,
465 2258 763 2303 quemadmodum
783 2259 985 2300 habuimus,
1011 2261 1204 2302 antequam

109 2303 375 2348 subriperetur,
400 2307 480 2346 aut,
507 2315 588 2339 cum
611 2305 864 2346 rescissemus,
896 2304 935 2338 in
957 2303 1098 2348 peculio
1123 2313 1203 2337 eum

112 2351 151 2382 10
198 2348 330 2383 habere
373 2350 633 2385 concessimus:
685 2350 770 2384 item
810 2349 935 2384 Labeo
948 2350 973 2384 ⁰.
1035 2348 1073 2383 Si
1115 2358 1202 2390 rem,

108 2403 214 2437 quam
238 2393 336 2438 apud
358 2397 394 2429 te
419 2394 667 2440 deposueram,
692 2395 785 2430 lucri
808 2394 965 2429 faciendi
989 2404 1100 2429 causa
1118 2403 1203 2428 ven-

109 2438 258 2482 dideris,
292 2439 440 2474 deinde⁷
472 2450 516 2475 ex
539 2440 760 2485 paenitentia
783 2439 976 2475 redemeris
1010 2443 1046 2474 et
1077 2438 1203 2474 eodem

108 2487 205 2519 statu
217 2484 370 2520 habeas:
397 2485 469 2520 sive
493 2486 679 2530 ignorante
702 2497 759 2520 me
785 2486 858 2520 sive
881 2485 1016 2521 sciente
1036 2495 1079 2520 ea
1102 2487 1204 2528 gesta

109 2530 195 2572 sint,
234 2529 346 2564 videri
374 2530 412 2564 111
443 2535 660 2575 potestatem
692 2541 807 2566 meam
836 2531 974 2566 redisse
1006 2529 1204 2566 secundum

111 2578 147 2608 11
199 2574 345 2609 Proculi
368 2577 591 2619 sententiam,
618 2587 710 2621 quae
734 2580 770 2611 et
792 2587 877 2611 vera
901 2579 967 2611 est.
1017 2575 1055 2610 Si
1078 2574 1205 2620 pupilli

108 2630 166 2655 res
190 2620 363 2665 subrepta
380 2621 437 2664 sit,
462 2621 630 2657 sufficere
655 2621 844 2656 dicendum
867 2625 933 2664 est,
958 2621 989 2656 si
1007 2623 1109 2656 tutor
1128 2619 1203 2655 eius

109 2666 200 2700 sciat
227 2665 364 2701 redisse
392 2676 471 2701 eam
500 2667 537 2701 in
568 2667 711 2701 domum
740 2667 885 2711 pupilli:
928 2670 964 2702 et
994 2666 1026 2701 si
1054 2665 1202 2707 furioso,

113 2713 152 2744 12
200 2710 366 2745 sufficere
399 2715 585 2747 curatores
618 2712 721 2746 scire.
771 2712 874 2746 Tunc
903 2711 942 2746 in
965 2712 1204 2756 11016616161118

111 2755 266 2790 (1011111119
304 2756 439 2791 redisse
476 2756 666 2791 dicendum
705 2760 776 2799 est,
818 2767 900 2792 cum
939 2756 1204 2801 possessionem

111 2801 187 2836 61116
217 2804 346 2835 11601116
378 2801 425 2836 611
453 2801 566 2844 iuste,
602 2806 644 2836 ut
678 2802 781 2837 avelli
805 2813 879 2837 non
909 2802 1041 2846 possit,
1075 2801 1138 2836 sed
1171 2805 1205 2836 61

110 2850 291 2890 tamquam
322 2856 409 2881 suae
439 2847 507 2882 rei:
540 2857 624 2881 nam
655 2848 685 2882 si
708 2847 878 2892 ignorans
904 2857 979 2882 rem
1009 2847 1096 2881 mihi
1120 2847 1203 2881 sub-

109 2895 248 2936 reptam
272 2901 397 2933 emam,
423 2902 496 2927 non
520 2892 631 2927 videri
654 2894 691 2927 in
714 2897 931 2937 potestatem
954 2902 1069 2927 meam
1088 2902 1203 2926 rever-

116 2940 153 2972 13
202 2947 289 2971 sam.
332 2936 402 2972 Sed
427 2941 462 2971 et
485 2938 516 2972 si
539 2938 762 2973 vindicavero
787 2948 863 2973 rem
886 2937 973 2972 mihi
997 2938 1206 2981 subreptam

112 2986 148 3017 et
164 2982 237 3017 litis
261 2982 544 3017 aestimationem
564 2993 747 3028 accepero,
776 2984 860 3019 licet
876 2983 1113 3028 corporaliter
1130 2983 1204 3017 eius

117 3031 155 3062 14
203 3038 275 3062 11011
293 3027 359 3063 61111
377 3031 504 3062 11601116
526 3028 807 3073 possessionem,
828 3028 1072 3073 usucapietur.
1106 3027 1206 3062 Idem

113 3072 301 3108 dicendum
336 3077 390 3107 est
413 3073 539 3114 etiam,
573 3074 604 3107 si
632 3074 816 3109 voluntate
840 3084 921 3109 mea
933 3075 962 3095 ¹⁰
986 3073 1048 3108 alii
1072 3073 1206 3107 tradita

117 3122 156 3152 15
205 3118 260 3152 sit.
308 3118 440 3159 Heres,
478 3119 540 3163 qui
569 3119 607 3152 in
638 3118 695 3153 ius
727 3119 888 3154 defuncti
912 3119 1090 3161 succedit,
1122 3118 1207 3153 licet

113 3163 210 3207 apud
242 3173 321 3198 eum
353 3163 575 3207 ignorantem
607 3164 773 3198 ancillam
805 3155 975 3199 furtivam
1008 3174 1087 3199 esse
1120 3174 1204 3198 con-

118 3212 157 3242 15
205 3209 339 3253 ceperit
357 3218 399 3243 ea
419 3212 455 3243 et
474 3209 671 3253 pepererit,
692 3220 765 3243 non
775 3213 896 3244 tamen
915 3210 1116 3253 usucapiet.
1152 3208 1207 3243 De

115 3253 174 3287 illo
199 3253 392 3297 quaeritur,
419 3254 449 3288 si
473 3264 595 3289 servus
621 3264 720 3288 meus
745 3255 931 3297 ancillam,
958 3265 1065 3300 quam
1090 3254 1206 3289 subri-

115 3298 202 3343 puit,
228 3309 292 3343 pro
317 3299 482 3333 libertate
507 3310 572 3334 sua
595 3299 681 3333 mihi
705 3299 851 3342 dederit,
878 3311 924 3334 an
949 3304 1093 3344 partum
1110 3299 1208 3343 apud

116 3353 172 3378 me
203 3347 416 3388 conceptum
448 3354 646 3389 usucapere
675 3344 845 3389 possim.‘
871 3345 1026 3381 Sabinus
1060 3349 1096 3380 et
1120 3345 1207 3379 Cas-

116 3389 190 3423 sius
214 3399 287 3424 non
310 3392 450 3433 putant,
476 3390 560 3434 quia
583 3390 774 3434 possessio,
801 3400 908 3434 quam
932 3400 1057 3426 servus
1082 3390 1207 3425 vitiose

117 3438 270 3469 nanctus
307 3434 371 3476 sit,
413 3434 555 3470 domino
592 3438 753 3478 noceret,
800 3438 835 3469 et
876 3435 947 3470 hoc
982 3446 1106 3470 verum
1143 3438 1207 3469 est.

124 3482 158 3513 17
208 3478 279 3514 Sed
302 3483 338 3514 et
361 3479 401 3521 si,
427 3484 467 3514 ut
490 3491 629 3515 servum
652 3490 769 3515 meum
793 3481 1090 3523 manumitterem,
1116 3480 1208 3515 alius

119 3523 203 3558 mihi
226 3524 393 3559 furtivam
422 3525 588 3560 ancillam
620 3525 758 3560 dederit
782 3535 896 3570 eaque
920 3526 1018 3571 apud
1041 3536 1097 3561 me
1123 3536 1207 3561 con-

1185 135 1270 185 657

2110 134 2357 179 XXXXIB

1268 262 1401 306 ceperit
1426 263 1462 297 et
1484 260 1681 306 pepererit,
1713 272 1782 297 usu
1813 272 1869 299 me
1893 273 1965 299 non
1998 266 2198 309 capturum.
2245 263 2356 300 idem-

1269 318 1337 351 que
1366 307 1445 342 fore
1469 306 1596 348 etiam,
1628 305 1660 341 si
1692 307 1771 351 quis
1802 318 1880 343 eam
1911 309 2076 344 ancillam
2106 320 2245 346 mecum
2275 320 2357 355 per-

1268 356 1442 388 mutasset
1473 355 1536 387 aut
1559 351 1596 386 in
1622 351 1778 387 solutum
1808 353 1981 397 dedisset,
2012 355 2096 391 item
2121 355 2153 391 si
2176 354 2356 392 donasset.

1272 400 1311 433 18
1360 397 1397 433 Si
1415 400 1608 442 antequam
1626 397 1754 441 pariat,
1778 398 1930 433 alienam
1942 409 2020 436 esse
2035 400 2196 436 rescierit
2209 404 2357 453 emptor,

1269 443 1422 478 diximus
1447 453 1520 477 non
1543 452 1650 487 posse
1673 452 1755 477 eum
1776 453 1990 488 usucapere:
2016 445 2112 490 quod
2132 446 2163 481 si
2179 446 2357 488 nescierit,

1267 498 1385 533 posse.
1445 487 1539 532 quod
1574 487 1626 539 si,
1660 498 1741 522 cum
1780 488 1851 522 iam
1888 495 2116 534 usucaperet,
2153 490 2359 536 cognoverit

1269 533 1422 568 alienam
1445 543 1542 576 esse,
1577 532 1718 567 initium
1749 534 1981 578 usucapionis
2012 536 2143 571 intueri
2175 536 2357 579 debemus,

1272 582 1311 613 19
1360 579 1454 614 sicut
1476 578 1514 613 in
1538 578 1666 623 emptis
1689 578 1797 613 rebus
1820 578 1968 623 placuit.
2014 580 2117 616 Lana
2141 581 2259 617 ovium
2281 581 2357 617 fur-

1268 624 1422 659 tivarum
1446 624 1477 659 si
1501 623 1643 669 quidem
1673 623 1769 668 apud
1792 623 1909 659 furem
1933 624 2082 660 detonsa
2105 630 2175 669 est,
2206 627 2359 672 usucapi

1268 679 1342 704 non
1363 672 1494 714 potest,
1520 669 1550 704 si
1573 679 1657 704 vero
1683 668 1781 713 apud
1803 669 1920 705 bonae
1943 669 2027 705 fidei
2044 675 2246 715 emptorem,
2273 683 2357 708 con-

1268 718 1344 750 tra:
1378 714 1546 759 quoniam
1569 714 1607 748 in
1631 714 1752 749 fructu
1776 718 1849 757 est,
1874 725 1941 749 nec
1964 725 2077 751 usuca
2103 718 2115 751 1
2139 716 2263 760 (161161,
2295 717 2357 753 66(1

1270 759 1391 795 61611111
1427 759 1597 804 emptoris
1633 759 1686 794 fit.
1743 759 1838 795 idem
1872 760 1910 794 in
1944 760 2044 804 agnis
2102 762 2282 804 icendum,
2329 762 2360 798 si

1271 808 1313 839 20
1362 805 1565 849 consumpti
1595 804 1719 847 sint¹¹‚
1756 804 1853 850 quod
1881 815 2005 840 verum
2034 809 2099 841 est.
2147 806 2185 841 Si
2209 818 2252 842 ex
2275 808 2359 842 lana

1269 850 1403 885 furtiva
1434 851 1680 885 vestimentum
1711 849 1859 893 feceris,
1893 851 2010 885 verius
2035 856 2100 893 est,
2125 855 2167 886 ut
2190 853 2358 888 substan-

1270 898 1310 930 21
1359 895 1447 930 tiam
1477 899 1681 940 spectemus
1717 899 1753 930 et
1783 896 1863 931 ideo
1896 896 2003 931 vestis
2035 896 2166 931 furtiva
2196 897 2272 932 erit.
2321 898 2359 933 Si

1268 951 1344 976 rem
1367 941 1507 986 pignori
1538 940 1660 975 datam
1684 940 1824 976 debitor
1848 941 2068 986 subripuerit
2093 946 2127 976 et
2150 942 2359 985 vendiderit,

1269 987 1422 1031 usucapi
1454 996 1532 1021 eam
1564 996 1672 1031 posse
1697 986 1842 1022 Cassius
1867 986 2009 1030 scribit,
2035 986 2119 1031 quia
2141 987 2179 1021 in
2200 991 2359 1032 potesta-

1269 1035 1342 1067 tem
1353 1032 1382 1053 ¹2
1406 1031 1538 1067 domini
1561 1031 1701 1066 videtur
1725 1032 1939 1077 pervenisse,
1964 1032 2024 1077 (1111
2047 1031 2188 1077 pignori
2211 1032 2358 1074 dederit,

1271 1077 1430 1122 quamvis
1457 1088 1538 1112 cum
1563 1087 1605 1112 eo
1628 1076 1717 1112 furti
1741 1077 1799 1122 agi
1821 1081 1957 1122 potest:
1991 1077 2087 1122 quod
2118 1081 2206 1122 puto
2229 1078 2361 1113 rectius

1272 1125 1314 1156 22
1362 1122 1444 1158 dici.
1482 1122 1520 1157 Si
1543 1125 1584 1157 tu
1607 1132 1664 1157 me
1683 1122 1717 1157 vi
1740 1122 1920 1167 expuleris
1945 1122 1989 1157 de
2013 1121 2114 1157 fundi
2137 1123 2362 1167 possessione

1271 1178 1337 1203 nec
1350 1167 1628 1213 adprehenderis
1647 1168 1922 1213 possessionem,
1945 1167 2009 1203 sed
2021 1167 2138 1203 Titius
2158 1167 2195 1202 in
2213 1177 2363 1203 vacuam

1271 1213 1533 1258 possessionem
1566 1213 1769 1255 intraverit,
1801 1216 1923 1258 potest
1953 1213 2059 1258 longo
2091 1215 2251 1258 tempore
2285 1213 2363 1257 capi

1271 1269 1348 1294 res:
1375 1258 1534 1304 quamvis
1557 1258 1649 1293 enim
1666 1258 1897 1293 interdictum
1917 1258 2011 1294 unde
2030 1258 2064 1293 vi
2083 1258 2203 1293 locum
2220 1258 2362 1302 habeat,

1273 1304 1357 1348 quia
1387 1313 1510 1338 verum
1543 1307 1598 1339 est
1626 1303 1661 1339 vi
1683 1314 1739 1339 me
1773 1304 1968 1347 deiectum,
2003 1314 2077 1339 non
2100 1307 2220 1339 tamen
2244 1314 2363 1339 verum

1274 1352 1315 1384 23
1365 1353 1420 1384 est
1443 1353 1478 1384 et
1500 1348 1536 1384 vi
1558 1359 1776 1394 possessum.
1826 1349 1991 1385 Ceterum
2015 1349 2154 1384 etiamsi
2176 1349 2272 1384 mala
2294 1349 2364 1384 fide

1272 1394 1427 1429 fundum
1449 1405 1505 1430 me
1528 1394 1772 1439 possidentem
1795 1394 1967 1430 deieceris
1992 1397 2029 1429 et
2050 1394 2269 1437 vendideris,
2294 1404 2365 1429 non

1271 1440 1405 1485 poterit
1429 1440 1525 1485 capi,
1559 1439 1727 1484 quoniam
1755 1450 1878 1475 verum
1909 1443 1965 1475 est
1993 1439 2027 1475 vi
2056 1449 2263 1485 possessum
2287 1449 2365 1475 esse

1273 1489 1316 1519 24
1363 1485 1448 1520 licet
1478 1495 1552 1520 non
1576 1496 1599 1520 a
1624 1485 1776 1520 domino.
1825 1485 1925 1521 Idem
1960 1485 2149 1520 dicendum
2172 1488 2227 1520 est
2249 1485 2288 1520 in
2310 1494 2364 1527 eo,

1273 1530 1334 1575 qui
1370 1540 1450 1565 euin
1482 1530 1620 1576 expulit
1651 1530 1712 1575 qui
1735 1541 1800 1575 pro
1826 1530 1957 1566 herede
1980 1530 2208 1575 possidebat,
2243 1540 2364 1576 quam-

1272 1576 1324 1611 vis
1361 1576 1452 1610 sciat
1489 1586 1567 1611 esse
1601 1576 1873 1619 hereditarium,
1916 1576 2084 1621 quoniam
2118 1576 2153 1611 vi
2220 1575 2363 1612 ossidet.

1274 1624 1315 1655 25
1343 1623 1416 1664 (26)
1465 1620 1503 1656 Si
1533 1621 1698 1656 dominus
1729 1621 1833 1656 fundi
1863 1631 2107 1666 possessorem
2130 1621 2166 1656 vi
2214 1621 2365 1663 eiecerit,

1274 1666 1419 1702 Cassius
1456 1666 1507 1700 ait
1540 1677 1612 1701 non
1648 1666 1760 1701 videri
1793 1667 1830 1701 in
1865 1669 2080 1711 potestatem
2112 1666 2188 1701 eius
2217 1666 2365 1708 redisse,

1274 1711 1416 1757 quando
1448 1711 1640 1746 interdicto
1673 1712 1768 1747 unde
1798 1712 1833 1747 vi
1855 1712 2087 1747 restituturus
2101 1713 2128 1733 ¹³
2153 1712 2199 1747 sit
2247 1721 2362 1747 osses-

1274 1760 1316 1792 26
1344 1759 1416 1800 (27)
1465 1757 1613 1792 610116111.
1650 1756 1688 1792 Si
1711 1757 1805 1792 viam
1827 1757 1980 1793 habeam
2003 1767 2068 1803 per
2091 1760 2193 1792 tuum
2232 1757 2366 1792 undum

1275 1805 1310 1838 et
1332 1805 1373 1837 tu
1395 1812 1452 1837 me
1475 1802 1520 1837 ab
1548 1802 1635 1837 eavi
1659 1803 1849 1847 expuleris,
1873 1813 1939 1848 per
1961 1803 2106 1847 longum
2129 1806 2270 1847 tempus
2294 1813 2366 1837 non

1273 1847 1406 1883 utendo
1432 1848 1594 1882 amittam
1617 1847 1725 1890 viam,
1752 1848 1836 1893 quia
1859 1859 1926 1883 nec
1949 1847 2127 1894 possideri
2149 1848 2365 1892 intellegitur

1273 1894 1329 1928 ius
1354 1892 1582 1938 incorporale
1613 1902 1679 1928 nec
1711 1893 1755 1928 de
1786 1893 1844 1928 via
1875 1893 1957 1938 quis
1987 1893 2038 1937 (id
2067 1896 2123 1928 est
2154 1903 2251 1929 mero
2274 1893 2365 1936 iure)

1274 1941 1314 1973 27
1350 1940 1421 1981 (28)
1469 1937 1682 1973 detruditur.
1745 1938 1835 1974 Item
1873 1939 1904 1974 si
1943 1938 2176 1984 occupaveris
2214 1948 2365 1974 vacuam

1299 1984 1546 2026 ossessionem,
1568 1983 1695 2019 deinde
1712 1984 1911 2019 venientem
1924 1983 2105 2020 dominum
2127 1983 2365 2029 prohibueris,

1271 1995 1317 2064 {8
1342 2031 1414 2072 (29)
1460 2039 1534 2064 non
1556 2029 1731 2064 videberis
1754 2028 1790 2064 vi
1805 2029 2020 2074 possedisse.
2051 2029 2274 2065 Libertatem
2291 2039 2365 2064 ser-

1272 2074 1437 2110 vitutium
1460 2074 1613 2119 usucapi
1636 2084 1744 2119 posse
1767 2075 1886 2110 verius
1911 2079 1984 2118 est,
2017 2075 2102 2120 quia
2133 2085 2212 2110 eam
2234 2084 2364 2110 usuca-

1274 2120 1418 2165 pionem
1442 2120 1589 2155 sustulit
1612 2120 1670 2154 lex
1695 2119 1900 2163 Scribonia,
1934 2131 2026 2166 quae
2049 2120 2256 2156 servitutem
2281 2130 2365 2155 con-

1274 2166 1466 2208 stituebat,
1491 2176 1563 2201 non
1588 2165 1696 2201 etiam
1721 2175 1816 2208 eam,
1847 2176 1939 2211 quae
1968 2166 2173 2201 libertatem
2203 2168 2366 2210 praestat

1273 2211 1417 2246 sublata
1440 2211 1619 2246 servitute.
1666 2211 1789 2256 itaque
1813 2212 1852 2255 si,
1879 2222 1960 2247 cum
1982 2211 2050 2247 tibi
2073 2210 2281 2246 servitutem
2305 2210 2366 2245 de-

1273 2257 1395 2291 berem
1409 2257 1447 2299 ¹⁴‚
1480 2266 1526 2292 ne
1549 2256 1635 2291 mihi
1658 2260 1748 2302 puta
1771 2256 1897 2292 liceret
1919 2257 2028 2292 altius
2053 2256 2260 2299 aedificare,
2297 2257 2366 2291 ¹⁵et

1272 2312 1338 2347 per
1381 2304 1557 2337 statutum
1600 2305 1741 2347 tempus
1777 2302 1884 2338 altius
1921 2302 2150 2338 aedificatum
2191 2301 2364 2343 habuero,

1273 2346 1417 2383 sublata
1441 2348 1509 2382 erit
1533 2347 1695 2382 servitus.

1321 2391 1344 2428 5
1375 2392 1497 2428 GAIUS
1526 2393 1616 2428 libro
1650 2393 1840 2427 vicensimo
1866 2392 1990 2438 primo
2021 2391 2070 2427 ad
2099 2391 2252 2428 edictum
2275 2401 2366 2437 pro-

1273 2438 1427 2472 vinciale
1480 2437 1705 2473 Naturaliter
1739 2437 2011 2482 interrumpitur
2044 2437 2242 2481 possessio,
2287 2446 2367 2471 cum

1274 2483 1353 2528 quis
1375 2482 1418 2518 de
1438 2484 1666 2528 possessione
1694 2483 1728 2518 vi
1750 2483 1902 2519 deicitur
1921 2482 1977 2517 vel
1995 2482 2102 2518 alicui
2127 2492 2185 2517 res
2207 2481 2364 2526 eripitur.

1274 2539 1344 2573 quo
1379 2538 1467 2563 casu
1498 2539 1572 2563 non
1595 2529 1766 2564 adversus
1792 2539 1872 2564 eum
1896 2530 2056 2571 tantum,
2083 2528 2144 2573 qui
2168 2527 2287 2572 eripit,
2311 2526 2365 2561 in-

1273 2574 1507 2618 terrumpitur
1530 2574 1731 2619 possessio,
1769 2574 1832 2609 sed
1855 2573 2027 2608 adversus
2051 2583 2186 2608 omnes.
2233 2582 2299 2607 1160
2324 2581 2365 2606 60

1274 2629 1362 2654 06611
1387 2619 1577 2664 quicquam
1599 2617 1767 2663 interest,
1800 2619 1831 2654 is
1862 2618 1924 2664 qui
1946 2618 2174 2663 usurpaverit
2204 2617 2366 2652 dominus

1274 2665 1320 2699 sit
1354 2674 1421 2699 nec
1457 2675 1518 2700 ne:
1556 2675 1599 2700 ac
1628 2675 1674 2700 ne
1704 2664 1794 2700 illud
1826 2664 1968 2709 quidem
2002 2664 2168 2706 interest,
2204 2673 2269 2708 pro
2299 2672 2366 2698 suo

1274 2709 1424 2754 quisque
1446 2710 1632 2755 possideat
1655 2720 1703 2745 an
1727 2720 1771 2746 ex
1794 2709 1971 2745 lucrativa
1995 2719 2114 2744 causa.

1321 2752 1345 2791 6
1378 2755 1574 2790 ULPIANUS
1601 2756 1692 2791 libro
1722 2755 1910 2791 undecimo
1941 2755 1992 2790 ad
2014 2755 2167 2790 edictum
2213 2752 2256 2787 In
2280 2762 2365 2787 usu-

1275 2800 1486 2844 capionibus
1504 2811 1577 2836 non
1602 2811 1624 2835 a
1647 2804 1826 2836 momento
1847 2800 1895 2835 ad
1917 2804 2145 2841 momentum,
2171 2798 2235 2834 sed
2252 2800 2366 2832 totum

1274 2849 1494 2891 postremum
1518 2846 1610 2881 diem
1635 2850 1895 2891 computamus.

1322 2888 1345 2927 7
1371 2890 1478 2925 IDEM
1495 2891 1586 2926 libro
1606 2892 1797 2926 vicensimo
1815 2892 1967 2937 septimo
1989 2889 2038 2925 ad
2054 2889 2228 2925 Sabinum
2253 2887 2365 2939 ‘Ideo-

1274 2947 1343 2980 que
1374 2936 1436 2980 qui
1464 2936 1555 2971 bora
1586 2939 1688 2971 sexta
1718 2936 1828 2974 (116116
1860 2935 2095 2971 kalendarum
2118 2934 2364 2968 Ianuariarum

1274 2981 1459 3026 possidere
1490 2982 1627 3026 coepit,
1660 2982 1751 3016 hora
1780 2985 1883 3017 sexta
1906 2981 2024 3016 noctis
2055 2979 2168 3025 pridie
2191 2976 2363 3013 kalendas

1275 3026 1461 3062 Ianuarias
1484 3026 1608 3071 implet
1631 3027 1899 3071 usucapionem.

1322 3069 1347 3109 8
1381 3071 1541 3107 PAULUS
1568 3072 1659 3107 libro
1697 3072 1908 3108 duodecimo
1947 3071 1995 3106 ad
2033 3070 2185 3105 edictum
2241 3066 2362 3117 Labeo

1275 3116 1446 3152 Neratius
1481 3117 1744 3162 responderunt
1782 3127 1841 3160 ea,
1880 3127 1972 3162 quae
2004 3115 2097 3151 servi
2135 3112 2366 3162 peculiariter

1276 3162 1398 3196 nancti
1423 3165 1525 3203 sunt,
1556 3163 1743 3207 ¹⁷usucapi
1767 3173 1890 3207 posse,
1917 3162 2000 3206 quia
2023 3161 2111 3194 haec
2137 3158 2240 3192 etiam
2265 3165 2363 3208 igno-

1277 3211 1397 3242 rantes
1443 3207 1575 3242 domini
1615 3208 1847 3252 usucapiunt:
1892 3207 1985 3242 idem
2025 3204 2183 3239 Iulianus
2227 3201 2363 3235 scribit.

1281 3257 1294 3287 1
1347 3252 1417 3287 Sed
1441 3263 1533 3295 eum,
1560 3253 1621 3298 qui
1645 3263 1709 3287 suo
1735 3253 1878 3288 nomine
1901 3251 1989 3286 nihil
2012 3255 2211 3300 usucapere
2233 3248 2364 3291 potest,

1277 3309 1321 3333 ne
1346 3307 1410 3342 per
1434 3308 1575 3333 servum
1599 3298 1741 3342 quidem
1763 3308 1871 3343 posse
1893 3295 2024 3332 Pedius
2049 3294 2184 3343 scribit.

1325 3341 1349 3380 9
1378 3342 1501 3378 GAJUs
1518 3344 1609 3378 libro
1631 3347 1763 3389 quarto
1783 3344 1832 3378 ad
1843 3342 1994 3377 edictum
2008 3335 2236 3385 provincmle
2271 3334 2364 3386 Usu-

1279 3388 1466 3433 capionem
1490 3388 1670 3433 recipiunt
1692 3389 1843 3423 maxime
1867 3397 1925 3421 res
1950 3382 2173 3436 corporales,
2187 3427 2194 3433 ι
2208 3383 2366 3432 exceptis

1278 3435 1386 3479 rebus
1410 3434 1534 3475 sacris,
1560 3434 1707 3475 sanctis,
1733 3432 1885 3478 publicis
1908 3430 2033 3475 populi
2045 3428 2197 3463 Romam
2221 3429 2257 3460 et
2283 3435 2366 3459 civi-

1278 3479 1419 3521 tatium,
1443 3479 1527 3513 item
1550 3479 1673 3515 liberis
1698 3478 1910 3514 hominibus.
2193 3516 2200 3523 ,
2357 3513 2365 3521 ,

1329 3522 1380 3562 10
1395 3525 1423 3545 ¹⁸
1453 3523 1648 3561 ULPJANUS
1669 3524 1760 3559 libro
1783 3526 1887 3557 sexto
1912 3519 2047 3554 decimo
2071 3517 2121 3553 ad
2140 3515 2293 3551 edzctum
2331 3513 2368 3549 Si

120 3639 160 3679 (l)
185 3637 316 3679 adeptio
332 3638 482 3671 Cuiacius
571 3639 612 3677 (2)
637 3639 730 3680 haec]
745 3648 897 3679 quaeque
909 3652 972 3673 scr.

120 3684 251 3724 caperet
263 3683 295 3714 F
377 3688 416 3719 (4)
442 3683 470 3714 si
483 3683 516 3713 F
595 3685 639 3723 (5)
665 3686 826 3726 potestate
840 3684 874 3715 F

121 3730 164 3768 (7)
189 3727 355 3760 denideF
393 3729 437 3768 (8)
463 3729 669 3770 potestateF
712 3730 756 3769 (9)
783 3739 851 3761 rem
866 3730 923 3762 ins.

135 3777 176 3813 11)
201 3773 230 3804 si
243 3783 310 3804 non
323 3773 486 3804 summisit
502 3773 631 3816 Ilierz'nq

1062 3641 1106 3681 (3)
1130 3649 1210 3672 usu-

952 3686 996 3725 (6)
1023 3685 1072 3718 ait
1086 3687 1146 3719 ins.
1162 3685 1210 3717 F2

978 3732 1039 3772 (10)
1065 3740 1171 3763 meam
1185 3730 1220 3762 F

688 3778 744 3815 (12)
770 3775 982 3815 potestateF
1030 3779 1088 3815 (13)
1115 3775 1210 3807 resti-

1815 3636 1872 3673 (15)
1898 3632 1999 3665 altius
2011 3630 2225 3665 aedificavero
2238 3630 2296 3662 ins.
2313 3637 2368 3661 aut

1774 3681 1834 3721 (17)
1858 3678 1898 3711 ab
1911 3678 2039 3710 infante
2052 3686 2184 3718 quoque
2197 3677 2229 3707 et
2241 3673 2367 3707 furioso

1685 3727 1743 3767 (18)
1772 3729 1787 3763 ξ
1806 3732 1821 3757 2
1836 3740 1882 3753 ==
1894 3724 1938 3756 D.
1954 3725 2066 3764 50,16,
2082 3729 2116 3754 26

1279 3641 1376 3671 turus
1388 3640 1422 3671 F
1493 3640 1553 3681 (14)
1579 3637 1698 3671 debere
1710 3637 1744 3669 F

1281 3687 1313 3716 et
1326 3685 1388 3717 del.
1490 3685 1551 3726 (16)
1578 3683 1632 3716 dei
1642 3682 1677 3715 F

1280 3730 1395 3773 supple
1407 3730 1460 3763 vel
1469 3729 1591 3764 similia

2051 3824 2096 3856 83
