2528 3918
124 155 184 185 DE
213 154 429 188 FIDEIUSS.
454 157 518 187 ἘΤ
547 156 747 187 ΜΔΝΒΑΤ.

1199 138 1286 188 739

2074 149 2303 193 XXXXVI
2337 155 2355 193 1

758 365 937 415 LIBER
968 363 1460 425 QUADRAGESIMUS
1491 365 1730 416 SEXTUS.

639 495 696 535 1¹.

201 561 264 593 DE
287 560 660 594 FIDEIUSSORIBUS
682 561 743 594 ΕΤ
767 559 1134 593 MANDATORIBUS.

173 624 188 662 1
233 625 427 662 Uzmws
461 627 552 663 libro
583 628 791 674 triqensimo
822 638 917 662 nono
954 626 1005 661 ad
1034 625 1208 662 Sabinum

124 671 228 706 Omni
251 671 459 717 obligationi
480 671 670 708 fideiussor
695 671 866 708 accedere
889 674 1018 717 potest.

169 714 193 752 2
220 715 447 753 POMPONIUS
467 717 558 754 libro
577 719 768 754 vicensimo
787 717 945 753 secundo
965 717 1015 752 ad
1033 715 1207 752 Sabinum

122 762 172 796 Et
195 762 410 798 commodati
432 766 470 798 et
493 762 536 798 de
563 763 646 799 ositi
668 763 855 799 fideiussor
879 762 994 808 accipi
1051 764 1145 797 otest
1174 764 1209 796 et

122 810 274 849 tenetur,
299 807 438 843 etiamsi
461 773 560 853 apud
581 819 721 844 servum
743 808 799 844 vel
815 807 990 853 pupillum
1032 806 1208 852 epositum

60 888 63 890 .
122 852 425 888 commodatumve
455 852 581 897 fuerit,
614 854 677 889 sed
705 854 756 889 ita
786 853 945 895 demum,
976 853 1007 887 si
1037 855 1101 887 aut
1123 851 1206 887 dolo

122 897 215 932 malo
234 901 297 932 aut
315 898 422 943 culpa
438 899 476 933 hi
492 898 665 942 fecerunt,
684 910 750 945 pro
771 898 899 944 quibus
915 897 1124 934 fideiussum
1140 901 1205 932 est.

168 941 191 980 3
224 942 419 979 ULPIANUS
446 944 537 980 libro
567 944 871 997 quadraffensimo
896 944 1000 979 tercio
1032 943 1082 978 ad
1103 942 1206 978 Sabi-

122 999 206 1023 num
260 987 329 1033 Qui
359 989 536 1025 satisdare
566 989 730 1042 promisit
784 989 837 1024 ita
871 988 1011 1024 demum
1041 988 1207 1034 implesse

123 1033 388 1079 stipulationem
418 1034 662 1071 satisdationis
691 1017 850 1076 videtur,
890 1034 922 1070 si
958 1044 1039 1070 eum
1071 1033 1208 1069 dederit

122 1079 336 1115 accessionis
368 1080 467 1122 loco,
509 1080 569 1125 qui
607 1080 756 1125 obligari
790 1084 910 1125 potest
941 1083 977 1115 et
1008 1078 1205 1115 conveniri:

122 1128 279 1159 ceterum
314 1125 344 1159 si
378 1125 516 1160 dederit
546 1135 685 1161 servum
717 1129 780 1160 aut
809 1124 922 1160 filium
952 1124 1123 1167 familias,
1162 1134 1206 1159 ex

122 1170 250 1214 quibus
274 1170 392 1206 causis
418 1170 461 1205 de
483 1171 624 1216 peculio
648 1171 742 1206 actio
766 1181 839 1205 non
863 1170 979 1214 datur,
1003 1170 1059 1205 vel
1082 1169 1204 1205 mulie-

121 1225 213 1257 rem,
239 1225 330 1260 quae
353 1216 485 1251 auxilio
510 1220 654 1251 senatus
679 1216 834 1252 consulti
856 1216 986 1258 utitur,
1017 1215 1204 1251 dicendum

121 1263 176 1295 est
211 1271 283 1295 non
321 1271 400 1296 esse
437 1261 618 1306 impletam
653 1261 896 1297 satisdationis
928 1260 1204 1306 stipulationem.

121 1305 227 1350 plane
257 1305 289 1341 si
319 1316 392 1341 non
422 1306 589 1342 idoneum
619 1306 863 1342 fideiussorem
890 1306 1027 1342 dederit
1036 1307 1061 1349 ²,
1093 1316 1152 1341 ma
1177 1305 1205 1341 ’s

121 1354 193 1394 est,
225 1354 267 1385 ut
289 1351 513 1387 satisfactum
536 1352 600 1394 sit,
634 1353 718 1397 quia
751 1352 810 1397 qui
842 1351 984 1387 admisit
1013 1362 1095 1387 eum
1117 1351 1143 1387 fi
1170 1362 1205 1386 e-

120 1396 310 1439 iubentem,
334 1396 501 1432 idoneum
524 1408 603 1433 esse
627 1398 883 1443 comprobavit.

166 1439 192 1478 4
216 1441 323 1476 IDEM
349 1442 440 1478 libro
470 1443 775 1495 quadraqensimo
801 1444 926 1488 quinto
959 1441 1009 1478 ad
1032 1440 1206 1478 Sabinum

120 1486 245 1522 Potest
263 1486 379 1532 accipi
397 1486 586 1523 fidemssor
602 1488 678 1523 eius
699 1489 860 1532 actionis,
886 1498 993 1533 quam
1017 1486 1205 1522 habiturus

121 1542 199 1566 sum
229 1531 399 1568 adversus
430 1543 527 1575 eum,
558 1544 625 1578 pro
658 1544 727 1578 quo
758 1533 932 1578 fideiussi,
962 1533 1018 1568 vel
1045 1532 1207 1567 mandati

127 1581 137 1611 l
187 1577 243 1613 vel
265 1578 488 1622 negotiorum
506 1582 698 1623 gestorum.
735 1578 945 1614 Fideiussor
963 1583 1000 1614 et
1017 1578 1095 1623 ipse
1116 1577 1204 1613 obli-

119 1626 224 1667 gatur
241 1626 277 1658 et
293 1622 458 1659 heredem
476 1623 671 1668 obligatum
691 1624 860 1669 relinquit
867 1625 893 1666 ³,
919 1634 999 1659 cum
1016 1623 1071 1659 rei
1087 1623 1206 1658 locum

121 1678 141 1702 ο
168 1668 291 1704 tineat.

142 1678 190 1750 p5
223 1713 330 1749 IDEM
358 1714 449 1750 libro
480 1715 783 1762 quaclraqensimo
815 1716 920 1750 sexto
951 1713 1001 1749 acl
1031 1713 1204 1750 Sabinum

122 1758 344 1794 Generaliter
375 1759 534 1796 Iulianus
566 1760 618 1795 ait
646 1770 745 1802 eum,
777 1759 839 1805 qui
868 1759 973 1795 heres
1005 1758 1139 1794 exstitit
1163 1759 1206 1801 ei,

120 1815 186 1849 pro
241 1815 288 1840 uo
319 1805 574 1849 intervenerat,
606 1805 752 1841 liberari
782 1815 827 1840 ex
855 1814 966 1840 causa
990 1803 1205 1839 accessionis

121 1854 156 1884 et
187 1860 226 1885 so
241 1850 407 1886 ummodo
439 1850 543 1896 quasi
581 1850 747 1886 heredem
785 1850 838 1886 rei
874 1850 997 1885 teneri.
1054 1849 1206 1893 denique

120 1895 274 1947 scripsit,
299 1895 330 1930 si
353 1895 543 1931 fideiussor
565 1896 668 1931 heres
693 1895 850 1931 extiterit
873 1895 916 1939 ei,
940 1905 1006 1941 pro
1028 1905 1099 1940 quo
1117 1894 1205 1929 fide-

119 1940 239 1983 iuss1t‚
276 1941 380 1985 quasi
407 1951 507 1976 reum
538 1951 616 1977 esse
647 1941 859 1986 obligatum,
898 1950 943 1976 ex
978 1950 1088 1976 causa
1117 1939 1204 1975 fide-

119 1986 286 2021 iussionis
317 1986 481 2022 liberari:
520 1997 621 2022 reum
661 1997 744 2022 vero
781 1996 843 2022 reo
879 1985 1127 2022 succedentem
1162 1995 1206 2019 ex

121 2031 259 2066 duabus
284 2032 401 2067 causis
426 2042 504 2067 esse
529 2032 733 2077 obligatum.
775 2042 841 2067 nec
866 2031 959 2067 enim
982 2034 1102 2077 potest
1124 2041 1204 2076 rep-

119 2076 238 2121 periri,
260 2087 351 2122 quae
371 2077 538 2122 obligatio
558 2087 665 2123 quam
681 2081 859 2123 peremat:
885 2081 924 2111 at
938 2077 977 2111 in
997 2075 1207 2111 fideiussore

107 2125 157 2167 vet
173 2132 235 2157 reo
252 2122 467 2168 repperitur,
492 2122 576 2168 quia
595 2123 647 2158 rei
669 2123 839 2167 obligatio
859 2122 999 2167 plenior
1018 2125 1084 2157 est.
1122 2132 1206 2156 nam

121 2167 182 2202 ubi
206 2167 327 2212 aliqua
352 2167 551 2203 differentia
580 2172 635 2203 est
664 2167 937 2212 obligationum,
970 2170 1089 2212 potest
1121 2177 1205 2202 con-

121 2212 221 2248 stitui
251 2213 398 2248 alteram
428 2223 494 2259 per
525 2213 672 2248 alteram
700 2213 852 2258 peremi:
890 2223 970 2248 cum
998 2223 1082 2248 vero
1114 2211 1206 2248 duae

120 2257 279 2293 eiusdem
307 2258 380 2294 sint
408 2258 616 2304 potestatis,
654 2269 727 2293 non
761 2261 881 2303 potest
910 2257 1104 2303 repperiri,
1143 2268 1207 2292 cur

121 2303 234 2338 altera
249 2303 369 2348 potius
390 2314 498 2348 quam
516 2304 629 2340 altera
647 2307 926 2340 consumeretur.
959 2302 1070 2339 refert
1086 2306 1204 2338 autem

120 2349 210 2383 haec
241 2349 288 2384 ad
317 2349 490 2394 speciem,
529 2350 567 2385 in
598 2359 670 2394 qua
698 2349 773 2384 vult
805 2348 992 2384 ostendere
1022 2359 1096 2385 non
1127 2358 1206 2385 esse

121 2404 268 2437 novum,
300 2398 341 2428 ut
369 2393 460 2429 duae
489 2394 722 2440 obligationes
750 2395 786 2429 in
809 2394 916 2430 unius
939 2404 1096 2440 persona
1119 2405 1204 2430 con-

121 2443 278 2474 currant.
314 2443 370 2475 est
392 2443 512 2475 autem
536 2440 673 2486 species
696 2439 791 2474 talis.
828 2439 859 2475 si
877 2450 959 2475 reus
977 2439 1205 2485 promittendi

121 2494 182 2519 reo
217 2484 448 2530 promittendi
483 2485 586 2520 heres
623 2485 800 2525 extiterit,
841 2484 930 2520 duas
970 2485 1205 2529 obligationes

122 2530 291 2565 sustinet:
324 2531 408 2566 item
437 2530 469 2566 si
496 2541 580 2566 reus
610 2530 805 2575 stipulandi
827 2530 1003 2566 exstiterit
1024 2530 1129 2566 heres
1152 2530 1206 2566 rei

121 2575 324 2619 stipulandi,
350 2575 438 2611 duas
461 2576 599 2621 species
620 2575 844 2620 obligationis
863 2575 1063 2611 sustinebit.
1098 2576 1205 2621 plane

122 2620 152 2655 si
175 2630 220 2655 ex
243 2621 356 2656 altera
379 2631 502 2657 earum
526 2621 646 2666 egerit,
671 2625 859 2665 utramque
883 2624 1084 2664 consumet,
1108 2620 1204 2656 vide-

121 2665 204 2700 licet
221 2666 305 2711 quia
323 2670 453 2701 natura
471 2666 723 2710 obligationum
747 2666 907 2709 duarum,
934 2676 1023 2711 quas
1043 2666 1203 2709 haberet,

123 2721 164 2745 ea
188 2715 300 2753 esset,
325 2715 382 2754 ut,
407 2722 489 2747 cum
512 2711 629 2747 altera
651 2721 774 2748 earum
797 2711 835 2747 in
857 2711 1027 2747 iudicium
1051 2711 1203 2747 deduce-

122 2759 231 2798 retur,
256 2757 370 2791 altera
394 2759 675 2792 consumeretur.

168 2798 193 2838 6
218 2800 326 2837 IDEM
344 2801 434 2837 libro
459 2801 762 2848 quadraqensimo
787 2812 824 2835 se
854 2802 937 2837 timo
962 2801 1012 2837 ad
1030 2800 1204 2838 Sabinum

122 2846 322 2891 Stipulatus
341 2857 420 2882 sum
441 2856 463 2881 a
480 2855 542 2881 reo
562 2856 630 2883 nee
648 2846 772 2899 accepi
790 2846 815 2881 fi
841 2846 1053 2882 eiussorem:
1077 2851 1205 2892 postea

122 2892 201 2927 volo
239 2891 380 2926 adicere
414 2891 677 2927 fideiussorem:
721 2902 752 2927 sl
790 2891 972 2934 adiecero,
1016 2891 1206 2928 fideiussor

128 2941 140 2971 1
191 2936 378 2982 obligatur.
421 2936 471 2971 Et
493 2936 595 2981 parvi
616 2935 736 2979 refert,
762 2940 882 2972 utrum
904 2948 994 2982 pure
1017 2936 1204 2973 fideiusso-

124 2985 143 3016 2
191 2991 266 3017 rem
295 2982 448 3027 obligem
479 2992 526 3016 an
553 2992 597 3017 ex
621 2981 677 3017 die
701 2992 747 3017 an
771 2983 838 3018 sub
864 2982 1082 3018 condicione.
1130 2983 1203 3018 Ad-

123 3027 237 3062 hiberi
259 3031 380 3063 autem
397 3026 586 3062 fideiussor
603 3031 677 3062 tam
694 3027 836 3063 futurae
856 3038 960 3072 quam
977 3028 1206 3072 praecedenti

123 3072 330 3117 obligationi
358 3076 494 3117 potest,
527 3072 715 3109 dummodo
740 3073 786 3108 sit
809 3072 929 3118 aliqua
951 3073 1007 3109 vel
1031 3074 1205 3109 naturalis

122 3117 245 3153 fiitura
268 3118 447 3162 obligatio.

170 3161 193 3199 7
218 3162 244 3198 I
247 3172 411 3198 ULIANUS
438 3163 528 3199 libro
584 3163 881 3210 uinquaqensimo
914 3164 1018 3198 tertio
1051 3164 1204 3211 diqesto-

122 3219 203 3243 rum
257 3207 361 3252 Quod
391 3208 484 3244 enim
518 3173 673 3244 sosstum
701 3208 815 3252 repeti
845 3219 917 3244 non
947 3212 1085 3254 potest,
1119 3220 1203 3244 con-

123 3253 266 3306 veniens
297 3257 353 3289 est
383 3253 488 3288 huius
512 3253 686 3288 naturalis
711 3253 936 3298 obligationis
959 3253 1205 3290 fideiussorem

124 3308 239 3382 angl?
257 3309 450 3380 {1332}st
487 3344 577 3380 libro
622 3343 922 3395 quadragensimo
963 3345 1113 3391 septimo
1157 3344 1206 3380 ad

124 3387 297 3425 Sabinum
341 3388 479 3425 Graece
500 3388 698 3432 fideiussor,
725 3391 760 3423 et
781 3391 834 3422 1ta
855 3389 1047 3434 accipitur:
1071 3391 1115 3436 τῇ
1140 3392 1204 3436 ἐμῇ

125 3437 243 3469 πίστει
273 3432 401 3467 κελεύω
432 3433 520 3480 λέγω
552 3432 676 3467 θ’ἐλωῧ
710 3433 783 3468 sive
815 3432 1032 3478 βούλομαιθς
1073 3435 1137 3470 sed
1168 3439 1206 3470 et

125 3479 155 3514 si
214 3480 299 3523 ημί7
328 3479 472 3524 dixerit,
529 3490 569 3514 ro
601 3489 643 3514 eo
676 3479 743 3513 erit
766 3482 873 3522 atque
896 3478 926 3514 si
950 3478 1078 3514 dixerit
1101 3479 1202 3526 λέγω.

127 3528 149 3558 1·
221 3528 382 3560 raeterea
399 3524 497 3559 scien
522 3535 580 3559 um
599 3527 655 3560 est
672 3523 914 3558 fideiussorem
930 3523 1090 3560 adhiberi
1109 3526 1205 3560 omni

170 3639 208 3679 (1)
235 3638 314 3671 Sab.
335 3645 428 3672 1...19.
450 3645 572 3676 21...24;
597 3637 663 3671 Ed.
684 3645 731 3671 20.
753 3644 870 3671 25...44.
890 3644 937 3670 46.
958 3645 1010 3677 73:
1039 3640 1125 3682 App.
1149 3647 1201 3678 453

127 3683 210 3726 Pap.
224 3690 341 3717 mmm.
353 3701 399 3706 —
413 3683 496 3715 Bas.
510 3683 565 3723 26,
578 3691 602 3716 1.
614 3700 660 3706 -—-
676 3683 725 3725 Os.
745 3682 822 3715 cod.
838 3682 871 3723 8,
882 3689 914 3716 41
994 3683 1037 3724 (2)
1063 3694 1203 3725 eumque

125 3727 268 3760 creditor
285 3728 391 3760 sciens
409 3727 578 3760 admiserit
597 3728 755 3760 similiave
773 3728 961 3760 exciderunt
1057 3730 1100 3770 (3)
1124 3728 1203 3761 reli-

125 3773 199 3814 quit
211 3774 244 3805 F
316 3777 359 3812 (4)
386 3774 431 3805 ad
437 3785 491 3815 pr.
506 3774 547 3815 cst
565 3774 641 3805 lnst.
656 3773 686 3813 3,
701 3779 748 3812 20,
762 3780 777 3805 ἰ
849 3774 892 3813 (5)
917 3773 955 3805 id
965 3780 1030 3806 est:
1054 3784 1127 3805 mea
1138 3773 1202 3806 fide

1278 491 1352 526 obli
1376 490 1488 527 ationi
1515 501 1638 537 posse,
1669 491 1742 526 sive
1772 502 1811 527 re
1839 493 1912 528 sive
1936 493 2050 530 verbis
2075 495 2147 531 sive
2170 506 2357 532 consensu.

1279 538 1298 571 2
1346 502 1417 572 §ro
1447 547 1489 573 eo
1521 537 1643 579 etiam,
1677 537 1738 581 qui
1767 537 1844 573 iure
1873 538 2063 575 honorario
2094 541 2269 586 obligatus
2294 546 2359 584 est,

1279 585 1298 616 3
1345 592 1453 626 posse
1475 581 1722 618 fideiussorem
1745 582 1862 627 accipi
1883 584 2064 619 sciendum
2089 589 2153 621 est.
2200 587 2249 621 Et
2278 592 2361 632 post

1276 627 1374 662 litem
1406 631 1645 663 contestatam
1673 626 1863 663 fideiussor
1891 628 2007 673 accipi
2039 633 2176 675 potest,
2214 631 2297 676 quia
2325 637 2361 667 et

1277 672 1388 708 civilis
1413 677 1449 708 et
1471 673 1646 708 naturalis
1671 673 1797 709 subest
1817 673 2004 718 obligatio:
2038 678 2074 710 et
2101 675 2170 711 hoc
2193 680 2230 711 et
2251 677 2359 712 Iulia-

1276 728 1343 753 nus
1369 717 1525 753 admittit
1548 728 1661 764 eoque
1683 718 1762 754 iure
1781 717 1923 753 utimur.
1959 729 2005 753 an
2025 730 2105 764 ergo
2123 721 2358 759 condemnato

1277 773 1339 798 reo
1364 763 1572 808 exceptione
1595 763 1648 798 uti
1671 763 1804 808 possit,
1837 763 2035 809 quaeritur:
2067 775 2149 800 nam
2176 767 2254 812 ipso
2285 767 2362 803 iure

1276 819 1350 844 non
1377 808 1563 844 liberatur.
1612 812 1648 844 et
1671 809 1701 844 si
1725 808 1866 853 quidem
1889 808 2036 844 iudicati
2059 811 2208 847 actionis
2233 822 2360 857 accep-

1275 857 1334 889 tus
1355 864 1427 889 non
1447 857 1513 896 est,
1538 854 1601 890 sed
1619 857 1761 889 tantum
1778 854 1849 889 litis
1872 854 2144 898 exercitationis,
2168 857 2361 893 rectissime

1277 899 1417 935 dicetur
1445 899 1498 934 uti
1521 910 1601 934 eum
1626 899 1836 946 exceptione
1859 909 1983 944 posse:
2017 900 2049 935 si
2078 910 2161 936 vero
2193 906 2360 947 acceptus

1277 947 1298 979 4
1343 944 1455 981 fuerit
1479 945 1585 980 etiam
1608 945 1720 980 totius
1746 955 1894 987 causae,
1927 945 2082 980 cessabit
2109 947 2282 991 exceptio.
2329 949 2362 982 A

1276 993 1412 1032 tutore,
1438 990 1500 1035 qui
1523 993 1737 1025 testamento
1764 990 1869 1025 datus
1895 993 1966 1033 est,
1992 990 2022 1025 si
2044 990 2154 1026 fuerit
2176 991 2363 1028 fideiussor

1277 1039 1296 1070 5
1346 1035 1463 1078 datus,
1486 1039 1641 1071 tenetur.
1678 1035 1747 1071 Sed
1772 1039 1808 1071 et
1832 1035 1862 1071 si
1886 1045 1931 1070 ex
1952 1034 2080 1071 delicto
2101 1037 2238 1072 oriatur
2256 1037 2362 1080 actio,

1277 1085 1296 1116 6
1344 1081 1456 1126 magis
1486 1084 1655 1125 putamus
1684 1080 1800 1116 teneri
1828 1080 2083 1116 fideiussorem.
2137 1081 2188 1116 Et
2215 1092 2362 1134 genera-

1275 1126 1358 1161 liter
1381 1126 1538 1161 omnium
1563 1126 1820 1171 obligationum
1843 1125 2088 1161 fideiussorem
2119 1127 2235 1172 accipi
2257 1139 2363 1173 posse

1277 1175 1295 1205 7
1344 1171 1476 1207 nemini
1507 1171 1655 1206 dubium
1687 1175 1751 1207 est.
1799 1171 1895 1206 Illud
1925 1181 2111 1207 commune
2142 1176 2198 1207 est
2225 1173 2262 1207 in
2285 1173 2363 1208 uni-

1275 1217 1405 1259 versis,
1440 1217 1500 1262 qui
1523 1228 1590 1262 pro
1615 1217 1693 1252 aliis
1719 1217 1940 1262 obligantur,
1973 1217 2086 1270 quod,
2119 1217 2151 1252 si
2173 1216 2305 1252 fuerint
2326 1218 2364 1253 in

1276 1261 1456 1298 duriorem
1490 1273 1636 1298 causam
1666 1262 1836 1304 adhibiti,
1868 1262 2005 1307 placuit
2034 1272 2095 1297 eos
2126 1263 2267 1298 omnino
2291 1274 2364 1299 non

1277 1307 1443 1352 obligari:
1474 1308 1512 1342 in
1541 1308 1710 1343 leviorem
1740 1307 1847 1353 plane
1878 1317 2024 1343 causam
2056 1307 2171 1353 accipi
2228 1312 2362 1352 ossunt,

1274 1357 1424 1398 propter
1452 1353 1548 1398 quod
1577 1353 1615 1388 in
1643 1353 1816 1389 minorem
1845 1363 2020 1390 summam
2051 1356 2148 1388 recte
2178 1353 2203 1388 fi
2229 1353 2365 1390 eiussor

1276 1398 1484 1443 accipietur.
1532 1399 1617 1433 item
1649 1401 1798 1445 accepto
1828 1408 1890 1434 reo
1921 1408 2012 1444 pure
2040 1398 2117 1444 ipse
2146 1409 2191 1434 ex
2222 1398 2278 1435 die
2308 1399 2363 1435 vel

1276 1444 1344 1479 sub
1375 1443 1583 1479 condicione
1609 1444 1725 1489 accipi
1747 1447 1883 1489 potest:
1916 1444 2094 1479 enimvero
2126 1443 2156 1479 si
2184 1454 2266 1480 reus
2290 1445 2363 1480 sub

1277 1488 1485 1525 condicione
1512 1489 1558 1524 sit
1582 1493 1764 1534 acceptus,
1787 1489 1978 1525 fideiussor
2000 1499 2108 1535 pure,
2132 1499 2205 1524 non
2228 1490 2361 1535 obliga-

1276 1536 1296 1570 8
1343 1534 1450 1570 bitur.
1500 1534 1538 1570 Si
1562 1535 1647 1580 qui⁸
1670 1535 1831 1570 Stichum
1856 1534 2048 1580 stipulatus
2072 1534 2194 1578 fuerit,
2219 1535 2363 1571 fideius-

1276 1590 1393 1615 sorem
1423 1580 1475 1615 ita
1506 1580 1702 1625 acceperit:
1745 1580 1920 1615 ‘Stichum
1947 1584 2010 1615 aut
2039 1580 2161 1615 decem
2194 1579 2265 1616 fide
2300 1585 2364 1616 tua

1276 1625 1390 1660 ‘iubes
1399 1626 1438 1670 Τ,
1464 1636 1536 1660 non
1561 1625 1710 1671 obligari
1733 1625 1979 1661 fideiussorem
2002 1625 2163 1660 Iulianus
2187 1625 2255 1669 ait,
2280 1626 2364 1671 quia

1275 1670 1399 1706 durior
1422 1671 1498 1706 eius
1522 1671 1564 1705 fit
1587 1670 1750 1706 condicio
1764 1698 1772 1714 ‚
1798 1674 1923 1716 utpote
1947 1681 2028 1706 cum
2050 1670 2210 1706 futurum
2234 1671 2298 1715 sit,
2323 1675 2371 1706 ut

1274 1719 1416 1751 mortuo
1437 1715 1560 1751 Sticho
1579 1720 1755 1752 teneatur.
1792 1715 1986 1752 Marcellus
2007 1720 2127 1751 autem
2146 1719 2248 1751 notat
2266 1717 2363 1752 non*³

1275 1760 1355 1796 ideo
1379 1764 1520 1796 tantum
1543 1772 1616 1797 non
1640 1761 1801 1806 obligari,
1827 1761 1911 1807 quia
1933 1762 1970 1796 in
1988 1761 2165 1796 duriorem
2184 1761 2361 1797 condicio-

1275 1816 1356 1841 nem
1380 1810 1551 1852 acceptus
1575 1812 1646 1850 est,
1680 1806 1743 1842 sed
1795 1807 1855 1842 uia
1880 1810 1916 1842 et
1937 1806 1974 1843 in
1999 1806 2105 1842 aliam
2129 1807 2247 1851 potius
2272 1807 2360 1842 obli-

1275 1851 1455 1896 gationem
1479 1855 1650 1898 acceptus
1675 1855 1748 1888 est:
1806 1852 1861 1887 eni
1887 1862 1932 1888 ue
1961 1862 2028 1898 pro
2061 1862 2120 1896 eo,
2155 1852 2214 1896 qui
2244 1851 2370 1887 decem*

1301 1897 1481 1932 romiserit
1492 1899 1532 1939 ¹⁰,
1569 1908 1642 1934 non
1676 1897 1810 1943 poterit
1845 1896 1872 1933 fi
1897 1898 2036 1934 eiussor
2070 1897 2123 1934 ita
2154 1897 2287 1942 accipi,
2323 1902 2364 1932 ut

1276 1909 1398 1977 decem
1422 1946 1486 1978 aut
1510 1942 1670 1978 Stichum
1693 1943 1896 1988 promittat,
1929 1942 2087 1988 quamvis
2114 1951 2156 1980 eo
2181 1952 2268 1978 casu
2290 1953 2362 1978 non

1276 1990 1296 2022 9
1343 1987 1385 2022 fit
1408 1988 1484 2023 eius
1509 1987 1632 2024 durior
1655 1987 1830 2023 condicio.
1865 1987 1964 2023 Idem
1989 1987 2148 2024 Iulianus
2174 1988 2241 2022 ait:
2267 1988 2298 2023 si
2321 1988 2360 2031 is,

1275 2033 1337 2077 qui
1360 2032 1537 2068 hominem
1562 2037 1626 2068 aut
1650 2033 1770 2068 decem
1795 2033 1874 2068 dari
1897 2033 2089 2078 stipulatus
2112 2032 2247 2075 fuerat,
2275 2032 2360 2068 fide-

1274 2079 1448 2114 iussorem
1472 2079 1523 2113 ita
1546 2079 1743 2124 acceperit:
1775 2078 1965 2115 ‘hominem
1989 2083 2052 2114 aut
2075 2078 2211 2121 decem,
2244 2082 2363 2113 utrum

1276 2127 1352 2168 ‘ego
1385 2123 1488 2159 velim
1497 2125 1537 2166 Υ,
1575 2134 1649 2159 non
1684 2124 1853 2170 obligavit
1881 2134 1981 2169 eum,
2020 2123 2104 2169 quia
2133 2123 2257 2159 durior
2287 2123 2362 2158 eius

1280 2172 1318 2203 10
1368 2169 1529 2205 condicio
1554 2169 1653 2204 facta
1677 2173 1742 2205 est.
1790 2168 1926 2204 Contra
1949 2172 2069 2205 autem
2091 2169 2123 2205 si
2145 2169 2187 2211 is,
2213 2168 2274 2214 qui
2297 2168 2362 2204 ho-

1273 2214 1405 2250 minem
1436 2219 1500 2250 aut
1529 2214 1667 2257 decem,
1700 2218 1822 2250 utrum
1844 2215 1921 2260 ipse
1944 2214 2136 2260 stipulator
2157 2214 2268 2256 volet,
2300 2213 2369 2259 sti-¹

1274 2259 1420 2304 pulatus
1454 2263 1525 2303 est,
1557 2263 1654 2295 recte
1682 2258 1927 2295 fideiussorem
1949 2260 2001 2294 ita
2024 2259 2194 2305 accipiet:
2229 2259 2362 2294 ‘decem

1275 2309 1351 2339 ‘aut
1373 2305 1563 2347 hominem,
1588 2309 1710 2340 utrum
1730 2309 1770 2340 tu
1790 2304 1887 2341 voles
1896 2306 1924 2340 Τ
1948 2304 1990 2340 fit
2013 2304 2115 2347 enim,
2139 2305 2266 2349 inquit,
2290 2304 2360 2339 hoc

1280 2353 1315 2385 11
1366 2350 1471 2386 modo
1487 2350 1709 2386 fideiussoris
1726 2350 1888 2386 condicio
1905 2350 2040 2385 melior·
2078 2349 2147 2384 Sed
2165 2354 2201 2384 et
2216 2349 2247 2384 si
2262 2359 2362 2384 reum

1274 2395 1326 2431 sic
1356 2395 1621 2441 interrogavero
1646 2395 1819 2430 ‘Stichum
1851 2399 1887 2430 et
1909 2395 2134 2441 Pamphilum
2143 2395 2184 2437 ?',
2215 2394 2360 2430 fideius-

1274 2450 1390 2476 sorem
1415 2441 1587 2476 ‘Stichum
1617 2445 1681 2476 aut
1702 2440 1977 2486 Pamphilum?‘‚
2009 2444 2107 2476 recte
2136 2440 2268 2475 interro
2294 2449 2359 2481 em,

1278 2489 1317 2520 12
1366 2487 1450 2531 quia
1480 2486 1592 2522 levior
1619 2485 1839 2522 fideiussoris
1872 2486 2034 2522 condicio
2066 2489 2131 2522 est.
2177 2484 2248 2520 Pro
2300 2484 2359 2519 de-

1273 2532 1412 2567 iussore
1434 2531 1681 2567 fideiussorem
1706 2531 1821 2577 accipi
1844 2541 2071 2577 nequaquam
2092 2530 2239 2565 dubium
2263 2535 2327 2565 est.

1322 2574 1346 2614 9
1380 2576 1609 2612 POMPONIUS
1635 2576 1725 2613 libro
1757 2577 1947 2612 vicensimo
1978 2579 2083 2611 sexto
2115 2575 2165 2611 ad
2186 2574 2359 2611 Sabinum

1273 2622 1520 2658 Fideiussores
1545 2625 1582 2657 et
1603 2622 1640 2657 in
1663 2625 1802 2667 partem
1833 2621 2005 2667 pecuniae
2030 2625 2065 2656 et
2087 2621 2125 2656 in
2147 2624 2285 2665 partem
2308 2620 2360 2655 rei

1273 2672 1370 2703 recte
1394 2667 1510 2713 accipi
1532 2671 1696 2713 possunt.

1323 2711 1373 2750 10
1405 2712 1600 2749 Uzmzws
1620 2713 1711 2749 libro
1734 2712 1884 2759 septimo
1909 2712 2192 2758 disputationum
2234 2710 2271 2746 Si
2295 2710 2359 2746 du-

1274 2758 1364 2794 bitet
1389 2758 1554 2802 creditor,
1580 2768 1627 2793 an
1649 2757 1878 2793 fideiussores
1902 2756 2069 2792 solvendo
2094 2756 2183 2798 sint,
2209 2759 2245 2791 et
2267 2765 2359 2790 unus

1274 2804 1319 2839 ab
1344 2813 1386 2839 eo
1409 2803 1545 2840 electus
1575 2807 1724 2849 paratus
1749 2802 1797 2839 sit
1821 2802 1947 2838 offerre
1979 2802 2198 2844 cautionem,
2229 2804 2271 2835 ut
2294 2811 2358 2835 suo

1275 2849 1435 2894 periculo
1460 2848 1756 2884 confideiussores
1782 2847 2052 2890 conveniantur,
2084 2847 2122 2881 in
2151 2849 2255 2892 parte
2278 2845 2357 2880 dico

1274 2893 1488 2929 audiendum
1512 2903 1593 2928 eum
1618 2903 1706 2935 esse,
1730 2893 1782 2935 ita
1805 2896 1935 2936 tamen,
1961 2896 1996 2927 et
2019 2892 2087 2928 si¹¹
2111 2890 2359 2941 satisdationes

1274 2939 1401 2974 offerat
1423 2943 1460 2974 et
1482 2949 1603 2974 omnes
1629 2937 1942 2980 confideiussores,
1976 2937 2034 2981 qui
2063 2936 2181 2972 idonei
2203 2945 2281 2970 esse
2305 2935 2356 2969 dl-

1275 2988 1422 3028 cuntur,
1462 2987 1606 3029 praesto
1637 2984 1726 3019 sint:
1766 2993 1833 3018 nec
1864 2982 1955 3018 enim
1988 2991 2126 3026 semper
2157 2980 2271 3032 facilis
2303 2983 2357 3030 est

1274 3030 1426 3065 nominis
1451 3040 1505 3064 em
1531 3029 1600 3071 tio,
1627 3039 1708 3064 cum
1731 3029 1929 3063 numeratio
1953 3027 2062 3063 totius
2087 3026 2195 3061 debit1
2217 3035 2288 3059 non
2311 3028 2357 3059 sit

1278 3079 1291 3109 1
1341 3075 1379 3109 in
1409 3085 1498 3119 expe
1524 3074 1584 3109 'to.
1631 3074 1688 3108 Ita
1719 3072 1860 3108 demum
1888 3074 1982 3108 inter
2013 3071 2238 3107 fideiussores
2269 3068 2355 3103 divi-

1275 3120 1373 3155 ditur
1407 3120 1519 3163 actio,
1567 3119 1598 3154 si
1635 3129 1707 3153 non
1744 3118 1957 3153 infitientur:
2002 3127 2084 3151 nam
2120 3114 2354 3150 infitiantibus

1276 3168 1294 3199 2
1343 3164 1513 3199 auxilium
1545 3163 1725 3199 divisionis
1754 3174 1827 3198 non
1849 3167 1905 3198 est
1932 3160 2193 3206 indulgendum.
2241 3158 2354 3193 Filius

1273 3209 1427 3245 familias
1461 3219 1527 3254 pro
1593 3213 1670 3243 atre
1699 3209 1832 3253 poterit
1866 3207 2058 3243 fideiubere
2088 3214 2154 3239 nec
2183 3203 2251 3254 erit
2270 3203 2354 3254 ,sine

1274 3255 1402 3290 effectu
1425 3254 1515 3289 haec
1537 3253 1562 3288 fi
1588 3253 1728 3297 eiussio,
1752 3253 1865 3298 primo
1890 3252 2046 3297 quidem,
2072 3248 2166 3294 quod
2189 3259 2245 3283 sui
2267 3258 2354 3300 iurjs

1275 3299 1422 3335 effectus
1446 3298 1579 3344 poterit
1599 3299 1717 3334 teneri
1739 3298 1777 3333 in
1799 3298 1836 3333 id
1860 3296 1954 3342 quod
1977 3296 2094 3330 facere
2144 3292 2352 3344 otest-dein

1275 3345 1370 3390 quod
1383 3345 1411 3366 ¹2
1435 3348 1485 3388 et,
1517 3343 1602 3379 dum
1624 3343 1661 3378 in
1684 3347 1862 3388 potestate
1885 3345 2013 3381 manet,
2038 3347 2265 3389 con-emnam
2287 3347 2351 3382 po-

1273 3394 1354 3425 test.
1403 3388 1465 3424 sed
1496 3399 1544 3424 an
1565 3393 1669 3434 pater
1692 3399 1735 3424 ex
1766 3388 1834 3422 hac
1860 3396 1967 3421 causa
1992 3383 2086 3429 quod
2109 3393 2207 3418 iussu
2231 3386 2351 3417 tenea-

1273 3439 1351 3476 tur,
1384 3434 1582 3470 videamus:
1615 3439 1652 3469 et
1679 3438 1767 3478 puto
1797 3433 1843 3467 ad
1875 3440 1996 3465 omnes
2027 3431 2232 3463 contractus
2256 3426 2352 3471 quod

1273 3480 1373 3515 iussu
1403 3479 1510 3514 etiam
1538 3479 1674 3514 referri.
1722 3477 1784 3513 sed
1815 3477 1845 3511 si
1873 3476 2056 3519 ignorante
2085 3476 2188 3523 patre
2212 3481 2284 3523 ‘pro
2309 3481 2351 3506 eo

1274 3524 1503 3568 fideiusserit,
1536 3528 1654 3560 cessat
1683 3523 1753 3558 ista
1783 3521 1893 3556 actio:
1932 3523 2050 3553 tamen
2081 3527 2181 3562 quam
2209 3527 2246 3550 m
2277 3525 2352 3551 rem

1669 3637 1712 3676 (6)
1737 3636 1774 3668 id
1792 3641 1857 3667 est:
1881 3631 1957 3665 volo
2067 3631 2109 3672 (7)
2135 3631 2171 3663 id
2189 3636 2253 3662 est:
2277 3625 2352 3661 dico

1591 3683 1635 3724 (9)
1660 3691 1727 3713 non
1747 3679 1808 3712 del.
1829 3677 1882 3710 F2
2002 3676 2062 3716 (10)
2085 3674 2279 3718 promiserat
2302 3669 2350 3706 F*

1759 3725 1817 3764 (12)
1842 3721 1961 3755 deinde
1971 3721 2010 3753 in
2021 3719 2111 3761 quod
2124 3719 2174 3752 F²

1272 3637 1371 3670 iubeo
1392 3637 1466 3670 dico
1486 3636 1561 3670 volo

1275 3685 1318 3724 (s)
1343 3683 1418 3725 quis
1439 3683 1474 3716 F

1274 3729 1328 3768 (11)
1354 3730 1387 3760 et
1398 3727 1438 3770 si]
1450 3727 1479 3759 si
1491 3730 1524 3759 et
1537 3727 1669 3759 Pothier

2015 3822 2081 3854 93*
