2528 3918
1268 125 1354 175 478
1564 140 1572 147 ‘
1583 154 1607 161 x

1504 49 1564 131 m)

2093 143 2159 178 DE
2184 145 2424 180 Almu'rls

873 386 1052 446 LIBER
1081 395 1438 447 TRIGESIMUS
1468 396 1747 457 QUARTUS.

703 523 757 564 1¹.

275 587 338 620 DE
362 587 614 622 AanNTIS
638 588 730 622 VEL
755 588 952 622 CIBARIIS
975 589 1181 624 LEGATIS.

236 652 251 690 l
288 651 482 690 Uhmfflvs
502 653 593 691 libro
617 655 743 700 quinto
773 655 818 690 de
846 656 1011 692 omnibus
1034 656 1273 694 tribunalibus

185 698 223 734 Si
246 698 416 734 alimenta
438 698 572 735 fuerint
594 699 728 744 legata,
763 699 835 735 dici
863 704 983 745 potest
1013 701 1120 737 etiam
1143 712 1272 747 aquam

184 744 300 788 legato
331 744 467 787 inesse,
500 744 530 780 si
561 745 598 780 in
631 755 674 780 ea
703 745 846 790 regione
878 745 1011 782 fuerint
1040 746 1176 792 legata,
1209 748 1272 783 ubi

185 788 390 825 venumdari
412 799 507 835 aqua
528 789 629 825 solet.

229 831 255 871 2
279 833 514 871 Manolfflvs
541 835 632 871 libro
663 839 788 871 octavo
815 836 1077 872 institutionum
1124 836 1162 873 Si
1193 838 1271 883 quis

183 878 318 916 libertis
349 879 518 915 alimenta
546 880 746 925 reliquerit,
779 884 816 916 et
842 881 874 916 si
896 880 1002 927 legati
1025 881 1157 918 fuerint
1180 884 1271 919 servi

184 929 219 960 et
250 924 367 970 rogati
394 924 557 970 legatarii
586 926 852 968 manumittere,
884 926 931 962 ad
960 926 1270 964 fideicommissum

183 969 431 1013 admittuntur,
455 974 495 1006 ut
518 974 555 1006 et
577 970 647 1006 divi
671 981 813 1023 quoque
836 971 986 1008 Severus
1010 977 1047 1008 et
1067 974 1270 1009 Antoninus

186 1018 199 1050 l
250 1014 522 1061 rescripserunt.
580 1015 631 1050 Et
660 1016 745 1052 hcet
778 1016 825 1052 ad
854 1015 981 1052 fiscum
1012 1018 1108 1054 bona
1138 1018 1271 1055 fuerint

183 1059 367 1104 devoluta,
398 1070 444 1096 ex
466 1060 596 1106 quibus
621 1061 788 1098 alimenta
811 1061 1028 1106 debeantur,
1054 1064 1270 1108 praestanda

181 1109 284 1149 sunt,
309 1106 415 1142 sicuti
438 1106 470 1142 si
492 1105 539 1141 ad
563 1106 755 1151 quemlibet
778 1117 1022 1144 successorem
1045 1109 1267 1145 transissent.

226 1147 252 1189 3
284 1150 479 1187 Urpzfflvs
499 1150 589 1188 libro
613 1152 769 1188 secundo
793 1152 838 1188 de
860 1153 987 1199 officio
1012 1153 1170 1189 consulis
1204 1154 1268 1190 So-

180 1196 256 1233 lent
286 1196 421 1232 iudices
453 1207 498 1233 ex
527 1207 637 1232 causa
660 1197 908 1234 alimentorum
930 1198 1077 1235 libertos
1103 1198 1268 1242 dividere,

181 1241 344 1288 quotiens
368 1241 488 1287 plures
512 1246 597 1277 sunt
618 1242 778 1285 heredes,
803 1253 849 1278 ne
872 1253 894 1278 a
913 1243 1060 1289 singulis
1078 1244 1269 1282 heredibus

181 1286 381 1322 minutatim
404 1287 572 1323 alimenta
594 1291 756 1332 petentes
780 1287 1055 1334 distringantur:
1084 1300 1191 1334 quam
1215 1289 1268 1326 di-

180 1332 349 1369 visionem
379 1332 527 1384 perinde
558 1332 651 1368 tueri
682 1337 824 1378 oportet
855 1337 962 1378 atque
986 1334 1016 1370 si
1038 1338 1143 1379 pater
1165 1334 1267 1370 fami-

179 1377 245 1413 lias
268 1378 346 1422 ipse
368 1376 514 1413 l1bertos
539 1377 724 1413 divisisset.
772 1378 890 1414 solent
920 1383 956 1414 et
985 1390 1096 1415 unum
1128 1379 1268 1425 eligere,

180 1433 245 1475 per
268 1433 372 1474 quem
396 1423 563 1458 alimenta
585 1426 822 1468 praestentur,
847 1427 911 1459 aut
935 1434 979 1460 ex
1001 1425 1185 1461 voluntate
1207 1425 1267 1461 de-

179 1470 296 1504 tuncti
318 1471 382 1503 aut
405 1468 553 1503 arbitrio
579 1478 663 1510 suo,
696 1472 738 1504 ut
763 1468 941 1514 rescripta
963 1469 1124 1506 subiecta
1148 1474 1267 1507 osten-

179 1513 287 1548 dunt:
314 1512 538 1558 ‘Exemplum
562 1513 671 1549 libelli
694 1513 771 1549 dati
792 1514 879 1550 mihi
899 1525 921 1550 a
939 1514 1075 1552 libertis
1093 1515 1170 1551 Silii
1189 1516 1269 1552 misi

180 1558 302 1601 ‘vobis,
326 1557 443 1594 sciens
467 1558 515 1594 ad
537 1559 738 1604 exemplum
754 1560 859 1594 istam
878 1570 953 1595 rem
969 1560 1160 1606 pertinere,
1184 1561 1268 1607 quia

179 1603 293 1638 ‘multi
323 1604 544 1639 testamentis
577 1604 650 1640 suis
681 1605 859 1650 praestari
888 1604 1024 1641 libertis
1051 1605 1178 1642 iubent
1206 1617 1266 1642 ne-

179 1648 366 1691 ‘cessas-ia,
398 1659 490 1695 quae
521 1649 606 1695 quia
635 1650 769 1685 minimi
798 1650 891 1686 aeris
914 1655 1017 1694 sunt,
1050 1651 1096 1687 ad
1119 1651 1267 1688 nihilum

179 1693 445 1739 ‘perducuntur,
471 1705 552 1730 cum
575 1695 696 1740 plures
715 1693 865 1731 heredes
886 1700 1082 1741 coeperunt
1099 1707 1165 1742 per
1184 1707 1266 1733 suc-

179 1739 369 1775 ‘cessiones
400 1740 562 1775 existere.
618 1751 690 1785 qua
727 1741 771 1776 de
802 1751 913 1777 causa
944 1745 1031 1787 puto
1071 1752 1134 1778 vos
1168 1746 1267 1778 recte

179 1784 369 1826 facturos,
402 1785 433 1821 si
462 1785 667 1821 convocatis
691 1785 849 1822 Favillae
877 1786 1069 1823 heredibus
1092 1797 1265 1832 procura·

178 1830 371 1866 ·toribusve
402 1841 524 1866 eorum
556 1831 830 1874 constitueritis,
872 1832 930 1867 cui
968 1842 991 1867 a
1026 1832 1153 1868 ceteris
1189 1833 1266 1868 dari

178 1875 320 1910 ‘debeat
343 1876 512 1920 pecunia,
545 1886 589 1911 ex
619 1876 720 1912 cuius
749 1876 867 1912 usuris
891 1877 1059 1913 alimenta
1080 1882 1265 1923 praesten-

179 1925 261 1955 ‘tur.
309 1919 454 1956 debebit
483 1925 603 1957 autem
633 1921 664 1957 is
697 1922 758 1966 qui
790 1922 942 1968 accipiet
974 1933 1099 1959 cavere
1130 1923 1182 1960 eis
1206 1923 1267 1969 qui

178 1965 327 2000 ‘dabunt
350 1966 572 2001 redditurum
595 1977 652 2009 se,
679 1971 720 2002 ut
743 1967 893 2012 quisque
916 1978 960 2004 ex
983 1968 1119 2004 libertis
1142 1968 1264 2005 deces-

178 2010 275 2046 ‘serit
298 2011 414 2047 aliove
438 2022 508 2056 quo
532 2011 637 2047 modo
662 2013 699 2047 in
722 2012 865 2048 civitate
889 2023 967 2049 esse
991 2013 1153 2057 desierit,
1184 2018 1264 2049 tan·

177 2061 264 2091 ‘tum
296 2066 339 2091 ex
373 2060 491 2099 sorte,
523 2061 696 2101 quantum
728 2056 860 2094 efficiet
889 2069 955 2104 pro
979 2059 1145 2104 portione
1168 2070 1264 2096 com-

178 2101 350 2146 ‘putatio'.
409 2101 520 2137 Divus
559 2102 645 2138 Pius
686 2102 823 2138 Rubrio
867 2103 1008 2139 cuidam
1047 2104 1264 2156 Telesphoro

178 2146 378 2191 rescripsit:
412 2146 596 2183 ‘Consules
619 2148 756 2183 vocatis
779 2148 852 2191 his,
878 2159 900 2184 a
924 2150 1052 2194 quibus
1075 2150 1176 2186 vobis
1200 2149 1264 2185 ali-

177 2195 309 2227 ·menta
331 2191 452 2227 deberi
476 2202 519 2227 ex
544 2203 654 2229 causa
676 2193 938 2229 fideicommissi
962 2195 1178 2238 constiterit,
1209 2195 1265 2230 vel

177 2242 310 2273 ‘omnes
333 2237 379 2273 ab
404 2247 475 2273 uno
499 2238 556 2273 vel
578 2237 676 2274 facta
699 2249 765 2284 pro
788 2240 893 2274 rata2
916 2239 1165 2276 distributione
1186 2240 1264 2286 quis

177 2282 247 2318 ‘et³
277 2292 300 2318 a
331 2282 460 2328 quibus
497 2283 596 2328 perci
621 2283 721 2327 istis,
761 2283 963 2320 decernent.
1016 2284 1127 2321 fiscus
1159 2286 1263 2328 enim,

175 2328 217 2363 ‘si
241 2338 283 2364 eo
308 2328 450 2363 nomine
473 2328 558 2373 quid
581 2338 604 2363 a
651 2338 694 2364 eo
717 2329 819 2365 vobis
840 2328 1039 2372 deberetur,
1064 2331 1264 2376 exemplum

176 2377 365 2418 sequetur.
412 2373 485 2408 iam
514 2384 609 2409 nunc
632 2374 755 2410 sciatis
779 2379 900 2419 partes
925 2386 1068 2419 eorum,
1100 2376 1161 2421 qui
1193 2376 1263 2412 sol-

176 2418 301 2454 ¹vendo
335 2428 413 2454 esse
447 2418 635 2462 desierint,
667 2430 740 2455 non
771 2420 951 2464 pertinere
981 2420 1029 2456 ad
1059 2431 1150 2457 onus
1181 2421 1262 2457 reli-

178 2469 340 2508 ⁴quorum
363 2463 558 2499 heredum’.

221 2507 246 2545 4
271 2508 523 2545 Moosswws
544 2509 636 2545 libro
660 2508 797 2546 decimo
819 2521 1074 2557 responsorum
1124 2514 1202 2547 Τοῒε
1224 2525 1264 2545 τε

176 2550 427 2600 ἀπελευθέροις
449 2559 527 2589 ταῖς
548 2567 589 2588 τε
612 2549 870 2599 ἄπελευθέραις
891 2569 976 2599 μου,
1011 2553 1070 2592 οὓς
1101 2557 1200 2596 ζῶσα
1223 2558 1264 2590 ἔν

177 2613 213 2632 τε
239 2600 283 2641 τῆ
317 2597 479 2646 διαθήκῃ
511 2602 553 2634 ἔν
583 2612 624 2633 τε
652 2601 708 2644 τῷ
741 2597 942 2644 κωὸικίλλῳ
974 2596 1209 2649 ἠλευθέρωσα
1241 2599 1262 2644 ἢ

175 2634 426 2690 ἐλευθερώσω,
459 2643 620 2687 δοθῆναι
641 2642 820 2690 βούλομαι
841 2644 886 2680 τὰ
911 2650 951 2680 έν
972 2649 1074 2682 Χίοις
1096 2661 1166 2691 μου
1187 2660 1261 2689 χω-

174 2692 244 2731 ρία,
271 2692 330 2724 ἐπὶ
350 2691 405 2733 τῷ
426 2693 487 2724 καὶ
500 2686 567 2724 ὅσα
590 2687 704 2733 ζώσης
721 2703 792 2734 μου
811 2688 1017 2735 ἐλάμβανον
1038 2693 1263 2734 στοιχεῖσθαι

176 2730 296 2771 αὐτοῖς
332 2738 497 2781 κιβαρίου
533 2738 593 2768 καὶ
626 2738 835 2780 βεοτιαρίου
871 2731 1025 2780 ὀνόματι
1035 2737 1059 2772 ⁴.
1116 2748 1261 2782 quaero,

175 2790 281 2824 quam
304 2780 463 2815 habeant
486 2780 798 2825 significationem,
832 2786 950 2817 utrum
977 2787 1018 2817 ut
1041 2792 1085 2817 ex
1107 2783 1262 2828 praediis

175 2825 342 2860 alimenta
373 2825 443 2870 ipsi
475 2825 619 2870 capiant
651 2836 698 2860 an
721 2836 803 2862 vero
828 2830 869 2861 ut
892 2831 1032 2879 praeter
1054 2827 1203 2873 praedia
1227 2832 1262 2863 et

175 2870 310 2905 cibaria
334 2875 370 2906 et
393 2871 558 2906 vestiaria
581 2871 626 2906 ab
651 2871 782 2907 herede
831 2873 1029 2917 ercipiant?
1076 2876 1112 2908 et
1142 2877 1261 2908 utrum

174 2916 373 2961 proprietas
405 2926 451 2950 an
482 2926 568 2951 usus
599 2915 738 2952 fructus
769 2927 808 2952 re
824 2917 914 2952 ‘ctus
947 2918 1027 2953 est?
1065 2922 1100 2954 et
1124 2918 1155 2953 si
1176 2929 1260 2963 pro-

174 2960 308 3005 prietas
331 2960 456 2996 relicta
478 2961 535 3003 sit,
561 2961 694 3006 aliquid
717 2965 838 2997 tamen
861 2962 1079 3008 superfluum
1103 2963 1260 2998 invenia-

174 3011 234 3041 tur
255 3005 293 3041 in
316 3005 505 3048 reditibus,
539 3016 645 3051 quam
678 3011 732 3042 est
762 3007 798 3042 in
823 3008 1024 3052 quantitate
1047 3008 1261 3044 cibariorum

174 3056 210 3086 et
239 3051 504 3093 vestiariorum,
537 3062 583 3086 an
615 3051 661 3086 ad
692 3053 858 3088 heredem
885 3057 1060 3098 patronae
1083 3054 1261 3099 pertinet?

174 3100 211 3132 et
240 3096 271 3132 si
301 3096 432 3132 mortui
463 3097 571 3142 aliqui
595 3106 640 3131 ex
664 3097 798 3134 libertis
822 3098 912 3141 sint,
943 3108 991 3133 an
1022 3109 1106 3144 pars
1137 3108 1260 3135 eorum

173 3141 220 3177 ad
242 3141 588 3178 fideicommissarios
612 3143 819 3187 superstites
843 3143 1022 3188 pertinet?
1059 3147 1095 3179 et
1125 3154 1174 3180 an
1204 3143 1260 3180 die

174 3187 346 3223 cedente¹⁵
383 3186 644 3223 fideicommissi
679 3187 902 3223 morientium
934 3188 1143 3225 libertorum
1177 3199 1259 3234 por-

173 3233 289 3268 tiones
329 3231 375 3267 ad
409 3231 557 3268 heredes
592 3241 714 3267 eorum
749 3243 795 3268 an
827 3234 1008 3270 testatoris
1041 3234 1259 3270 decurrant?

174 3277 397 3314 Modestinus
427 3276 628 3329 respondit:
673 3277 835 3314 videntur
872 3279 958 3314 mihi
996 3279 1075 3324 ipsa
1113 3279 1260 3325 praedia

175 3333 253 3359 esse
275 3322 410 3359 libertis
433 3322 577 3364 relicta,
609 3325 650 3356 ut
705 3322 785 3358 leno
812 3323 966 3360 dominio
989 3325 1080 3360 haee
1103 3324 1260 3360 habeant

175 3374 210 3403 et
232 3379 305 3404 non
328 3378 393 3414 per
416 3367 531 3403 solum
554 3377 656 3403 usum
715 3371 835 3403 uctum
868 3372 904 3404 et
933 3369 1013 3405 ideo
1045 3373 1082 3405 et
1112 3370 1143 3405 si
1197 3369 1258 3405 uid

174 3413 392 3459 superfluum
421 3413 459 3448 in
489 3411 661 3448 reditibus
717 3422 798 3447 uam
828 3413 866 3448 in
898 3414 1041 3450 cibariis
1073 3414 1156 3458 erit,
1214 3424 1259 3450 oc

175 3458 221 3494 ad
244 3458 391 3495 libertos
414 3458 602 3504 pertineat.
649 3467 666 3492 s
743 3462 778 3492 et
809 3458 839 3493 si
863 3458 1055 3494 decesserit
1076 3458 1258 3495 fideicom-

175 3503 357 3540 missarius
392 3506 477 3539 ante
510 3503 603 3539 diem
635 3501 898 3539 fideicommissi
933 3503 1134 3548 cedentem,
1173 3514 1259 3550 pars

219 3621 258 3660 (ι)
284 3618 400 3652 Sam.
413 3625 448 3657 ις
465 3618 530 3651 Ed.
541 3624 629 3656 3...s;
648 3615 836 3660 Pap.·1...u.
850 3623 976 3656 20...2s;
992 3619 1258 3662 App.1s...1s.—

183 3664 376 3705 Rasum
455 3664 500 3703 (2)
524 3673 586 3706 pro
597 3661 760 3705 parataF
831 3666 874 3699 (3)
898 3664 932 3695 et
944 3664 1005 3696 del.
1076 3662 1120 3707 (⁴)
1145 3664 1257 3697 iden.-

175 3708 320 3741 Libertis
337 3707 585 3750 libertabusque
603 3706 701 3748 meis,
728 3717 811 3749 quos
834 3706 910 3739 viva
933 3706 985 3740 vel
1005 3708 1041 3740 in
1062 3709 1258 3742 testamento

175 3753 252 3786 inve
270 3752 434 3786 codicillis
449 3752 626 3786 manumisi
643 3752 916 3793 manumiserove,
937 3752 1007 3785 dari
1031 3753 1104 3786 volo
1122 3752 1257 3795 praedia

1341 522 1418 559 eius
1441 521 1489 558 ad
1512 526 1650 558 ceteros
1673 522 2017 560 fideicommissarios
2036 523 2206 570 pertinet:
2232 528 2315 570 post
2333 525 2423 562 diem

1341 571 1461 603 autem
1485 567 1669 604 cedentem
1691 567 1722 604 si
1744 568 1804 614 qui
1827 570 1958 605 mortui
1981 569 2069 612 sint,
2098 568 2145 605 ad
2167 579 2253 606 suos
2275 569 2424 607 heredes

1345 616 1359 647 1
1409 613 1498 648 haec
1521 613 1772 648 transmittent.
1819 613 1954 650 Lucius
1979 614 2094 650 Titius
2121 618 2334 651 testamento
2358 626 2423 652 suo

1339 657 1477 694 libertis
1511 657 1777 704 libertabusque
1812 659 1946 695 cibaria
1981 663 2017 695 et
2050 659 2218 695 vestiaria
2252 669 2273 695 a
2304 660 2423 697 liberis

1340 702 1414 738 suis
1447 702 1649 748 eisdemque
1678 703 1868 739 heredibus
1892 705 2069 749 praestari
2090 705 2194 740 iussit
2216 705 2314 741 nulla
2338 716 2422 742 con-

1340 747 1479 784 dicione
1509 747 1649 784 addita:
1682 758 1833 794 quaero,
1865 759 1932 795 an,
1963 750 1993 786 si
2023 749 2100 786 sine
2129 751 2274 795 patroni
2302 750 2423 787 liberis

1339 793 1432 828 idem
1453 793 1571 829 liberti
1593 797 1720 846 agant,
1749 793 1884 831 cibaria
1907 799 1943 830 et
1964 795 2131 830 vestiaria
2154 795 2317 841 accipere
2340 807 2422 842 pos-

1340 838 1421 874 sint.
1476 838 1698 874 Modestinus
1732 839 1916 884 respondit
1949 839 2037 875 nihil
2067 841 2237 886 proponi,
2278 845 2424 887 propter

1340 883 1436 928 quod
1469 883 1595 929 petitio
1630 894 1772 927 eorum,
1811 894 1904 929 quae
1936 888 2149 922 testamento
2184 896 2272 931 pure
2305 886 2424 932 legata

1339 932 1433 971 sunt,
1460 939 1532 964 non
1556 932 1746 974 competat.

1385 972 1409 1011 5
1433 973 1542 1009 1021(
1560 973 1651 1010 libro
1675 973 1862 1010 undecimo
1885 984 2139 1020 responsorum
2173 974 2296 1011 Verba
2313 980 2422 1012 testa-

1339 1018 1467 1054 menti:
1502 1019 1678 1055 ‘omnibus
1707 1018 1844 1055 libertis
1874 1018 2006 1054 nostris
2038 1019 2173 1055 cibaria
2195 1021 2423 1065 praestabitis

1339 1067 1415 1109 ‘pro
1447 1063 1594 1100 arbitrio
1625 1067 1763 1107 vestro,
1794 1074 1867 1099 non
1897 1064 2120 1109 ignorantes,
2153 1066 2266 1110 qu0t⁶
2293 1075 2338 1102 ex
2367 1066 2423 1102 his

1340 1112 1454 1144 ‘caros
1485 1109 1682 1145 habuerim'
1740 1109 1826 1145 item
1856 1108 1926 1145 alio
1957 1109 2056 1145 loco:
2090 1108 2331 1156 ‘Prothymum
2352 1110 2422 1148 Po-

1338 1154 1574 1200 ‘lychronium
1595 1154 1791 1200 Hypatium
1817 1153 2044 1190 commendo:
2081 1158 2122 1190 ut
2152 1156 2210 1190 et⁷
2241 1156 2422 1192 vobiscum

1338 1201 1422 1235 ‘sint
1442 1204 1477 1235 et
1497 1199 1631 1235 cibaria
1676 1200 1850 1242 raestetis‚
1874 1199 1981 1244 peto’.
2030 1210 2173 1245 quaero,
2194 1211 2242 1236 an
2260 1202 2423 1238 omnibus

1338 1244 1474 1280 cibaria
1497 1244 1628 1280 debent
1719 1244 1727 1251 '
1752 1254 1798 1279 an
1820 1244 1876 1280 his
1901 1254 1990 1290 quos
2011 1245 2266 1281 commendavit
2284 1250 2321 1282 et
2342 1257 2422 1282 cum

1336 1290 1528 1326 heredibus
1552 1300 1631 1326 esse
1654 1289 1784 1325 iussit?
1814 1289 2040 1325 Modestinus
2057 1290 2243 1335 respondit
2260 1292 2422 1327 omnibus

1337 1335 1472 1371 libertis
1505 1335 1640 1370 cibaria
1669 1335 1796 1370 relicta
1816 1335 1986 1380 proponi,
2019 1346 2170 1381 quorum
2192 1336 2335 1374 modum
2359 1338 2422 1373 viri

1336 1380 1423 1416 boni
1446 1380 1594 1416 arbitrio
1619 1379 1847 1416 statuendum
1871 1390 1958 1416 esse.

1383 1422 1408 1463 6
1432 1424 1480 1461 ΙΔ
1488 1435 1659 1462 vozmws
1678 1425 1769 1462 libro
1791 1425 1948 1461 secundo
1967 1436 2018 1461 ex
2036 1425 2156 1462 Cassio
2194 1425 2339 1472 Legatis
2359 1427 2421 1464 ali-

1336 1470 1463 1506 mentis
1489 1470 1625 1507 cibaria
1645 1475 1680 1506 et
1698 1471 1846 1506 vestitus
1866 1474 1902 1506 et
1921 1470 2095 1506 habitatio
2118 1471 2316 1514 debebitur,
2364 1473 2424 1508 uia

1337 1516 1413 1551 sine
1435 1515 1492 1551 his
1516 1516 1563 1551 ali
1587 1526 1718 1562 corpus
1741 1527 1814 1551 non
1835 1519 1973 1561 potest:
2007 1520 2125 1551 cetera
2156 1527 2248 1562 quae
2279 1518 2325 1553 ad
2341 1484 2422 1554 (iiis-

1337 1561 1503 1606 ciplinam
1525 1561 1706 1606 pertinent
1728 1561 1843 1607 legato
1867 1571 1940 1596 non
1965 1561 2203 1604 continentur,

1384 1604 1408 1643 7
1434 1605 1592 1642 PAULUS
1619 1607 1711 1643 libro
1735 1610 1867 1653 quarto
1891 1606 2027 1642 decimo
2050 1617 2304 1654 responsorum
2355 1609 2421 1644 nisi

1336 1651 1434 1687 aliud
1457 1655 1663 1687 testatorem
1686 1652 1840 1688 sensisse
1862 1651 2047 1697 probetur.

1381 1693 1406 1734 8
1433 1696 1678 1732 Psenvmws
1705 1696 1796 1733 libro
1827 1697 1977 1743 septimo
2007 1707 2260 1744 responsorum
2307 1698 2420 1735 Pecu-

1336 1741 1417 1777 niae
1450 1745 1582 1778 sortem
1617 1742 1792 1777 alimentis
1826 1742 2033 1777 libertorum
2068 1742 2281 1778 destinatam
2312 1755 2420 1779 unum

1335 1797 1380 1822 ex
1412 1786 1603 1823 heredibus
1638 1786 1835 1823 secundum
1869 1787 2087 1822 voluntatem
2125 1787 2285 1824 defuncti
2317 1800 2419 1834 prae-

1335 1832 1525 1877 cipientem
1549 1842 1673 1868 cavere
1696 1842 1769 1868 non
1793 1842 1871 1868 esse
1895 1832 2090 1878 cogendum
2114 1843 2159 1868 ex
2182 1843 2337 1878 persona
2360 1834 2420 1870 de-

1334 1876 1527 1913 ficientium
1546 1881 1669 1923 partes
1689 1877 1923 1914 coheredibus
1940 1878 2080 1913 restitui
2098 1877 2252 1924 placuit:
2278 1879 2325 1915 ob
2344 1890 2421 1915 eam

1334 1922 1442 1968 igitur
1472 1923 1627 1968 speciem
1656 1927 1740 1969 post
1770 1927 1919 1959 mortem
1950 1923 2106 1958 omnium
2136 1923 2342 1959 libertorum
2366 1925 2420 1960 in-

1336 1968 1447 2003 debiti
1470 1979 1542 2004 non
1567 1968 1736 2014 competit
1760 1969 1854 2004 actio
1878 1978 1946 2004 nec
1968 1968 2064 2004 utilis
2089 1968 2242 2004 dabitur.
2283 1969 2422 2006 diversa

1336 2024 1447 2048 causa
1471 2017 1525 2049 est
1548 2014 1636 2056 eius,
1661 2014 1720 2049 cui
1743 2014 1939 2059 legatorum
1963 2012 2086 2050 divisio
2106 2013 2312 2050 mandatur:
2337 2025 2419 2050 nam

1335 2069 1378 2094 ea
1400 2069 1458 2094 res
1482 2063 1706 2104 praesentem
1730 2060 1797 2094 ac⁸
1820 2059 2087 2095 momentariam
2113 2069 2236 2095 curam
2257 2059 2420 2106 iniungit,

1334 2104 1582 2139 alimentorum
1613 2114 1696 2140 vero
1729 2103 2012 2149 praebendorum
2035 2104 2229 2141 necessitas
2253 2105 2420 2142 oneribus

1335 2149 1524 2185 menstruis
1547 2153 1656 2195 atque
1679 2149 1807 2185 annuis
1831 2149 2082 2185 verecundiam
2109 2160 2251 2196 quoque
2273 2150 2419 2196 pulsan·

1335 2195 1430 2230 tibus
1453 2194 1695 2240 adstringitur.

1379 2237 1405 2277 9
1437 2239 1546 2275 Ios-u
1574 2240 1665 2276 libro
1701 2246 1826 2275 octavo
1860 2250 2114 2287 responsorum
2169 2239 2251 2276 Alio
2290 2240 2420 2277 herede

1332 2285 1494 2321 instituto
1525 2284 1577 2320 ita
1607 2284 1766 2330 scripsit:
1800 2287 1835 2319 ‘a
1856 2288 1893 2320 te
1915 2289 2017 2330 peto,
2049 2284 2119 2321 Gai
2141 2284 2218 2328 Sei,
2250 2285 2418 2332 quidquid

1334 2333 1390 2365 ‘ex
1418 2330 1615 2366 hereditate
1645 2340 1725 2366 mea
1749 2329 1946 2375 redegeris,
1976 2329 2046 2365 illis
2070 2330 2222 2366 alumnis
2245 2331 2331 2366 meis
2356 2331 2418 2367 des

1333 2375 1494 2420 ‘singulis
1525 2375 1636 2411 denos
1662 2385 1791 2410 aureos
1816 2374 2032 2421 eandemque
2055 2385 2227 2412 summam
2249 2386 2359 2422 penes
2383 2382 2418 2412 te

1333 2424 1423 2456 ‘esse
1453 2421 1552 2463 volo,
1585 2420 1687 2456 cuius
1719 2430 1764 2455 ex
1793 2419 2010 2455 incremento
2042 2430 2104 2456 eos
2135 2420 2231 2456 alere
2261 2426 2297 2456 te
2319 2422 2416 2457 volo:

1333 2465 1409 2501 ‘reli
1434 2476 1519 2507 uum
1542 2466 1708 2501 restitues
1732 2465 1901 2501 Numerio
1926 2465 2121 2501 conliberto
2148 2466 2296 2502 nostro'.
2342 2477 2416 2502 res-

1330 2521 1404 2556 pon
1431 2511 1459 2553 ‘‚
1506 2511 1664 2556 quamvis
1699 2509 1898 2546 distrahere
1931 2510 2026 2546 bona
2061 2509 2173 2547 Gaius
2207 2510 2311 2547 Seius
2347 2511 2416 2548 alio

1332 2556 1467 2601 scripto
1491 2555 1622 2592 herede
1648 2566 1722 2592 non
1744 2555 1877 2601 possit,
1909 2559 2028 2591 tamen
2052 2566 2152 2599 eum,
2185 2556 2337 2592 alumnis
2360 2567 2415 2592 re-

1331 2601 1451 2636 lictam
1481 2601 1671 2647 pecuniam
1696 2605 1738 2636 ut
1759 2606 1876 2636 servet
1898 2611 1942 2638 ac
1964 2601 2149 2643 restituat,
2179 2601 2275 2637 intra
2298 2601 2415 2638 Falci-

1332 2645 1426 2681 diam
1449 2650 1547 2682 recte
1592 2647 1778 2682 etiturum:
1803 2645 1900 2692 quod
1919 2644 1963 2681 de
1981 2645 2162 2691 superfluo
2181 2646 2326 2693 probari
2345 2658 2415 2683 non

1335 2695 1348 2727 1
1397 2695 1530 2737 potest.
1565 2658 1672 2727 ziam
1703 2701 1843 2737 quoque
1871 2691 2036 2726 libertum
2058 2691 2152 2727 inter
2175 2702 2254 2736 eos,
2286 2692 2415 2738 quibus

1331 2736 1484 2779 cibaria,
1508 2737 1591 2772 item
1617 2736 1821 2772 vestiarium
1843 2740 2015 2782 patrona,
2043 2747 2135 2782 quae
2157 2736 2236 2772 viva
2257 2741 2414 2783 praesta-

1331 2782 1413 2825 bat,
1436 2781 1596 2835 reliquit,
1624 2785 1722 2817 recte
1746 2780 2055 2817 fideicommissum
2077 2781 2271 2827 petiturum
2295 2782 2413 2818 existi-

1330 2827 1439 2869 mavi,
1470 2838 1532 2873 qui
1562 2837 1701 2862 annuos
1732 2826 1854 2871 viginti
1885 2837 2014 2862 aureos
2037 2830 2074 2862 et
2095 2831 2315 2863 menstruum
2338 2827 2413 2863 fru-

1331 2877 1487 2908 mentum
1510 2876 1618 2918 atque
1639 2872 1758 2907 vinum
1783 2871 1992 2916 acceptavit.

1379 2916 1428 2955 10
1455 2916 1562 2952 Iesu
1584 2917 1674 2953 libro
1698 2928 1795 2952 nono
1817 2927 2072 2962 responsorum
2126 2916 2215 2952 Cum
2246 2927 2339 2952 unus
2370 2928 2411 2954 ex

1330 2962 1519 2999 heredibus
1551 2966 1685 2998 certam
1716 2961 1904 3007 pecuniam
1935 2962 2139 3007 praecipere
2165 2961 2284 2998 iussus
2308 2967 2412 3004 esset,

1329 3007 1374 3044 de
1398 3008 1499 3043 cuius
1523 3007 1644 3043 sorte⁹
1665 3006 1800 3043 libertis
1825 3006 1992 3042 alimenta
2013 3010 2223 3052 praestaret,
2248 3007 2412 3043 heredem

1330 3063 1471 3098 quoque
1493 3051 1634 3088 heredis
1658 3051 1705 3087 ad
1727 3052 2013 3097 praeceptionem
2035 3051 2174 3087 admitti
2196 3051 2341 3105 placuit.
2382 3053 2412 3088 si

1328 3104 1448 3134 tamen
1466 3098 1588 3143 plures
1607 3097 1755 3133 heredes
1774 3097 1877 3133 heres
1896 3096 2055 3138 haberet,
2079 3096 2311 3133 intentionem
2358 3098 2410 3133 ui-

1329 3143 1409 3179 dem
1432 3142 1592 3179 defuncti
1613 3143 1729 3187 prima
1751 3142 1843 3178 facie
1865 3141 2047 3186 refragari,
2072 3141 2134 3177 sed
2154 3141 2252 3177 aliud
2267 3109 2410 3188 progari

1328 3199 1400 3224 non
1432 3191 1614 3233 oportere:
1655 3187 1739 3232 quid
1771 3187 1882 3230 enim,
1918 3187 1948 3222 si
1980 3190 2117 3223 ceteros
2148 3187 2295 3223 heredes
2326 3198 2411 3224 suos

1329 3232 1472 3269 evitavit
1501 3236 1538 3267 et
1567 3232 1722 3278 quietam
1753 3243 1797 3268 ac
1819 3231 2052 3269 verecundam
2075 3236 2183 3278 atque
2206 3232 2312 3268 etiam
2333 3233 2411 3269 ido-

1327 3288 1449 3321 neam,
1479 3277 1616 3314 libertis
1647 3277 1854 3321 consulens‚
1886 3276 2029 3313 domum
2060 3277 2160 3322 sequi
2191 3277 2342 3313 maluit?
2376 3282 2411 3314 et

1326 3323 1407 3359 ideo
1430 3323 1477 3358 ab
1501 3323 1667 3359 omnibus
1689 3322 1879 3359 heredibus
1902 3321 2042 3358 heredis
2063 3322 2231 3358 alimenta
2247 3326 2409 3368 praesta-

1334 3373 1344 3403 1
1390 3368 1535 3403 buntur.
1560 3367 1686 3404 Verbis
1702 3366 1964 3403 fideicommissi
1978 3378 2068 3412 pure
2079 3367 2294 3404 manumisso
2305 3378 2408 3413 prae-

1326 3412 1422 3449 teriti
1438 3422 1580 3458 quoque
1598 3412 1767 3459 temporis
1786 3411 1953 3447 alimenta
1971 3412 2150 3448 reddenda
2167 3417 2261 3455 sunt,
2286 3423 2408 3459 quam·

1326 3458 1379 3494 vis
1402 3457 1540 3494 tardius
1564 3458 1765 3494 libertatem
1787 3457 2036 3502 reciperaverit
2058 3468 2125 3494 nec
2148 3458 2250 3494 heres
2273 3468 2408 3494 moram

1326 3503 1482 3539 libertati
1504 3502 1648 3539 fecerit:
1671 3506 1759 3538 tunc
1782 3502 1875 3538 enim
1898 3502 2075 3548 explorari
2097 3512 2232 3539 moram
2256 3507 2407 3548 oportet,

1327 3617 1364 3650 in
1375 3616 1473 3659 chio,
1493 3619 1532 3650 ut
1543 3619 1669 3659 quanta
1680 3616 1756 3649 viva
1767 3626 1819 3649 me
1831 3616 2039 3659 accipiebant
2049 3617 2227 3660 suppetant
2236 3615 2279 3648 iis
2289 3615 2406 3649 cibarii

1327 3664 1360 3696 et
1378 3662 1525 3695 vestiarii
1544 3661 1687 3696 nomine.
1825 3663 1868 3703 (5)
1892 3671 1934 3694 au
1954 3664 2031 3695 ante
2051 3660 2136 3694 diem
2156 3661 2324 3695 cedentem
2342 3674 2404 3695 scr.

1326 3709 1370 3750 (o)
1394 3707 1517 3759 quosS
1623 3708 1667 3748 (7)
1691 3713 1724 3740 et
1736 3712 1775 3739 ut
1784 3719 1845 3740 scr.
2237 3707 2282 3748 (ο)
2305 3705 2404 3747 sorte]

1326 3761 1435 3785 usuris
1447 3764 1507 3786 scr.

1977 3711 2022 3747 (8)
2047 3707 2136 3740 aoF
