2528 3918
113 169 167 198 ΕΤ
195 165 416 197 PERICULO
447 163 659 195 TUTORUM

111 277 217 313 etiam
242 275 420 310 debitores
472 273 661 324 upillorum
685 272 740 307 vel
758 272 962 307 adultorum
977 282 1020 307 ex
1040 282 1196 317 persona

108 331 174 357 sua
196 324 388 366 prospectu
412 284 522 353 officii
553 318 589 352 in
621 317 790 352 iudicium
820 326 950 352 vocare
973 317 1028 352 vel
1052 317 1102 352 eis
1125 317 1196 352 hoc

106 364 320 401 facientibus
344 374 448 398 suum
469 362 739 398 accommodare
763 372 988 397 consensum.

153 408 178 446 2
201 409 309 445 IDEM
327 409 418 444 libro
442 418 538 443 nono
562 408 612 442 ad
643 407 797 443 edictum
845 405 883 441 Si
905 411 1003 442 tutor
1027 406 1194 443 condem-

106 454 203 491 navit
233 453 306 489 sive
335 453 413 498 ipse
444 452 701 487 condemnatus
735 456 806 494 est,
839 452 974 496 pupillo
1009 456 1045 488 et
1067 453 1104 487 in
1127 463 1193 498 pu-

106 500 228 546 pillum
251 498 370 544 potius
395 497 489 532 actio
513 497 660 533 iudicati
685 497 792 532 datur
815 501 850 532 et
873 498 1042 540 maxime,
1068 498 1098 532 si
1122 508 1195 532 non

107 555 144 580 se
167 544 219 579 liti
244 542 384 588 optulit,
410 542 472 577 sed
497 553 578 577 cum
590 553 662 577 non
686 546 809 587 posset
832 542 886 577 vel
898 546 1046 588 propter
1066 543 1193 577 absen-

105 590 191 624 tiam
210 588 339 640 pupilli
361 588 417 622 vel
440 592 587 639 propter
618 587 806 622 infantiam
831 592 958 622 auctor
990 589 1020 623 ei
1045 598 1123 623 esse
1147 586 1194 622 ad

105 633 352 679 accipiendum
375 633 554 668 iud1cium.
591 637 627 668 et
658 634 726 668 hoc
758 633 865 667 etiam
901 633 1003 668 divus
1027 633 1112 667 Pius
1137 643 1192 667 re-

105 679 246 731 scripsit
269 682 305 713 et
328 677 455 713 exinde
478 678 597 713 multis
629 678 810 722 rescriptis
836 678 1056 713 declaratum
1080 682 1134 713 est
1156 678 1194 712 in

104 724 277 770 pup1llum
313 723 467 758 dandam
502 724 680 759 actionem
716 723 864 758 iudicati
899 733 1039 768 semper
1073 727 1194 758 tutore

105 769 349 810 condemnato,
374 769 442 803 nisi
466 768 708 803 abstineatur:
741 773 828 803 tunc
860 769 953 803 enim
984 779 1051 804 nec
1074 769 1112 803 in
1135 773 1192 802 tu-

104 819 216 850 torem
240 824 306 849 nec
329 814 367 848 in
390 814 575 859 pupillum.
602 824 666 848 nec
690 813 841 859 pignora
863 814 993 849 tutoris
1018 813 1194 858 capienda

106 865 119 893 1
171 868 249 894 esse
284 869 393 904 saepe
427 859 639 904 rescriptum
675 863 740 894 est.
799 859 962 903 Amplius
998 858 1192 893 Marcellus

103 904 192 940 libro
225 904 391 940 vicesimo
423 904 536 949 primo
569 904 785 949 digestorum
818 904 942 939 scribit
974 908 1010 938 et
1033 904 1063 939 si
1087 904 1191 939 satis-

103 949 200 985 dedit
234 952 350 991 tutor,
386 960 468 984 mox
503 949 674 984 abstinuit
708 949 887 994 pupillus,
923 949 1193 984 fideiussoribus

103 1005 243 1046 quoque
268 995 342 1030 eius
368 995 497 1030 debere
509 995 706 1029 subveniri:
739 994 802 1029 sed
827 998 862 1029 et
886 995 916 1029 si
939 994 1096 1039 pupillus
1120 1005 1193 1029 non

102 1040 293 1082 abstinuit,
327 1040 626 1085 quemadmodum
656 1039 746 1085 ipsi,
778 1039 830 1074 ita
862 1043 898 1074 et
921 1039 1192 1074 fideiussoribus

103 1085 178 1121 eius
203 1085 396 1127 subveniri,
432 1085 584 1120 maxime
619 1085 649 1120 si
683 1095 748 1130 pro
785 1085 934 1119 absente
970 1085 1105 1130 pupillo
1138 1084 1193 1119 vel

101 1140 165 1176 pro
189 1130 326 1166 infante
350 1130 546 1165 satisdedit.

147 1172 171 1213 3
203 1175 310 1210 IDEM
342 1176 432 1211 libro
469 1176 652 1222 triqesimo
713 1175 814 1210 uz‘nto
850 1175 900 1210 ad
934 1175 1089 1210 edictum
1156 1174 1193 1209 Si

100 1220 219 1266 plures
253 1224 436 1256 curatores
469 1221 544 1255 dati
568 1224 662 1262 sunt,
718 1220 905 1266 omponius
930 1220 1020 1255 libro
1046 1230 1191 1264 sexage-

101 1265 188 1301 simo
215 1270 342 1301 octavo
368 1266 414 1301 ad
439 1266 593 1301 edictum
606 1266 749 1312 scripsit
771 1269 889 1301 ratum
912 1266 1040 1300 haberi
1064 1265 1193 1300 debere

103 1311 209 1347 etiam
232 1311 328 1363 quod
350 1322 415 1356 per
438 1322 548 1346 unum
570 1315 709 1355 gestum
734 1314 804 1346 est:
838 1321 921 1345 nam
947 1316 982 1345 et
1004 1311 1041 1345 in
1064 1310 1192 1345 furiosi

101 1357 338 1399 curatoribus,
363 1367 408 1391 ne
432 1357 603 1391 utilitates
627 1356 754 1392 furiosi
777 1356 1027 1401 impediantur,
1047 1360 1193 1400 praetor

99 1402 161 1437 uni
193 1411 314 1436 eorum
354 1402 574 1437 curationem
609 1401 776 1437 decernet
809 1406 999 1446 ratumque
1033 1401 1192 1443 habebit,

103 1451 118 1482 1
167 1447 264 1492 quod
295 1457 362 1526 per
397 1458 476 1482 eum
512 1448 588 1482 sine
624 1447 706 1483 dolo
742 1448 836 1482 malo
871 1451 1009 1491 gestum
1041 1450 1106 1481 est.
1155 1445 1193 1498 Si

98 1502 228 1537 parens
252 1502 294 1527 ve
332 1496 435 1537 pater
467 1493 527 1537 qui
558 1493 594 1527 in
626 1496 805 1537 potestate
827 1493 938 1527 habet
963 1492 1193 1527 destinaverit

98 1541 323 1580 testamento,
350 1538 427 1583 quis
452 1542 609 1572 tutorum
634 1539 782 1573 tutelam
806 1542 917 1582 gerat,
942 1538 1040 1572 illum
1062 1537 1192 1572 debere

98 1593 219 1627 gerere
242 1586 387 1628 praetor
410 1584 560 1627 putavit,
585 1584 782 1628 meritoque
806 1583 965 1627 parentis
990 1586 1106 1618 statur
1128 1593 1189 1617 vo-

98 1628 245 1670 luntati,
279 1628 339 1673 qui
371 1629 423 1663 uti
448 1639 493 1663 ue
522 1632 620 1663 recte
650 1629 722 1663 filio
747 1628 944 1673 prospexit.
979 1627 1191 1663 tantundem

98 1677 243 1718 praetor
265 1673 354 1709 facit
377 1677 412 1708 et
461 1684 480 1709 e
503 1674 569 1716 his,
595 1684 684 1718 quos
708 1683 840 1719 parens
865 1673 1055 1708 destinavit
1078 1676 1189 1708 testa-

98 1722 229 1761 mento,
253 1718 330 1764 ipse
354 1723 473 1754 autem
498 1719 738 1762 confirmavit,
770 1722 829 1761 ut,
861 1719 892 1754 si
915 1729 1045 1771 parens
1071 1718 1189 1753 decla-

97 1764 198 1806 ravit,
224 1774 328 1816 quem
351 1765 436 1799 velit
458 1765 606 1799 tutelam
631 1765 897 1807 administrare,
921 1764 980 1799 ille
1003 1764 1100 1799 solus
1126 1764 1189 1798 ad·

98 1811 118 1843 2
165 1809 351 1844 mimstret.
410 1809 526 1845 Ceteri
556 1810 664 1854 igitur
693 1814 831 1845 tutores
866 1820 938 1845 non
963 1809 1188 1844 administra-

40 1879 42 1881 ψ
97 1855 197 1896 bunt,
224 1854 287 1890 sed
311 1859 416 1889 erunt
438 1856 494 1897 hi,
527 1866 618 1900 quos
649 1855 752 1900 vulgo
785 1855 996 1890 honorarios
1029 1854 1188 1899 appella-

97 1910 186 1935 mus.
219 1910 286 1935 nec
310 1900 498 1946 quisquam
522 1904 625 1946 putet
648 1901 694 1935 ad
717 1901 783 1936 hos
807 1900 1005 1944 periculum
1029 1900 1188 1934 nullum¹

96 1945 317 1980 redundare:
351 1950 495 1980 constat
519 1946 611 1980 enim
635 1946 701 1981 hos
726 1956 879 1991 quoque,
905 1945 1065 1980 excussis
1088 1945 1188 1990 prius

97 1990 329 2026 facultatibus
366 1991 439 2026 eius
476 1992 536 2036 qui
572 1992 742 2036 gesserit,
780 1991 961 2027 conveniri
1002 1995 1187 2035 oportere:

97 2036 171 2070 dati
208 2040 292 2071 sunt
329 2036 421 2071 enim
456 2037 559 2081 quasi
594 2037 841 2071 observatores
886 2040 989 2071 actus
1034 2036 1109 2071 eius
1155 2039 1190 2071 et

98 2081 276 2124 custodes,
300 2081 606 2127 imputabiturque
630 2082 680 2117 eis
702 2082 927 2127 quandoque,
942 2092 1017 2123 cur,
1042 2081 1073 2116 si
1097 2081 1189 2116 male

97 2137 177 2161 eum
202 2127 405 2162 conversari
435 2127 621 2169 videbant,
655 2132 862 2172 suspectum
894 2137 973 2162 eum
997 2137 1069 2162 non
1092 2125 1187 2161 fece-

96 2175 191 2207 runt.
236 2172 384 2207 adsidue
414 2172 522 2217 igitur
554 2176 589 2207 et
619 2173 792 2207 rationem
824 2173 869 2207 ab
895 2182 937 2207 eo
964 2172 1103 2217 exigere
1128 2182 1188 2207 eos

96 2222 239 2262 oportet
264 2222 299 2252 et
322 2217 471 2253 sollicite
497 2228 633 2259 curare,
658 2218 809 2262 qualiter
834 2222 1074 2258 conversetur,
1100 2221 1136 2252 et
1159 2217 1189 2252 si

95 2263 249 2307 pecunia
273 2263 329 2305 sit,
356 2273 447 2308 quae
472 2263 601 2308 deponi
625 2263 749 2307 possit,
772 2273 909 2305 curare,
934 2267 975 2297 ut
987 2262 1189 2307 deponatur

96 2308 142 2342 ad
177 2307 406 2353 praediorum
450 2309 772 2353 comparationem:
821 2308 1054 2343 blandiuntur
1097 2308 1189 2342 enim

96 2353 185 2395 sibi,
223 2353 283 2398 qui
318 2357 447 2398 putant
488 2354 700 2389 honorarios
744 2358 881 2389 tutores
926 2353 1069 2389 omnino
1115 2363 1188 2388 non

95 2400 228 2434 teneri:
255 2403 422 2434 tenentur
447 2399 539 2433 enim
552 2398 747 2434 secundum
769 2410 811 2434 ea
832 2409 924 2443 quae
945 2409 1055 2443 supra
1067 2402 1187 2433 osten-

97 2446 115 2479 3
164 2444 290 2478 dimus.
340 2444 506 2488 Quamvis
531 2449 650 2479 autem
674 2445 706 2479 ei
728 2444 952 2489 potissimum
975 2454 1014 2479 se
1038 2444 1188 2479 tutelam

98 2490 367 2524 commissurum
401 2494 547 2534 praetor
580 2490 694 2532 dicat,
729 2491 787 2525 cui
817 2494 969 2525 testator
1002 2489 1202 2534 delegavits

96 2539 253 2569 attamen
279 2545 543 2580 nonnumquam
580 2535 625 2570 ab
662 2535 731 2570 hoc
766 2535 928 2576 recedet,
965 2539 1006 2570 ut
1036 2539 1126 2580 puta
1158 2535 1188 2569 si

96 2585 198 2624 pater
229 2581 346 2615 minus
378 2591 490 2625 penso
526 2580 673 2616 consilio
705 2581 775 2616 hoc
807 2580 912 2621 fecit,
944 2580 1038 2615 forte
1072 2580 1189 2614 minor

95 2625 215 2669 viginti
240 2626 397 2670 quinque
421 2626 535 2667 annis,
559 2626 614 2660 vel
639 2636 680 2660 eo
705 2630 865 2671 tempore
888 2626 992 2667 fecit,
1026 2635 1095 2670 quo
1120 2626 1188 2660 iste

96 2674 195 2705 tutor
219 2671 335 2706 bonae
358 2671 452 2706 vitae
475 2671 530 2706 vel
554 2671 648 2715 frugi
671 2671 878 2713 videbatur,
912 2671 1037 2706 deinde
1060 2674 1188 2715 postea

94 2715 186 2750 idem
212 2716 330 2760 coepit
353 2716 444 2750 male
470 2716 672 2751 conversari
703 2716 888 2761 ignorante
919 2720 1109 2758 testatore,
1133 2715 1189 2750 vel

95 2761 124 2795 si
149 2761 448 2806 contemplatione
479 2761 706 2796 facultatium
739 2762 814 2797 eius
847 2772 904 2796 res
937 2761 969 2796 ei
1000 2761 1189 2796 commissa

96 2809 115 2840 4
163 2811 227 2848 est,
254 2807 383 2851 quibus
407 2812 535 2851 postea
558 2811 686 2842 exutus
712 2811 775 2842 est.
825 2806 918 2842 Nam
950 2810 986 2841 et
1017 2806 1047 2840 si
1077 2817 1188 2840 unum

95 2856 195 2896 pater
220 2851 355 2886 dederit
386 2857 560 2894 tutorem,
592 2862 860 2897 nonnumquam
885 2853 917 2887 ei
948 2852 1189 2896 adiunguntur

97 2900 298 2932 curatores:
324 2908 408 2932 nam
432 2898 627 2942 imperator
651 2902 774 2933 noster
799 2908 879 2932 cum
902 2901 1004 2943 patre
1035 2897 1186 2942 rescrip-

96 2942 152 2983 sit,
187 2952 267 2977 cum
304 2942 394 2977 duos
432 2944 511 2987 quis
548 2943 693 2978 libertos
729 2954 813 2978 suos
848 2947 986 2978 tutores
1023 2942 1187 2984 dedisset,

96 2998 202 3021 unum
227 2998 344 3023 rerum
376 2988 599 3029 Italicarum,
632 2989 740 3023 alium
772 2999 892 3023 rerum
922 2988 1185 3030 Africanarum,

97 3036 280 3068 curatores
306 3033 355 3068 eis
379 3033 634 3078 adiungendos‚
660 3044 726 3068 nec
751 3033 865 3078 patris
891 3034 1005 3068 secuti
1029 3036 1113 3068 sunt
1124 3043 1185 3067 vo-

97 3080 114 3110 5
162 3077 346 3112 luntatem.
396 3078 499 3122 Quod
531 3078 568 3113 in
592 3079 769 3114 tutoribus
803 3079 975 3123 scriptum
1000 3082 1065 3119 est,
1092 3081 1126 3112 et
1149 3078 1186 3112 in

97 3123 321 3158 curatoribus
346 3123 413 3158 erit
437 3124 709 3167 observandum,
735 3135 824 3171 quos
848 3129 951 3169 pater
971 3127 1185 3158 testamento

96 3170 115 3201 6
164 3167 354 3203 destinavit
397 3179 419 3203 a
461 3172 627 3214 praetore
670 3169 945 3204 confirmandos.
1024 3170 1187 3213 Apparet

96 3211 201 3256 igitur
224 3213 383 3257 praetori
408 3224 515 3248 curae
538 3214 659 3256 fuisse,
684 3225 729 3249 ne
752 3215 865 3249 tutela
889 3225 953 3259 per
977 3214 1096 3259 plures
1122 3214 1184 3248 ad—

95 3257 322 3300 ministretur,
356 3259 486 3303 quippe
519 3260 583 3294 etsi
617 3264 719 3304 pater
750 3271 821 3295 non
852 3259 1082 3294 destinaverit
1107 3259 1185 3303 quis

94 3312 213 3345 gerere
245 3303 389 3345 debeat,
423 3308 579 3338 attamen
610 3305 646 3339 id
670 3305 761 3349 agit,
787 3309 828 3339 ιιι
850 3315 914 3350 per
938 3315 1048 3339 unum
1073 3304 1185 3338 admi-

97 3347 287 3382 nistretur:
322 3359 408 3384 sane
433 3350 525 3384 enim
549 3350 692 3384 facilius
716 3361 810 3385 unus
841 3354 940 3385 tutor
965 3354 1000 3385 et
1024 3350 1184 3384 actiones

98 3394 114 3424 ἵ
165 3398 306 3428 exercet
330 3399 365 3428 et
390 3395 530 3438 excipit.
588 3395 644 3430 Ne
676 3406 740 3440 per
771 3395 902 3430 multos
934 3395 1046 3430 tutela
1082 3405 1183 3439 spar-

94 3442 208 3480 gatur,
233 3439 263 3472 si
288 3450 360 3474 non
386 3440 451 3473 erit
475 3450 496 3473 a
520 3444 694 3475 testatore
707 3440 840 3475 electus
853 3444 952 3476 tutor
976 3444 1039 3475 aut
1061 3450 1185 3484 gerere

96 3482 202 3524 nolet,
228 3487 303 3518 tum
326 3484 356 3518 is
381 3491 492 3528 gerat,
518 3485 575 3520 cui
599 3485 712 3520 maior
735 3496 820 3530 pars
852 3489 1011 3521 tutorum
1035 3485 1184 3519 tutelam

97 3529 307 3577 decreverit:
340 3534 484 3573 praetor
515 3530 623 3574 igitur
645 3531 783 3565 iubebit
808 3541 868 3566 eos
894 3531 1084 3566 convocari
1109 3533 1183 3570 aut,

96 3581 125 3605 si
149 3582 219 3607 non
244 3573 390 3608 coibunt
414 3579 476 3608 aut
501 3576 617 3610 coacti
641 3587 713 3610 non
738 3576 939 3618 decernent,
966 3586 1076 3610 causa
1101 3586 1182 3619 cog-

97 3618 116 3649 8
163 3618 238 3652 nita
270 3618 347 3662 ipse
379 3623 530 3662 statuet,
564 3621 641 3665 quis
673 3621 821 3655 tutelam
852 3625 961 3666 geret.
1009 3621 1121 3655 Plane
1155 3620 1184 3653 si

97 3671 168 3695 non
201 3664 425 3698 consentiant
455 3669 592 3699 tutores
625 3666 802 3710 praetori,
835 3666 898 3701 sed
929 3666 1037 3701 velint
1061 3675 1182 3700 omnes

1185 148 1267 194 341

2154 153 2298 196 XXVI
2330 155 2353 196 7

1265 281 1399 316 gerere,
1424 272 1509 317 quia
1531 271 1639 306 fidem
1663 283 1735 306 non
1759 273 1918 308 habeant
1942 274 2054 309 electo
2079 283 2146 309 nec
2170 274 2357 319 patiuntur

1265 317 1478 352 succedanei
1512 326 1591 351 esse
1623 316 1729 351 alieni
1759 319 1930 363 pericu-li,
1963 318 2151 354 dicendum
2176 324 2229 355 est
2251 330 2355 365 prae-

1265 364 1285 396 9
1333 366 1447 397 torem
1482 362 1689 407 permittere
1725 363 1774 397 eis
1810 364 1974 399 omnibus
2009 374 2141 409 gerere.
2201 364 2290 400 Item
2326 365 2356 400 si

1265 406 1371 442 dividi
1394 407 1488 442 inter
1511 417 1550 442 se
1573 407 1722 441 tutelam
1746 408 1856 442 velint
1885 413 2042 452 tutores,
2067 409 2235 445 audiendi
2258 414 2354 452 sunt,

1263 456 1305 487 ιιι
1329 452 1564 487 distribuatur
1585 452 1679 486 inter
1703 462 1763 487 eos
1789 453 2047 489 administratio

1311 496 1335 533 4
1361 496 1470 532 IDEM
1488 497 1579 532 libro
1604 508 1699 532 nono
1724 497 1774 532 ad
1796 498 1949 532 edictum
2003 500 2058 534 vel
2089 500 2125 534 in
2157 503 2277 544 partes
2301 499 2356 535 vel

1262 542 1300 577 in
1323 542 1504 587 regiones,
1539 546 1575 577 et
1605 542 1635 576 si
1665 542 1717 576 ita
1747 542 1857 577 fuerit
1880 543 2000 586 divisa,
2025 546 2270 590 unusquisque
2294 555 2354 580 ex-

1264 587 1428 632 ceptione
1463 587 1743 623 summovebitur
1785 599 1850 632 pro
1895 598 1937 623 ea
1968 593 2070 633 parte
2112 590 2166 624 vel
2201 590 2354 634 regione,

1263 643 1370 678 quam
1394 643 1467 668 non
1490 632 1727 667 administrat.

1309 676 1333 714 5
1361 677 1469 712 IDEM
1498 678 1590 713 libro
1626 678 1809 724 triqesz‘mo
1845 679 1971 723 quinto
2007 680 2056 713 ad
2091 680 2244 715 edictum
2300 681 2356 715 Ita

1262 727 1383 758 autem
1408 722 1622 767 depositioni
1672 723 1878 758 ecuniarum
1897 723 1998 758 locus
2020 729 2083 765 est,
2109 725 2139 759 si
2164 735 2205 760 ea
2218 735 2355 760 summa

1264 768 1416 810 corradi,
1440 768 1478 803 id
1502 771 1556 803 est
1581 778 1622 803 co
1662 768 1696 812 gi
1720 768 1844 813 possit,
1870 772 1911 803 ut
1935 770 2135 813 comparari
2160 780 2245 815 ager
2268 781 2352 816 pos-

1262 814 1326 848 sit:
1363 813 1393 848 si
1426 813 1519 848 enim
1550 817 1625 848 tam
1657 813 1821 858 exiguam
1854 824 1932 849 esse
1964 814 2111 849 tutelam
2142 815 2248 850 facile
2270 826 2353 861 pro-

1261 858 1379 900 batur,
1404 862 1446 893 ut
1469 869 1514 893 ex
1537 869 1681 893 nummo
1706 858 1840 894 refecto
1864 859 2050 903 praedium
2073 870 2183 904 puero
2210 871 2288 895 com
2315 871 2353 895 a-

1261 904 1334 938 rari
1358 914 1430 939 non
1452 903 1585 949 possit,
1611 903 1786 948 depositio
1820 908 1949 939 cessat.
1985 915 2077 949 quae
2108 915 2189 950 ergo
2221 909 2298 941 tute
2313 916 2355 941 ae

1262 949 1445 993 quantitas
1482 948 1739 993 depositionem
1776 949 1946 991 inducat,
1982 950 2175 985 videamus.
2214 955 2249 985 et
2273 962 2354 986 cum

1263 1004 1374 1029 causa
1409 993 1640 1039 depositionis
1678 994 1917 1038 exprimatur,
1952 998 1994 1029 ut
2054 995 2176 1030 raedia
2210 996 2354 1040 pupillis

1263 1043 1535 1084 comparentur,
1571 1039 1800 1074 manifestum
1834 1044 1905 1082 est,
1939 1043 1978 1074 ιιι
2002 1006 2052 1075 ag
2072 1041 2234 1075 minimas
2259 1051 2354 1076 sum-

1262 1094 1339 1119 mas
1364 1095 1437 1119 non
1460 1084 1621 1119 videatur
1644 1085 1839 1129 pertinere:
1874 1085 2003 1130 quibus
2023 1085 2150 1120 modus
2174 1085 2356 1130 praefiniri

1261 1130 1475 1174 generaliter
1507 1140 1579 1165 non
1609 1134 1748 1174 potest,
1782 1140 1864 1165 cum
1894 1130 2036 1165 facilius
2070 1141 2182 1166 causa
2213 1131 2357 1175 cognita

1288 1185 1327 1210 er
1351 1175 1507 1220 singulos
1532 1175 1647 1219 possit
1671 1175 1876 1210 examinari.
1917 1185 1984 1211 nec
2016 1180 2137 1211 tamen
2161 1176 2357 1211 auferenda

1277 1220 1417 1255 acultas
1442 1224 1497 1255 est
1521 1220 1627 1255 etiam
1651 1220 1804 1255 minores
1837 1231 1994 1256 summas
2024 1221 2203 1256 interdum
2227 1221 2270 1256 de
2297 1222 2357 1257 oni

1265 1268 1279 1299 1
1330 1266 1526 1311 postulare,
1553 1265 1583 1300 si
1600 1266 1758 1311 suspecti
1781 1269 1920 1301 tutores
1941 1276 2019 1301 esse
2031 1266 2228 1301 videantur.
2301 1277 2356 1301 es·

1262 1311 1352 1346 sisse
1375 1314 1496 1346 autem
1518 1310 1658 1346 videtur
1681 1314 1790 1353 tutor,
1817 1311 1877 1356 qui
1901 1311 1987 1356 quid
2011 1311 2153 1346 omnino
2178 1311 2356 1356 pupillare

1262 1356 1380 1401 attigit
1412 1356 1551 1391 etiamsi
1582 1356 1782 1399 modicum,
1817 1361 2029 1401 cessantque
2066 1361 2189 1409 partes
2222 1367 2355 1399 eorum,

1262 1403 1282 1436 2
1330 1402 1390 1446 qui
1426 1402 1542 1437 solent
1575 1406 1757 1437 cessantes
1791 1412 1918 1447 cogere
1943 1402 2203 1437 administrare.
2253 1401 2357 1446 Quod

1261 1446 1292 1482 si
1314 1450 1551 1492 posteaquam
1575 1447 1695 1492 gessit,
1720 1450 1808 1482 tunc
1833 1458 1872 1482 se
1893 1452 1998 1492 gestu
2022 1448 2214 1489 abstinuit,
2249 1448 2356 1482 etiam

1261 1494 1281 1526 3
1329 1492 1488 1538 suspecti
1511 1492 1705 1537 postulatio
1738 1493 1909 1528 succedit.
1960 1492 2063 1537 Quod
2095 1493 2126 1527 si
2157 1493 2236 1538 quis
2261 1497 2355 1528 tute-

1260 1537 1331 1572 lam
1355 1537 1579 1573 mandaverit
1601 1537 1792 1582 gerendam
1815 1542 1988 1583 gestaque
2010 1537 2121 1573 fuerit
2152 1539 2198 1573 ab
2229 1548 2270 1573 eo
2297 1538 2356 1573 cui

1260 1583 1469 1618 mandatum
1504 1587 1577 1625 est,
1613 1584 1715 1618 locus
1752 1583 1817 1618 erit
1851 1584 1985 1618 tutelae
2021 1583 2171 1618 actioni:
2215 1583 2357 1618 videtur

1261 1629 1354 1663 enim
1378 1628 1531 1673 gessisse
1556 1629 1617 1673 qui
1640 1638 1704 1673 per
1729 1628 1838 1663 alium
1860 1629 1979 1673 gessit.
2022 1629 2118 1673 quod
2142 1629 2173 1664 si
2195 1639 2268 1664 non
2292 1639 2354 1664 ac-

1261 1674 1370 1709 cessit
1392 1673 1422 1708 is
1448 1674 1507 1709 cui
1529 1673 1739 1709 mandatum
1763 1677 1828 1716 est,
1863 1674 1942 1709 utili
1966 1674 2108 1709 actione
2133 1674 2352 1709 convenitur.

1259 1721 1281 1753 4
1328 1719 1480 1754 Debitor
1503 1720 1628 1764 patris,
1655 1719 1715 1764 qui
1738 1719 1888 1754 tutelam
1913 1719 2173 1754 administravit
2195 1719 2269 1762 filii,
2295 1723 2353 1755 tu-

1258 1764 1353 1799 telae
1376 1764 1508 1799 iudicio
1533 1765 1712 1800 tenebitur
1737 1765 1844 1799 etiam
1864 1765 1910 1800 ob
1931 1765 1967 1799 id
1988 1765 2083 1809 quod
2103 1764 2199 1809 patri
2219 1764 2353 1800 debuit.

1259 1813 1278 1844 5
1327 1809 1366 1844 Si
1388 1813 1487 1845 tutor
1509 1810 1684 1855 pupillum
1711 1820 1816 1845 suum
1839 1810 2009 1855 puberem
2032 1810 2169 1844 factum
2193 1820 2264 1845 non
2290 1809 2353 1845 ad-

1258 1855 1447 1897 monuerit,
1472 1859 1513 1889 ut
1536 1855 1605 1890 sibi
1630 1859 1813 1890 curatores
1837 1859 1976 1901 peteret
2001 1855 2125 1897 (sacris
2150 1855 2244 1890 enim
2268 1865 2353 1890 con-

1258 1900 1504 1936 stitutionibus
1528 1901 1598 1935 hoc
1622 1900 1742 1935 facere
1765 1901 1908 1935 iubetur
1928 1900 1989 1945 qui
2012 1901 2161 1935 tutelam
2185 1900 2354 1936 adminis-

1258 1946 1400 1988 travit),
1433 1956 1480 1980 an
1503 1946 1638 1981 tutelae
1661 1945 1792 1981 iudicio
1825 1946 2021 1981 teneatur?
2057 1950 2092 1981 et
2122 1945 2234 1991 magis
2265 1948 2354 1990 puto

1258 1990 1425 2026 sufficere
1449 1991 1584 2026 tutelae
1607 1991 1789 2033 iudicium,
1811 1991 1914 2036 quasi
1939 2001 2113 2026 conexum
2134 1991 2180 2026 sit
2203 1991 2273 2026 hoc
2296 1994 2354 2026 tu-

1258 2036 1351 2071 telae
1384 2036 1524 2078 officio,
1558 2037 1717 2081 quamvis
1750 2041 1835 2081 post
1865 2037 2092 2081 pubertatem
2132 2036 2352 2071 admittatur.

1260 2084 1280 2116 6
1327 2081 1417 2117 Post
1441 2082 1657 2127 completum
1681 2082 1887 2116 vicesimum
1912 2082 2074 2127 quintum
2097 2091 2231 2116 annum
2255 2085 2354 2116 aeta-

1258 2127 1304 2162 tis
1329 2127 1360 2162 si
1383 2126 1543 2162 nondum
1567 2127 1723 2162 rationes
1748 2127 1910 2162 redditae
1933 2130 2019 2162 sunt
2043 2137 2110 2162 nec
2135 2127 2181 2162 ad
2205 2136 2352 2162 causam

1257 2172 1495 2207 instrumenta
1527 2172 1760 2217 pertinentia,
1793 2172 1877 2207 fidei
1908 2183 1951 2207 ac
1983 2172 2218 2207 verecundiae
2251 2182 2353 2207 cura-

1257 2221 1376 2253 torum
1401 2218 1575 2255 convenit.
1601 2222 1642 2252 ut
1666 2217 1813 2253 consilio
1846 2228 1911 2253 suo
1946 2221 2110 2262 coeptam
2142 2218 2240 2252 litem
2271 2228 2353 2262 per-

1257 2262 1392 2298 ficiant.
1442 2263 1472 2298 si
1494 2263 1603 2308 igitur
1628 2267 1768 2298 cessent
1791 2263 1829 2297 in
1852 2263 1908 2298 his
1933 2273 2025 2308 quae
2050 2263 2245 2298 constituta
2269 2266 2355 2297 sunt

1256 2308 1443 2350 faciendis,
1468 2309 1579 2353 magis
1604 2311 1691 2360 puto
1725 2308 1891 2343 sufficere
1921 2308 2144 2353 negotiorum
2174 2311 2354 2352 gestorum

1257 2353 1428 2388 iudicium
1453 2354 1560 2388 etiam
1584 2364 1615 2389 s1
1643 2354 1739 2388 iam2
1774 2357 1896 2389 actum
1928 2358 2000 2396 est,
2033 2354 2063 2388 si
2095 2357 2216 2388 tamen
2248 2352 2353 2387 huius

1258 2402 1277 2432 7
1326 2399 1377 2433 rei
1400 2399 1493 2434 ratio
1518 2398 1658 2433 reddita
1682 2409 1753 2433 non
1779 2402 1844 2434 est.
1885 2399 2046 2434 Iulianus
2070 2399 2160 2433 libro
2185 2398 2352 2433 vicesimo

1258 2444 1373 2524 grimo
1399 2444 1616 2489 digestorum
1640 2444 1845 2479 huiusmodi
1869 2444 2023 2489 speciem
2055 2443 2241 2488 proponit:
2275 2443 2353 2488 qui-

1282 2500 1339 2524 am
1364 2489 1539 2524 decedens
1563 2489 1644 2524 filiis
1669 2489 1742 2524 suis
1769 2489 1915 2524 dederat
1938 2493 2074 2524 tutores
2099 2493 2134 2524 et
2154 2488 2351 2523 adiecerat:

1258 2538 1402 2580 ‘eosque
1426 2534 1663 2579 aneclogistos
1690 2545 1767 2569 esse
1790 2534 1893 2569 volo’.
1921 2538 1956 2569 et
1988 2534 2039 2568 ait
2062 2534 2222 2568 Iulianus
2254 2536 2352 2568 tuto-

1257 2590 1325 2622 res,
1351 2580 1420 2615 nisi
1443 2580 1575 2615 bonam
1590 2580 1697 2615 fidem
1713 2580 1749 2614 in
1771 2579 2076 2614 administratione
2097 2578 2352 2624 praestiterint,

1258 2625 1420 2660 damnari
1444 2625 1591 2667 debere,
1625 2625 1784 2670 quamvis
1808 2628 2022 2659 testamento
2059 2623 2353 2669 comprehensum

1258 2671 1323 2713 sit,
1357 2675 1398 2705 ut
1430 2670 1637 2715 aneclogisti
1673 2674 1808 2705 essent:
1842 2680 1908 2704 nec
1940 2679 1981 2704 eo
2007 2669 2149 2704 nomine
2174 2679 2217 2704 ex
2242 2678 2354 2704 causa

1257 2716 1520 2751 fideicommissi
1556 2716 1746 2761 quicquam
1782 2715 1953 2759 consequi
1989 2714 2191 2756 debebunt,
2227 2718 2267 2749 ut
2301 2714 2352 2749 ait

1256 2761 1428 2804 Iulianus,
1455 2765 1490 2797 et
1514 2765 1569 2796 est
1592 2771 1676 2796 vera
1699 2761 1770 2794 ista
1801 2759 1996 2795 sententia:
2031 2770 2135 2795 nemo
2170 2759 2264 2795 enim
2294 2760 2351 2795 ius

1256 2807 1440 2851 publicum
1463 2806 1643 2841 remittere
1667 2808 1787 2850 potest
1806 2805 2008 2840 huiusmodi
2032 2805 2259 2840 cautionibus
2284 2815 2351 2840 nec

1256 2856 1396 2887 mutare
1437 2851 1589 2887 formam
1633 2851 1829 2895 antiquitus
1865 2850 2109 2885 constitutam.
2183 2850 2352 2885 damnum

1256 2907 1350 2939 vero,
1377 2897 1628 2942 quodcumque
1662 2906 1706 2930 ex
1737 2896 1851 2931 tutela
1883 2896 1961 2940 quis
1994 2895 2156 2938 senserit,
2182 2900 2219 2930 et
2241 2895 2352 2940 legari

1257 2945 1276 2977 8
1326 2946 1362 2977 et
1384 2952 1449 2987 per
1471 2942 1784 2976 fideicommissum
1816 2941 1848 2976 ei
1879 2941 2031 2993 relinqui
2062 2945 2192 2986 potest.
2240 2940 2349 2984 Papi-

1256 2987 1385 3022 nianus
1415 2987 1505 3022 libro
1538 2987 1661 3031 quinto
1695 2997 1949 3031 responsorum
1985 2990 2037 3021 lta
2068 2986 2210 3021 scribit:
2247 2991 2351 3031 pater

1256 3032 1404 3067 tutelam
1428 3032 1582 3066 filiorum
1607 3031 1754 3066 consilio
1779 3031 1902 3066 matris
1933 3032 2008 3076 geri
2042 3031 2224 3066 mandavit
2249 3034 2284 3066 et
2308 3040 2348 3065 eo

1256 3075 1401 3112 nomine
1422 3080 1560 3112 tutores
1585 3076 1757 3111 liberavit.
1796 3087 1867 3112 non
1891 3076 2024 3112 idcirco
2050 3077 2166 3111 minus
2191 3075 2350 3112 officium

1256 3127 1416 3158 tutorum
1440 3123 1616 3167 integrum
1641 3123 1718 3164 erit,
1744 3122 1807 3156 sed
1830 3122 1913 3157 viris
1938 3123 2041 3157 bonis
2075 3121 2259 3157 conveniet
2291 3130 2348 3154 sa-

1255 3169 1357 3202 lubre
1382 3168 1568 3203 consilium
1588 3168 1711 3202 matris
1736 3167 1933 3209 admittere,
1959 3167 2100 3202 tametsi
2123 3176 2237 3210 neque
2260 3165 2346 3198 libe-

1255 3214 1347 3248 ratio
1383 3213 1512 3247 tutoris
1546 3223 1661 3257 neque
1696 3213 1861 3248 voluntas
1897 3213 2010 3265 patris
2046 3217 2109 3246 aut
2140 3210 2346 3245 intercessio

1256 3261 1275 3293 9
1333 3258 1456 3292 matris
1491 3258 1620 3292 tutoris
1657 3257 1814 3293 officium
1849 3258 2029 3302 infringat.
2102 3256 2222 3300 Usque
2257 3254 2346 3288 adeo

1255 3308 1374 3338 autem
1405 3303 1488 3337 licet
1519 3303 1698 3338 tutoribus
1733 3303 1844 3348 patris
1885 3306 2114 3348 praeceptum
2152 3300 2345 3344 neglegere,

1254 3354 1305 3391 ut,
1331 3349 1361 3383 si
1384 3352 1488 3393 pater
1513 3348 1691 3390 caverit³‚
1727 3359 1773 3383 ne
1797 3348 1880 3393 quid
1905 3349 1956 3383 rei
1980 3357 2065 3382 suae
2090 3345 2347 3380 distraheretur

1254 3394 1309 3429 vel
1341 3404 1386 3428 ne
1417 3393 1595 3438 mancipia
1626 3393 1872 3428 distrahantur
1904 3393 1957 3427 vel
1990 3403 2035 3426 ne
2066 3391 2172 3426 vestis
2208 3388 2262 3423 vel
2302 3398 2346 3439 ne

1255 3439 1381 3474 domus
1405 3439 1460 3473 vel
1484 3448 1528 3473 ne
1551 3439 1643 3473 aliae
1666 3449 1722 3474 res
1746 3439 1904 3484 periculo
1930 3438 2130 3477 subiectae,
2164 3435 2270 3469 liceat
2295 3443 2345 3468 eis

1258 3488 1298 3518 10
1357 3488 1583 3519 contemnere
1617 3485 1711 3519 hanc
1746 3485 1858 3529 patris
1894 3483 2122 3518 voluntatem.
2181 3479 2238 3513 Ex
2274 3488 2344 3530 quo

1253 3529 1409 3564 innotuit
1442 3529 1576 3564 tutori⁴
1609 3540 1648 3564 se
1679 3533 1835 3564 tutorem
1869 3538 1965 3570 esse,
1997 3527 2088 3561 scire
2121 3525 2226 3559 debet
2248 3532 2344 3568 peri-

1254 3575 1373 3609 culum
1404 3575 1537 3609 tutelae
1569 3575 1615 3610 ad
1647 3585 1727 3609 eum
1758 3574 1943 3618 pertinere.
1979 3572 2201 3605 innotescere
2225 3572 2344 3602 autem

1254 3620 1558 3665 qualiterqualiter
1583 3620 1727 3660 sufficit,
1754 3630 1824 3653 non
1850 3618 1972 3661 utique
1995 3620 2125 3650 testato
2152 3624 2230 3648 eum
2257 3623 2343 3647 con-

1253 3665 1382 3700 veniri:
1414 3675 1497 3700 nam
1521 3666 1587 3700 etsi
1612 3667 1701 3699 citra
1725 3664 1961 3703 testationem,
1987 3661 2121 3695 scilicet
2145 3658 2341 3693 undecum-

99 3775 138 3813 (ι)
164 3776 294 3808 nullum
308 3779 367 3810 del.
384 3777 433 3810 F²
533 3784 575 3817 ιι)
601 3780 630 3811 si
644 3780 710 3811 iarn
725 3792 782 3811 om.
798 3781 830 3811 F

943 3784 984 3820 (3)
1011 3791 1107 3811 caver
1120 3780 1183 3818 F¹,
1210 3784 1342 3811 caveret
1354 3779 1407 3811 ΕΞ

1501 3782 1544 3820 (4)
1571 3782 1663 3811 tutor
1676 3779 1709 3810 F
