2528 3918
129 145 188 176 DE
219 144 400 176 nunnus
428 144 486 174 m·
513 142 702 175 FAMOSIS
730 142 933 174 LIBELLIS

174 252 199 291 4
225 252 280 289 ΡΑ
288 263 382 289 nus
407 253 497 291 libro
529 255 690 300 quinqua
717 253 851 288 ensimo
883 255 1014 298 quarto
1038 253 1087 288 ad
1115 252 1208 288 edic-

129 302 202 334 tum
247 298 378 335 Pedius
433 309 513 335 osse
543 299 649 334 etiam
705 299 749 334 'ci
777 308 822 334 ex
852 297 1038 344 naufragio
1070 307 1208 343 rapere,

129 344 199 389 qui,
224 344 308 379 dum
327 310 552 397 naugagium
574 343 649 386 flat,
672 344 710 379 in
731 343 794 379 illa
816 343 1054 389 trepidatione
1077 342 1206 389 rapiat.

131 392 146 424 1
195 388 307 425 Divus
337 391 539 425 Antomnus
569 389 614 428 de
643 389 715 431 his,
756 388 816 433 qui
846 388 1015 433 praedam
1047 399 1092 424 ex
1120 398 1208 423 nau-

127 433 240 479 fragio
265 434 511 487 diripuissent,
535 434 587 469 ita
608 434 809 487 rescripsit:
858 433 972 478 ‘Quod
995 433 1039 469 de
1062 433 1208 468 naufra-

130 479 228 524 ‘giis¹
260 489 360 515 navis
384 483 420 515 et
450 479 539 514 ratis
563 479 738 524 scripsisti
760 479 864 521 mihi,
898 489 938 514 eo
963 478 1136 530 pertinet,
1151 481 1210 530 ‘ut

129 525 313 578 ‘explores,
338 534 410 569 qua
430 535 548 570 poena
567 524 783 560 adficiendos
803 534 864 560 eos
888 528 1020 569 putem,
1045 534 1106 568 qui
1125 522 1210 558 dm-

130 569 473 650 :ggggffigfiqgssegg
492 569 1050 650 flss33¹⁰¹1³352¹1¹11m⁶½1f223¹0⁰a⁰³
1073 568 1212 648 ‘33331’54

130 625 361 704 ‘collegerintp
377 669 423 694 an
453 642 545 704 quae
575 625 710 695 sex-gari
738 659 877 705 possint
906 658 932 694 fl
979 624 1082 694 ‘t’iosle
1111 658 1211 693 inva-

129 704 264 740 ‘serint
311 704 462 749 ideoque
492 705 522 740 si
544 705 684 749 gravior
738 704 848 740 raeda
870 704 904 739 vi
932 714 955 739 a
979 703 1093 749 petita
1115 703 1210 738 vide-

129 749 255 791 ‘bitur,
286 749 416 784 liberos
447 749 589 795 quidem
617 749 705 785 fusti
730 760 773 785 us
805 759 929 785 caesos
952 748 990 784 in
1021 748 1212 784 triennium

129 794 314 839 ‘relegabis
332 798 404 838 aut,
429 794 459 830 si
482 794 699 830 sordidiores
723 798 838 836 erunt,
861 794 899 829 in
918 805 939 829 o
966 805 1009 830 us
1028 793 1212 839 publicum

130 839 297 875 ‘eiusdem
326 839 495 884 temporis
525 839 644 875 dabis:
684 849 805 875 servos
838 805 987 884 flagelfis
1018 849 1143 875 caesos
1175 839 1213 873 in

130 884 321 920 ‘metallum
351 884 546 920 damnabis.
594 885 626 920 si
662 895 735 920 non
765 894 916 929 magnae
952 884 1126 938 pecuniae
1155 894 1213 919 res

130 929 289 973 ‘fuerint‚
321 929 453 965 liberos
481 929 657 971 fustibus,
692 940 812 965 servos
836 928 986 974 flagellis
1011 939 1135 965 caesos
1160 928 1212 964 di-

131 974 279 1010 ‘mittere
303 975 460 1019 poteris’.
504 979 539 1010 et
562 975 704 1010 omnino
728 978 769 1009 ut
790 974 828 1009 in
852 975 990 1016 ceteris,
1015 974 1066 1010 ita
1089 974 1213 1009 huius-

130 1020 226 1055 modi
264 1020 404 1055 causis²
442 1030 485 1054 ex
515 1030 748 1065 personarum
780 1019 989 1055 condicione
1022 1024 1059 1055 et
1095 1030 1213 1055 rerum

131 1065 301 1109 qualitate
333 1065 517 1110 diligenter
546 1069 629 1100 sunt
658 1064 917 1107 aestimandae,
958 1075 1003 1100 ne
1033 1065 1119 1110 quid
1150 1069 1213 1099 aut

131 1110 254 1146 durius
272 1113 336 1145 aut
352 1110 534 1146 remissius
553 1110 802 1152 constituatur,
828 1120 933 1154 quam
955 1120 1065 1146 causa
1087 1114 1212 1155 postu-

132 1159 151 1190 2
197 1155 296 1191 labit.
330 1155 408 1190 Hae
431 1155 590 1191 actiones
614 1155 804 1192 heredibus
829 1155 972 1190 dantur.
1004 1156 1040 1190 in
1064 1155 1213 1190 heredes

133 1204 280 1236 eatenus
304 1200 444 1235 dandae
467 1204 561 1243 sunt,
586 1204 762 1245 quatenus
787 1200 834 1236 ad
857 1211 917 1236 eos
939 1200 1111 1246 pervenit.

176 1244 201 1282 5
229 1245 352 1282 Gsws
380 1245 471 1280 libro
501 1246 691 1281 vicensimo
716 1247 840 1291 primo
875 1245 924 1280 ad
947 1246 1100 1281 edictum
1123 1256 1214 1292 pro-

130 1290 281 1326 vinciale
326 1290 364 1325 Si
395 1290 474 1335 quis
503 1301 547 1325 ex
576 1290 764 1335 naufragio
794 1291 849 1326 vel
877 1301 922 1326 ex
949 1290 1116 1326 incendio
1140 1291 1213 1326 rui-

130 1345 220 1370 nave
248 1338 424 1371 servatam
453 1345 529 1371 rem
553 1339 589 1371 et
612 1336 681 1371 alio
705 1336 785 1372 loco
817 1336 971 1381 positam
996 1335 1215 1371 subtraxerit

130 1383 194 1415 aut
225 1380 403 1425 rapuerit,
447 1380 535 1416 furti
572 1381 708 1416 scilicet
745 1384 810 1416 aut
845 1381 935 1417 alias
964 1381 1000 1416 vi
1038 1381 1214 1417 bonorum

129 1429 313 1471 raptorum
335 1425 467 1461 iudicio
487 1429 638 1467 tenetur,
663 1426 814 1461 maxime
838 1427 868 1461 si
891 1437 964 1462 non
986 1426 1216 1471 intellegebat

130 1481 175 1505 ex
197 1470 384 1516 naufragio
409 1471 464 1505 vel
487 1470 651 1506 incendio
683 1471 830 1507 ruinave
854 1481 932 1507 eam
957 1481 1046 1507 esse.
1094 1472 1214 1506 iacen-

130 1519 201 1551 tem
233 1526 375 1561 quoque
402 1526 478 1551 rem
507 1526 552 1551 ex
589 1515 795 1561 naufragio,
832 1527 923 1568 quae
953 1516 1123 1552 fluctibus
1153 1527 1214 1552 ex-

130 1561 236 1606 pulsa
266 1561 329 1602 sit,
361 1561 392 1596 si
416 1561 495 1606 quis
527 1561 733 1603 abstulerit,
792 1561 927 1606 lemque
949 1561 1043 1597 idem
1073 1565 1212 1607 putant.

129 1605 227 1652 quod
254 1606 307 1641 ita
329 1616 451 1642 verum
474 1610 545 1649 est,
577 1607 608 1642 si
632 1606 750 1651 aliquo
799 1611 940 1652 tempus
962 1611 1046 1652 post
1069 1607 1215 1642 naufra-

129 1652 226 1696 gium
248 1651 506 1687 intercesserit:
531 1651 688 1697 alioquin
711 1652 743 1687 si
764 1651 804 1687 in
825 1652 904 1697 ipso
927 1652 1106 1697 naufragii
1126 1656 1214 1687 tem-

130 1706 218 1741 pore
239 1696 278 1732 id
300 1696 488 1739 acciderit,
513 1696 602 1732 nihil
624 1696 789 1741 interest,
813 1701 934 1732 utrum
957 1707 1002 1733 ex
1025 1697 1103 1743 ipso
1126 1697 1217 1733 mari

132 1741 280 1787 quisque
302 1742 422 1786 rapiat
445 1751 492 1776 an
516 1752 560 1777 ex
582 1741 779 1787 naufragiis
803 1751 851 1777 an
875 1753 919 1778 ex
941 1742 1056 1778 litore.
1106 1742 1150 1778 de
1173 1753 1215 1778 eo

132 1797 201 1831 quo
228 1797 291 1831 ue,
323 1786 419 1832 quod
447 1797 492 1822 ex
524 1790 602 1822 rate
630 1797 721 1823 nave
753 1791 957 1833 expugnata
986 1791 1129 1833 raptum
1157 1787 1215 1831 sit,

131 1841 199 1867 ean
225 1842 279 1867 em
301 1831 631 1877 interpretationem
659 1831 829 1868 adhibere
853 1832 1034 1868 debemus.

177 1875 203 1914 6
230 1876 517 1913 CALLISTRATUS
537 1877 628 1913 libro
646 1878 771 1923 primo
794 1878 905 1913 edicti
924 1878 1110 1914 monitoria·
1142 1878 1215 1913 Ex-

157 1925 312 1967 ugnatur
347 1922 465 1966 navis,
512 1932 593 1957 cum
632 1922 807 1967 spoliatur
844 1926 908 1958 aut
943 1923 1116 1968 mergitur
1154 1926 1218 1958 aut

157 1967 337 2004 ‘ssolvitur
371 1971 436 2002 aut
473 1966 699 2012 pertunditur
735 1970 801 2002 aut
835 1967 940 2004 funes
971 1968 1047 2004 eius
1077 1968 1217 2014 praeci—

132 2012 265 2048 duntur
283 2015 347 2047 aut
365 2012 443 2048 vela
455 2012 740 2048 conscinduntur
755 2016 819 2048 aut
839 2023 994 2049 ancorae
1013 2014 1219 2049 involantur

132 2057 176 2093 de
198 2067 307 2093 mare.
793 2073 795 2075 >

179 2101 201 2139 7
227 2102 335 2138 IDEM
360 2103 451 2138 libro
480 2102 637 2138 secundo
667 2103 917 2149 quaestionum
971 2103 1026 2139 Ne
1058 2103 1143 2148 quid
1173 2114 1218 2139 ex

131 2147 327 2192 naufragiis
359 2147 548 2192 diripiatur
578 2147 634 2182 vel
669 2147 748 2193 quis
780 2152 970 2184 extraneus
1006 2148 1218 2184 interveniat

133 2192 339 2238 colligendis
363 2193 425 2235 eis,
450 2192 684 2228 multifariam
706 2198 937 2245 prospectum
961 2197 1026 2229 est.
1074 2204 1158 2229 nam
1181 2197 1218 2229 et

133 2238 234 2274 divus
265 2237 469 2273 Hadrianus
501 2238 617 2273 edicto
646 2242 845 2284 praecepit,
877 2242 918 2274 ut
940 2239 996 2281 hi,
1028 2239 1088 2284 qui
1117 2240 1218 2274 iuxta

132 2284 239 2320 litora
267 2283 375 2318 maris
406 2282 608 2327 possident,
632 2282 783 2326 scirent,
818 2283 850 2320 si
872 2284 1015 2328 quando
1038 2284 1138 2319 navis
1161 2284 1217 2320 vel

133 2328 257 2364 inficta
279 2328 334 2363 vel
356 2327 474 2363 fracta
495 2327 592 2363 intra
614 2327 704 2364 fines
727 2328 804 2373 agri
828 2329 1001 2374 cuiusque
1023 2329 1147 2373 fuerit,
1172 2340 1217 2365 ne

133 2373 321 2418 naufragia
351 2372 419 2408 diri
444 2373 538 2415 iant,
574 2373 612 2408 in
647 2373 746 2418 ipsos
774 2374 907 2410 iudicia
936 2374 1120 2419 praesides
1149 2375 1216 2417 his,

135 2419 196 2465 qui
217 2428 276 2454 res
299 2428 385 2454 suas
435 2418 442 2425 ’
464 2422 566 2463 eptas
587 2422 793 2463 queruntur,
817 2419 1030 2462 reddituros,
1055 2423 1096 2455 ut
1116 2420 1217 2465 quid-

134 2463 220 2509 quid
242 2463 471 2509 probaverint
493 2463 596 2498 adem
621 2467 698 2499 tum
720 2464 789 2500 sibi
806 2464 1005 2509 naufragio,
1029 2464 1066 2500 id
1089 2475 1112 2500 a
1134 2475 1217 2511 pos-

134 2508 335 2545 sessoribus
358 2508 544 2554 recipiant.
618 2519 638 2544 e
659 2508 715 2544 his
739 2513 876 2553 autem,
910 2521 999 2554 quos
1030 2509 1218 2555 diripuisse

133 2554 324 2600 probatum
354 2554 418 2596 sit,
449 2553 649 2598 praesidem
680 2555 745 2588 ut³
777 2554 822 2590 de
852 2555 1052 2591 latronibus
1076 2565 1218 2600 gravem

134 2598 346 2635 sententiam
376 2598 505 2634 dicere.
560 2599 623 2634 ‘ut
649 2598 790 2635 facilior
819 2599 867 2635 sit
896 2601 1061 2645 probatio
1094 2601 1217 2636 huius-

134 2644 229 2680 modi
259 2643 421 2686 admissi,
453 2643 613 2689 permisit
641 2643 697 2679 his
728 2647 763 2679 et
793 2644 990 2690 quidquid⁶
1020 2656 1148 2690 passos
1179 2656 1218 2681 se

134 2689 338 2724 huiusmodi
361 2692 577 2733 queruntur,
609 2688 706 2724 adire
736 2689 938 2734 praefectos
969 2693 1006 2726 et
1036 2690 1106 2726 ad⁸
1136 2701 1218 2726 eum

134 2734 259 2770 testari
282 2743 434 2778 reosque
455 2737 587 2778 petere,
610 2737 653 2769 ut
674 2745 740 2780 pro
761 2734 866 2770 modo
886 2735 1014 2780 culpae
1032 2736 1089 2772 vel
1109 2735 1219 2772 vincti

139 2779 191 2814 vel
221 2779 288 2815 sub
319 2778 589 2814 fideiussoribus
618 2778 666 2814 ad
687 2779 888 2831 praesidem
910 2780 1148 2816 remittantur.
1196 2791 1218 2816 a

137 2824 278 2860 domino
310 2833 451 2868 quoque
480 2823 733 2868 possessionis,
770 2824 809 2859 in
847 2835 918 2869 qua
953 2825 991 2861 id
1024 2826 1217 2861 admissum

137 2869 287 2911 dicatur,
311 2868 400 2904 satis
424 2868 550 2914 accipi,
573 2879 619 2904 ne
643 2869 835 2914 cognitioni
858 2870 959 2914 desit,
983 2871 1215 2917 praecipitur.

137 2914 200 2950 sed
230 2924 296 2949 nec
327 2913 541 2949 intervenire
570 2913 765 2959 naufragiis
797 2915 1003 2960 colligendis
1035 2919 1098 2951 aut
1125 2917 1216 2951 mili-

136 2963 208 2994 tem
239 2962 303 2994 aut
357 2958 509 2994 rivatum
538 2962 602 2994 aut
631 2958 798 2995 libertum
832 2970 1016 2997 servumve
1045 2961 1218 3007 principis

136 3005 279 3050 placere
303 3004 334 3040 si
359 3003 371 3038 i
395 3003 446 3038 ait
469 3007 625 3039 senatus.

183 3046 207 3087 8
232 3049 438 3085 NERATJUS
462 3048 552 3084 libro
575 3048 731 3084 secundo
755 3060 1011 3096 responsorum
1057 3051 1161 3087 Ratis
1184 3052 1218 3087 vi

135 3094 291 3130 fluminis
322 3094 360 3129 in
389 3104 513 3138 agrum
535 3103 652 3129 meum
675 3093 813 3130 delatae
837 3105 908 3130 non
932 3095 1037 3131 aliter
1059 3100 1217 3142 potesta-

136 3142 208 3175 tem
238 3139 305 3175 tibi
328 3138 547 3182 faciendam,
578 3148 685 3184 quam
715 3139 747 3174 si
777 3139 821 3175 de
850 3140 1044 3185 praeterito
1077 3151 1218 3187 quoque

138 3183 266 3220 damno
290 3184 378 3219 mihi
402 3184 568 3219 cavisses.

183 3227 209 3267 9
242 3229 365 3265 Getes
393 3230 483 3265 libro
515 3231 645 3274 quarto
675 3228 724 3264 ad
755 3228 867 3276 leqem
899 3230 1084 3266 duodecim
1117 3230 1218 3266 tabu-

138 3274 257 3309 larum
303 3273 371 3318 Qui
400 3273 507 3310 aedes
531 3283 739 3309 acervumve
760 3273 929 3310 frumenti
951 3275 1052 3310 iuxta
1075 3274 1218 3311 domum

137 3319 292 3365 positum
316 3319 562 3361 combusserit,
586 3318 749 3354 vinctus⁷
771 3319 979 3356 verberatus
1002 3320 1075 3366 igni
1098 3321 1219 3356 necari

139 3435 177 3472 (1)
202 3431 379 3474 naufragio
395 3444 458 3466 scr.
590 3432 634 3474 (2)
658 3433 698 3463 ut
716 3431 752 3463 in
772 3432 890 3465 ceteris
910 3432 1016 3465 causis
1034 3433 1083 3465 ita
1101 3432 1219 3465 huius-

138 3477 228 3509 modi
240 3489 301 3510 ser.
348 3477 391 3518 (3)
416 3476 466 3519 ut]
479 3478 512 3509 et
523 3475 654 3519 qqu2
700 3477 742 3518 (4)
769 3478 802 3510 et
814 3478 872 3510 ins.
888 3479 928 3515 (v.
942 3485 1005 3511 not.
1020 3481 1048 3516 5)
1098 3479 1141 3518 (5)
1166 3478 1220 3510 his

139 3525 172 3555 et
191 3521 367 3563 quidquid]
387 3523 434 3555 sic
452 3523 486 3555 F
493 3521 515 3564 ¹,
540 3523 587 3555 eis
606 3521 688 3563 quid
707 3521 790 3563 quid
807 3520 872 3562 F2‚
895 3522 949 3554 his
967 3523 1026 3563 qui
1049 3523 1130 3564 quid
1154 3536 1218 3555 scr.

140 3569 183 3607 (6)
209 3567 297 3609 apud
311 3566 361 3600 F²

139 3613 216 3644 rent
228 3612 263 3644 F

451 3567 494 3606 (7)
518 3567 626 3600 victus
638 3567 674 3600 F
754 3567 799 3608 (8)
824 3576 944 3599 noxam
957 3566 1007 3600 F⁰

346 3613 405 3653 (ιο)
433 3616 534 3650 §1=
550 3613 628 3645 0021.
647 3613 697 3653 12,
711 3618 765 3652 5‚1

1091 3569 1137 3609 (9)
1162 3567 1219 3600 da.-

860 3611 915 3653 (11)
940 3611 979 3644 de
990 3612 1175 3655 naufragiis
1187 3613 1220 3646 et

140 3655 378 3699 [incendiariis]
392 3658 468 3689 add.
485 3657 565 3690 Goll.
620 3658 681 3699 (12)
696 3655 918 3689 Incendiariis
928 3654 983 3689 lex
994 3657 1127 3699 quidem
1137 3657 1219 3690 Cor·

140 3700 231 3733 nelia
249 3711 336 3743 aqua
357 3703 390 3734 et
408 3701 482 3743 igni
500 3701 657 3734 interdici
679 3701 791 3734 iussit:
815 3700 872 3734 sed
889 3701 981 3735 varie
998 3704 1077 3735 sunt
1094 3702 1218 3744 puniti.

141 3755 217 3778 nam
237 3746 297 3793 qui
318 3746 394 3779 data
413 3756 512 3788 opera
530 3746 567 3779 in
587 3746 721 3780 civitate
734 3746 927 3779 incendium
945 3746 1112 3789 fecerunt,
1137 3747 1165 3779 si
1182 3746 1219 3779 in

1195 126 1281 174 779

1962 132 2213 175 XXXXVII
2244 134 2282 175 9.
2312 135 2363 175 10

1276 251 1437 295 iubetur,
1468 251 1500 286 si
1532 251 1637 286 modo
1670 253 1785 288 sciens
1817 253 2044 300 prudensque
2075 253 2112 290 id
2136 254 2361 292 commiserit.

1277 297 1307 332 si
1331 307 1413 332 vero
1438 307 1537 336 casu,
1561 296 1597 331 id
1621 302 1675 331 est
1699 298 1927 343 neglegentia,
1952 304 2015 334 aut
2038 300 2205 335 noxiam⁸
2228 301 2361 336 sarcire

1277 342 1420 378 iubetur
1443 346 1525 384 aut,
1557 341 1589 376 si
1611 341 1727 377 minus
1750 343 1897 379 idoneus
1921 345 1985 388 sit,
2020 345 2130 381 levius
2155 346 2359 391 castigatur.

1279 388 1519 432 appellatione
1555 390 1675 421 autem
1714 388 1853 423 aedium
1892 400 2013 426 omnes
2043 391 2179 435 species
2210 391 2363 427 aedificii

1280 432 1519 468 continentur.

1329 476 1378 514 10
1411 477 1604 513 [sapum
1633 476 1724 512 libro
1750 479 1871 522 primo
1905 480 2112 524 opinionum
2159 480 2215 516 Ne
2246 481 2363 525 pisca-

1281 526 1377 558 tores
1402 526 1507 558 nocte
1530 521 1662 557 lumine
1687 526 1829 558 ostenso
1852 522 1980 558 fallant
2003 526 2227 570 navigantes,
2262 526 2365 571 quasi

1280 568 1316 602 in
1347 571 1491 612 portum
1521 568 1674 612 aliquem
1706 567 1876 609 delaturi,
1917 579 2028 613 eoque
2063 571 2169 605 modo
2200 571 2238 605 in
2270 571 2363 616 peri-

1281 612 1401 648 culum
1438 622 1547 648 naves
1584 616 1621 647 et
1656 612 1716 656 qui
1753 612 1791 647 in
1821 612 1871 647 eis
1903 619 1987 648 sunt
2018 615 2195 650 deducant
2227 616 2365 660 sibique

1280 658 1517 693 execrandam
1549 656 1720 703 praedam
1756 661 1884 702 parent
1894 659 1918 701 ⁹,

1280 703 1445 748 religiosa
1469 702 1672 738 constantia
1696 701 1842 737 efficiat.

1331 747 1377 785 11
1407 748 1643 783 MARGIANUS
1671 747 1762 783 libro
1787 751 1917 793 quarto
1942 748 2077 784 decimo
2101 751 2364 786 institutionum

1283 793 1321 828 Si
1344 792 1493 828 fortuito
1515 792 1718 828 incendium
1741 791 1878 827 factum
1902 793 1965 835 sit,
1990 795 2090 828 venia
2113 795 2265 840 indiget,
2297 796 2365 831 nisi

1282 842 1354 873 tam
1376 838 1452 873 lata
1476 838 1584 882 culpa
1606 837 1686 880 fuit,
1711 841 1752 872 ut
1773 837 1916 872 luxuria
1939 842 2002 873 aut
2025 839 2106 875 dolo
2125 840 2171 874 sit
2189 841 2362 885 proxima.

1331 881 1381 920 12
1397 885 1424 904 ¹⁰
1462 882 1656 919 ULPIANUS
1691 883 1782 918 libro
1817 886 1942 918 octavo
1978 884 2022 918 de
2052 884 2177 929 officio
2207 896 2364 931 procon-

1282 928 1411 963 sule’sss
1459 928 1586 963 Licere
1618 927 1810 972 unicuique
1841 927 2066 973 naufragium
2098 940 2199 964 suum
2222 930 2364 975 impune

1283 973 1448 1018 colligere
1485 976 1648 1008 constat:
1685 972 1793 1017 idque
1827 972 2021 1018 imperator
2051 974 2252 1010 Antoninus
2285 986 2363 1010 cum

1287 1022 1300 1053 1
1351 1019 1430 1054 divo
1454 1022 1557 1063 patre
1581 1029 1646 1054 suo
1671 1018 1866 1063 rescripsit.
1903 1018 1970 1062 Qui
1994 1019 2079 1053 data
2098 1030 2206 1063 opera
2224 1020 2262 1054 in
2282 1021 2364 1055 civi-

1282 1067 1356 1099 tate
1374 1063 1577 1099 incendium
1596 1064 1756 1105 fecerint,
1781 1063 1814 1098 si
1831 1063 2020 1099 humiliore
2039 1064 2119 1099 loco
2141 1065 2220 1108 sint,
2245 1066 2365 1100 bestiis

1283 1109 1375 1144 obici
1398 1109 1533 1145 solent:
1566 1109 1598 1144 si
1626 1109 1664 1143 in
1699 1109 1819 1154 aliquo
1872 1109 1962 1144 radu
1992 1109 2029 1144 id
2051 1109 2218 1150 fecerint,
2253 1111 2366 1155 capite

1282 1154 1481 1199 puniuntur
1504 1158 1568 1190 aut
1592 1159 1689 1190 certe
1711 1154 1749 1189 in
1772 1154 1827 1190 ins
1868 1163 1925 1189 am
1949 1154 2185 1199 deportantur
2198 1156 2235 1189 ¹².

1957 660 2129 703 praesidis
2162 661 2365 705 provinciae

1785 1290 1873 1330 X¹³.

1412 1357 1474 1390 DE
1498 1357 1692 1390 INIURIIS
1716 1357 1776 1390 ΕΤ
1800 1356 1994 1390 FAMOSIS
2018 1357 2240 1390 LIBELLIS.

1332 1423 1351 1460 1
1386 1422 1582 1459 Uzpums
1609 1423 1700 1459 libro
1724 1424 2049 1469 quinquayensz'mo
2073 1426 2178 1459 sexto
2207 1423 2256 1458 ad
2278 1424 2368 1459 edic-

1284 1473 1360 1504 tum
1413 1468 1548 1504 Iniuria
1579 1479 1623 1504 ex
1652 1478 1695 1504 eo
1725 1468 1823 1504 dicta
1852 1471 1924 1510 est,
1956 1468 2052 1513 quod
2080 1479 2152 1504 non
2180 1468 2257 1503 iure
2288 1467 2367 1503 fiat:

1285 1524 1389 1550 omne
1413 1514 1523 1557 enim,
1557 1513 1654 1559 quod
1676 1524 1749 1549 non
1771 1514 1849 1550 iure
1871 1512 1931 1556 fit,
1961 1513 2090 1548 iniuria
2118 1513 2196 1549 fieri
2227 1514 2368 1558 dicitur.

1283 1560 1353 1596 hoc
1371 1559 1596 1604 generaliter.
1632 1559 1835 1613 specialiter
1854 1562 1973 1594 autem
1990 1559 2120 1594 iniuria
2139 1558 2269 1594 dicitur
2286 1570 2368 1594 con-

1284 1605 1440 1641 tumelia.
1464 1604 1644 1640 interdum
1659 1603 1811 1640 iniuriae
1826 1614 1849 1640 a
1874 1603 2067 1649 pellatione
2081 1604 2248 1639 damnum
2264 1605 2370 1649 culpa

1285 1650 1408 1686 datum
1439 1649 1679 1695 significatur,
1710 1653 1753 1685 ut
1782 1649 1820 1684 in
1849 1615 1929 1694 Pege
1956 1649 2100 1695 Aquilia
2129 1649 2247 1685 dicere
2277 1650 2370 1685 sole-

1283 1706 1378 1731 mus:
1410 1694 1589 1730 interdum
1619 1694 1845 1740 iniquitatem
1867 1694 2033 1730 iniuriam
2057 1694 2205 1730 dicimus
2219 1694 2257 1737 ¹⁴,
2287 1705 2371 1729 nam

1285 1751 1367 1776 cum
1397 1739 1476 1785 quis
1504 1739 1625 1786 inique
1654 1740 1708 1775 vel
1736 1739 1867 1776 iniuste
1896 1739 2110 1775 sententiam
2141 1739 2248 1783 dixit,
2277 1740 2370 1775 iniu-

1284 1786 1375 1821 riam
1387 1787 1414 1808 ¹⁵
1444 1795 1490 1821 ex
1520 1795 1562 1821 eo
1595 1785 1746 1828 dictam,
1780 1784 1878 1830 quod
1910 1785 1988 1821 iure
2021 1788 2059 1820 et
2094 1785 2229 1821 iustitia
2259 1789 2370 1828 caret,

1285 1831 1388 1876 quasi
1405 1841 1478 1867 non
1493 1830 1631 1875 iuriam,
1650 1830 1902 1867 contumeliam
1920 1833 2038 1865 autem
2059 1840 2082 1866 a
2100 1830 2368 1866 contemnendo.

1289 1881 1303 1911 1
1353 1876 1523 1911 Iniuriam
1544 1879 1665 1911 autem
1688 1875 1767 1911 fieri
1787 1876 1910 1911 Labeo
1934 1876 1984 1911 ait
2008 1879 2072 1910 aut
2093 1886 2132 1911 rc
2153 1879 2216 1910 aut
2234 1875 2368 1911 verbis:

1286 1932 1343 1964 re,
1378 1921 1538 1966 quotiens
1562 1931 1689 1957 manus
1713 1920 1932 1956 inferuntur:
1965 1921 2082 1957 verbis
2111 1924 2248 1963 autem,
2282 1931 2369 1965 quo-

1287 1970 1306 2002 2
1353 1967 1445 2002 tiens
1469 1977 1543 2002 non
1566 1977 1692 2003 manus
1715 1966 1929 2010 inferuntur,
1955 1965 2153 2002 convicium
2171 1965 2212 2000 fit
2224 1967 2269 2000 ¹⁶:
2295 1976 2369 2001 om-

1286 2021 1437 2056 nemque
1460 2011 1626 2046 iniuriam
1649 2014 1713 2047 aut
1734 2011 1773 2047 in
1797 2022 1927 2063 corpus
1950 2011 2075 2046 inferri
2102 2014 2166 2046 aut
2188 2011 2233 2046 ad
2257 2011 2368 2056 digni-

1285 2061 1397 2092 tatem
1420 2060 1484 2092 aut
1507 2057 1554 2092 ad
1577 2056 1760 2092 infamiam
1778 2061 1975 2102 pertinere:
2001 2057 2038 2091 in
2064 2066 2194 2101 corpus
2212 2055 2265 2100 fit,
2290 2065 2370 2091 cum

1286 2102 1365 2148 quis
1388 2102 1573 2147 pulsatur:
1607 2102 1654 2137 ad
1683 2102 1907 2147 dignitatem,
1941 2112 2021 2137 cum
2046 2111 2164 2137 comes
2187 2105 2371 2137 matronae

1286 2147 1494 2183 abducitur:
1525 2146 1571 2182 ad
1594 2146 1793 2190 infamiam,
1819 2157 1900 2182 cum
1923 2146 2094 2192 pudicitia
2117 2146 2368 2191 adtemptatur.

1287 2195 1306 2227 3
1353 2192 1444 2228 Item
1475 2196 1539 2227 aut
1565 2202 1631 2238 per
1660 2196 1772 2228 semet
1799 2192 1918 2238 ipsum
1949 2192 2056 2227 alicui
2083 2191 2126 2227 fit
2155 2191 2285 2226 iniuria
2308 2196 2370 2226 aut

1286 2247 1351 2283 per
1381 2238 1470 2273 alias
1499 2247 1685 2282 personas.
1732 2247 1797 2282 per
1827 2241 1955 2279 semet,
1987 2247 2068 2272 cum
2097 2237 2231 2272 directo
2260 2237 2329 2282 ipsi
2343 2235 2367 2258 ¹'¹

1287 2283 1345 2318 cui
1376 2283 1470 2328 patri
1497 2283 1651 2318 familias
1681 2283 1736 2318 vel
1759 2283 1865 2318 matri
1888 2282 2040 2318 familias
2063 2281 2105 2317 fit
2127 2282 2274 2317 iniuria:
2305 2292 2370 2326 per

1287 2328 1386 2372 alias,
1411 2338 1492 2363 cum
1515 2338 1581 2373 per
1604 2327 1877 2373 consequentias
1899 2327 1952 2371 fit,
1977 2338 2057 2363 cum
2080 2326 2122 2362 fit
2144 2327 2264 2362 liberis
2282 2327 2369 2362 meis

1286 2374 1342 2409 vel
1366 2373 1476 2409 servis
1499 2373 1587 2409 meis
1611 2373 1667 2408 vel
1697 2373 1802 2409 uxori
1833 2373 2000 2409 nuruive:
2033 2375 2174 2418 spectat
2202 2373 2295 2408 enim
2324 2372 2370 2407 ad

1287 2429 1353 2454 nos
1376 2418 1517 2462 iniuria,
1542 2429 1633 2463 quae
1656 2418 1694 2452 in
1716 2418 1773 2454 his
1796 2418 1847 2460 fit,
1873 2418 1934 2463 qui
1956 2418 2011 2453 vel
2033 2417 2202 2470 potestati
2226 2421 2370 2452 nostrae

1286 2468 1307 2498 4
1355 2463 1411 2499 vel
1441 2462 1587 2499 affectui
1618 2463 1771 2499 subiecti
1800 2463 1881 2498 sint.
1937 2463 1987 2498 Et
2018 2473 2049 2498 si
2080 2462 2174 2498 forte
2206 2461 2370 2497 cadaveri

1288 2508 1447 2544 defuncti
1470 2509 1511 2543 fit
1533 2509 1673 2550 iniuria,
1699 2508 1758 2544 cui
1780 2508 1928 2545 heredes
1948 2509 2164 2543 bonorumve
2185 2517 2350 2552 possesso

1286 2564 1344 2589 res
1377 2554 1592 2596 exstitimus,
1630 2554 1841 2589 iniuriarum
1872 2556 1994 2589 nostro
2028 2553 2168 2588 nomine
2196 2552 2369 2587 habemus

1287 2599 1481 2635 actionem:
1515 2602 1655 2645 spectat
1683 2599 1777 2634 enim
1807 2598 1853 2634 ad
1882 2598 2175 2635 existimationem
2199 2600 2368 2639 nostram,

1287 2645 1318 2680 si
1365 2654 1412 2679 ua
1436 2644 1470 2679 ei
1492 2643 1557 2679 fiat
1578 2644 1721 2679 iniuria.
1767 2643 1931 2689 idemque
1954 2647 1992 2679 et
2014 2644 2044 2678 si
2067 2643 2163 2678 fama
2186 2642 2279 2685 eius,
2312 2643 2370 2677 cui

1287 2693 1306 2724 5
1342 2655 1503 2726 ‘heredes
1525 2689 1735 2733 exstitimus,
1755 2689 1965 2725 lacessatur.
2002 2687 2125 2732 Usque
2145 2687 2232 2723 adeo
2251 2691 2369 2722 autem

1285 2734 1433 2777 iniuria,
1472 2745 1563 2780 quae
1593 2734 1635 2769 fit
1665 2734 1787 2770 liberis
1818 2734 1969 2776 nostris,
2007 2737 2168 2769 nostrum
2198 2732 2369 2778 pudorem

1286 2780 1471 2825 pertingit,
1501 2783 1543 2815 ut
1566 2780 1705 2815 etiamsi
1727 2779 1902 2815 volentem
1925 2778 2037 2814 filium
2061 2778 2137 2823 quis
2160 2777 2367 2819 vendiderit,

1312 2825 1381 2860 atri
1405 2834 1471 2861 suo
1495 2825 1638 2870 quidem
1661 2825 1802 2860 nomine
1826 2824 1995 2869 competit
2024 2823 2231 2858 iniuriarum
2263 2823 2367 2865 actio,

1286 2837 1350 2905 {lii
1379 2880 1463 2906 vero
1495 2871 1637 2905 nomine
1668 2880 1741 2905 non
1772 2869 1957 2914 competit,
1998 2868 2081 2920 quia
2110 2867 2209 2902 nulla
2238 2867 2369 2918 iniuria

1288 2919 1307 2950 6
1355 2918 1421 2959 est,
1446 2925 1538 2960 quae
1557 2915 1594 2949 in
1612 2915 1787 2950 volentem
1805 2914 1879 2949 fiat.
1916 2913 2086 2958 Quotlens
2112 2916 2230 2947 autem
2252 2912 2368 2947 funeri

1285 2960 1468 2996 testatoris
1482 2962 1510 2982 ¹⁸
1540 2960 1595 2995 vel
1627 2960 1791 2995 cadaveri
1823 2959 1864 2994 fit
1888 2958 2035 3001 iniuria,
2068 2958 2099 2993 si
2123 2957 2262 3008 quidem
2285 2960 2368 3002 post

1288 3005 1420 3040 aditam
1451 3005 1684 3041 hereditatem
1714 3004 1795 3047 fiat,
1826 3003 2014 3040 dicendum
2047 3006 2101 3038 est
2128 3002 2248 3037 heredi
2279 3011 2366 3046 quo-

1287 3050 1473 3086 dammodo
1503 3050 1636 3085 factam
1666 3052 1818 3095 (semper
1845 3050 1938 3085 enim
1966 3047 2105 3084 heredis
2135 3046 2283 3082 interest
2306 3046 2366 3081 de-

1286 3095 1402 3130 functi
1425 3095 1718 3131 existimationem
1741 3097 1925 3140 purgare):
1956 3093 2118 3138 quotiens
2142 3094 2259 3142 autem
2283 3094 2367 3142 ante

1286 3140 1420 3175 aditam
1443 3140 1691 3183 hereditatem,
1722 3151 1758 3174 m
1805 3140 1812 3147 '
1865 3138 2068 3180 hereditati,
2100 3139 2134 3171 et
2163 3146 2214 3170 s1c
2242 3135 2364 3187 heredi

1286 3195 1350 3231 per
1386 3185 1619 3220 hereditatem
1655 3185 1808 3230 adquin.
1860 3183 2011 3228 denique
2038 3181 2198 3216 Iulianus
2230 3180 2364 3222 scribit,

1287 3231 1318 3266 si
1342 3240 1473 3275 corpus
1495 3229 1676 3265 testatoris
1706 3236 1789 3266 ante
1819 3230 1952 3265 aditam
1980 3226 2212 3278 hereditatem
2244 3224 2365 3260 deten-

1287 3279 1362 3310 tum
1386 3278 1451 3317 est,
1476 3275 1617 3320 adquiri
1636 3275 1825 3311 hereditati
1844 3273 2001 3310 actiones
2022 3271 2168 3322 dubium
2186 3280 2258 3305 non
2276 3280 2364 3305 esse.

1286 3320 1450 3365 idemque
1476 3324 1582 3365 putat
1612 3323 1649 3357 et
1678 3320 1710 3357 si
1740 3323 1824 3356 ante
1854 3318 1986 3355 aditam
2010 3314 2240 3351 hereditatem
2263 3324 2363 3350 servo

1286 3431 1476 3465 humillimo
1486 3431 1562 3466 loco
1574 3434 1668 3475 sunt,
1680 3432 1793 3466 bestiis
1805 3430 1910 3463 subici
1921 3428 2038 3470 solent,
2047 3428 2075 3460 si
2086 3427 2123 3460 in
2134 3426 2248 3469 aliquo
2258 3425 2365 3469 gradu

1287 3479 1320 3510 et
1336 3477 1458 3510 Romae
1475 3477 1511 3510 id
1523 3477 1684 3519 fecerunt,
1704 3478 1810 3519 capite
1826 3475 1960 3518 puniri:
1985 3476 2044 3506 aut
2060 3475 2148 3506 certe
2170 3472 2367 3513 (exciderunt

1287 3523 1458 3565 quaedam)
1471 3522 1647 3555 adficiendi
1660 3525 1738 3554 sunt
1750 3521 1808 3562 qui
1820 3522 1900 3553 haec
1913 3519 2125 3552 committunt
2140 3518 2219 3551 Coll.

1333 3569 1392 3609 (13)
1415 3568 1480 3601 Ed.
1495 3575 1587 3602 1...15.
1602 3575 1714 3601 17...2·1.
1729 3574 1781 3604 443
1802 3565 1883 3598 Sab.
1898 3572 1940 3598 16.
1955 3570 2076 3602 28...·11;
2102 3562 2184 3605 Pap.
2199 3568 2245 3595 42.
2259 3568 2308 3612 43..
2318 3568 2364 3594 45.

1286 3630 1332 3637 -
1342 3612 1428 3645 Bac.
1445 3614 1499 3653 60,
1512 3620 1556 3647 21.
1567 3631 1613 3637 -—
1629 3613 1678 3655 σγ.
1693 3612 1773 3643 Inst.
1787 3611 1819 3650 4,
1832 3617 1866 3648 4;
1892 3609 1966 3643 cod.
1982 3610 2014 3649 9,
2028 3615 2073 3641 35.
2087 3614 2123 3641 so
2194 3608 2251 3648 (14)
2276 3605 2364 3638 ‹hce-

1286 3666 1359 3689 mus
1370 3657 1404 3689 F
1483 3659 1541 3698 (15)
1565 3666 1626 3689 nos
1638 3656 1777 3689 dicimus
1788 3654 1948 3696 accepisse
1961 3663 1981 3684 a
1992 3652 2111 3685 iudice.
2137 3652 2170 3683 et
2181 3653 2262 3693 puto
2274 3650 2365 3701 iniu-

1287 3702 1370 3734 riam
1386 3703 1543 3736 similiave
1557 3704 1616 3735 ins.
2146 3697 2206 3738 (17)
2224 3696 2288 3738 ipm
2302 3696 2361 3728 del.

1288 3749 1349 3787 (18)
1373 3747 1502 3780 testaris
1514 3748 1549 3780 F

1688 3701 1745 3741 (16)
1767 3698 1953 3732 convicium
1966 3697 2004 3730 fit
2016 3698 2076 3731 del.

2030 3797 2095 3829 98*
