2528 3918
160 129 407 162 ARBITRIUM
433 128 715 160 RECEPERmT

184 250 205 276 o
231 239 350 275 inam¹
383 238 438 273 vel
467 238 505 272 in
527 236 773 282 lupanarium,
805 239 846 271 ut
868 234 1040 270 Vivianus
1064 234 1134 277 ait,
1167 234 1244 270 sine

184 296 208 320 u
233 285 268 320 io
291 284 435 328 impune
459 283 491 317 ei
514 292 586 317 non
636 281 814 317 arebitur:
840 291 948 325 quam
971 280 1184 316 sententiam
1208 283 1244 314 et

160 329 283 365 Celsus
305 329 394 364 libro
417 326 574 363 secundo
622 369 625 371 ¹
657 330 814 362 estorum
825 326 966 371 probat.
992 324 1089 360 unde
1102 325 1242 370 elegan-

157 378 214 410 ter
236 377 389 415 tractat,
421 372 452 407 si
474 372 505 407 is
529 372 575 407 sit
598 372 719 414 locus,
753 371 790 406 in
815 381 920 416 quem
944 370 1035 405 alter
1059 380 1104 406 ex
1125 370 1241 415 litiga-

157 419 296 455 toribus
319 418 468 453 honeste
490 417 609 452 venire
632 427 705 452 non
728 416 853 462 possit,
886 415 978 450 alter
1001 415 1128 461 possit,
1154 418 1190 450 et
1210 414 1242 450 is

158 475 231 500 non
272 462 422 505 venerit,
466 462 527 514 qui
561 462 638 497 sine
673 472 739 497 sua
770 460 990 507 turpitudine
1025 470 1067 496 eo
1098 460 1243 495 venire2

157 508 283 555 possit,
306 508 337 542 is
361 512 506 549 venerit,
532 507 593 552 qui
615 507 803 542 inhoneste
826 509 983 548 venerat,
1008 515 1057 540 an
1080 505 1241 541 commit-

156 557 254 588 tatur
265 562 383 597 poena
396 552 643 598 compromissi
661 552 726 587 an³
747 551 850 604 quasi
861 561 972 596 opera
983 561 1057 585 non
1067 550 1241 596 praebita.

157 602 192 634 et
222 601 320 633 recte
349 601 454 643 putat
483 608 559 632 non
592 597 784 633 committi:
817 595 1014 631 absurdum
1046 596 1140 631 enim
1163 605 1243 631 esse

154 644 291 679 iussum
307 643 346 677 in
366 642 510 677 alterius
523 652 677 687 persona
688 645 806 677 ratum
827 651 916 684 esse,
940 641 978 675 in
998 640 1145 676 alterius
1157 651 1240 676 non.

158 691 198 723 12
246 688 347 723 Intra
371 691 544 733 quantum
567 691 688 723 autem
710 687 892 738 temporis,
924 685 994 721 nisi
1019 685 1123 721 detur
1146 685 1243 731 quod

154 733 288 768 arbiter
306 732 458 775 iusserit,
484 733 728 768 committatur
746 731 941 784 stipulatio,
966 730 1157 766 videndum
1176 734 1240 766 est.

155 782 190 813 et
202 778 233 813 si
244 777 388 823 quidem
407 778 481 813 dies
504 778 665 813 adiectus
689 787 762 812 non
775 781 833 820 sit,
858 776 983 811 Celsus
1005 776 1131 811 scribit
1150 776 1241 811 libro

154 823 312 859 secundo
333 822 550 868 digestorum
570 823 688 859 inesse
700 822 879 868 quoddam
891 821 1070 857 modicum
1080 825 1240 866 tempus:

155 868 252 913 quod
275 868 338 904 ubi
359 868 602 913 praeterierit,
661 878 752 903 oena
784 867 905 902 statim
929 866 1003 912 peti
1034 869 1172 911 potest:
1206 869 1243 901 et

152 918 284 955 tamen,
308 913 434 958 inquit,
469 917 505 948 et
527 913 558 948 si
581 913 625 949 de
652 913 718 948 erit
741 916 824 948 ante
848 915 1036 957 acceptum
1057 911 1240 954 iudicium,

153 959 211 1003 agi
236 968 281 993 ex
304 958 478 1003 stipulatu
501 969 576 993 non
599 958 748 1004 poterit:

200 1001 254 1040 22
278 1002 439 1038 Panos
459 1003 552 1039 libro
576 1004 681 1038 tertio
705 1003 843 1038 decimo
867 1001 918 1037 ad
939 1001 1093 1037 edictum
1117 1001 1241 1047 utique

153 1048 222 1084 nisi
246 1048 321 1083 eius
344 1047 548 1084 interfuerit
569 1052 657 1084 tunc
681 1048 781 1084 solvi.

200 1091 252 1131 23
285 1093 482 1129 Uipsanas
491 1094 581 1130 libro
595 1094 700 1129 tertio
713 1093 849 1129 decimo
863 1091 915 1127 ad
925 1091 1079 1128 edictum
1116 1090 1240 1127 Celsus

151 1138 213 1181 ait,
238 1138 270 1174 si
293 1138 426 1174 arbiter
443 1139 538 1174 intra
556 1138 731 1174 kalendas
752 1137 979 1183 Septembres
1000 1136 1078 1171 dari
1098 1136 1242 1172 iusserit

151 1193 219 1219 nec
243 1183 366 1218 datum
390 1184 467 1226 erit,
491 1184 576 1219 licet
598 1187 725 1229 postea
748 1183 929 1225 offeratur,
954 1185 1114 1217 attamen
1132 1182 1241 1217 semel

154 1229 381 1264 commissam
423 1239 577 1274 poenam
620 1228 866 1274 compromissi
907 1238 981 1263 non
1017 1237 1239 1270 evanescere,

152 1274 320 1318 quoniam
341 1284 481 1319 semper
499 1284 621 1309 verum
642 1278 696 1309 est
714 1274 809 1309 intra
828 1273 1003 1309 kalendas
1025 1272 1148 1308 datum
1167 1282 1241 1307 non

151 1328 248 1354 esse:
275 1319 330 1354 sin
353 1323 473 1354 autem
496 1320 656 1355 oblatum
680 1319 829 1364 accepit,
853 1328 1007 1364 poenam
1025 1321 1148 1363 petere
1167 1328 1240 1353 non

150 1367 271 1409 potest
295 1364 367 1399 doli
391 1364 598 1409 exceptione
616 1364 861 1400 removendus.
894 1367 1032 1405 contra,
1056 1363 1120 1398 ubi
1138 1362 1239 1398 dum-

154 1412 169 1444 1
220 1413 322 1444 taxat
345 1409 430 1445 dare
453 1409 572 1445 iussus
605 1413 668 1445 est.
715 1409 815 1444 Idem
846 1408 914 1451 ait,
947 1408 979 1444 si
1008 1407 1153 1444 iusserit
1183 1419 1241 1444 me

151 1454 217 1489 tibi
242 1454 328 1489 dare
351 1459 387 1490 et
409 1455 612 1490 valetudine
635 1455 684 1490 sis
707 1454 910 1499 impeditus,
943 1463 1013 1499 quo
1037 1454 1154 1488 minus
1178 1464 1239 1488 ac-

152 1499 276 1545 cipias,
301 1503 365 1534 aut
389 1499 460 1535 alia
482 1500 579 1535 iusta
603 1510 647 1535 ex
671 1510 793 1543 causa,
817 1499 1012 1535 Proculum
1038 1499 1241 1534 existimare

150 1555 303 1589 poenam
323 1555 396 1580 non
415 1545 599 1589 committi,
624 1556 690 1581 nec
711 1545 742 1581 si
761 1548 845 1591 post
863 1543 1036 1580 kalendas
1056 1547 1092 1579 te
1110 1547 1238 1589 parato

151 1589 316 1635 accipere
347 1601 420 1625 non
452 1590 543 1626 dem.
587 1590 650 1626 sed
684 1591 761 1636 ipse
790 1593 888 1626 recte
918 1593 1025 1635 putat
1055 1589 1126 1624 duo
1161 1599 1240 1625 esse

150 1635 276 1670 arbitri
298 1640 510 1681 praecepta,
542 1647 654 1671 unum
677 1635 866 1682 pecuniam
890 1634 988 1678 dari,
1024 1634 1122 1670 aliud
1144 1634 1240 1669 intra

150 1680 324 1715 kalendas
345 1680 440 1715 dari:
465 1681 549 1716 licet
571 1682 678 1726 igitur
696 1681 734 1716 in
753 1690 907 1726 poenam
928 1690 1002 1715 non
1022 1679 1237 1723 committas,

151 1725 248 1770 quod
267 1725 362 1760 intra
382 1726 551 1762 calendas
570 1737 644 1762 non
663 1726 813 1769 dederis,
839 1726 1008 1770 quoniam
1053 1736 1091 1760 er
1110 1728 1147 1760 te
1166 1735 1239 1760 non

150 1770 260 1813 stetit,
279 1774 400 1806 tamen
413 1772 603 1808 committis
623 1772 662 1807 in
680 1781 759 1806 eam
778 1775 928 1816 partem,
954 1781 1024 1816 quo
1070 1781 1144 1806 non
1162 1770 1237 1806 das.

151 1818 171 1850 2
218 1814 319 1851 Idem
342 1816 394 1851 ait
416 1817 504 1852 nihil
527 1817 625 1852 aliud
649 1827 727 1853 esse
751 1816 950 1852 sententiae
974 1819 1073 1851 stare
1096 1816 1238 1861 posse‘,

150 1870 257 1906 quam
267 1861 306 1896 id
325 1871 441 1906 agere,
486 1866 635 1897 uantum
654 1862 691 1897 in
710 1861 788 1907 ipso
802 1862 859 1904 sit,
880 1864 922 1896 ut
933 1861 1058 1896 arbitri
1068 1864 1240 1906 pareatur

151 1909 171 1941 3
220 1907 428 1942 sententiae.
494 1907 574 1943 dem
598 1907 722 1943 Celsus
755 1907 824 1950 ait,
859 1906 890 1941 si
921 1906 1056 1941 arbiter
1088 1916 1145 1941 me
1175 1906 1241 1941 tibi

149 1954 249 1987 certa
268 1951 324 1986 die
343 1952 533 1997 pecuniam
555 1952 641 1988 dare
659 1952 813 1995 iusserit,
838 1954 878 1986 tu
899 1951 1063 1997 accipere
1082 1951 1239 1994 noluisti,

149 2005 257 2042 posse
280 1996 422 2031 defendi
445 1997 457 2032 i
484 2007 524 2032 so
548 1997 625 2032 iure
647 2007 800 2042 poenam
823 2007 896 2032 non
921 1997 1104 2032 committi.

197 2038 251 2078 24
275 2041 436 2077 PAULUS
479 2042 556 2078 ibro
589 2043 693 2078 tertio
727 2042 863 2078 decimo
897 2041 946 2076 ad
969 2041 1123 2077 edictum
1170 2041 1240 2076 Sed

151 2086 183 2122 si
205 2090 333 2131 postea
355 2086 414 2121 ille
437 2090 586 2132 paratus
611 2088 657 2122 sit
690 2087 872 2132 accipere,
905 2097 979 2121 non
1008 2086 1153 2132 impune
1183 2097 1240 2122 me

151 2142 223 2166 non
247 2131 432 2167 daturum:
458 2142 530 2167 non
554 2132 646 2167 enim
669 2136 754 2167 ante
775 2131 942 2167 feceram.

197 2174 250 2214 25
283 2175 478 2212 ULPIANUS
494 2177 585 2213 libro
599 2178 704 2213 tertio
717 2177 853 2212 decimo
867 2176 916 2212 ad
926 2176 1081 2212 edictum
1115 2176 1238 2212 Labeo

149 2221 212 2264 ait,
237 2221 269 2257 si
292 2221 435 2265 arbiter,
461 2233 542 2257 cum
565 2223 602 2257 in
623 2222 877 2267 compromisso
901 2225 1045 2257 cautum
1069 2225 1174 2264 esset,
1199 2226 1240 2256 ut

149 2266 275 2302 eadem
296 2266 353 2302 die
372 2266 416 2302 de
436 2268 600 2303 omnibus
621 2267 834 2303 sententiam
855 2267 988 2302 diceret
1009 2271 1044 2302 et
1063 2271 1104 2301 ut
1117 2271 1240 2311 posset

151 2311 246 2347 diem
269 2311 450 2364 proferre,
485 2312 529 2348 de
585 2312 774 2348 uibusdam
796 2312 904 2347 rebus
929 2311 1027 2347 dicta
1051 2312 1238 2355 sententia,

149 2357 195 2392 de
219 2357 433 2402 quibusdam
456 2369 530 2393 non
581 2359 652 2393 'cta
682 2358 775 2393 diem
805 2357 973 2402 protulit:
1005 2357 1124 2392 valere
1154 2368 1237 2403 pro-

149 2402 318 2438 lationem
337 2403 605 2448 sententiaeque
627 2404 702 2439 eius
724 2413 830 2448 posse
853 2403 998 2448 impune
1016 2413 1090 2438 non
1108 2403 1236 2447 pareri.

150 2451 187 2482 et
208 2447 298 2482 Pom
324 2447 428 2483 onius
451 2449 583 2493 probat
604 2448 784 2484 Labeonis
809 2448 1041 2490 sententiam,
1074 2447 1171 2493 quod
1203 2451 1239 2483 et

149 2492 235 2528 mihi
257 2493 292 2527 vi
318 2496 417 2528 etur:
451 2494 533 2538 quia
564 2494 684 2529 officio
717 2493 755 2528 in
786 2493 962 2529 sententia
992 2492 1140 2528 functus
1164 2504 1237 2528 non

153 2541 165 2572 1
218 2541 281 2572 est.
340 2538 441 2573 Haec
476 2543 595 2574 autem
639 2538 802 2574 clausula
838 2538 950 2574 ‘diem
991 2538 1238 2583 compromissi

149 2582 340 2662 {proferre'
364 2583 500 2618 nullam
523 2584 630 2619 aliam
654 2584 717 2619 dat
740 2583 873 2618 arbitro
897 2582 1108 2618 facultatem
1132 2594 1238 2628 quam

176 2628 242 2663 'em
272 2628 508 2673 prorogandi:
549 2632 585 2664 et
622 2629 702 2664 ideo
736 2628 981 2664 condicionem
1011 2628 1116 2673 primi
1140 2639 1236 2664 com-

149 2673 315 2725 promissi
338 2683 453 2719 neque
476 2674 635 2710 minuere
666 2684 780 2718 neque
810 2674 998 2708 immutare
1029 2676 1167 2725 potest:
1203 2677 1239 2709 et

148 2717 229 2753 ideo
261 2722 381 2753 cetera
412 2729 553 2764 quoque
585 2719 763 2754 discutere
787 2722 823 2754 et
853 2729 919 2763 pro
944 2719 1107 2754 omnibus
1130 2729 1239 2754 unam

150 2765 169 2797 2
217 2763 430 2798 sententiam
441 2763 535 2799 ferre
547 2763 700 2800 debebit.
749 2763 788 2798 Si
798 2774 863 2809 per
874 2763 1119 2798 fideiussorem
1129 2763 1239 2799 fuerit

150 2812 297 2843 cautum
319 2808 357 2843 in
380 2809 492 2853 primo
518 2819 598 2844 com
624 2809 794 2851 romisso,
828 2812 864 2843 et
893 2818 1044 2853 sequens
1076 2808 1239 2844 similiter

150 2851 403 2898 proferendum
432 2853 556 2890 Labeo
593 2821 688 2890 (ficit.
740 2854 804 2889 sed
834 2853 1052 2898 Pomponius
1085 2853 1238 2895 dubitat,

149 2900 269 2932 utrum
291 2897 404 2933 isdem
427 2908 474 2933 an
499 2903 534 2934 et
557 2899 634 2935 aliis
665 2903 739 2934 tam
762 2898 916 2934 idoneis:
949 2898 1034 2943 quid
1055 2898 1159 2939 enim.
1182 2898 1237 2933 in-

148 2942 238 2988 quit,
263 2943 294 2978 si
316 2943 410 2978 idem
433 2943 626 2980 fideiubere
649 2944 854 2980 noluerint?
878 2943 941 2979 sed
956 2946 1055 2988 puto,
1081 2943 1111 2978 si
1134 2943 1237 2979 nolu-

149 2987 241 3023 erint
258 2987 463 3031 fideiubere,
487 2992 574 3024 tunc
601 2989 690 3025 alios
709 3000 782 3024 non
801 2989 979 3024 absimiles
1002 2988 1237 3031 adhibendos,

196 3030 251 3070 26
276 3032 437 3068 PAULUs
458 3033 550 3069 libro
576 3035 682 3070 tertio
707 3034 844 3070 decimo
870 3034 920 3069 ad
942 3033 1097 3069 edictum
1132 3044 1178 3069 ne
1199 3033 1239 3069 in

150 3080 327 3122 potestate
351 3079 398 3113 sit
421 3078 670 3114 fideiussorum
691 3082 817 3124 postea
837 3089 876 3114 se
898 3089 972 3114 non
992 3078 1237 3123 obligantium,

150 3125 187 3157 ut
197 3132 332 3204 2ppena
356 3124 610 3159 committatur.
647 3123 741 3159 idem
766 3134 811 3159 ue
836 3127 872 3159 et
894 3125 925 3160 si
949 3124 1178 3159 decesserint.

282 3167 477 3204 ULPIANUS
493 3169 584 3204 libro
609 3170 713 3205 tertio
760 3170 870 3205 ecimo
884 3169 934 3205 ad
945 3169 1098 3204 edictum
1133 3169 1238 3204 Diem

151 3211 312 3256 proferre
330 3213 386 3247 vel
423 3223 567 3249 raesens
580 3214 636 3249 vel
653 3224 719 3259 per
730 3214 894 3249 nuntium
906 3214 961 3249 vel
973 3224 1037 3259 per
1049 3214 1237 3258 epistulam

154 3258 169 3290 1
219 3260 347 3302 potest.
397 3224 434 3293 gi
456 3258 597 3294 heredis
620 3259 752 3294 mentio
776 3260 832 3294 vel
856 3263 1055 3294 ceterorum
1078 3258 1178 3294 facta
1199 3259 1237 3294 in

151 3302 406 3354 compromisso
419 3313 492 3338 non
503 3303 621 3347 fuerit,
634 3307 747 3339 morte
758 3304 915 3340 solvetur
924 3304 1235 3349 compromissum:

151 3355 219 3385 nec
250 3350 382 3382 utimur
411 3347 592 3384 Labeonis
623 3349 819 3392 sententia,
853 3349 914 3394 qui
945 3349 1176 3391 existimavit,
1208 3349 1239 3383 si

148 3390 285 3442 arbiter
315 3391 466 3436 aliquem
497 3393 686 3438 pecuniam
719 3393 804 3429 dare
834 3393 979 3429 iusserit
1002 3397 1038 3429 et
1059 3394 1090 3428 is
1115 3393 1236 3429 deces-

152 3438 451 3487 serit-antequam
475 3437 594 3481 daret,
652 3448 778 3474 cenam
802 3438 994 3481 committi,
1026 3438 1111 3473 licet
1133 3439 1237 3474 heres

153 3480 174 3514 2
206 3489 297 3531 eius
321 3485 468 3525 paratus
499 3483 546 3517 sit
577 3493 598 3518 o
628 3493 716 3519 erre.
765 3483 861 3518 Stari
884 3487 1003 3518 autem
1027 3483 1134 3518 debet
1156 3493 1237 3518 sen-

152 3526 285 3576 tentiae
301 3525 449 3576 arbitri,
481 3538 587 3572 quam
618 3527 663 3563 de
687 3538 730 3563 ea
751 3529 815 3563 re⁵
847 3528 993 3571 dixerit,
1027 3528 1100 3564 sive
1123 3538 1238 3573 aequa

153 3577 228 3603 sive
261 3579 384 3614 iniqua
417 3571 481 3606 sit:
528 3576 564 3607 et
597 3572 666 3608 sibi
699 3573 851 3618 imputet
885 3573 947 3618 qui
982 3573 1235 3618 compromisit.

153 3680 194 3720 (1)
219 3681 345 3722 popina
358 3681 416 3715 FS

580 3685 622 3725 (2)
647 3694 765 3717 venere
778 3684 813 3717 F
961 3687 1004 3726 (3)
1029 3696 1073 3717 an
1087 3686 1150 3719 del.
1164 3687 1238 3719 dett.

153 3724 197 3764 (4)
221 3724 330 3768 posse]
344 3736 404 3768 per
415 3736 450 3759 se
462 3739 523 3760 scr.

625 3729 668 3769 (5)
694 3729 734 3761 de
747 3739 786 3761 ea
798 3731 846 3770 re]
861 3729 939 3762 dare
952 3730 1016 3772 F1,
1031 3741 1106 3762 vere
1120 3729 1183 3770 F²‚
1197 3730 1237 3762 de

1257 108 1313 156 69
2260 113 2347 156 1111
2377 115 2403 157 8

1313 245 1396 270 iiam
1421 238 1456 270 et
1480 234 1550 269 divi
1567 234 1624 269 Pii
1642 234 1815 279 rescripto
1838 234 2010 270 adicitur:
2037 235 2104 270 ‘vel
2127 235 2244 270 minus
2268 235 2404 296 proba-

1313 283 1332 315 3
1381 279 1500 315 ‘bilem
1523 279 1736 315 sententiam
1759 289 1874 325 aequo
1899 281 2017 316 animo
2041 279 2136 316 ferre
2159 280 2268 316 debet
2291 281 2317 316 θ.
2366 280 2405 317 Si

1337 324 1433 360 lures
1457 324 1583 360 arbitri
1605 324 1742 359 fuerint
1765 328 1801 359 et
1825 324 1982 361 diversas
2006 325 2203 361 sententias
2237 325 2405 369 dixerint,

1324 370 1433 405 icebit
1456 369 1659 405 sententia⁷
1682 379 1806 405 eorum
1824 380 1899 405 non
1918 371 2023 405 stari:
2049 370 2112 406 sed
2132 371 2163 406 si
2183 370 2299 406 maior
2317 381 2404 416 pars

1313 415 1534 457 consentiat,
1560 424 1603 450 ea
1626 414 1800 457 stabitur,
1826 414 1984 460 alioquin
2007 426 2125 468 poena
2149 416 2402 452 committetur.

1310 460 1395 496 inde
1418 460 1602 505 quaeritur
1632 459 1730 505 apud
1759 459 1958 503 Iulianum,
1991 471 2021 496 si
2052 471 2096 496 ex
2119 461 2234 497 tribus
2257 461 2404 497 arbitris

1311 515 1404 540 unus
1429 505 1651 550 quindecim,
1684 505 1775 540 alius
1807 505 1950 547 decem,
1982 506 2109 541 tertius
2134 506 2292 559 quinque
2316 517 2403 542 con-

1311 550 1499 593 demnent,
1532 560 1605 595 qua
1636 550 1815 585 sententia
1847 554 1980 585 stetur:
2019 554 2055 586 et
2086 552 2245 588 Iuhanus
2278 552 2405 588 scribit

1311 595 1467 641 quinque
1480 595 1609 630 debere
1620 595 1809 640 praestari,
1834 595 1918 640 quia
1937 595 1975 630 in
1986 595 2081 631 hanc
2094 607 2268 632 summam
2280 607 2404 633 omnes

1311 644 1332 675 4
1380 644 1649 676 consenserunt.
1698 639 1736 675 Si
1759 640 1838 686 quis
1872 640 2089 685 litigatorum
2113 641 2284 686 defuerit,
2320 642 2405 688 quia

1310 695 1375 730 per
1398 696 1479 721 eum
1509 685 1647 721 factum
1679 689 1752 728 est,
1785 696 1856 731 quo
1889 686 2006 721 minus
2039 686 2253 730 arbitretur,
2284 698 2405 732 poena

1311 731 1562 766 committetur.
1610 730 1761 783 proinde
1804 731 1981 766 sententia
2025 731 2167 783 quidem
2201 732 2297 767 dicta
2331 743 2405 768 non

1312 786 1434 811 coram
1456 776 1696 821 litigatoribus
1720 786 1793 811 non
1816 776 1958 819 valebit,
1984 777 2053 811 niSi
2075 777 2114 811 in
2139 787 2218 812 com
2244 778 2403 813 remissis

1309 821 1380 856 hoc
1404 821 1607 866 specialiter
1631 831 1839 866 expressum
1863 821 1920 864 sit,
1945 825 1986 856 ut
2002 821 2058 857 vel
2074 832 2146 857 uno
2170 833 2213 857 ve
2250 826 2405 868 utroque

1311 866 1460 902 absente
1491 866 1669 902 sententia
1699 870 1903 911 promatur:
1936 877 2090 911 poenam
2127 871 2248 902 autem
2278 868 2309 903 is
2343 868 2405 913 qui

1310 911 1424 946 defuit
1448 911 1647 953 committit,
1673 911 1757 956 quia
1777 922 1842 956 per
1861 921 1943 947 eum
1964 911 2101 948 factum
2123 916 2178 948 est
2197 923 2268 958 quo
2287 913 2404 948 minus

1310 960 1329 992 5
1379 957 1583 992 arbitretur.
1622 955 1751 992 Coram
1763 960 1883 992 autem
1895 957 2013 992 dicere
2026 957 2242 993 sententiam
2253 957 2403 1000 videtur,

1333 1002 1371 1036 ui
1405 1001 1626 1047 sapientibus
1663 1002 1766 1037 dicit:
1810 1005 1968 1038 ceterum
2012 1013 2134 1038 coram
2175 1003 2313 1038 furioso
2349 1003 2406 1038 vel

1336 1051 1474 1082 emente
1496 1057 1570 1083 non
1600 1046 1741 1082 videtur
1766 1046 1853 1083 dici:
1885 1048 1972 1083 item
2004 1058 2126 1083 coram
2160 1048 2296 1093 pupillo
2330 1059 2404 1083 non

1309 1092 1422 1128 videri
1444 1092 1660 1128 sententiam
1683 1092 1816 1127 dictam
1827 1093 1851 1136 ⁸,
1886 1093 1955 1128 nisi
1986 1096 2085 1128 tutor
2117 1103 2289 1138 praesens
2312 1092 2402 1128 fuit:

1310 1141 1346 1173 et
1364 1138 1416 1173 ita
1436 1137 1480 1172 de
1500 1138 1556 1173 his
1576 1138 1740 1173 omnibus
1754 1137 1914 1173 Iulianus
1933 1138 2024 1174 libro
2047 1141 2174 1191 quarto
2188 1138 2405 1183 digestorum

1311 1187 1331 1219 6
1380 1182 1518 1218 scribit.
1565 1182 1616 1218 Et
1639 1183 1670 1218 si
1694 1183 1774 1228 quis
1798 1193 1969 1228 praesens
1993 1184 2167 1219 arbitrum
2191 1183 2405 1219 sententiam

1310 1231 1329 1263 ‘1
1378 1228 1497 1264 dicere
1507 1228 1703 1273 prohibuit,
1726 1238 1844 1274 poena
1856 1229 2107 1264 committetur.
2145 1228 2216 1264 Sed
2236 1229 2267 1264 si
2313 1239 2406 1264 cena

1309 1284 1382 1309 non
1415 1273 1545 1309 fuisset
1587 1273 1729 1309 adiecta
1773 1274 2048 1319 compromisso,
2092 1274 2155 1309 sed
2197 1273 2288 1319 simp
2305 1274 2405 1309 'citer

1308 1319 1488 1399 {ententia
1512 1319 1601 1354 stari
1625 1318 1704 1364 quis
1728 1319 1942 1364 promiserit,
1973 1319 2103 1355 incerti
2126 1319 2297 1355 adversus
2323 1329 2405 1354 eum

1327 1369 1406 1400 oret
1430 1364 1536 1399 actio.

1356 1406 1408 1447 28
1434 1409 1492 1444 Pa
1500 1419 1595 1445 ULUS
1623 1409 1715 1446 libro
1748 1410 1853 1445 tertio
1885 1409 2022 1445 decimo
2046 1409 2097 1444 ad
2118 1409 2273 1446 edictum
2320 1409 2403 1445 Non

1309 1459 1429 1490 autem
1450 1455 1610 1497 interest,
1637 1457 1736 1489 certa
1758 1464 1806 1489 an
1823 1454 1961 1490 incerta
1984 1465 2123 1490 summa
2147 1455 2404 1500 compromissa

1309 1501 1366 1542 sit,
1391 1504 1432 1534 ut
1480 1504 1544 1535 uta
1568 1500 1715 1544 ‘quanti
1740 1509 1782 1535 ea
1805 1509 1862 1535 res
1888 1500 1981 1535 en't’.

1356 1543 1410 1583 29
1470 1554 1639 1580 LPJANUS
1659 1545 1750 1580 libro
1775 1545 1880 1580 tertio
1905 1545 2042 1581 decimo
2065 1544 2116 1580 ad
2134 1544 2291 1581 edictum
2326 1545 2403 1580 Ad—

1308 1601 1432 1626 versus
1457 1590 1671 1626 sententiam
1694 1590 1820 1624 arbitri
1842 1589 1895 1633 fit,
1921 1590 1952 1625 si
1975 1593 2122 1635 petatur
2146 1590 2192 1626 ab
2218 1601 2260 1626 eo
2285 1600 2308 1626 a
2332 1601 2402 1643 quo

1309 1636 1443 1671 arbiter
1475 1636 1550 1681 peti
1573 1635 1695 1671 vetuit.
1734 1635 1820 1680 quid
1853 1645 1935 1680 ergo
1969 1635 2000 1671 si
2032 1645 2054 1670 a
2084 1635 2295 1671 fideiussore
2326 1646 2403 1671 eius

1308 1684 1463 1726 petatur,
1489 1691 1536 1716 an
1555 1690 1673 1726 poena
1694 1680 1962 1716 committatur?
1986 1683 2022 1716 et
2044 1684 2133 1747 puto
2159 1681 2342 1724 committi,
2368 1685 2404 1716 et

1308 1727 1359 1762 ita
1376 1726 1531 1762 Sabinus
1549 1726 1692 1761 scribit:
1717 1736 1801 1761 nam
1823 1728 1868 1772 τῇ
1893 1723 2041 1770 δυνάμει
2081 1735 2104 1760 a
2126 1736 2188 1761 reo
2212 1726 2314 1771 petit.
2339 1726 2404 1761 sed

1309 1772 1340 1808 si
1364 1783 1445 1807 cum
1467 1771 1677 1807 fideiussore
1702 1771 1929 1816 compromisi
1953 1775 1990 1806 et
2013 1781 2036 1806 a
2058 1780 2119 1806 reo
2143 1774 2301 1817 petatur,
2334 1771 2403 1807 nisi

1307 1817 1447 1853 intersit
1469 1816 1700 1859 fideiussoris,
1725 1826 1798 1851 non
1823 1815 2074 1852 committetur.

1355 1860 1408 1901 30
1433 1861 1595 1898 Pio-ms
1626 1861 1718 1898 libro
1755 1862 1859 1896 tertio
1894 1861 2031 1897 decimo
2067 1860 2118 1897 ad
2149 1860 2305 1897 edictum
2365 1860 2404 1896 Si

1332 1908 1388 1943 uis
1411 1918 1496 1950 rem,
1522 1907 1567 1943 de
1591 1917 1663 1952 qua
1687 1906 1983 1951 compromissum
2007 1906 2064 1949 sit,
2087 1906 2126 1941 in
2149 1905 2321 1941 iudicium
2341 1906 2402 1941 de-

1309 1919 1439 1995 ducat,
1472 1952 1617 1998 quidam
1649 1951 1774 1987 dicunt
1796 1955 2000 1997 praetorem
2023 1962 2096 1986 non
2119 1951 2334 1987 intervenire
2357 1951 2404 1986 ad

1310 1997 1506 2043 cogendum
1518 1997 1694 2032 arbitrum
1706 1997 1920 2032 sententiam
1943 1996 2072 2039 dicere,
2098 1996 2181 2042 quia
2200 1996 2272 2031 iam
2285 2006 2403 2041 poena

1309 2054 1382 2079 non
1401 2046 1524 2088 potest
1544 2053 1634 2085 esse,
1660 2046 1770 2094 atque
1789 2042 1820 2077 si
1840 2042 1998 2077 solutum
2020 2045 2075 2077 est
2095 2042 2400 2087 compromissum.

1309 2088 1373 2124 sed
1396 2088 1428 2123 si
1450 2088 1520 2123 hoc
1545 2087 1759 2132 optinuerit,
1795 2086 1958 2122 futurum
1982 2090 2056 2130 est,
2091 2090 2133 2121 ut
2161 2087 2199 2122 in
2221 2090 2403 2132 potestate

1309 2133 1396 2175 eius,
1420 2142 1525 2178 quem
1537 2132 1696 2178 paenitet
1710 2131 2008 2177 compromisisse,
2049 2131 2097 2167 sit
2109 2132 2401 2176 compromissum

1309 2178 1462 2214 eludere.
1502 2188 1585 2223 ergo
1611 2177 1781 2213 adversus
1814 2187 1896 2212 eum
1918 2187 2037 2223 poena
2061 2176 2316 2212 committenda
2348 2182 2404 2212 est

1307 2224 1368 2259 lite
1392 2223 1490 2269 apud
1513 2223 1666 2258 iudicem
1691 2233 1756 2258 suo
1781 2222 1906 2258 ordine
1956 2221 2145 2268 eragenda.

1354 2266 1405 2306 31
1440 2267 1637 2304 ULPIANUS
1657 2268 1749 2304 libro
1774 2268 1879 2303 tertio
1929 2268 2040 2303 ecz'mo
2072 2267 2124 2303 acl
2145 2266 2301 2303 edictum
2345 2267 2403 2302 Ita

1309 2314 1451 2349 demum
1474 2317 1595 2348 autem
1620 2313 1861 2348 committetur
1884 2312 2089 2358 stipulatio,
2124 2323 2205 2348 cum
2228 2311 2401 2347 adversus

1309 2369 1387 2394 eam
1411 2358 1497 2404 quid
1519 2358 1579 2402 fit,
1614 2358 1646 2394 si
1678 2358 1755 2394 sine
1779 2358 1862 2393 dolo
1894 2358 1989 2394 malo
2022 2357 2227 2410 stipulantis
2261 2356 2402 2392 factum

1309 2407 1380 2440 est:
1406 2404 1474 2440 sub
1498 2404 1569 2439 hac
1594 2403 1687 2438 enim
1712 2403 1922 2439 condicione
1947 2402 2179 2438 comm1ttitur
2202 2402 2400 2447 stipulatio,

1306 2459 1352 2485 ne
1375 2449 1455 2495 quis
1480 2448 1553 2484 doli
1576 2449 1633 2484 sui
1655 2448 1853 2494 praemium
1875 2447 1979 2483 ferat.
2012 2447 2075 2483 sed
2094 2448 2125 2483 si
2143 2447 2285 2492 quidem
2304 2457 2401 2482 com-

1306 2494 1481 2540 promisso
1506 2494 1683 2529 adiciatur
1707 2495 1792 2528 ‘ut¹⁰
1815 2492 1946 2538 siquid
1969 2493 2050 2528 dolo
2074 2492 2112 2527 in
2136 2502 2179 2527 ea
2202 2502 2242 2527 re
2263 2491 2401 2528 factum

1308 2540 1390 2583 ‘sit',
1415 2549 1458 2575 ex
1482 2540 1529 2575 sti
1555 2539 1657 2575 ulatu
1680 2538 1861 2574 conveniri
1893 2538 1954 2583 qui
1978 2538 2059 2573 dolo
2083 2537 2171 2573 fecit
2186 2540 2332 2589 potest:
2366 2541 2402 2573 et

1306 2585 1386 2620 ideo
1420 2585 1452 2621 si
1482 2594 1523 2619 ar
1548 2584 1656 2619 itrum
1690 2584 1770 2629 quis
1795 2583 1957 2628 corrupit
1987 2583 2043 2618 vel
2066 2592 2221 2628 pecunia
2243 2582 2300 2617 vel
2323 2592 2399 2618 am-

1306 2630 1462 2672 bitione,
1494 2629 1551 2664 vel
1574 2629 1788 2664 advocatum
1812 2628 1973 2663 diversae
1996 2628 2132 2673 partis,
2164 2627 2222 2663 vel
2245 2627 2400 2673 aliquem

1309 2686 1352 2710 ex
1386 2675 1461 2718 his,
1495 2674 1625 2720 quibus
1658 2684 1804 2709 causam
1836 2683 1938 2708 suam
1970 2673 2216 2715 commiserat,
2250 2682 2296 2708 ex
2327 2672 2401 2708 doli

1309 2720 1471 2755 clausula
1493 2719 1627 2764 poterit
1652 2718 1842 2760 conveniri,
1866 2718 1923 2753 vel
1946 2718 1977 2754 si
2000 2717 2245 2753 adversarium
2270 2717 2400 2754 callide

1308 2764 1549 2806 circumvenit,
1575 2767 1612 2799 et
1633 2763 1776 2799 omnino
1801 2763 1832 2798 si
1854 2763 1892 2798 in
1914 2763 1985 2798 hac
2007 2763 2070 2798 lite
2089 2762 2212 2798 dolose
2236 2766 2399 2799 versatus

1309 2813 1373 2852 est,
1397 2810 1517 2845 locum
1536 2809 1684 2844 habebit
1704 2819 1748 2843 ex
1767 2808 1941 2853 stipulatu
1960 2808 2076 2843 actio:
2102 2811 2138 2844 et
2163 2808 2244 2844 ideo
2266 2808 2298 2844 si
2316 2808 2400 2844 velit

1308 2855 1351 2890 de
1372 2854 1453 2890 dolo
1467 2854 1644 2889 actionem
1666 2864 1831 2889 exercere
1853 2853 2090 2897 adversarius,
2115 2863 2188 2889 non
2209 2853 2399 2895 debebit¹¹,

1308 2911 1390 2934 cum
1412 2900 1546 2934 habeat
1578 2909 1622 2933 ex
1653 2898 1826 2944 stipulatu
1857 2899 2045 2934 actionem.
2083 2898 2180 2944 quod
2212 2898 2244 2934 si
2273 2898 2398 2934 huius-

1306 2944 1401 2980 modi
1445 2944 1609 2979 clausula
1642 2943 1680 2978 in
1712 2944 1968 2989 compromisso
2004 2943 2123 2979 adscri
2149 2947 2188 2978 ta
2222 2954 2296 2979 non
2332 2946 2398 2986 est,

1306 2994 1394 3025 tunc
1419 2989 1462 3024 de
1487 2989 1569 3024 dolo
1594 2989 1689 3024 actio
1712 2989 1769 3024 vel
1800 2989 1963 3034 exceptio
1986 2989 2106 3024 locum
2155 2989 2286 3024 abebit.
2323 2988 2394 3023 hoc

1307 3038 1426 3070 autem
1450 3034 1744 3079 compromissum
1766 3034 1911 3079 plenum
1934 3038 2000 3078 est,
2025 3034 2120 3080 quod
2144 3037 2180 3069 et
2203 3033 2276 3069 doli
2300 3033 2397 3071 clau-

1306 3080 1407 3115 sulae
1431 3079 1541 3114 habet
1563 3079 1789 3114 mentionem.

1353 3122 1407 3162 32
1431 3123 1489 3160 ΡΑ
1497 3133 1592 3160 ULUS
1621 3124 1712 3160 libro
1748 3126 1852 3160 tertio
1876 3124 2012 3160 decimo
2037 3124 2087 3159 ad
2110 3123 2266 3160 edictum
2313 3122 2397 3158 Non

1308 3170 1563 3214 distinguemus
1594 3169 1633 3204 in
1665 3169 1948 3215 compromissis,
1979 3169 2096 3204 minor
2128 3179 2175 3204 an
2206 3168 2321 3203 maior
2351 3167 2398 3203 sit

1310 3218 1324 3249 1
1374 3225 1492 3267 poena
1527 3224 1635 3259 quam
1667 3225 1726 3250 res
1761 3214 1805 3250 de
1839 3225 1910 3260 qua
1945 3215 2075 3259 agitur.
2131 3213 2215 3249 Non
2251 3216 2397 3258 cogetur

1307 3260 1442 3295 arbiter
1477 3259 1691 3295 sententiam
1725 3258 1861 3303 dicere,
1894 3260 1926 3295 si
1959 3269 2078 3305 poena
2113 3258 2302 3294 commissa
2337 3257 2393 3292 sit.

1308 3307 1327 3339 2
1376 3304 1414 3340 Si
1431 3304 1559 3339 mulier
1571 3303 1686 3340 alieno
1700 3305 1844 3340 nomine
1857 3304 2135 3350 compromittat,
2160 3314 2232 3338 non
2255 3302 2320 3337 erit
2332 3311 2378 3346 pe

1308 3353 1326 3384 3
1376 3349 1482 3384 cunia
1495 3349 1750 3394 compromissa
1760 3353 1907 3396 propter
1917 3349 2217 3385 intercessionem.
2233 3347 2396 3399 ‘Summa

1306 3394 1357 3429 rei
1382 3397 1446 3436 est,
1470 3397 1512 3429 ut
1533 3397 1680 3439 praetor
1702 3405 1742 3430 se
1763 3405 1837 3430 non
1859 3395 2076 3439 interponat,
2102 3394 2174 3429 sive
2193 3392 2292 3427 initio
2314 3391 2392 3425 nul-

1306 3439 1380 3474 lum
1403 3439 1450 3474 sit
1473 3439 1785 3484 compromissum:
1818 3440 1891 3475 sive
1914 3440 1981 3482 sit,
2012 3438 2078 3475 sed
2098 3436 2256 3517 pendeat
2279 3446 2327 3470 an
2350 3446 2395 3470 ex

1308 3494 1349 3518 eo
1381 3493 1498 3528 poena
1529 3483 1622 3529 exigi
1652 3488 1789 3530 potest:
1827 3485 1901 3520 sive
1935 3487 2063 3529 postea
2124 3481 2242 3517 eficiat
2275 3489 2394 3531 poena

1308 3529 1562 3573 compromisso
1587 3528 1705 3565 soluto
1739 3529 1796 3565 die
1828 3532 1943 3565 morte
1965 3526 2239 3579 acceptilatione
2261 3524 2392 3560 iudicio

1307 3576 1328 3608 4
1374 3577 1494 3618 pacto.
1543 3573 1751 3610 Sacerdotio
1785 3574 1997 3610 obveniente
2028 3572 2222 3608 videbimus
2253 3579 2301 3605 an
2332 3579 2393 3604 co-

2163 3685 2207 3725 (8)
2232 3683 2354 3715 distam
2363 3682 2398 3714 F

1312 3685 1388 3718 reS
1456 3687 1500 3727 (6)
1526 3685 1698 3720 debesscr.
1771 3689 1813 3726 (7)
1839 3686 2026 3719 sententiae
2038 3682 2092 3717 F⁶

2164 3732 2217 3769 (11)
2243 3727 2318 3760 dari
2329 3728 2391 3761 ins.

1310 3734 1354 3771 (9)
1380 3732 1417 3763 icl
1428 3738 1520 3764 estre
1533 3733 1610 3774 ipsa
1678 3734 1738 3771 (ιο)
1764 3734 1814 3772 ιιι]
1829 3735 1887 3763 aut
1900 3730 2092 3773 Deyenkolb
