<?xml version="1.0" encoding="UTF-8"?>
<!DOCTYPE html PUBLIC "-//W3C//DTD XHTML 1.0 Transitional//EN"
    "http://www.w3.org/TR/xhtml1/DTD/xhtml1-transitional.dtd">
<html xmlns="http://www.w3.org/1999/xhtml" xml:lang="en" lang="en">
 <head>
  <title>
</title>
<meta http-equiv="Content-Type" content="text/html;charset=utf-8" />
  <meta name='ocr-system' content='tesseract 3.04.00' />
  <meta name='ocr-capabilities' content='ocr_page ocr_carea ocr_par ocr_line ocrx_word'/>
</head>
<body>
  <div class='ocr_page' id='page_1' title='image "./corpusjuriscivil01krueuoft_0266.png"; bbox 0 0 2528 3918; ppageno 0'>
   <div class='ocr_carea' id='block_1_1' title="bbox 203 103 316 162">
    <p class='ocr_par' dir='ltr' id='par_1_1' title="bbox 203 103 316 162">
     <span class='ocr_line' id='line_1_1' title="bbox 203 103 316 162; baseline 0 -13"><span class='ocrx_word' id='word_1_1' title='bbox 203 103 272 149; x_wconf 74' lang='grc' dir='ltr'><strong>ιιι</strong></span> <span class='ocrx_word' id='word_1_2' title='bbox 292 109 316 162; x_wconf 84' lang='grc' dir='ltr'><strong>ι</strong></span> 
     </span>
    </p>
   </div>
   <div class='ocr_carea' id='block_1_2' title="bbox 1285 101 1367 149">
    <p class='ocr_par' dir='ltr' id='par_1_2' title="bbox 1285 101 1367 149">
     <span class='ocr_line' id='line_1_2' title="bbox 1285 101 1367 149; baseline 0.012 -1"><span class='ocrx_word' id='word_1_3' title='bbox 1285 101 1367 149; x_wconf 80' lang='grc'><strong>150</strong></span> 
     </span>
    </p>
   </div>
   <div class='ocr_carea' id='block_1_3' title="bbox 1034 509 1594 561">
    <p class='ocr_par' dir='ltr' id='par_1_3' title="bbox 1034 509 1594 561">
     <span class='ocr_line' id='line_1_3' title="bbox 1034 509 1594 561; baseline 0 -1"><span class='ocrx_word' id='word_1_4' title='bbox 1034 510 1214 560; x_wconf 86' lang='lat' dir='ltr'>LIBER</span> <span class='ocrx_word' id='word_1_5' title='bbox 1242 509 1594 561; x_wconf 82' lang='lat' dir='ltr'><strong>UNDEGIMUS.</strong></span> 
     </span>
    </p>
   </div>
   <div class='ocr_carea' id='block_1_4' title="bbox 223 639 1260 796">
    <p class='ocr_par' dir='ltr' id='par_1_4' title="bbox 223 639 1260 796">
     <span class='ocr_line' id='line_1_4' title="bbox 714 639 768 679; baseline 0 0"><span class='ocrx_word' id='word_1_6' title='bbox 714 639 768 679; x_wconf 86' lang='lat'><strong>1¹.</strong></span> 
     </span>
     <span class='ocr_line' id='line_1_5' title="bbox 223 703 1260 738; baseline 0.001 -2"><span class='ocrx_word' id='word_1_7' title='bbox 223 705 283 737; x_wconf 82' lang='lat' dir='ltr'><strong>DE</strong></span> <span class='ocrx_word' id='word_1_8' title='bbox 308 703 786 738; x_wconf 82' lang='lat' dir='ltr'>INTERROGATIONIBUS</span> <span class='ocrx_word' id='word_1_9' title='bbox 811 705 860 736; x_wconf 87' lang='lat' dir='ltr'><strong>IN</strong></span> <span class='ocrx_word' id='word_1_10' title='bbox 884 705 993 737; x_wconf 86' lang='lat' dir='ltr'>IURE</span> <span class='ocrx_word' id='word_1_11' title='bbox 1018 703 1260 737; x_wconf 81' lang='lat' dir='ltr'>FACIENDIS</span> 
     </span>
     <span class='ocr_line' id='line_1_6' title="bbox 327 748 1154 796; baseline -0.001 -13"><span class='ocrx_word' id='word_1_12' title='bbox 327 748 414 783; x_wconf 56' lang='grc' dir='ltr'><strong>ΕΤ,</strong></span> <span class='ocrx_word' id='word_1_13' title='bbox 436 750 849 796; x_wconf 77' lang='lat' dir='ltr'><strong>INTERROGATORIIS</strong></span> <span class='ocrx_word' id='word_1_14' title='bbox 876 749 1154 782; x_wconf 85' lang='lat' dir='ltr'><strong>ACTIONIBUS.</strong></span> 
     </span>
    </p>
   </div>
   <div class='ocr_carea' id='block_1_5' title="bbox 193 814 1286 3527">
    <p class='ocr_par' dir='ltr' id='par_1_5' title="bbox 196 814 1285 1529">
     <span class='ocr_line' id='line_1_7' title="bbox 249 814 1282 853; baseline -0.002 0"><span class='ocrx_word' id='word_1_15' title='bbox 249 814 266 853; x_wconf 89' lang='lat'>1</span> <span class='ocrx_word' id='word_1_16' title='bbox 299 814 584 853; x_wconf 64' lang='lat' dir='ltr'><strong>Cnhlsmarvs</strong></span> <span class='ocrx_word' id='word_1_17' title='bbox 600 817 690 853; x_wconf 82' lang='lat' dir='ltr'><strong>libro</strong></span> <span class='ocrx_word' id='word_1_18' title='bbox 710 816 865 853; x_wconf 80' lang='lat' dir='ltr'><strong>secundo</strong></span> <span class='ocrx_word' id='word_1_19' title='bbox 877 816 987 852; x_wconf 82' lang='lat' dir='ltr'><strong>edicti</strong></span> <span class='ocrx_word' id='word_1_20' title='bbox 995 817 1180 852; x_wconf 81' lang='lat' dir='ltr'><strong>mom‘torii</strong></span> <span class='ocrx_word' id='word_1_21' title='bbox 1211 816 1282 852; x_wconf 90' lang='grc' dir='ltr'><strong>Το-</strong></span> 
     </span>
     <span class='ocr_line' id='line_1_8' title="bbox 199 861 1284 906; baseline 0.001 -10"><span class='ocrx_word' id='word_1_22' title='bbox 199 861 289 897; x_wconf 82' lang='lat' dir='ltr'>tiens</span> <span class='ocrx_word' id='word_1_23' title='bbox 311 861 414 897; x_wconf 85' lang='lat' dir='ltr'><strong>heres</strong></span> <span class='ocrx_word' id='word_1_24' title='bbox 437 861 475 897; x_wconf 90' lang='lat' dir='ltr'><strong>in</strong></span> <span class='ocrx_word' id='word_1_25' title='bbox 496 861 574 898; x_wconf 90' lang='lat' dir='ltr'><strong>iure</strong></span> <span class='ocrx_word' id='word_1_26' title='bbox 596 861 867 906; x_wconf 82' lang='lat' dir='ltr'><strong>interrogandus</strong></span> <span class='ocrx_word' id='word_1_27' title='bbox 898 865 972 903; x_wconf 91' lang='lat' dir='ltr'><strong>est,</strong></span> <span class='ocrx_word' id='word_1_28' title='bbox 1005 872 1076 906; x_wconf 89' lang='lat' dir='ltr'><strong>qua</strong></span> <span class='ocrx_word' id='word_1_29' title='bbox 1107 871 1150 896; x_wconf 87' lang='lat' dir='ltr'><strong>ex</strong></span> <span class='ocrx_word' id='word_1_30' title='bbox 1182 866 1284 906; x_wconf 90' lang='lat' dir='ltr'><strong>parte</strong></span> 
     </span>
     <span class='ocr_line' id='line_1_9' title="bbox 199 906 1284 952; baseline 0.001 -11"><span class='ocrx_word' id='word_1_31' title='bbox 199 907 302 942; x_wconf 89' lang='lat' dir='ltr'><strong>heres</strong></span> <span class='ocrx_word' id='word_1_32' title='bbox 326 906 390 949; x_wconf 90' lang='lat' dir='ltr'><strong>sit,</strong></span> <span class='ocrx_word' id='word_1_33' title='bbox 423 906 586 952; x_wconf 90' lang='lat' dir='ltr'><strong>quotiens</strong></span> <span class='ocrx_word' id='word_1_34' title='bbox 611 907 780 942; x_wconf 88' lang='lat' dir='ltr'><strong>adversus</strong></span> <span class='ocrx_word' id='word_1_35' title='bbox 804 917 886 942; x_wconf 90' lang='lat' dir='ltr'><strong>eum</strong></span> <span class='ocrx_word' id='word_1_36' title='bbox 910 906 1003 942; x_wconf 86' lang='lat' dir='ltr'><strong>actio</strong></span> <span class='ocrx_word' id='word_1_37' title='bbox 1027 907 1225 942; x_wconf 86' lang='lat' dir='ltr'><strong>instituitur</strong></span> <span class='ocrx_word' id='word_1_38' title='bbox 1248 911 1284 942; x_wconf 90' lang='lat' dir='ltr'><strong>et</strong></span> 
     </span>
     <span class='ocr_line' id='line_1_10' title="bbox 199 951 1284 998; baseline 0.001 -11"><span class='ocrx_word' id='word_1_39' title='bbox 199 951 339 987; x_wconf 83' lang='lat' dir='ltr'><strong>dubitat</strong></span> <span class='ocrx_word' id='word_1_40' title='bbox 372 956 492 995; x_wconf 89' lang='lat' dir='ltr'><strong>actor,</strong></span> <span class='ocrx_word' id='word_1_41' title='bbox 533 963 604 998; x_wconf 90' lang='lat' dir='ltr'><strong>qua</strong></span> <span class='ocrx_word' id='word_1_42' title='bbox 644 963 687 988; x_wconf 86' lang='lat' dir='ltr'><strong>ex</strong></span> <span class='ocrx_word' id='word_1_43' title='bbox 728 955 831 997; x_wconf 90' lang='lat' dir='ltr'><strong>parte</strong></span> <span class='ocrx_word' id='word_1_44' title='bbox 869 952 919 994; x_wconf 88' lang='lat' dir='ltr'><strong>is,</strong></span> <span class='ocrx_word' id='word_1_45' title='bbox 963 963 1043 987; x_wconf 90' lang='lat' dir='ltr'><strong>cum</strong></span> <span class='ocrx_word' id='word_1_46' title='bbox 1075 963 1144 998; x_wconf 93' lang='lat' dir='ltr'><strong>quo</strong></span> <span class='ocrx_word' id='word_1_47' title='bbox 1178 962 1284 997; x_wconf 87' lang='lat' dir='ltr'><strong>agere</strong></span> 
     </span>
     <span class='ocr_line' id='line_1_11' title="bbox 199 996 1282 1042; baseline 0 -10"><span class='ocrx_word' id='word_1_48' title='bbox 199 996 301 1039; x_wconf 84' lang='lat' dir='ltr'><strong>velit,</strong></span> <span class='ocrx_word' id='word_1_49' title='bbox 333 997 437 1032; x_wconf 90' lang='lat' dir='ltr'><strong>heres</strong></span> <span class='ocrx_word' id='word_1_50' title='bbox 467 998 524 1033; x_wconf 89' lang='lat' dir='ltr'><strong>sit.</strong></span> <span class='ocrx_word' id='word_1_51' title='bbox 561 1001 616 1033; x_wconf 90' lang='lat' dir='ltr'><strong>est</strong></span> <span class='ocrx_word' id='word_1_52' title='bbox 638 1002 756 1033; x_wconf 89' lang='lat' dir='ltr'><strong>autem</strong></span> <span class='ocrx_word' id='word_1_53' title='bbox 779 996 1007 1042; x_wconf 86' lang='lat' dir='ltr'><strong>interrogatio</strong></span> <span class='ocrx_word' id='word_1_54' title='bbox 1040 1002 1127 1033; x_wconf 91' lang='lat' dir='ltr'><strong>tunc</strong></span> <span class='ocrx_word' id='word_1_55' title='bbox 1159 1007 1282 1033; x_wconf 91' lang='lat' dir='ltr'><strong>neces-</strong></span> 
     </span>
     <span class='ocr_line' id='line_1_12' title="bbox 199 1042 1283 1088; baseline 0 -11"><span class='ocrx_word' id='word_1_56' title='bbox 199 1042 312 1084; x_wconf 88' lang='lat' dir='ltr'><strong>saria,</strong></span> <span class='ocrx_word' id='word_1_57' title='bbox 344 1052 424 1077; x_wconf 92' lang='lat' dir='ltr'><strong>cum</strong></span> <span class='ocrx_word' id='word_1_58' title='bbox 447 1042 485 1077; x_wconf 92' lang='lat' dir='ltr'><strong>in</strong></span> <span class='ocrx_word' id='word_1_59' title='bbox 507 1043 721 1088; x_wconf 84' lang='lat' dir='ltr'><strong>personam³</strong></span> <span class='ocrx_word' id='word_1_60' title='bbox 745 1043 792 1078; x_wconf 91' lang='lat' dir='ltr'><strong>sit</strong></span> <span class='ocrx_word' id='word_1_61' title='bbox 815 1042 908 1078; x_wconf 90' lang='lat' dir='ltr'><strong>actio</strong></span> <span class='ocrx_word' id='word_1_62' title='bbox 933 1046 969 1077; x_wconf 93' lang='lat' dir='ltr'><strong>et</strong></span> <span class='ocrx_word' id='word_1_63' title='bbox 991 1042 1060 1085; x_wconf 90' lang='lat' dir='ltr'><strong>ita,</strong></span> <span class='ocrx_word' id='word_1_64' title='bbox 1093 1043 1122 1078; x_wconf 91' lang='lat' dir='ltr'><strong>si</strong></span> <span class='ocrx_word' id='word_1_65' title='bbox 1148 1046 1283 1078; x_wconf 91' lang='lat' dir='ltr'><strong>certum</strong></span> 
     </span>
     <span class='ocr_line' id='line_1_13' title="bbox 202 1087 1282 1133; baseline 0.001 -11"><span class='ocrx_word' id='word_1_66' title='bbox 202 1091 355 1133; x_wconf 89' lang='lat' dir='ltr'><strong>petetur,</strong></span> <span class='ocrx_word' id='word_1_67' title='bbox 380 1097 442 1130; x_wconf 89' lang='lat' dir='ltr'><strong>ne,</strong></span> <span class='ocrx_word' id='word_1_68' title='bbox 468 1087 551 1123; x_wconf 90' lang='lat' dir='ltr'><strong>duni</strong></span> <span class='ocrx_word' id='word_1_69' title='bbox 574 1089 711 1133; x_wconf 86' lang='lat' dir='ltr'><strong>ignoret</strong></span> <span class='ocrx_word' id='word_1_70' title='bbox 734 1092 846 1130; x_wconf 83' lang='lat' dir='ltr'><strong>actor,</strong></span> <span class='ocrx_word' id='word_1_71' title='bbox 873 1098 943 1132; x_wconf 92' lang='lat' dir='ltr'><strong>qua</strong></span> <span class='ocrx_word' id='word_1_72' title='bbox 966 1098 1010 1123; x_wconf 87' lang='lat' dir='ltr'><strong>ex</strong></span> <span class='ocrx_word' id='word_1_73' title='bbox 1033 1092 1135 1133; x_wconf 87' lang='lat' dir='ltr'><strong>parte</strong></span> <span class='ocrx_word' id='word_1_74' title='bbox 1158 1087 1282 1123; x_wconf 90' lang='lat' dir='ltr'><strong>adver-</strong></span> 
     </span>
     <span class='ocr_line' id='line_1_14' title="bbox 202 1132 1282 1185; baseline 0.001 -17"><span class='ocrx_word' id='word_1_75' title='bbox 202 1132 318 1168; x_wconf 88' lang='lat' dir='ltr'><strong>sarius</strong></span> <span class='ocrx_word' id='word_1_76' title='bbox 344 1132 511 1168; x_wconf 84' lang='lat' dir='ltr'><strong>defuncto</strong></span> <span class='ocrx_word' id='word_1_77' title='bbox 543 1133 645 1168; x_wconf 87' lang='lat' dir='ltr'><strong>heres</strong></span> <span class='ocrx_word' id='word_1_78' title='bbox 679 1133 870 1175; x_wconf 86' lang='lat' dir='ltr'><strong>exstiterit,</strong></span> <span class='ocrx_word' id='word_1_79' title='bbox 901 1132 1079 1168; x_wconf 89' lang='lat' dir='ltr'><strong>interdum</strong></span> <span class='ocrx_word' id='word_1_80' title='bbox 1109 1133 1190 1185; x_wconf 89' lang='lat' dir='ltr'><strong>plus</strong></span> <span class='ocrx_word' id='word_1_81' title='bbox 1220 1143 1282 1178; x_wconf 91' lang='lat' dir='ltr'><strong>pe-</strong></span> 
     </span>
     <span class='ocr_line' id='line_1_15' title="bbox 204 1177 1283 1223; baseline 0.002 -11"><span class='ocrx_word' id='word_1_82' title='bbox 204 1181 216 1212; x_wconf 85' lang='lat'>1</span> <span class='ocrx_word' id='word_1_83' title='bbox 269 1177 375 1213; x_wconf 91' lang='lat' dir='ltr'><strong>tendo</strong></span> <span class='ocrx_word' id='word_1_84' title='bbox 397 1178 530 1223; x_wconf 92' lang='lat' dir='ltr'><strong>aliquid</strong></span> <span class='ocrx_word' id='word_1_85' title='bbox 542 1178 659 1213; x_wconf 89' lang='lat' dir='ltr'><strong>damni</strong></span> <span class='ocrx_word' id='word_1_86' title='bbox 671 1178 812 1213; x_wconf 89' lang='lat' dir='ltr'><strong>sentiat.</strong></span> <span class='ocrx_word' id='word_1_87' title='bbox 859 1178 1144 1223; x_wconf 87' lang='lat' dir='ltr'><strong>Interrogatoriis</strong></span> <span class='ocrx_word' id='word_1_88' title='bbox 1164 1183 1283 1214; x_wconf 89' lang='lat' dir='ltr'><strong>autem</strong></span> 
     </span>
     <span class='ocr_line' id='line_1_16' title="bbox 199 1223 1284 1269; baseline 0 -11"><span class='ocrx_word' id='word_1_89' title='bbox 199 1223 400 1259; x_wconf 82' lang='lat' dir='ltr'><strong>actionibus</strong></span> <span class='ocrx_word' id='word_1_90' title='bbox 423 1223 529 1258; x_wconf 91' lang='lat' dir='ltr'><strong>hodie</strong></span> <span class='ocrx_word' id='word_1_91' title='bbox 552 1234 623 1258; x_wconf 93' lang='lat' dir='ltr'><strong>non</strong></span> <span class='ocrx_word' id='word_1_92' title='bbox 648 1224 790 1266; x_wconf 89' lang='lat' dir='ltr'><strong>utimur,</strong></span> <span class='ocrx_word' id='word_1_93' title='bbox 816 1223 900 1269; x_wconf 89' lang='lat' dir='ltr'><strong>quia</strong></span> <span class='ocrx_word' id='word_1_94' title='bbox 918 1234 1020 1260; x_wconf 91' lang='lat' dir='ltr'><strong>nemo</strong></span> <span class='ocrx_word' id='word_1_95' title='bbox 1043 1224 1180 1269; x_wconf 89' lang='lat' dir='ltr'><strong>cogitur</strong></span> <span class='ocrx_word' id='word_1_96' title='bbox 1199 1227 1284 1259; x_wconf 91' lang='lat' dir='ltr'><strong>ante</strong></span> 
     </span>
     <span class='ocr_line' id='line_1_17' title="bbox 196 1267 1282 1321; baseline 0.001 -18"><span class='ocrx_word' id='word_1_97' title='bbox 196 1267 365 1304; x_wconf 89' lang='lat' dir='ltr'><strong>iudicium</strong></span> <span class='ocrx_word' id='word_1_98' title='bbox 397 1268 440 1303; x_wconf 91' lang='lat' dir='ltr'><strong>de</strong></span> <span class='ocrx_word' id='word_1_99' title='bbox 470 1279 535 1304; x_wconf 89' lang='lat' dir='ltr'><strong>suo</strong></span> <span class='ocrx_word' id='word_1_100' title='bbox 568 1268 646 1305; x_wconf 92' lang='lat' dir='ltr'><strong>iure</strong></span> <span class='ocrx_word' id='word_1_101' title='bbox 676 1268 810 1321; x_wconf 83' lang='lat' dir='ltr'><strong>aliquid</strong></span> <span class='ocrx_word' id='word_1_102' title='bbox 842 1268 1076 1314; x_wconf 88' lang='lat' dir='ltr'><strong>respondere,</strong></span> <span class='ocrx_word' id='word_1_103' title='bbox 1108 1269 1282 1315; x_wconf 78' lang='lat' dir='ltr'><strong>ideoque⁴</strong></span> 
     </span>
     <span class='ocr_line' id='line_1_18' title="bbox 197 1313 1281 1358; baseline 0.001 -10"><span class='ocrx_word' id='word_1_104' title='bbox 197 1313 313 1349; x_wconf 89' lang='lat' dir='ltr'><strong>minus</strong></span> <span class='ocrx_word' id='word_1_105' title='bbox 355 1313 626 1358; x_wconf 82' lang='lat' dir='ltr'><strong>frequentantur</strong></span> <span class='ocrx_word' id='word_1_106' title='bbox 661 1318 697 1349; x_wconf 91' lang='lat' dir='ltr'><strong>et</strong></span> <span class='ocrx_word' id='word_1_107' title='bbox 730 1325 767 1349; x_wconf 90' lang='lat' dir='ltr'><strong>in</strong></span> <span class='ocrx_word' id='word_1_108' title='bbox 803 1314 1071 1350; x_wconf 88' lang='lat' dir='ltr'><strong>desuetudinem</strong></span> <span class='ocrx_word' id='word_1_109' title='bbox 1107 1314 1281 1350; x_wconf 90' lang='lat' dir='ltr'><strong>abierunt.</strong></span> 
     </span>
     <span class='ocr_line' id='line_1_19' title="bbox 197 1357 1285 1404; baseline 0.001 -10"><span class='ocrx_word' id='word_1_110' title='bbox 197 1357 259 1394; x_wconf 90' lang='lat' dir='ltr'><strong>sed</strong></span> <span class='ocrx_word' id='word_1_111' title='bbox 270 1358 514 1394; x_wconf 90' lang='lat' dir='ltr'><strong>tantummodo</strong></span> <span class='ocrx_word' id='word_1_112' title='bbox 531 1358 576 1393; x_wconf 86' lang='lat' dir='ltr'><strong>ad</strong></span> <span class='ocrx_word' id='word_1_113' title='bbox 596 1359 824 1404; x_wconf 81' lang='lat' dir='ltr'><strong>probationes</strong></span> <span class='ocrx_word' id='word_1_114' title='bbox 844 1359 1080 1404; x_wconf 85' lang='lat' dir='ltr'><strong>litigatoribus</strong></span> <span class='ocrx_word' id='word_1_115' title='bbox 1101 1359 1285 1395; x_wconf 85' lang='lat' dir='ltr'><strong>sufficiunt</strong></span> 
     </span>
     <span class='ocr_line' id='line_1_20' title="bbox 198 1403 1282 1450; baseline 0.002 -12"><span class='ocrx_word' id='word_1_116' title='bbox 198 1414 251 1446; x_wconf 89' lang='lat' dir='ltr'><strong>ea,</strong></span> <span class='ocrx_word' id='word_1_117' title='bbox 276 1414 367 1449; x_wconf 91' lang='lat' dir='ltr'><strong>quae</strong></span> <span class='ocrx_word' id='word_1_118' title='bbox 390 1404 436 1438; x_wconf 90' lang='lat' dir='ltr'><strong>ab</strong></span> <span class='ocrx_word' id='word_1_119' title='bbox 461 1403 610 1439; x_wconf 91' lang='lat' dir='ltr'><strong>adversa</strong></span> <span class='ocrx_word' id='word_1_120' title='bbox 658 1408 735 1440; x_wconf 91' lang='lat' dir='ltr'><strong>arte</strong></span> <span class='ocrx_word' id='word_1_121' title='bbox 758 1415 929 1450; x_wconf 86' lang='lat' dir='ltr'><strong>expressa</strong></span> <span class='ocrx_word' id='word_1_122' title='bbox 951 1405 1086 1440; x_wconf 82' lang='lat' dir='ltr'><strong>fuerint</strong></span> <span class='ocrx_word' id='word_1_123' title='bbox 1109 1405 1204 1450; x_wconf 89' lang='lat' dir='ltr'><strong>apud</strong></span> <span class='ocrx_word' id='word_1_124' title='bbox 1227 1405 1282 1440; x_wconf 90' lang='lat' dir='ltr'><strong>iu-</strong></span> 
     </span>
     <span class='ocr_line' id='line_1_21' title="bbox 197 1448 1283 1495; baseline 0.003 -12"><span class='ocrx_word' id='word_1_125' title='bbox 197 1448 293 1484; x_wconf 87' lang='lat' dir='ltr'><strong>dices</strong></span> <span class='ocrx_word' id='word_1_126' title='bbox 315 1448 369 1484; x_wconf 88' lang='lat' dir='ltr'><strong>vel</strong></span> <span class='ocrx_word' id='word_1_127' title='bbox 392 1449 429 1483; x_wconf 90' lang='lat' dir='ltr'><strong>in</strong></span> <span class='ocrx_word' id='word_1_128' title='bbox 452 1448 640 1485; x_wconf 81' lang='lat' dir='ltr'><strong>hereditati</strong></span> <span class='ocrx_word' id='word_1_129' title='bbox 666 1461 709 1485; x_wconf 89' lang='lat' dir='ltr'><strong>us</strong></span> <span class='ocrx_word' id='word_1_130' title='bbox 732 1450 788 1485; x_wconf 88' lang='lat' dir='ltr'><strong>vel</strong></span> <span class='ocrx_word' id='word_1_131' title='bbox 810 1450 847 1485; x_wconf 91' lang='lat' dir='ltr'><strong>in</strong></span> <span class='ocrx_word' id='word_1_132' title='bbox 871 1450 949 1486; x_wconf 85' lang='lat' dir='ltr'><strong>aliis</strong></span> <span class='ocrx_word' id='word_1_133' title='bbox 972 1450 1099 1494; x_wconf 88' lang='lat' dir='ltr'><strong>rebus,</strong></span> <span class='ocrx_word' id='word_1_134' title='bbox 1132 1461 1224 1495; x_wconf 86' lang='lat' dir='ltr'><strong>quae</strong></span> <span class='ocrx_word' id='word_1_135' title='bbox 1246 1451 1283 1486; x_wconf 93' lang='lat' dir='ltr'><strong>in</strong></span> 
     </span>
     <span class='ocr_line' id='line_1_22' title="bbox 197 1494 534 1529; baseline 0 0"><span class='ocrx_word' id='word_1_136' title='bbox 197 1494 314 1529; x_wconf 90' lang='lat' dir='ltr'><strong>causis</strong></span> <span class='ocrx_word' id='word_1_137' title='bbox 337 1498 534 1529; x_wconf 84' lang='lat' dir='ltr'><strong>vertuntur.</strong></span> 
     </span>
    </p>

    <p class='ocr_par' dir='ltr' id='par_1_6' title="bbox 194 1536 1286 1676">
     <span class='ocr_line' id='line_1_23' title="bbox 243 1536 1283 1576; baseline 0.001 -1"><span class='ocrx_word' id='word_1_138' title='bbox 243 1536 267 1575; x_wconf 84' lang='lat'>2</span> <span class='ocrx_word' id='word_1_139' title='bbox 299 1538 494 1575; x_wconf 75' lang='lat' dir='ltr'><em>ULPJANUS</em></span> <span class='ocrx_word' id='word_1_140' title='bbox 522 1539 613 1576; x_wconf 85' lang='lat' dir='ltr'><strong>libro</strong></span> <span class='ocrx_word' id='word_1_141' title='bbox 646 1541 837 1576; x_wconf 79' lang='lat' dir='ltr'><strong>vicensimo</strong></span> <span class='ocrx_word' id='word_1_142' title='bbox 868 1539 1025 1576; x_wconf 79' lang='lat' dir='ltr'><strong>secundo</strong></span> <span class='ocrx_word' id='word_1_143' title='bbox 1057 1539 1107 1576; x_wconf 85' lang='lat' dir='ltr'><strong>ad</strong></span> <span class='ocrx_word' id='word_1_144' title='bbox 1129 1540 1283 1576; x_wconf 81' lang='lat' dir='ltr'><strong>edictum</strong></span> 
     </span>
     <span class='ocr_line' id='line_1_24' title="bbox 194 1583 1282 1631; baseline 0.003 -13"><span class='ocrx_word' id='word_1_145' title='bbox 194 1583 363 1619; x_wconf 82' lang='lat' dir='ltr'><strong>Edictum</strong></span> <span class='ocrx_word' id='word_1_146' title='bbox 387 1584 431 1619; x_wconf 89' lang='lat' dir='ltr'><strong>de</strong></span> <span class='ocrx_word' id='word_1_147' title='bbox 453 1585 789 1630; x_wconf 85' lang='lat' dir='ltr'><strong>interrogationibus</strong></span> <span class='ocrx_word' id='word_1_148' title='bbox 812 1585 892 1621; x_wconf 90' lang='lat' dir='ltr'><strong>ideo</strong></span> <span class='ocrx_word' id='word_1_149' title='bbox 916 1590 1062 1631; x_wconf 88' lang='lat' dir='ltr'><strong>praetor</strong></span> <span class='ocrx_word' id='word_1_150' title='bbox 1084 1586 1282 1631; x_wconf 87' lang='lat' dir='ltr'><strong>proposuit,</strong></span> 
     </span>
     <span class='ocr_line' id='line_1_25' title="bbox 196 1629 1286 1676; baseline 0.003 -12"><span class='ocrx_word' id='word_1_151' title='bbox 196 1629 279 1675; x_wconf 87' lang='lat' dir='ltr'><strong>quia</strong></span> <span class='ocrx_word' id='word_1_152' title='bbox 302 1629 439 1665; x_wconf 90' lang='lat' dir='ltr'><strong>sciebat</strong></span> <span class='ocrx_word' id='word_1_153' title='bbox 461 1629 606 1666; x_wconf 85' lang='lat' dir='ltr'><strong>difficile</strong></span> <span class='ocrx_word' id='word_1_154' title='bbox 629 1641 708 1666; x_wconf 89' lang='lat' dir='ltr'><strong>esse</strong></span> <span class='ocrx_word' id='word_1_155' title='bbox 732 1630 773 1673; x_wconf 89' lang='lat' dir='ltr'><strong>ei,</strong></span> <span class='ocrx_word' id='word_1_156' title='bbox 799 1631 859 1676; x_wconf 84' lang='lat' dir='ltr'><strong>qui</strong></span> <span class='ocrx_word' id='word_1_157' title='bbox 882 1630 1047 1667; x_wconf 87' lang='lat' dir='ltr'><strong>heredem</strong></span> <span class='ocrx_word' id='word_1_158' title='bbox 1066 1631 1286 1667; x_wconf 87' lang='lat' dir='ltr'><strong>bonorumve</strong></span> 
     </span>
    </p>

    <p class='ocr_par' dir='ltr' id='par_1_7' title="bbox 221 1676 1283 1765">
     <span class='ocr_line' id='line_1_26' title="bbox 221 1676 1283 1722; baseline 0.002 -12"><span class='ocrx_word' id='word_1_159' title='bbox 221 1685 437 1710; x_wconf 89' lang='lat' dir='ltr'><strong>ossessorem</strong></span> <span class='ocrx_word' id='word_1_160' title='bbox 462 1676 635 1719; x_wconf 89' lang='lat' dir='ltr'><strong>convenit,</strong></span> <span class='ocrx_word' id='word_1_161' title='bbox 660 1676 814 1721; x_wconf 89' lang='lat' dir='ltr'><strong>probare</strong></span> <span class='ocrx_word' id='word_1_162' title='bbox 838 1676 990 1722; x_wconf 85' lang='lat' dir='ltr'><strong>aliquem</strong></span> <span class='ocrx_word' id='word_1_163' title='bbox 1014 1686 1094 1712; x_wconf 89' lang='lat' dir='ltr'><strong>esse</strong></span> <span class='ocrx_word' id='word_1_164' title='bbox 1117 1676 1283 1712; x_wconf 87' lang='lat' dir='ltr'><strong>heredem</strong></span> 
     </span>
     <span class='ocr_line' id='line_1_27' title="bbox 221 1730 687 1765; baseline 0.002 -9"><span class='ocrx_word' id='word_1_165' title='bbox 221 1730 411 1756; x_wconf 87' lang='lat' dir='ltr'><strong>onorumve</strong></span> <span class='ocrx_word' id='word_1_166' title='bbox 434 1731 687 1765; x_wconf 87' lang='lat' dir='ltr'><strong>possessorem,</strong></span> 
     </span>
    </p>

    <p class='ocr_par' dir='ltr' id='par_1_8' title="bbox 195 1763 1284 1857">
     <span class='ocr_line' id='line_1_28' title="bbox 241 1763 1284 1813; baseline -0.002 -10"><span class='ocrx_word' id='word_1_167' title='bbox 241 1763 265 1803; x_wconf 85' lang='lat'><strong>3</strong></span> <span class='ocrx_word' id='word_1_168' title='bbox 290 1764 347 1800; x_wconf 72' lang='grc' dir='ltr'><strong>ΡΑ</strong></span> <span class='ocrx_word' id='word_1_169' title='bbox 355 1775 449 1801; x_wconf 76' lang='lat' dir='ltr'><em>ULUS</em></span> <span class='ocrx_word' id='word_1_170' title='bbox 476 1766 568 1802; x_wconf 85' lang='lat' dir='ltr'><strong>libro</strong></span> <span class='ocrx_word' id='word_1_171' title='bbox 591 1767 742 1813; x_wconf 75' lang='lat' dir='ltr'><strong>septimo</strong></span> <span class='ocrx_word' id='word_1_172' title='bbox 766 1766 903 1803; x_wconf 79' lang='lat' dir='ltr'><strong>decimo</strong></span> <span class='ocrx_word' id='word_1_173' title='bbox 927 1767 977 1802; x_wconf 88' lang='lat' dir='ltr'><strong>ad</strong></span> <span class='ocrx_word' id='word_1_174' title='bbox 999 1767 1153 1803; x_wconf 80' lang='lat' dir='ltr'><strong>edictum</strong></span> <span class='ocrx_word' id='word_1_175' title='bbox 1200 1767 1284 1812; x_wconf 90' lang='lat' dir='ltr'><strong>quia</strong></span> 
     </span>
     <span class='ocr_line' id='line_1_29' title="bbox 195 1810 1237 1857; baseline 0.002 -12"><span class='ocrx_word' id='word_1_176' title='bbox 195 1810 403 1856; x_wconf 88' lang='lat' dir='ltr'><strong>plerumque</strong></span> <span class='ocrx_word' id='word_1_177' title='bbox 426 1810 581 1847; x_wconf 86' lang='lat' dir='ltr'><strong>difficilis</strong></span> <span class='ocrx_word' id='word_1_178' title='bbox 605 1812 773 1857; x_wconf 89' lang='lat' dir='ltr'><strong>probatio</strong></span> <span class='ocrx_word' id='word_1_179' title='bbox 798 1812 917 1848; x_wconf 89' lang='lat' dir='ltr'><strong>aditae</strong></span> <span class='ocrx_word' id='word_1_180' title='bbox 939 1812 1146 1855; x_wconf 83' lang='lat' dir='ltr'><strong>hereditatis</strong></span> <span class='ocrx_word' id='word_1_181' title='bbox 1171 1816 1237 1848; x_wconf 89' lang='lat' dir='ltr'><strong>est.</strong></span> 
     </span>
    </p>

    <p class='ocr_par' dir='ltr' id='par_1_9' title="bbox 193 1854 1284 2309">
     <span class='ocr_line' id='line_1_30' title="bbox 242 1854 1283 1894; baseline -0.001 -1"><span class='ocrx_word' id='word_1_182' title='bbox 242 1855 267 1893; x_wconf 88' lang='lat'>4</span> <span class='ocrx_word' id='word_1_183' title='bbox 299 1854 494 1892; x_wconf 68' lang='lat' dir='ltr'><strong>Uzmnos</strong></span> <span class='ocrx_word' id='word_1_184' title='bbox 521 1856 613 1893; x_wconf 84' lang='lat' dir='ltr'><strong>libro</strong></span> <span class='ocrx_word' id='word_1_185' title='bbox 644 1859 836 1893; x_wconf 79' lang='lat' dir='ltr'><strong>vicensimo</strong></span> <span class='ocrx_word' id='word_1_186' title='bbox 868 1857 1025 1894; x_wconf 76' lang='lat' dir='ltr'><strong>secundo</strong></span> <span class='ocrx_word' id='word_1_187' title='bbox 1058 1857 1108 1892; x_wconf 87' lang='lat' dir='ltr'><strong>ad</strong></span> <span class='ocrx_word' id='word_1_188' title='bbox 1129 1857 1283 1893; x_wconf 78' lang='lat' dir='ltr'><strong>edictum</strong></span> 
     </span>
     <span class='ocr_line' id='line_1_31' title="bbox 195 1900 1284 1954; baseline 0.003 -19"><span class='ocrx_word' id='word_1_189' title='bbox 195 1900 318 1937; x_wconf 90' lang='lat' dir='ltr'><strong>Voluit</strong></span> <span class='ocrx_word' id='word_1_190' title='bbox 340 1906 484 1954; x_wconf 85' lang='lat' dir='ltr'><strong>praetor</strong></span> <span class='ocrx_word' id='word_1_191' title='bbox 507 1901 726 1947; x_wconf 87' lang='lat' dir='ltr'><strong>adstringere</strong></span> <span class='ocrx_word' id='word_1_192' title='bbox 746 1913 826 1939; x_wconf 92' lang='lat' dir='ltr'><strong>eum</strong></span> <span class='ocrx_word' id='word_1_193' title='bbox 844 1902 906 1948; x_wconf 92' lang='lat' dir='ltr'><strong>qui</strong></span> <span class='ocrx_word' id='word_1_194' title='bbox 927 1903 1135 1938; x_wconf 87' lang='lat' dir='ltr'><strong>convenitur</strong></span> <span class='ocrx_word' id='word_1_195' title='bbox 1155 1913 1199 1938; x_wconf 87' lang='lat' dir='ltr'><strong>ex</strong></span> <span class='ocrx_word' id='word_1_196' title='bbox 1219 1913 1284 1938; x_wconf 86' lang='lat' dir='ltr'><strong>sua</strong></span> 
     </span>
     <span class='ocr_line' id='line_1_32' title="bbox 193 1945 1282 1992; baseline 0.002 -11"><span class='ocrx_word' id='word_1_197' title='bbox 193 1946 231 1981; x_wconf 90' lang='lat' dir='ltr'><strong>in</strong></span> <span class='ocrx_word' id='word_1_198' title='bbox 250 1945 381 1982; x_wconf 88' lang='lat' dir='ltr'><strong>iudicio</strong></span> <span class='ocrx_word' id='word_1_199' title='bbox 401 1947 643 1992; x_wconf 86' lang='lat' dir='ltr'><strong>responsione,</strong></span> <span class='ocrx_word' id='word_1_200' title='bbox 666 1952 707 1983; x_wconf 90' lang='lat' dir='ltr'><strong>ut</strong></span> <span class='ocrx_word' id='word_1_201' title='bbox 723 1949 780 1984; x_wconf 90' lang='lat' dir='ltr'><strong>vel</strong></span> <span class='ocrx_word' id='word_1_202' title='bbox 801 1947 1003 1984; x_wconf 82' lang='lat' dir='ltr'><strong>confitendo</strong></span> <span class='ocrx_word' id='word_1_203' title='bbox 1015 1948 1070 1984; x_wconf 92' lang='lat' dir='ltr'><strong>vel</strong></span> <span class='ocrx_word' id='word_1_204' title='bbox 1082 1947 1282 1983; x_wconf 87' lang='lat' dir='ltr'><strong>mentiendo</strong></span> 
     </span>
     <span class='ocr_line' id='line_1_33' title="bbox 195 1993 1283 2039; baseline 0 -11"><span class='ocrx_word' id='word_1_205' title='bbox 195 2001 274 2028; x_wconf 88' lang='lat' dir='ltr'><strong>sese</strong></span> <span class='ocrx_word' id='word_1_206' title='bbox 296 1996 418 2027; x_wconf 90' lang='lat' dir='ltr'><strong>oneret</strong></span> <span class='ocrx_word' id='word_1_207' title='bbox 428 1993 452 2034; x_wconf 79' lang='lat'><strong>⁵,</strong></span> <span class='ocrx_word' id='word_1_208' title='bbox 478 1993 581 2028; x_wconf 91' lang='lat' dir='ltr'><strong>simul</strong></span> <span class='ocrx_word' id='word_1_209' title='bbox 604 1993 711 2028; x_wconf 91' lang='lat' dir='ltr'><strong>etiam</strong></span> <span class='ocrx_word' id='word_1_210' title='bbox 734 1993 921 2038; x_wconf 90' lang='lat' dir='ltr'><strong>portionis,</strong></span> <span class='ocrx_word' id='word_1_211' title='bbox 945 2004 1010 2038; x_wconf 90' lang='lat' dir='ltr'><strong>pro</strong></span> <span class='ocrx_word' id='word_1_212' title='bbox 1037 2003 1109 2039; x_wconf 90' lang='lat' dir='ltr'><strong>qua</strong></span> <span class='ocrx_word' id='word_1_213' title='bbox 1133 1993 1283 2039; x_wconf 85' lang='lat' dir='ltr'><strong>quisque</strong></span> 
     </span>
     <span class='ocr_line' id='line_1_34' title="bbox 196 2036 1284 2084; baseline 0.003 -13"><span class='ocrx_word' id='word_1_214' title='bbox 196 2040 212 2072; x_wconf 86' lang='lat'>1</span> <span class='ocrx_word' id='word_1_215' title='bbox 261 2036 365 2072; x_wconf 87' lang='lat' dir='ltr'><strong>heres</strong></span> <span class='ocrx_word' id='word_1_216' title='bbox 385 2038 513 2080; x_wconf 86' lang='lat' dir='ltr'><strong>extitit,</strong></span> <span class='ocrx_word' id='word_1_217' title='bbox 534 2048 578 2073; x_wconf 82' lang='lat' dir='ltr'><strong>ex</strong></span> <span class='ocrx_word' id='word_1_218' title='bbox 597 2038 874 2084; x_wconf 85' lang='lat' dir='ltr'><strong>interrogatione</strong></span> <span class='ocrx_word' id='word_1_219' title='bbox 887 2039 1098 2074; x_wconf 89' lang='lat' dir='ltr'><strong>certioretur</strong></span> <span class='ocrx_word' id='word_1_220' title='bbox 1107 2039 1132 2073; x_wconf 81' lang='lat'><strong>⁰.</strong></span> <span class='ocrx_word' id='word_1_221' title='bbox 1180 2038 1284 2082; x_wconf 79' lang='lat' dir='ltr'><strong>Quod</strong></span> 
     </span>
     <span class='ocr_line' id='line_1_35' title="bbox 194 2082 1283 2135; baseline 0.002 -19"><span class='ocrx_word' id='word_1_222' title='bbox 194 2082 246 2117; x_wconf 90' lang='lat' dir='ltr'><strong>ait</strong></span> <span class='ocrx_word' id='word_1_223' title='bbox 263 2086 428 2135; x_wconf 85' lang='lat' dir='ltr'><strong>praetor:</strong></span> <span class='ocrx_word' id='word_1_224' title='bbox 455 2083 527 2128; x_wconf 88' lang='lat' dir='ltr'><strong>‘qui</strong></span> <span class='ocrx_word' id='word_1_225' title='bbox 549 2083 586 2118; x_wconf 91' lang='lat' dir='ltr'><strong>iii</strong></span> <span class='ocrx_word' id='word_1_226' title='bbox 609 2083 687 2119; x_wconf 89' lang='lat' dir='ltr'><strong>iure</strong></span> <span class='ocrx_word' id='word_1_227' title='bbox 709 2084 947 2129; x_wconf 88' lang='lat' dir='ltr'><strong>interrogatus</strong></span> <span class='ocrx_word' id='word_1_228' title='bbox 971 2083 1206 2129; x_wconf 85' lang='lat' dir='ltr'><strong>responderit&#39;</strong></span> <span class='ocrx_word' id='word_1_229' title='bbox 1231 2084 1283 2119; x_wconf 90' lang='lat' dir='ltr'><strong>sic</strong></span> 
     </span>
     <span class='ocr_line' id='line_1_36' title="bbox 195 2127 1284 2181; baseline 0.001 -19"><span class='ocrx_word' id='word_1_230' title='bbox 195 2127 440 2179; x_wconf 76' lang='lat' dir='ltr'><strong>accipiendum</strong></span> <span class='ocrx_word' id='word_1_231' title='bbox 464 2133 519 2163; x_wconf 91' lang='lat' dir='ltr'><strong>est</strong></span> <span class='ocrx_word' id='word_1_232' title='bbox 541 2129 637 2181; x_wconf 81' lang='lat' dir='ltr'><strong>apud</strong></span> <span class='ocrx_word' id='word_1_233' title='bbox 661 2130 890 2174; x_wconf 86' lang='lat' dir='ltr'><strong>magistratus</strong></span> <span class='ocrx_word' id='word_1_234' title='bbox 911 2139 958 2181; x_wconf 86' lang='lat' dir='ltr'><strong>po</strong></span> <span class='ocrx_word' id='word_1_235' title='bbox 986 2129 1035 2164; x_wconf 91' lang='lat' dir='ltr'><strong>uli</strong></span> <span class='ocrx_word' id='word_1_236' title='bbox 1053 2128 1205 2165; x_wconf 86' lang='lat' dir='ltr'><strong>Romani</strong></span> <span class='ocrx_word' id='word_1_237' title='bbox 1228 2128 1284 2164; x_wconf 93' lang='lat' dir='ltr'><strong>vel</strong></span> 
     </span>
     <span class='ocr_line' id='line_1_37' title="bbox 194 2172 1282 2218; baseline 0.002 -11"><span class='ocrx_word' id='word_1_238' title='bbox 194 2172 376 2218; x_wconf 78' lang='lat' dir='ltr'><strong>praesides</strong></span> <span class='ocrx_word' id='word_1_239' title='bbox 411 2174 672 2218; x_wconf 85' lang='lat' dir='ltr'><strong>provinciarum</strong></span> <span class='ocrx_word' id='word_1_240' title='bbox 708 2175 764 2210; x_wconf 87' lang='lat' dir='ltr'><strong>vel</strong></span> <span class='ocrx_word' id='word_1_241' title='bbox 795 2175 885 2210; x_wconf 89' lang='lat' dir='ltr'><strong>alios</strong></span> <span class='ocrx_word' id='word_1_242' title='bbox 915 2185 953 2209; x_wconf 93' lang='grc' dir='ltr'><strong>ιιι</strong></span> <span class='ocrx_word' id='word_1_243' title='bbox 979 2175 1066 2210; x_wconf 86' lang='lat' dir='ltr'><strong>&#39;ces:</strong></span> <span class='ocrx_word' id='word_1_244' title='bbox 1101 2174 1157 2209; x_wconf 91' lang='lat' dir='ltr'><strong>ius</strong></span> <span class='ocrx_word' id='word_1_245' title='bbox 1190 2174 1282 2210; x_wconf 81' lang='lat' dir='ltr'><strong>enim</strong></span> 
     </span>
     <span class='ocr_line' id='line_1_38' title="bbox 195 2217 1283 2262; baseline 0.002 -10"><span class='ocrx_word' id='word_1_246' title='bbox 195 2228 275 2252; x_wconf 90' lang='lat' dir='ltr'><strong>eum</strong></span> <span class='ocrx_word' id='word_1_247' title='bbox 295 2217 409 2253; x_wconf 87' lang='lat' dir='ltr'><strong>solum</strong></span> <span class='ocrx_word' id='word_1_248' title='bbox 427 2218 546 2254; x_wconf 90' lang='lat' dir='ltr'><strong>locum</strong></span> <span class='ocrx_word' id='word_1_249' title='bbox 566 2229 655 2262; x_wconf 88' lang='lat' dir='ltr'><strong>esse,</strong></span> <span class='ocrx_word' id='word_1_250' title='bbox 680 2220 740 2255; x_wconf 93' lang='lat' dir='ltr'><strong>ubi</strong></span> <span class='ocrx_word' id='word_1_251' title='bbox 761 2220 848 2255; x_wconf 90' lang='lat' dir='ltr'><strong>iuris</strong></span> <span class='ocrx_word' id='word_1_252' title='bbox 869 2219 1009 2255; x_wconf 92' lang='lat' dir='ltr'><strong>dicendi</strong></span> <span class='ocrx_word' id='word_1_253' title='bbox 1028 2220 1084 2255; x_wconf 91' lang='lat' dir='ltr'><strong>vel</strong></span> <span class='ocrx_word' id='word_1_254' title='bbox 1101 2218 1283 2254; x_wconf 91' lang='lat' dir='ltr'><strong>iudicandi</strong></span> 
     </span>
     <span class='ocr_line' id='line_1_39' title="bbox 193 2263 1204 2309; baseline 0.003 -12"><span class='ocrx_word' id='word_1_255' title='bbox 193 2263 308 2308; x_wconf 86' lang='lat' dir='ltr'><strong>gratia</strong></span> <span class='ocrx_word' id='word_1_256' title='bbox 331 2263 515 2306; x_wconf 88' lang='lat' dir='ltr'><strong>consistat,</strong></span> <span class='ocrx_word' id='word_1_257' title='bbox 540 2265 595 2300; x_wconf 88' lang='lat' dir='ltr'><strong>vel</strong></span> <span class='ocrx_word' id='word_1_258' title='bbox 619 2265 650 2300; x_wconf 92' lang='lat' dir='ltr'><strong>si</strong></span> <span class='ocrx_word' id='word_1_259' title='bbox 673 2265 769 2300; x_wconf 90' lang='lat' dir='ltr'><strong>domi</strong></span> <span class='ocrx_word' id='word_1_260' title='bbox 792 2265 845 2300; x_wconf 91' lang='lat' dir='ltr'><strong>vel</strong></span> <span class='ocrx_word' id='word_1_261' title='bbox 867 2265 995 2300; x_wconf 90' lang='lat' dir='ltr'><strong>itinere</strong></span> <span class='ocrx_word' id='word_1_262' title='bbox 1017 2266 1087 2300; x_wconf 90' lang='lat' dir='ltr'><strong>hoc</strong></span> <span class='ocrx_word' id='word_1_263' title='bbox 1111 2268 1204 2309; x_wconf 86' lang='lat' dir='ltr'><strong>agat.</strong></span> 
     </span>
    </p>

    <p class='ocr_par' dir='ltr' id='par_1_10' title="bbox 193 2306 1283 2568">
     <span class='ocr_line' id='line_1_40' title="bbox 240 2306 1282 2356; baseline 0 -11"><span class='ocrx_word' id='word_1_264' title='bbox 240 2306 264 2345; x_wconf 90' lang='lat'>5</span> <span class='ocrx_word' id='word_1_265' title='bbox 293 2307 416 2344; x_wconf 74' lang='lat' dir='ltr'><strong><em>GAIUS</em></strong></span> <span class='ocrx_word' id='word_1_266' title='bbox 443 2308 533 2345; x_wconf 81' lang='lat' dir='ltr'><strong>libro</strong></span> <span class='ocrx_word' id='word_1_267' title='bbox 567 2311 671 2346; x_wconf 82' lang='lat' dir='ltr'><strong>tertio</strong></span> <span class='ocrx_word' id='word_1_268' title='bbox 696 2310 746 2345; x_wconf 87' lang='lat' dir='ltr'><strong>ad</strong></span> <span class='ocrx_word' id='word_1_269' title='bbox 767 2310 919 2346; x_wconf 77' lang='lat' dir='ltr'><strong>edictum</strong></span> <span class='ocrx_word' id='word_1_270' title='bbox 938 2310 1167 2356; x_wconf 81' lang='lat' dir='ltr'><strong>provinciale</strong></span> <span class='ocrx_word' id='word_1_271' title='bbox 1214 2309 1282 2354; x_wconf 80' lang='lat' dir='ltr'><strong>Qui</strong></span> 
     </span>
     <span class='ocr_line' id='line_1_41' title="bbox 193 2353 1283 2408; baseline 0.002 -20"><span class='ocrx_word' id='word_1_272' title='bbox 193 2353 432 2398; x_wconf 83' lang='lat' dir='ltr'><strong>interrogatur</strong></span> <span class='ocrx_word' id='word_1_273' title='bbox 445 2381 454 2397; x_wconf 94' lang='lat'><strong>,</strong></span> <span class='ocrx_word' id='word_1_274' title='bbox 486 2365 532 2389; x_wconf 92' lang='lat' dir='ltr'><strong>an</strong></span> <span class='ocrx_word' id='word_1_275' title='bbox 556 2355 659 2390; x_wconf 91' lang='lat' dir='ltr'><strong>heres</strong></span> <span class='ocrx_word' id='word_1_276' title='bbox 682 2355 738 2391; x_wconf 92' lang='lat' dir='ltr'><strong>vel</strong></span> <span class='ocrx_word' id='word_1_277' title='bbox 761 2360 872 2408; x_wconf 83' lang='lat' dir='ltr'><strong>quota</strong></span> <span class='ocrx_word' id='word_1_278' title='bbox 896 2365 940 2390; x_wconf 84' lang='lat' dir='ltr'><strong>ex</strong></span> <span class='ocrx_word' id='word_1_279' title='bbox 963 2360 1066 2400; x_wconf 89' lang='lat' dir='ltr'><strong>parte</strong></span> <span class='ocrx_word' id='word_1_280' title='bbox 1090 2355 1136 2390; x_wconf 89' lang='lat' dir='ltr'><strong>sit</strong></span> <span class='ocrx_word' id='word_1_281' title='bbox 1158 2355 1213 2390; x_wconf 93' lang='lat' dir='ltr'><strong>vel</strong></span> <span class='ocrx_word' id='word_1_282' title='bbox 1236 2365 1283 2390; x_wconf 87' lang='lat' dir='ltr'><strong>an</strong></span> 
     </span>
     <span class='ocr_line' id='line_1_42' title="bbox 193 2399 1281 2444; baseline 0.004 -12"><span class='ocrx_word' id='word_1_283' title='bbox 193 2399 229 2432; x_wconf 90' lang='lat' dir='ltr'><strong>in</strong></span> <span class='ocrx_word' id='word_1_284' title='bbox 253 2402 430 2444; x_wconf 87' lang='lat' dir='ltr'><strong>potestate</strong></span> <span class='ocrx_word' id='word_1_285' title='bbox 453 2400 586 2435; x_wconf 87' lang='lat' dir='ltr'><strong>habeat</strong></span> <span class='ocrx_word' id='word_1_286' title='bbox 609 2411 700 2442; x_wconf 91' lang='lat' dir='ltr'><strong>eum,</strong></span> <span class='ocrx_word' id='word_1_287' title='bbox 727 2411 826 2436; x_wconf 91' lang='lat' dir='ltr'><strong>cuius</strong></span> <span class='ocrx_word' id='word_1_288' title='bbox 851 2401 991 2436; x_wconf 89' lang='lat' dir='ltr'><strong>nomine</strong></span> <span class='ocrx_word' id='word_1_289' title='bbox 1011 2400 1132 2436; x_wconf 86' lang='lat' dir='ltr'><strong>noxali</strong></span> <span class='ocrx_word' id='word_1_290' title='bbox 1151 2400 1281 2436; x_wconf 85' lang='lat' dir='ltr'><strong>iudicio</strong></span> 
     </span>
     <span class='ocr_line' id='line_1_43' title="bbox 194 2443 1281 2491; baseline 0.002 -13"><span class='ocrx_word' id='word_1_291' title='bbox 194 2443 330 2489; x_wconf 83' lang='lat' dir='ltr'><strong>agitur,</strong></span> <span class='ocrx_word' id='word_1_292' title='bbox 373 2444 419 2479; x_wconf 93' lang='lat' dir='ltr'><strong>ad</strong></span> <span class='ocrx_word' id='word_1_293' title='bbox 460 2444 725 2481; x_wconf 89' lang='lat' dir='ltr'><strong>deliberandum</strong></span> <span class='ocrx_word' id='word_1_294' title='bbox 767 2450 906 2491; x_wconf 88' lang='lat' dir='ltr'><strong>tempus</strong></span> <span class='ocrx_word' id='word_1_295' title='bbox 941 2446 1131 2491; x_wconf 89' lang='lat' dir='ltr'><strong>impetrare</strong></span> <span class='ocrx_word' id='word_1_296' title='bbox 1166 2445 1281 2488; x_wconf 91' lang='lat' dir='ltr'><strong>debet,</strong></span> 
     </span>
     <span class='ocr_line' id='line_1_44' title="bbox 194 2488 1282 2568; baseline 0.002 -44"><span class='ocrx_word' id='word_1_297' title='bbox 194 2488 296 2568; x_wconf 45' lang='lat' dir='ltr'><strong>guiza,</strong></span> <span class='ocrx_word' id='word_1_298' title='bbox 330 2489 360 2524; x_wconf 89' lang='lat' dir='ltr'><strong>si</strong></span> <span class='ocrx_word' id='word_1_299' title='bbox 390 2500 576 2535; x_wconf 87' lang='lat' dir='ltr'><strong>perperam</strong></span> <span class='ocrx_word' id='word_1_300' title='bbox 600 2490 783 2527; x_wconf 84' lang='lat' dir='ltr'><strong>confessus</strong></span> <span class='ocrx_word' id='word_1_301' title='bbox 806 2491 932 2534; x_wconf 86' lang='lat' dir='ltr'><strong>fuerit,</strong></span> <span class='ocrx_word' id='word_1_302' title='bbox 963 2490 1186 2527; x_wconf 86' lang='lat' dir='ltr'><strong>incommodo</strong></span> <span class='ocrx_word' id='word_1_303' title='bbox 1218 2490 1282 2526; x_wconf 89' lang='lat' dir='ltr'><strong>ad-</strong></span> 
     </span>
    </p>

    <p class='ocr_par' dir='ltr' id='par_1_11' title="bbox 221 2544 330 2569">
     <span class='ocr_line' id='line_1_45' title="bbox 221 2544 330 2569; baseline 0.009 -1"><span class='ocrx_word' id='word_1_304' title='bbox 221 2544 252 2568; x_wconf 88' lang='lat' dir='ltr'><strong>ci</strong></span> <span class='ocrx_word' id='word_1_305' title='bbox 270 2545 330 2569; x_wconf 86' lang='lat' dir='ltr'><strong>ur:</strong></span> 
     </span>
    </p>

    <p class='ocr_par' dir='ltr' id='par_1_12' title="bbox 195 2576 1282 2978">
     <span class='ocr_line' id='line_1_46' title="bbox 241 2576 1282 2617; baseline 0 -1"><span class='ocrx_word' id='word_1_306' title='bbox 241 2576 265 2616; x_wconf 93' lang='grc'><strong>6</strong></span> <span class='ocrx_word' id='word_1_307' title='bbox 297 2578 491 2615; x_wconf 76' lang='lat' dir='ltr'><em>ULPJANUS</em></span> <span class='ocrx_word' id='word_1_308' title='bbox 518 2580 609 2616; x_wconf 80' lang='lat' dir='ltr'><strong>libro</strong></span> <span class='ocrx_word' id='word_1_309' title='bbox 640 2581 830 2617; x_wconf 80' lang='lat' dir='ltr'><strong>vicensimo</strong></span> <span class='ocrx_word' id='word_1_310' title='bbox 861 2581 1018 2617; x_wconf 80' lang='lat' dir='ltr'><strong>secundo</strong></span> <span class='ocrx_word' id='word_1_311' title='bbox 1049 2581 1100 2617; x_wconf 83' lang='lat' dir='ltr'><strong>ad</strong></span> <span class='ocrx_word' id='word_1_312' title='bbox 1129 2581 1282 2617; x_wconf 79' lang='lat' dir='ltr'><strong>edictum</strong></span> 
     </span>
     <span class='ocr_line' id='line_1_47' title="bbox 195 2623 1281 2669; baseline 0.004 -11"><span class='ocrx_word' id='word_1_313' title='bbox 195 2628 232 2658; x_wconf 89' lang='lat' dir='ltr'><strong>et</strong></span> <span class='ocrx_word' id='word_1_314' title='bbox 255 2623 338 2669; x_wconf 88' lang='lat' dir='ltr'><strong>quia</strong></span> <span class='ocrx_word' id='word_1_315' title='bbox 360 2625 430 2660; x_wconf 90' lang='lat' dir='ltr'><strong>hoc</strong></span> <span class='ocrx_word' id='word_1_316' title='bbox 461 2624 710 2661; x_wconf 87' lang='lat' dir='ltr'><strong>defunctorum</strong></span> <span class='ocrx_word' id='word_1_317' title='bbox 741 2626 907 2669; x_wconf 91' lang='lat' dir='ltr'><strong>interest,</strong></span> <span class='ocrx_word' id='word_1_318' title='bbox 938 2631 980 2662; x_wconf 90' lang='lat' dir='ltr'><strong>ut</strong></span> <span class='ocrx_word' id='word_1_319' title='bbox 1011 2626 1170 2662; x_wconf 91' lang='lat' dir='ltr'><strong>habeant</strong></span> <span class='ocrx_word' id='word_1_320' title='bbox 1201 2637 1281 2662; x_wconf 90' lang='lat' dir='ltr'><strong>suc-</strong></span> 
     </span>
     <span class='ocr_line' id='line_1_48' title="bbox 196 2670 1281 2717; baseline 0.003 -14"><span class='ocrx_word' id='word_1_321' title='bbox 196 2679 373 2712; x_wconf 87' lang='lat' dir='ltr'><strong>cessores,</strong></span> <span class='ocrx_word' id='word_1_322' title='bbox 408 2670 555 2706; x_wconf 90' lang='lat' dir='ltr'><strong>interest</strong></span> <span class='ocrx_word' id='word_1_323' title='bbox 590 2675 626 2706; x_wconf 91' lang='lat' dir='ltr'><strong>et</strong></span> <span class='ocrx_word' id='word_1_324' title='bbox 658 2671 867 2714; x_wconf 90' lang='lat' dir='ltr'><strong>viventium,</strong></span> <span class='ocrx_word' id='word_1_325' title='bbox 912 2682 956 2707; x_wconf 91' lang='lat' dir='ltr'><strong>ne</strong></span> <span class='ocrx_word' id='word_1_326' title='bbox 990 2672 1281 2717; x_wconf 86' lang='lat' dir='ltr'><strong>praecipitentur,</strong></span> 
     </span>
     <span class='ocr_line' id='line_1_49' title="bbox 198 2713 1281 2765; baseline 0.005 -18"><span class='ocrx_word' id='word_1_327' title='bbox 198 2717 210 2747; x_wconf 82' lang='lat'>1</span> <span class='ocrx_word' id='word_1_328' title='bbox 246 2713 429 2765; x_wconf 41' lang='lat' dir='ltr'><strong>&#39;quamdiu</strong></span> <span class='ocrx_word' id='word_1_329' title='bbox 452 2715 544 2750; x_wconf 90' lang='lat' dir='ltr'><strong>iuste</strong></span> <span class='ocrx_word' id='word_1_330' title='bbox 575 2716 782 2752; x_wconf 88' lang='lat' dir='ltr'><strong>deliberant.</strong></span> <span class='ocrx_word' id='word_1_331' title='bbox 831 2717 1013 2752; x_wconf 86' lang='lat' dir='ltr'><strong>Interdum</strong></span> <span class='ocrx_word' id='word_1_332' title='bbox 1043 2717 1281 2762; x_wconf 88' lang='lat' dir='ltr'><strong>interrogatus</strong></span> 
     </span>
     <span class='ocr_line' id='line_1_50' title="bbox 195 2759 1282 2808; baseline 0.004 -15"><span class='ocrx_word' id='word_1_333' title='bbox 195 2769 291 2803; x_wconf 89' lang='lat' dir='ltr'><strong>quis,</strong></span> <span class='ocrx_word' id='word_1_334' title='bbox 316 2769 363 2794; x_wconf 91' lang='lat' dir='ltr'><strong>an</strong></span> <span class='ocrx_word' id='word_1_335' title='bbox 386 2759 488 2795; x_wconf 89' lang='lat' dir='ltr'><strong>heres</strong></span> <span class='ocrx_word' id='word_1_336' title='bbox 512 2761 576 2803; x_wconf 90' lang='lat' dir='ltr'><strong>sit,</strong></span> <span class='ocrx_word' id='word_1_337' title='bbox 609 2771 681 2796; x_wconf 93' lang='lat' dir='ltr'><strong>non</strong></span> <span class='ocrx_word' id='word_1_338' title='bbox 706 2762 843 2807; x_wconf 88' lang='lat' dir='ltr'><strong>cogitur</strong></span> <span class='ocrx_word' id='word_1_339' title='bbox 865 2762 1098 2808; x_wconf 90' lang='lat' dir='ltr'><strong>respondere,</strong></span> <span class='ocrx_word' id='word_1_340' title='bbox 1130 2766 1171 2797; x_wconf 92' lang='lat' dir='ltr'><strong>ut</strong></span> <span class='ocrx_word' id='word_1_341' title='bbox 1193 2766 1282 2807; x_wconf 88' lang='lat' dir='ltr'><strong>puta</strong></span> 
     </span>
     <span class='ocr_line' id='line_1_51' title="bbox 195 2804 1282 2852; baseline 0.004 -14"><span class='ocrx_word' id='word_1_342' title='bbox 195 2804 226 2838; x_wconf 92' lang='lat' dir='ltr'><strong>si</strong></span> <span class='ocrx_word' id='word_1_343' title='bbox 250 2805 525 2841; x_wconf 85' lang='lat' dir='ltr'><strong>controversiam</strong></span> <span class='ocrx_word' id='word_1_344' title='bbox 548 2806 754 2842; x_wconf 89' lang='lat' dir='ltr'><strong>hereditatis</strong></span> <span class='ocrx_word' id='word_1_345' title='bbox 779 2808 824 2842; x_wconf 88' lang='lat' dir='ltr'><strong>ab</strong></span> <span class='ocrx_word' id='word_1_346' title='bbox 855 2807 925 2843; x_wconf 89' lang='lat' dir='ltr'><strong>alio</strong></span> <span class='ocrx_word' id='word_1_347' title='bbox 956 2808 1132 2852; x_wconf 89' lang='lat' dir='ltr'><strong>patiatur:</strong></span> <span class='ocrx_word' id='word_1_348' title='bbox 1166 2812 1201 2843; x_wconf 92' lang='lat' dir='ltr'><strong>et</strong></span> <span class='ocrx_word' id='word_1_349' title='bbox 1230 2808 1282 2842; x_wconf 90' lang='lat' dir='ltr'><strong>ita</strong></span> 
     </span>
     <span class='ocr_line' id='line_1_52' title="bbox 197 2848 1279 2898; baseline 0.005 -15"><span class='ocrx_word' id='word_1_350' title='bbox 197 2848 297 2884; x_wconf 90' lang='lat' dir='ltr'><strong>divus</strong></span> <span class='ocrx_word' id='word_1_351' title='bbox 321 2849 524 2886; x_wconf 88' lang='lat' dir='ltr'><strong>Hadrianus</strong></span> <span class='ocrx_word' id='word_1_352' title='bbox 550 2852 752 2894; x_wconf 90' lang='lat' dir='ltr'><strong>constituit,</strong></span> <span class='ocrx_word' id='word_1_353' title='bbox 778 2863 823 2888; x_wconf 90' lang='lat' dir='ltr'><strong>ne</strong></span> <span class='ocrx_word' id='word_1_354' title='bbox 846 2858 910 2888; x_wconf 88' lang='lat' dir='ltr'><strong>aut</strong></span> <span class='ocrx_word' id='word_1_355' title='bbox 933 2853 1092 2898; x_wconf 85' lang='lat' dir='ltr'><strong>negando</strong></span> <span class='ocrx_word' id='word_1_356' title='bbox 1118 2862 1156 2888; x_wconf 85' lang='lat' dir='ltr'><strong>se</strong></span> <span class='ocrx_word' id='word_1_357' title='bbox 1178 2853 1279 2888; x_wconf 89' lang='lat' dir='ltr'><strong>here-</strong></span> 
     </span>
     <span class='ocr_line' id='line_1_53' title="bbox 196 2893 1281 2942; baseline 0.005 -14"><span class='ocrx_word' id='word_1_358' title='bbox 196 2893 275 2929; x_wconf 91' lang='lat' dir='ltr'><strong>dem</strong></span> <span class='ocrx_word' id='word_1_359' title='bbox 306 2895 522 2939; x_wconf 89' lang='lat' dir='ltr'><strong>praeiudicet</strong></span> <span class='ocrx_word' id='word_1_360' title='bbox 554 2897 619 2931; x_wconf 91' lang='lat' dir='ltr'><strong>sibi</strong></span> <span class='ocrx_word' id='word_1_361' title='bbox 652 2902 716 2932; x_wconf 90' lang='lat' dir='ltr'><strong>aut</strong></span> <span class='ocrx_word' id='word_1_362' title='bbox 747 2897 896 2933; x_wconf 90' lang='lat' dir='ltr'><strong>dicendo</strong></span> <span class='ocrx_word' id='word_1_363' title='bbox 928 2898 1093 2933; x_wconf 86' lang='lat' dir='ltr'><strong>heredem</strong></span> <span class='ocrx_word' id='word_1_364' title='bbox 1127 2898 1281 2942; x_wconf 86' lang='lat' dir='ltr'><strong>illigetur</strong></span> 
     </span>
     <span class='ocr_line' id='line_1_54' title="bbox 197 2939 768 2978; baseline 0.007 -4"><span class='ocrx_word' id='word_1_365' title='bbox 197 2939 303 2975; x_wconf 87' lang='lat' dir='ltr'><strong>etiam</strong></span> <span class='ocrx_word' id='word_1_366' title='bbox 327 2940 448 2975; x_wconf 86' lang='lat' dir='ltr'><strong>ablata</strong></span> <span class='ocrx_word' id='word_1_367' title='bbox 471 2941 538 2975; x_wconf 89' lang='lat' dir='ltr'><strong>sibi</strong></span> <span class='ocrx_word' id='word_1_368' title='bbox 562 2942 768 2978; x_wconf 88' lang='lat' dir='ltr'><strong>hereditate.</strong></span> 
     </span>
    </p>

    <p class='ocr_par' dir='ltr' id='par_1_13' title="bbox 195 2981 1279 3120">
     <span class='ocr_line' id='line_1_55' title="bbox 197 2981 1279 3040; baseline 0.004 -21"><span class='ocrx_word' id='word_1_369' title='bbox 197 3029 206 3037; x_wconf 87' lang='lat'><strong>.</strong></span> <span class='ocrx_word' id='word_1_370' title='bbox 242 2981 266 3021; x_wconf 86' lang='grc'><strong>7</strong></span> <span class='ocrx_word' id='word_1_371' title='bbox 291 2983 397 3037; x_wconf 61' lang='grc' dir='ltr'>Ιοιξη</span> <span class='ocrx_word' id='word_1_372' title='bbox 424 2985 513 3020; x_wconf 83' lang='lat' dir='ltr'><strong>libro</strong></span> <span class='ocrx_word' id='word_1_373' title='bbox 546 2991 669 3022; x_wconf 84' lang='lat' dir='ltr'><strong>octavo</strong></span> <span class='ocrx_word' id='word_1_374' title='bbox 701 2988 837 3023; x_wconf 80' lang='lat' dir='ltr'><strong>decimo</strong></span> <span class='ocrx_word' id='word_1_375' title='bbox 861 2987 911 3023; x_wconf 87' lang='lat' dir='ltr'><strong>ad</strong></span> <span class='ocrx_word' id='word_1_376' title='bbox 932 2988 1085 3024; x_wconf 79' lang='lat' dir='ltr'><strong>edictum</strong></span> <span class='ocrx_word' id='word_1_377' title='bbox 1132 2987 1168 3023; x_wconf 91' lang='lat' dir='ltr'><strong>Si</strong></span> <span class='ocrx_word' id='word_1_378' title='bbox 1201 2988 1279 3040; x_wconf 86' lang='lat' dir='ltr'><strong>quis</strong></span> 
     </span>
     <span class='ocr_line' id='line_1_56' title="bbox 195 3033 1279 3079; baseline 0.005 -15"><span class='ocrx_word' id='word_1_379' title='bbox 195 3040 233 3064; x_wconf 88' lang='grc' dir='ltr'><strong>ιιι</strong></span> <span class='ocrx_word' id='word_1_380' title='bbox 255 3039 333 3065; x_wconf 90' lang='lat' dir='ltr'><strong>iure</strong></span> <span class='ocrx_word' id='word_1_381' title='bbox 354 3034 592 3075; x_wconf 86' lang='lat' dir='ltr'><strong>interrogatus</strong></span> <span class='ocrx_word' id='word_1_382' title='bbox 606 3058 615 3073; x_wconf 95' lang='lat'><strong>,</strong></span> <span class='ocrx_word' id='word_1_383' title='bbox 647 3043 693 3067; x_wconf 86' lang='lat' dir='ltr'><strong>an</strong></span> <span class='ocrx_word' id='word_1_384' title='bbox 725 3033 926 3078; x_wconf 87' lang='lat' dir='ltr'><strong>quadrupes</strong></span> <span class='ocrx_word' id='word_1_385' title='bbox 958 3043 1050 3078; x_wconf 87' lang='lat' dir='ltr'><strong>quae</strong></span> <span class='ocrx_word' id='word_1_386' title='bbox 1073 3043 1279 3079; x_wconf 81' lang='lat' dir='ltr'><strong>pauperiem</strong></span> 
     </span>
     <span class='ocr_line' id='line_1_57' title="bbox 195 3074 916 3120; baseline 0.006 -11"><span class='ocrx_word' id='word_1_387' title='bbox 195 3074 282 3110; x_wconf 81' lang='lat' dir='ltr'><strong>fecit</strong></span> <span class='ocrx_word' id='word_1_388' title='bbox 305 3074 380 3110; x_wconf 90' lang='lat' dir='ltr'><strong>eius</strong></span> <span class='ocrx_word' id='word_1_389' title='bbox 405 3075 460 3117; x_wconf 88' lang='lat' dir='ltr'><strong>sit,</strong></span> <span class='ocrx_word' id='word_1_390' title='bbox 485 3076 705 3120; x_wconf 89' lang='lat' dir='ltr'><strong>responderit</strong></span> <span class='ocrx_word' id='word_1_391' title='bbox 716 3079 740 3120; x_wconf 92' lang='lat'><strong>⁷,</strong></span> <span class='ocrx_word' id='word_1_392' title='bbox 765 3082 916 3113; x_wconf 90' lang='lat' dir='ltr'><strong>tenetur.</strong></span> 
     </span>
    </p>

    <p class='ocr_par' dir='ltr' id='par_1_14' title="bbox 196 3116 1280 3336">
     <span class='ocr_line' id='line_1_58' title="bbox 242 3116 1279 3159; baseline 0.001 -2"><span class='ocrx_word' id='word_1_393' title='bbox 242 3116 267 3157; x_wconf 90' lang='lat'>8</span> <span class='ocrx_word' id='word_1_394' title='bbox 292 3118 450 3155; x_wconf 68' lang='lat' dir='ltr'><strong>PAULvs</strong></span> <span class='ocrx_word' id='word_1_395' title='bbox 470 3119 559 3155; x_wconf 83' lang='lat' dir='ltr'><strong>libro</strong></span> <span class='ocrx_word' id='word_1_396' title='bbox 584 3122 771 3158; x_wconf 79' lang='lat' dir='ltr'><strong>vicensimo</strong></span> <span class='ocrx_word' id='word_1_397' title='bbox 793 3123 951 3159; x_wconf 80' lang='lat' dir='ltr'><strong>secundo</strong></span> <span class='ocrx_word' id='word_1_398' title='bbox 975 3122 1025 3159; x_wconf 88' lang='lat' dir='ltr'><strong>ad</strong></span> <span class='ocrx_word' id='word_1_399' title='bbox 1045 3122 1198 3159; x_wconf 77' lang='lat' dir='ltr'><strong>edictum</strong></span> <span class='ocrx_word' id='word_1_400' title='bbox 1242 3123 1279 3158; x_wconf 89' lang='lat' dir='ltr'><strong>Si</strong></span> 
     </span>
     <span class='ocr_line' id='line_1_59' title="bbox 197 3164 1278 3213; baseline 0.003 -14"><span class='ocrx_word' id='word_1_401' title='bbox 197 3164 275 3210; x_wconf 87' lang='lat' dir='ltr'><strong>quis</strong></span> <span class='ocrx_word' id='word_1_402' title='bbox 305 3164 541 3210; x_wconf 88' lang='lat' dir='ltr'><strong>interrogatus</strong></span> <span class='ocrx_word' id='word_1_403' title='bbox 574 3165 618 3201; x_wconf 88' lang='lat' dir='ltr'><strong>de</strong></span> <span class='ocrx_word' id='word_1_404' title='bbox 649 3177 748 3203; x_wconf 86' lang='lat' dir='ltr'><strong>servo</strong></span> <span class='ocrx_word' id='word_1_405' title='bbox 784 3169 843 3213; x_wconf 94' lang='lat' dir='ltr'><strong>qui</strong></span> <span class='ocrx_word' id='word_1_406' title='bbox 875 3168 1041 3204; x_wconf 90' lang='lat' dir='ltr'><strong>damnum</strong></span> <span class='ocrx_word' id='word_1_407' title='bbox 1073 3167 1187 3210; x_wconf 90' lang='lat' dir='ltr'><strong>dedit,</strong></span> <span class='ocrx_word' id='word_1_408' title='bbox 1222 3179 1278 3203; x_wconf 88' lang='lat' dir='ltr'><strong>re-</strong></span> 
     </span>
     <span class='ocr_line' id='line_1_60' title="bbox 196 3209 1280 3258; baseline 0.004 -14"><span class='ocrx_word' id='word_1_409' title='bbox 196 3209 341 3256; x_wconf 82' lang='lat' dir='ltr'><strong>spondit</strong></span> <span class='ocrx_word' id='word_1_410' title='bbox 374 3220 477 3245; x_wconf 89' lang='lat' dir='ltr'><strong>suum</strong></span> <span class='ocrx_word' id='word_1_411' title='bbox 511 3221 589 3245; x_wconf 90' lang='lat' dir='ltr'><strong>esse</strong></span> <span class='ocrx_word' id='word_1_412' title='bbox 624 3222 778 3255; x_wconf 91' lang='lat' dir='ltr'><strong>servum,</strong></span> <span class='ocrx_word' id='word_1_413' title='bbox 814 3213 993 3249; x_wconf 88' lang='lat' dir='ltr'><strong>tenebitur</strong></span> <span class='ocrx_word' id='word_1_414' title='bbox 1027 3213 1102 3258; x_wconf 85' lang='lat' dir='ltr'><strong>lege</strong></span> <span class='ocrx_word' id='word_1_415' title='bbox 1136 3213 1280 3258; x_wconf 85' lang='lat' dir='ltr'><strong>Aquilia</strong></span> 
     </span>
     <span class='ocr_line' id='line_1_61' title="bbox 196 3254 1278 3336; baseline 0.002 -46"><span class='ocrx_word' id='word_1_416' title='bbox 196 3255 299 3336; x_wconf 59' lang='lat' dir='ltr'><strong>guasi</strong></span> <span class='ocrx_word' id='word_1_417' title='bbox 322 3254 484 3291; x_wconf 82' lang='lat' dir='ltr'><strong>dominus</strong></span> <span class='ocrx_word' id='word_1_418' title='bbox 510 3259 555 3297; x_wconf 89' lang='lat' dir='ltr'><strong>et,</strong></span> <span class='ocrx_word' id='word_1_419' title='bbox 580 3257 609 3291; x_wconf 90' lang='lat' dir='ltr'><strong>si</strong></span> <span class='ocrx_word' id='word_1_420' title='bbox 635 3267 714 3291; x_wconf 90' lang='lat' dir='ltr'><strong>cum</strong></span> <span class='ocrx_word' id='word_1_421' title='bbox 736 3268 776 3292; x_wconf 92' lang='lat' dir='ltr'><strong>eo</strong></span> <span class='ocrx_word' id='word_1_422' title='bbox 798 3263 916 3293; x_wconf 90' lang='lat' dir='ltr'><strong>actum</strong></span> <span class='ocrx_word' id='word_1_423' title='bbox 938 3258 984 3294; x_wconf 86' lang='lat' dir='ltr'><strong>sit</strong></span> <span class='ocrx_word' id='word_1_424' title='bbox 1004 3259 1064 3304; x_wconf 89' lang='lat' dir='ltr'><strong>qui</strong></span> <span class='ocrx_word' id='word_1_425' title='bbox 1083 3258 1278 3303; x_wconf 91' lang='lat' dir='ltr'><strong>respondit,</strong></span> 
     </span>
    </p>

    <p class='ocr_par' dir='ltr' id='par_1_15' title="bbox 221 3300 791 3337">
     <span class='ocr_line' id='line_1_62' title="bbox 221 3300 791 3337; baseline 0.002 -1"><span class='ocrx_word' id='word_1_426' title='bbox 221 3300 359 3336; x_wconf 86' lang='lat' dir='ltr'><strong>ominus</strong></span> <span class='ocrx_word' id='word_1_427' title='bbox 384 3310 426 3336; x_wconf 89' lang='lat' dir='ltr'><strong>ea</strong></span> <span class='ocrx_word' id='word_1_428' title='bbox 449 3300 589 3336; x_wconf 87' lang='lat' dir='ltr'><strong>actione</strong></span> <span class='ocrx_word' id='word_1_429' title='bbox 612 3301 791 3337; x_wconf 85' lang='lat' dir='ltr'><strong>liberatur.</strong></span> 
     </span>
    </p>

    <p class='ocr_par' dir='ltr' id='par_1_16' title="bbox 195 3343 1278 3527">
     <span class='ocr_line' id='line_1_63' title="bbox 243 3343 1278 3384; baseline -0.002 0"><span class='ocrx_word' id='word_1_430' title='bbox 243 3343 269 3384; x_wconf 83' lang='lat'>9</span> <span class='ocrx_word' id='word_1_431' title='bbox 299 3344 494 3382; x_wconf 60' lang='lat' dir='ltr'><strong>Ulmanus</strong></span> <span class='ocrx_word' id='word_1_432' title='bbox 521 3345 612 3381; x_wconf 74' lang='lat' dir='ltr'><strong>libro</strong></span> <span class='ocrx_word' id='word_1_433' title='bbox 644 3347 833 3382; x_wconf 79' lang='lat' dir='ltr'><strong>vicensimo</strong></span> <span class='ocrx_word' id='word_1_434' title='bbox 864 3347 1021 3384; x_wconf 77' lang='lat' dir='ltr'><strong>secundo</strong></span> <span class='ocrx_word' id='word_1_435' title='bbox 1053 3347 1103 3383; x_wconf 85' lang='lat' dir='ltr'><strong>ad</strong></span> <span class='ocrx_word' id='word_1_436' title='bbox 1123 3347 1278 3384; x_wconf 81' lang='lat' dir='ltr'><strong>edictum</strong></span> 
     </span>
     <span class='ocr_line' id='line_1_64' title="bbox 196 3389 1277 3437; baseline 0.002 -11"><span class='ocrx_word' id='word_1_437' title='bbox 196 3389 234 3426; x_wconf 91' lang='lat' dir='ltr'><strong>Si</strong></span> <span class='ocrx_word' id='word_1_438' title='bbox 264 3390 342 3427; x_wconf 86' lang='lat' dir='ltr'><strong>sine</strong></span> <span class='ocrx_word' id='word_1_439' title='bbox 371 3390 647 3435; x_wconf 86' lang='lat' dir='ltr'><strong>interrogatione</strong></span> <span class='ocrx_word' id='word_1_440' title='bbox 678 3392 756 3436; x_wconf 90' lang='lat' dir='ltr'><strong>quis</strong></span> <span class='ocrx_word' id='word_1_441' title='bbox 787 3392 1010 3437; x_wconf 89' lang='lat' dir='ltr'><strong>responderit</strong></span> <span class='ocrx_word' id='word_1_442' title='bbox 1040 3403 1079 3428; x_wconf 88' lang='lat' dir='ltr'><strong>se</strong></span> <span class='ocrx_word' id='word_1_443' title='bbox 1101 3393 1277 3435; x_wconf 88' lang='lat' dir='ltr'><strong>heredem,</strong></span> 
     </span>
     <span class='ocr_line' id='line_1_65' title="bbox 200 3435 1278 3488; baseline 0.004 -19"><span class='ocrx_word' id='word_1_444' title='bbox 200 3437 214 3469; x_wconf 87' lang='lat'>1</span> <span class='ocrx_word' id='word_1_445' title='bbox 264 3446 330 3482; x_wconf 90' lang='lat' dir='ltr'><strong>pro</strong></span> <span class='ocrx_word' id='word_1_446' title='bbox 353 3435 568 3488; x_wconf 81' lang='lat' dir='ltr'><strong>interrogato</strong></span> <span class='ocrx_word' id='word_1_447' title='bbox 592 3435 754 3471; x_wconf 88' lang='lat' dir='ltr'><strong>habetur.</strong></span> <span class='ocrx_word' id='word_1_448' title='bbox 803 3437 1060 3483; x_wconf 88' lang='lat' dir='ltr'><strong>Interrogatum</strong></span> <span class='ocrx_word' id='word_1_449' title='bbox 1080 3448 1151 3473; x_wconf 91' lang='lat' dir='ltr'><strong>non</strong></span> <span class='ocrx_word' id='word_1_450' title='bbox 1164 3438 1278 3473; x_wconf 87' lang='lat' dir='ltr'><strong>solum</strong></span> 
     </span>
     <span class='ocr_line' id='line_1_66' title="bbox 195 3480 1277 3527; baseline 0.001 -10"><span class='ocrx_word' id='word_1_451' title='bbox 195 3490 219 3517; x_wconf 84' lang='lat' dir='ltr'><strong>a</strong></span> <span class='ocrx_word' id='word_1_452' title='bbox 241 3484 406 3527; x_wconf 84' lang='lat' dir='ltr'><strong>praetore</strong></span> <span class='ocrx_word' id='word_1_453' title='bbox 428 3490 592 3526; x_wconf 82' lang='lat' dir='ltr'><strong>accipere</strong></span> <span class='ocrx_word' id='word_1_454' title='bbox 615 3480 801 3524; x_wconf 85' lang='lat' dir='ltr'><strong>debemus,</strong></span> <span class='ocrx_word' id='word_1_455' title='bbox 834 3482 895 3517; x_wconf 88' lang='lat' dir='ltr'><strong>sed</strong></span> <span class='ocrx_word' id='word_1_456' title='bbox 929 3487 964 3517; x_wconf 89' lang='lat' dir='ltr'><strong>et</strong></span> <span class='ocrx_word' id='word_1_457' title='bbox 995 3483 1040 3518; x_wconf 92' lang='lat' dir='ltr'><strong>ab</strong></span> <span class='ocrx_word' id='word_1_458' title='bbox 1065 3482 1277 3518; x_wconf 88' lang='lat' dir='ltr'><strong>adversario.</strong></span> 
     </span>
    </p>
   </div>
   <div class='ocr_carea' id='block_1_6' title="bbox 198 3593 1280 3775">
    <p class='ocr_par' dir='ltr' id='par_1_17' title="bbox 198 3593 1280 3775">
     <span class='ocr_line' id='line_1_67' title="bbox 242 3593 1279 3640; baseline -0.001 -12"><span class='ocrx_word' id='word_1_459' title='bbox 242 3594 283 3639; x_wconf 92' lang='grc' dir='ltr'><strong>(ι)</strong></span> <span class='ocrx_word' id='word_1_460' title='bbox 306 3594 374 3628; x_wconf 83' lang='lat' dir='ltr'><strong>Ed.</strong></span> <span class='ocrx_word' id='word_1_461' title='bbox 386 3601 465 3629; x_wconf 75' lang='grc' dir='ltr'>ι...ο.</span> <span class='ocrx_word' id='word_1_462' title='bbox 477 3601 586 3629; x_wconf 55' lang='lat' dir='ltr'><strong>rimu.</strong></span> <span class='ocrx_word' id='word_1_463' title='bbox 600 3600 632 3628; x_wconf 66' lang='grc' dir='ltr'><strong>ιι</strong></span> <span class='ocrx_word' id='word_1_464' title='bbox 642 3604 652 3634; x_wconf 82' lang='lat'>3</span> <span class='ocrx_word' id='word_1_465' title='bbox 664 3593 746 3627; x_wconf 81' lang='lat' dir='ltr'><strong>Sab.</strong></span> <span class='ocrx_word' id='word_1_466' title='bbox 762 3602 806 3628; x_wconf 89' lang='grc' dir='ltr'><strong>ιο.</strong></span> <span class='ocrx_word' id='word_1_467' title='bbox 820 3602 940 3634; x_wconf 77' lang='lat' dir='ltr'><strong>15...is;</strong></span> <span class='ocrx_word' id='word_1_468' title='bbox 963 3596 1047 3639; x_wconf 81' lang='lat' dir='ltr'><strong>Pap.</strong></span> <span class='ocrx_word' id='word_1_469' title='bbox 1063 3603 1106 3630; x_wconf 72' lang='grc' dir='ltr'>ιιι.</span> <span class='ocrx_word' id='word_1_470' title='bbox 1122 3603 1178 3636; x_wconf 81' lang='lat'><strong>2⁰3</strong></span> <span class='ocrx_word' id='word_1_471' title='bbox 1191 3597 1279 3640; x_wconf 76' lang='lat' dir='ltr'><strong>App.</strong></span> 
     </span>
     <span class='ocr_line' id='line_1_68' title="bbox 198 3638 922 3681; baseline -0.007 -5"><span class='ocrx_word' id='word_1_472' title='bbox 198 3646 244 3676; x_wconf 82' lang='lat'><strong>22.</strong></span> <span class='ocrx_word' id='word_1_473' title='bbox 254 3657 301 3664; x_wconf 92' lang='lat'><strong>——</strong></span> <span class='ocrx_word' id='word_1_474' title='bbox 310 3639 397 3674; x_wconf 69' lang='lat' dir='ltr'><strong>Bas.</strong></span> <span class='ocrx_word' id='word_1_475' title='bbox 410 3639 465 3679; x_wconf 75' lang='lat'><strong>42,</strong></span> <span class='ocrx_word' id='word_1_476' title='bbox 478 3646 495 3674; x_wconf 72' lang='lat'>4</span> <span class='ocrx_word' id='word_1_477' title='bbox 609 3640 653 3681; x_wconf 87' lang='lat'><strong>(2)</strong></span> <span class='ocrx_word' id='word_1_478' title='bbox 677 3638 717 3672; x_wconf 76' lang='lat' dir='ltr'><strong>de</strong></span> <span class='ocrx_word' id='word_1_479' title='bbox 731 3639 792 3672; x_wconf 73' lang='lat' dir='ltr'><strong>ins.</strong></span> <span class='ocrx_word' id='word_1_480' title='bbox 808 3640 874 3672; x_wconf 81' lang='lat' dir='ltr'><strong>ind.</strong></span> <span class='ocrx_word' id='word_1_481' title='bbox 887 3639 922 3671; x_wconf 86' lang='lat' dir='ltr'><em>F</em></span> 
     </span>
     <span class='ocr_line' id='line_1_69' title="bbox 198 3683 1278 3727; baseline -0.002 -9"><span class='ocrx_word' id='word_1_482' title='bbox 198 3685 241 3725; x_wconf 75' lang='grc'><strong>(4)</strong></span> <span class='ocrx_word' id='word_1_483' title='bbox 265 3683 414 3727; x_wconf 82' lang='lat' dir='ltr'><strong>adeoque</strong></span> <span class='ocrx_word' id='word_1_484' title='bbox 425 3683 461 3717; x_wconf 73' lang='lat' dir='ltr'><em>F</em></span> <span class='ocrx_word' id='word_1_485' title='bbox 567 3684 612 3722; x_wconf 65' lang='grc' dir='ltr'><strong>(ὅ)</strong></span> <span class='ocrx_word' id='word_1_486' title='bbox 635 3686 754 3717; x_wconf 80' lang='lat' dir='ltr'><strong>oneret</strong></span> <span class='ocrx_word' id='word_1_487' title='bbox 764 3684 800 3718; x_wconf 76' lang='lat' dir='ltr'><em>F</em></span> <span class='ocrx_word' id='word_1_488' title='bbox 918 3685 963 3725; x_wconf 74' lang='lat' dir='ltr'><strong>(e)</strong></span> <span class='ocrx_word' id='word_1_489' title='bbox 988 3685 1207 3719; x_wconf 80' lang='lat' dir='ltr'><strong>certioremur</strong></span> <span class='ocrx_word' id='word_1_490' title='bbox 1217 3698 1278 3719; x_wconf 71' lang='lat' dir='ltr'><strong>scr.</strong></span> 
     </span>
     <span class='ocr_line' id='line_1_70' title="bbox 198 3729 1280 3775; baseline 0.001 -11"><span class='ocrx_word' id='word_1_491' title='bbox 198 3731 242 3772; x_wconf 79' lang='grc'><strong>(7)</strong></span> <span class='ocrx_word' id='word_1_492' title='bbox 268 3740 360 3763; x_wconf 79' lang='lat' dir='ltr'><strong>suam</strong></span> <span class='ocrx_word' id='word_1_493' title='bbox 373 3740 444 3763; x_wconf 78' lang='lat' dir='ltr'><strong>esse</strong></span> <span class='ocrx_word' id='word_1_494' title='bbox 457 3730 516 3764; x_wconf 77' lang='lat' dir='ltr'><strong>im.</strong></span> <span class='ocrx_word' id='word_1_495' title='bbox 529 3730 701 3764; x_wconf 67' lang='lat' dir='ltr'><strong>secundum</strong></span> <span class='ocrx_word' id='word_1_496' title='bbox 712 3729 858 3764; x_wconf 63' lang='lat' dir='ltr'><strong>Graecos</strong></span> <span class='ocrx_word' id='word_1_497' title='bbox 915 3730 960 3772; x_wconf 76' lang='lat' dir='ltr'><strong>(s)</strong></span> <span class='ocrx_word' id='word_1_498' title='bbox 986 3730 1102 3772; x_wconf 86' lang='lat' dir='ltr'><strong>utique</strong></span> <span class='ocrx_word' id='word_1_499' title='bbox 1114 3731 1280 3775; x_wconf 71' lang='lat' dir='ltr'><strong>Bynkere-</strong></span> 
     </span>
    </p>
   </div>
   <div class='ocr_carea' id='block_1_7' title="bbox 1030 3641 1288 3683">
    <p class='ocr_par' dir='ltr' id='par_1_18' title="bbox 1030 3641 1288 3683">
     <span class='ocr_line' id='line_1_71' title="bbox 1030 3641 1288 3683; baseline -0.004 -9"><span class='ocrx_word' id='word_1_500' title='bbox 1030 3642 1073 3681; x_wconf 82' lang='grc'><strong>(3)</strong></span> <span class='ocrx_word' id='word_1_501' title='bbox 1099 3651 1240 3683; x_wconf 84' lang='lat' dir='ltr'><strong>persona</strong></span> <span class='ocrx_word' id='word_1_502' title='bbox 1252 3641 1288 3674; x_wconf 80' lang='lat' dir='ltr'><em>F</em></span> 
     </span>
    </p>
   </div>
   <div class='ocr_carea' id='block_1_8' title="bbox 1347 635 2439 3527">
    <p class='ocr_par' dir='ltr' id='par_1_19' title="bbox 1351 635 2439 2129">
     <span class='ocr_line' id='line_1_72' title="bbox 1354 635 2435 682; baseline 0.002 -12"><span class='ocrx_word' id='word_1_503' title='bbox 1354 639 1373 670; x_wconf 84' lang='lat'><strong>2</strong></span> <span class='ocrx_word' id='word_1_504' title='bbox 1421 635 1492 671; x_wconf 92' lang='lat' dir='ltr'><strong>Sed</strong></span> <span class='ocrx_word' id='word_1_505' title='bbox 1515 635 1545 670; x_wconf 90' lang='lat' dir='ltr'><strong>si</strong></span> <span class='ocrx_word' id='word_1_506' title='bbox 1570 646 1690 671; x_wconf 88' lang='lat' dir='ltr'><strong>servus</strong></span> <span class='ocrx_word' id='word_1_507' title='bbox 1714 636 1960 681; x_wconf 86' lang='lat' dir='ltr'><strong>interrogetur,</strong></span> <span class='ocrx_word' id='word_1_508' title='bbox 1986 636 2084 671; x_wconf 89' lang='lat' dir='ltr'><strong>nulla</strong></span> <span class='ocrx_word' id='word_1_509' title='bbox 2107 636 2174 672; x_wconf 77' lang='lat' dir='ltr'><strong>erit</strong></span> <span class='ocrx_word' id='word_1_510' title='bbox 2195 635 2435 682; x_wconf 84' lang='lat' dir='ltr'><strong>interrogatio,</strong></span> 
     </span>
     <span class='ocr_line' id='line_1_73' title="bbox 1353 681 2435 728; baseline 0.002 -13"><span class='ocrx_word' id='word_1_511' title='bbox 1353 684 1373 716; x_wconf 85' lang='lat'>3</span> <span class='ocrx_word' id='word_1_512' title='bbox 1421 692 1493 716; x_wconf 91' lang='lat' dir='ltr'><strong>non</strong></span> <span class='ocrx_word' id='word_1_513' title='bbox 1515 681 1626 726; x_wconf 87' lang='lat' dir='ltr'><strong>magis</strong></span> <span class='ocrx_word' id='word_1_514' title='bbox 1649 692 1757 727; x_wconf 88' lang='lat' dir='ltr'><strong>quam</strong></span> <span class='ocrx_word' id='word_1_515' title='bbox 1779 682 1810 718; x_wconf 89' lang='lat' dir='ltr'><strong>si</strong></span> <span class='ocrx_word' id='word_1_516' title='bbox 1833 692 1955 718; x_wconf 84' lang='lat' dir='ltr'><strong>servus</strong></span> <span class='ocrx_word' id='word_1_517' title='bbox 1986 681 2190 726; x_wconf 84' lang='lat' dir='ltr'><strong>interroget.</strong></span> <span class='ocrx_word' id='word_1_518' title='bbox 2236 681 2338 717; x_wconf 89' lang='lat' dir='ltr'><strong>Alius</strong></span> <span class='ocrx_word' id='word_1_519' title='bbox 2370 692 2435 728; x_wconf 90' lang='lat' dir='ltr'><strong>pro</strong></span> 
     </span>
     <span class='ocr_line' id='line_1_74' title="bbox 1353 725 2436 772; baseline 0.002 -12"><span class='ocrx_word' id='word_1_520' title='bbox 1353 725 1422 761; x_wconf 88' lang='lat' dir='ltr'><strong>alio</strong></span> <span class='ocrx_word' id='word_1_521' title='bbox 1447 736 1519 761; x_wconf 90' lang='lat' dir='ltr'><strong>non</strong></span> <span class='ocrx_word' id='word_1_522' title='bbox 1544 725 1649 762; x_wconf 90' lang='lat' dir='ltr'><strong>debet</strong></span> <span class='ocrx_word' id='word_1_523' title='bbox 1670 726 1885 772; x_wconf 88' lang='lat' dir='ltr'><strong>respondere</strong></span> <span class='ocrx_word' id='word_1_524' title='bbox 1908 726 2006 772; x_wconf 87' lang='lat' dir='ltr'><strong>cogi,</strong></span> <span class='ocrx_word' id='word_1_525' title='bbox 2038 736 2085 761; x_wconf 88' lang='lat' dir='ltr'><strong>an</strong></span> <span class='ocrx_word' id='word_1_526' title='bbox 2107 727 2210 762; x_wconf 88' lang='lat' dir='ltr'><strong>heres</strong></span> <span class='ocrx_word' id='word_1_527' title='bbox 2234 726 2296 762; x_wconf 91' lang='lat' dir='ltr'><strong>sit:</strong></span> <span class='ocrx_word' id='word_1_528' title='bbox 2330 726 2375 763; x_wconf 91' lang='lat' dir='ltr'><strong>de</strong></span> <span class='ocrx_word' id='word_1_529' title='bbox 2397 737 2436 762; x_wconf 88' lang='lat' dir='ltr'><strong>se</strong></span> 
     </span>
     <span class='ocr_line' id='line_1_75' title="bbox 1354 771 2436 817; baseline 0.001 -11"><span class='ocrx_word' id='word_1_530' title='bbox 1354 771 1446 806; x_wconf 82' lang='lat' dir='ltr'><strong>enim</strong></span> <span class='ocrx_word' id='word_1_531' title='bbox 1469 771 1574 806; x_wconf 90' lang='lat' dir='ltr'><strong>debet</strong></span> <span class='ocrx_word' id='word_1_532' title='bbox 1597 771 1675 816; x_wconf 91' lang='lat' dir='ltr'><strong>quis</strong></span> <span class='ocrx_word' id='word_1_533' title='bbox 1698 772 1734 807; x_wconf 91' lang='lat' dir='ltr'><strong>in</strong></span> <span class='ocrx_word' id='word_1_534' title='bbox 1756 772 1888 808; x_wconf 88' lang='lat' dir='ltr'><strong>iudicio</strong></span> <span class='ocrx_word' id='word_1_535' title='bbox 1913 771 2142 817; x_wconf 85' lang='lat' dir='ltr'><strong>interrogari,</strong></span> <span class='ocrx_word' id='word_1_536' title='bbox 2173 771 2242 808; x_wconf 90' lang='lat' dir='ltr'><strong>hoc</strong></span> <span class='ocrx_word' id='word_1_537' title='bbox 2278 776 2333 807; x_wconf 84' lang='lat' dir='ltr'><strong>est</strong></span> <span class='ocrx_word' id='word_1_538' title='bbox 2355 783 2436 808; x_wconf 90' lang='lat' dir='ltr'><strong>cum</strong></span> 
     </span>
     <span class='ocr_line' id='line_1_76' title="bbox 1353 816 2436 862; baseline 0.002 -12"><span class='ocrx_word' id='word_1_539' title='bbox 1353 820 1374 851; x_wconf 84' lang='lat'>4</span> <span class='ocrx_word' id='word_1_540' title='bbox 1420 816 1498 861; x_wconf 90' lang='lat' dir='ltr'><strong>ipse</strong></span> <span class='ocrx_word' id='word_1_541' title='bbox 1530 817 1747 852; x_wconf 88' lang='lat' dir='ltr'><strong>convenitur.</strong></span> <span class='ocrx_word' id='word_1_542' title='bbox 1796 816 1920 853; x_wconf 86' lang='lat' dir='ltr'><strong>Celsus</strong></span> <span class='ocrx_word' id='word_1_543' title='bbox 1951 817 2040 852; x_wconf 90' lang='lat' dir='ltr'><strong>libro</strong></span> <span class='ocrx_word' id='word_1_544' title='bbox 2074 816 2196 862; x_wconf 85' lang='lat' dir='ltr'><strong>quinto</strong></span> <span class='ocrx_word' id='word_1_545' title='bbox 2221 816 2436 862; x_wconf 83' lang='lat' dir='ltr'><strong>digestorum</strong></span> 
     </span>
     <span class='ocr_line' id='line_1_77' title="bbox 1353 861 2436 908; baseline 0 -11"><span class='ocrx_word' id='word_1_546' title='bbox 1353 861 1498 897; x_wconf 84' lang='lat' dir='ltr'><strong>scribit:</strong></span> <span class='ocrx_word' id='word_1_547' title='bbox 1534 863 1565 896; x_wconf 88' lang='lat' dir='ltr'><strong>si</strong></span> <span class='ocrx_word' id='word_1_548' title='bbox 1598 861 1761 898; x_wconf 82' lang='lat' dir='ltr'><strong>defensor</strong></span> <span class='ocrx_word' id='word_1_549' title='bbox 1793 862 1830 897; x_wconf 90' lang='lat' dir='ltr'><strong>in</strong></span> <span class='ocrx_word' id='word_1_550' title='bbox 1864 862 1995 898; x_wconf 84' lang='lat' dir='ltr'><strong>iudicio</strong></span> <span class='ocrx_word' id='word_1_551' title='bbox 2035 862 2293 908; x_wconf 86' lang='lat' dir='ltr'><strong>interrogatus,</strong></span> <span class='ocrx_word' id='word_1_552' title='bbox 2328 872 2374 897; x_wconf 92' lang='lat' dir='ltr'><strong>an</strong></span> <span class='ocrx_word' id='word_1_553' title='bbox 2406 862 2436 897; x_wconf 91' lang='lat' dir='ltr'><strong>is</strong></span> 
     </span>
     <span class='ocr_line' id='line_1_78' title="bbox 1353 906 2434 953; baseline 0 -11"><span class='ocrx_word' id='word_1_554' title='bbox 1353 917 1456 952; x_wconf 90' lang='lat' dir='ltr'><strong>quem</strong></span> <span class='ocrx_word' id='word_1_555' title='bbox 1480 906 1638 953; x_wconf 79' lang='lat' dir='ltr'><strong>defendit</strong></span> <span class='ocrx_word' id='word_1_556' title='bbox 1660 907 1762 943; x_wconf 89' lang='lat' dir='ltr'><strong>heres</strong></span> <span class='ocrx_word' id='word_1_557' title='bbox 1786 907 1840 943; x_wconf 90' lang='lat' dir='ltr'><strong>vel</strong></span> <span class='ocrx_word' id='word_1_558' title='bbox 1864 911 1974 952; x_wconf 90' lang='lat' dir='ltr'><strong>quota</strong></span> <span class='ocrx_word' id='word_1_559' title='bbox 1997 917 2041 943; x_wconf 79' lang='lat' dir='ltr'><strong>ex</strong></span> <span class='ocrx_word' id='word_1_560' title='bbox 2088 911 2165 942; x_wconf 91' lang='lat' dir='ltr'><strong>arte</strong></span> <span class='ocrx_word' id='word_1_561' title='bbox 2187 907 2243 950; x_wconf 89' lang='lat' dir='ltr'><strong>sit,</strong></span> <span class='ocrx_word' id='word_1_562' title='bbox 2268 907 2359 943; x_wconf 82' lang='lat' dir='ltr'><strong>falso</strong></span> <span class='ocrx_word' id='word_1_563' title='bbox 2379 917 2434 942; x_wconf 90' lang='lat' dir='ltr'><strong>re-</strong></span> 
     </span>
     <span class='ocr_line' id='line_1_79' title="bbox 1352 951 2434 998; baseline 0.001 -12"><span class='ocrx_word' id='word_1_564' title='bbox 1352 951 1546 997; x_wconf 91' lang='lat' dir='ltr'><strong>sponderit,</strong></span> <span class='ocrx_word' id='word_1_565' title='bbox 1570 952 1647 997; x_wconf 90' lang='lat' dir='ltr'><strong>ipse</strong></span> <span class='ocrx_word' id='word_1_566' title='bbox 1671 952 1812 998; x_wconf 89' lang='lat' dir='ltr'><strong>quidem</strong></span> <span class='ocrx_word' id='word_1_567' title='bbox 1835 952 2001 988; x_wconf 86' lang='lat' dir='ltr'><strong>defensor</strong></span> <span class='ocrx_word' id='word_1_568' title='bbox 2023 962 2045 987; x_wconf 92' lang='lat' dir='ltr'><strong>a</strong></span> <span class='ocrx_word' id='word_1_569' title='bbox 2071 952 2226 988; x_wconf 87' lang='lat' dir='ltr'><strong>versario</strong></span> <span class='ocrx_word' id='word_1_570' title='bbox 2246 953 2434 994; x_wconf 89' lang='lat' dir='ltr'><strong>tenebitur,</strong></span> 
     </span>
     <span class='ocr_line' id='line_1_80' title="bbox 1351 996 2434 1043; baseline 0 -11"><span class='ocrx_word' id='word_1_571' title='bbox 1351 997 1420 1042; x_wconf 89' lang='lat' dir='ltr'><strong>ipsi</strong></span> <span class='ocrx_word' id='word_1_572' title='bbox 1452 1001 1570 1032; x_wconf 89' lang='lat' dir='ltr'><strong>autem</strong></span> <span class='ocrx_word' id='word_1_573' title='bbox 1594 1007 1698 1042; x_wconf 91' lang='lat' dir='ltr'><strong>quem</strong></span> <span class='ocrx_word' id='word_1_574' title='bbox 1721 997 1879 1033; x_wconf 87' lang='lat' dir='ltr'><strong>defendit</strong></span> <span class='ocrx_word' id='word_1_575' title='bbox 1902 997 2036 1032; x_wconf 85' lang='lat' dir='ltr'><strong>nullum</strong></span> <span class='ocrx_word' id='word_1_576' title='bbox 2059 996 2148 1033; x_wconf 84' lang='lat' dir='ltr'><strong>facit</strong></span> <span class='ocrx_word' id='word_1_577' title='bbox 2169 997 2434 1043; x_wconf 89' lang='lat' dir='ltr'><strong>praeiudicium.</strong></span> 
     </span>
     <span class='ocr_line' id='line_1_81' title="bbox 1352 1042 2435 1088; baseline -0.001 -10"><span class='ocrx_word' id='word_1_578' title='bbox 1352 1052 1471 1078; x_wconf 88' lang='lat' dir='ltr'><strong>veram</strong></span> <span class='ocrx_word' id='word_1_579' title='bbox 1493 1042 1639 1088; x_wconf 84' lang='lat' dir='ltr'><strong>itaque⁸</strong></span> <span class='ocrx_word' id='word_1_580' title='bbox 1662 1053 1740 1078; x_wconf 86' lang='lat' dir='ltr'><strong>esse</strong></span> <span class='ocrx_word' id='word_1_581' title='bbox 1764 1042 1858 1078; x_wconf 85' lang='lat' dir='ltr'><strong>Celsi</strong></span> <span class='ocrx_word' id='word_1_582' title='bbox 1882 1042 2092 1078; x_wconf 88' lang='lat' dir='ltr'><strong>sententiam</strong></span> <span class='ocrx_word' id='word_1_583' title='bbox 2111 1042 2258 1078; x_wconf 88' lang='lat' dir='ltr'><strong>dubium</strong></span> <span class='ocrx_word' id='word_1_584' title='bbox 2277 1053 2349 1078; x_wconf 92' lang='lat' dir='ltr'><strong>non</strong></span> <span class='ocrx_word' id='word_1_585' title='bbox 2370 1045 2435 1078; x_wconf 88' lang='lat' dir='ltr'><strong>est.</strong></span> 
     </span>
     <span class='ocr_line' id='line_1_82' title="bbox 1352 1087 2434 1133; baseline 0.001 -11"><span class='ocrx_word' id='word_1_586' title='bbox 1352 1098 1399 1122; x_wconf 89' lang='lat' dir='ltr'><strong>an</strong></span> <span class='ocrx_word' id='word_1_587' title='bbox 1423 1098 1461 1123; x_wconf 91' lang='lat' dir='ltr'><strong>er</strong></span> <span class='ocrx_word' id='word_1_588' title='bbox 1485 1098 1505 1123; x_wconf 92' lang='lat' dir='ltr'><strong>o</strong></span> <span class='ocrx_word' id='word_1_589' title='bbox 1530 1098 1602 1123; x_wconf 93' lang='lat' dir='ltr'><strong>non</strong></span> <span class='ocrx_word' id='word_1_590' title='bbox 1624 1087 1787 1123; x_wconf 89' lang='lat' dir='ltr'><strong>videatur</strong></span> <span class='ocrx_word' id='word_1_591' title='bbox 1811 1087 2019 1130; x_wconf 88' lang='lat' dir='ltr'><strong>defendere,</strong></span> <span class='ocrx_word' id='word_1_592' title='bbox 2051 1088 2082 1123; x_wconf 90' lang='lat' dir='ltr'><strong>si</strong></span> <span class='ocrx_word' id='word_1_593' title='bbox 2104 1098 2177 1123; x_wconf 90' lang='lat' dir='ltr'><strong>non</strong></span> <span class='ocrx_word' id='word_1_594' title='bbox 2200 1087 2434 1133; x_wconf 89' lang='lat' dir='ltr'><strong>responderit,</strong></span> 
     </span>
     <span class='ocr_line' id='line_1_83' title="bbox 1351 1132 2438 1178; baseline 0 -10"><span class='ocrx_word' id='word_1_595' title='bbox 1351 1133 1454 1168; x_wconf 88' lang='lat' dir='ltr'><strong>viden</strong></span> <span class='ocrx_word' id='word_1_596' title='bbox 1481 1144 1557 1168; x_wconf 88' lang='lat' dir='ltr'><strong>um:</strong></span> <span class='ocrx_word' id='word_1_597' title='bbox 1583 1133 1679 1178; x_wconf 91' lang='lat' dir='ltr'><strong>quod</strong></span> <span class='ocrx_word' id='word_1_598' title='bbox 1703 1133 1755 1168; x_wconf 93' lang='lat' dir='ltr'><strong>uti</strong></span> <span class='ocrx_word' id='word_1_599' title='bbox 1781 1134 1849 1168; x_wconf 81' lang='lat' dir='ltr'><strong>ue⁹</strong></span> <span class='ocrx_word' id='word_1_600' title='bbox 1873 1143 2093 1178; x_wconf 91' lang='lat' dir='ltr'><strong>consequens</strong></span> <span class='ocrx_word' id='word_1_601' title='bbox 2117 1133 2185 1168; x_wconf 91' lang='lat' dir='ltr'><strong>erit</strong></span> <span class='ocrx_word' id='word_1_602' title='bbox 2203 1132 2331 1175; x_wconf 91' lang='lat' dir='ltr'><strong>dicere,</strong></span> <span class='ocrx_word' id='word_1_603' title='bbox 2356 1133 2438 1178; x_wconf 89' lang='lat' dir='ltr'><strong>quia</strong></span> 
     </span>
     <span class='ocr_line' id='line_1_84' title="bbox 1353 1144 2438 1223; baseline 0 -10"><span class='ocrx_word' id='word_1_604' title='bbox 1353 1181 1372 1213; x_wconf 88' lang='lat'>5</span> <span class='ocrx_word' id='word_1_605' title='bbox 1420 1189 1491 1214; x_wconf 91' lang='lat' dir='ltr'><strong>non</strong></span> <span class='ocrx_word' id='word_1_606' title='bbox 1515 1178 1619 1223; x_wconf 90' lang='lat' dir='ltr'><strong>plene</strong></span> <span class='ocrx_word' id='word_1_607' title='bbox 1643 1144 1809 1213; x_wconf 39' lang='lat' dir='ltr'><strong>defendit.</strong></span> <span class='ocrx_word' id='word_1_608' title='bbox 1859 1178 1927 1222; x_wconf 83' lang='lat' dir='ltr'><strong>Qui</strong></span> <span class='ocrx_word' id='word_1_609' title='bbox 1949 1178 2186 1223; x_wconf 88' lang='lat' dir='ltr'><strong>interrogatus</strong></span> <span class='ocrx_word' id='word_1_610' title='bbox 2209 1178 2376 1214; x_wconf 89' lang='lat' dir='ltr'><strong>heredem</strong></span> <span class='ocrx_word' id='word_1_611' title='bbox 2399 1188 2438 1213; x_wconf 89' lang='lat' dir='ltr'><strong>se</strong></span> 
     </span>
     <span class='ocr_line' id='line_1_85' title="bbox 1351 1223 2435 1276; baseline 0.001 -18"><span class='ocrx_word' id='word_1_612' title='bbox 1351 1223 1575 1269; x_wconf 90' lang='lat' dir='ltr'><strong>responderit</strong></span> <span class='ocrx_word' id='word_1_613' title='bbox 1597 1233 1663 1259; x_wconf 92' lang='lat' dir='ltr'><strong>nec</strong></span> <span class='ocrx_word' id='word_1_614' title='bbox 1687 1223 1855 1259; x_wconf 89' lang='lat' dir='ltr'><strong>adiecerit</strong></span> <span class='ocrx_word' id='word_1_615' title='bbox 1878 1233 1922 1259; x_wconf 88' lang='lat' dir='ltr'><strong>ex</strong></span> <span class='ocrx_word' id='word_1_616' title='bbox 1945 1234 2017 1276; x_wconf 84' lang='lat' dir='ltr'><strong>qua</strong></span> <span class='ocrx_word' id='word_1_617' title='bbox 2038 1227 2160 1268; x_wconf 90' lang='lat' dir='ltr'><strong>parte,</strong></span> <span class='ocrx_word' id='word_1_618' title='bbox 2194 1233 2238 1259; x_wconf 85' lang='lat' dir='ltr'><strong>ex</strong></span> <span class='ocrx_word' id='word_1_619' title='bbox 2269 1233 2350 1259; x_wconf 89' lang='lat' dir='ltr'><strong>asse</strong></span> <span class='ocrx_word' id='word_1_620' title='bbox 2379 1233 2435 1259; x_wconf 90' lang='lat' dir='ltr'><strong>re-</strong></span> 
     </span>
     <span class='ocr_line' id='line_1_86' title="bbox 1352 1268 2436 1314; baseline 0 -10"><span class='ocrx_word' id='word_1_621' title='bbox 1352 1268 1540 1314; x_wconf 89' lang='lat' dir='ltr'><strong>spondisse</strong></span> <span class='ocrx_word' id='word_1_622' title='bbox 1553 1270 1580 1290; x_wconf 92' lang='lat'><strong>¹⁰</strong></span> <span class='ocrx_word' id='word_1_623' title='bbox 1601 1268 1789 1304; x_wconf 89' lang='lat' dir='ltr'><strong>dicendum</strong></span> <span class='ocrx_word' id='word_1_624' title='bbox 1809 1272 1875 1311; x_wconf 85' lang='lat' dir='ltr'><strong>est,</strong></span> <span class='ocrx_word' id='word_1_625' title='bbox 1895 1269 1964 1304; x_wconf 90' lang='lat' dir='ltr'><strong>nisi</strong></span> <span class='ocrx_word' id='word_1_626' title='bbox 1983 1268 2076 1304; x_wconf 82' lang='lat' dir='ltr'><strong>forte</strong></span> <span class='ocrx_word' id='word_1_627' title='bbox 2088 1269 2138 1304; x_wconf 87' lang='lat' dir='ltr'><strong>ita</strong></span> <span class='ocrx_word' id='word_1_628' title='bbox 2149 1268 2386 1314; x_wconf 86' lang='lat' dir='ltr'><strong>interrogetur</strong></span> <span class='ocrx_word' id='word_1_629' title='bbox 2398 1269 2436 1310; x_wconf 89' lang='lat'><strong>¹¹,</strong></span> 
     </span>
     <span class='ocr_line' id='line_1_87' title="bbox 1352 1313 2437 1359; baseline 0 -10"><span class='ocrx_word' id='word_1_630' title='bbox 1352 1324 1399 1349; x_wconf 93' lang='lat' dir='ltr'><strong>an</strong></span> <span class='ocrx_word' id='word_1_631' title='bbox 1423 1325 1467 1349; x_wconf 81' lang='lat' dir='ltr'><strong>ex</strong></span> <span class='ocrx_word' id='word_1_632' title='bbox 1490 1313 1634 1349; x_wconf 89' lang='lat' dir='ltr'><strong>dimidia</strong></span> <span class='ocrx_word' id='word_1_633' title='bbox 1657 1318 1759 1359; x_wconf 88' lang='lat' dir='ltr'><strong>parte</strong></span> <span class='ocrx_word' id='word_1_634' title='bbox 1781 1313 1885 1350; x_wconf 89' lang='lat' dir='ltr'><strong>heres</strong></span> <span class='ocrx_word' id='word_1_635' title='bbox 1909 1314 1973 1356; x_wconf 91' lang='lat' dir='ltr'><strong>sit,</strong></span> <span class='ocrx_word' id='word_1_636' title='bbox 2008 1318 2044 1349; x_wconf 89' lang='lat' dir='ltr'><strong>et</strong></span> <span class='ocrx_word' id='word_1_637' title='bbox 2074 1314 2298 1359; x_wconf 88' lang='lat' dir='ltr'><strong>responderit</strong></span> <span class='ocrx_word' id='word_1_638' title='bbox 2323 1314 2437 1349; x_wconf 85' lang='lat' dir='ltr'><strong>‘heres</strong></span> 
     </span>
     <span class='ocr_line' id='line_1_88' title="bbox 1353 1359 2436 1404; baseline 0 -10"><span class='ocrx_word' id='word_1_639' title='bbox 1353 1360 1461 1395; x_wconf 86' lang='lat' dir='ltr'><strong>sum&#39;:</strong></span> <span class='ocrx_word' id='word_1_640' title='bbox 1486 1359 1544 1394; x_wconf 90' lang='lat' dir='ltr'><strong>hic</strong></span> <span class='ocrx_word' id='word_1_641' title='bbox 1568 1359 1661 1395; x_wconf 89' lang='lat' dir='ltr'><strong>enim</strong></span> <span class='ocrx_word' id='word_1_642' title='bbox 1685 1370 1719 1394; x_wconf 95' lang='lat' dir='ltr'><strong>m</strong></span> <span class='ocrx_word' id='word_1_643' title='bbox 1767 1359 1774 1366; x_wconf 90' lang='lat'>&#39;</span> <span class='ocrx_word' id='word_1_644' title='bbox 1819 1369 1899 1395; x_wconf 93' lang='lat' dir='ltr'><strong>eum</strong></span> <span class='ocrx_word' id='word_1_645' title='bbox 1922 1364 2009 1404; x_wconf 88' lang='lat' dir='ltr'><strong>puto</strong></span> <span class='ocrx_word' id='word_1_646' title='bbox 2034 1359 2080 1395; x_wconf 90' lang='lat' dir='ltr'><strong>ad</strong></span> <span class='ocrx_word' id='word_1_647' title='bbox 2103 1359 2357 1404; x_wconf 86' lang='lat' dir='ltr'><strong>interrogatum</strong></span> <span class='ocrx_word' id='word_1_648' title='bbox 2381 1369 2436 1394; x_wconf 91' lang='lat' dir='ltr'><strong>re-</strong></span> 
     </span>
     <span class='ocr_line' id='line_1_89' title="bbox 1354 1404 2436 1450; baseline 0.001 -11"><span class='ocrx_word' id='word_1_649' title='bbox 1354 1407 1374 1439; x_wconf 89' lang='grc'><strong>6</strong></span> <span class='ocrx_word' id='word_1_650' title='bbox 1421 1404 1617 1450; x_wconf 89' lang='lat' dir='ltr'><strong>spondisse.</strong></span> <span class='ocrx_word' id='word_1_651' title='bbox 1665 1404 1732 1439; x_wconf 93' lang='lat' dir='ltr'><strong>Illu</strong></span> <span class='ocrx_word' id='word_1_652' title='bbox 1790 1405 1990 1450; x_wconf 89' lang='lat' dir='ltr'><strong>quaeritur,</strong></span> <span class='ocrx_word' id='word_1_653' title='bbox 2022 1415 2068 1439; x_wconf 91' lang='lat' dir='ltr'><strong>an</strong></span> <span class='ocrx_word' id='word_1_654' title='bbox 2101 1404 2179 1450; x_wconf 89' lang='lat' dir='ltr'><strong>quis</strong></span> <span class='ocrx_word' id='word_1_655' title='bbox 2211 1408 2359 1450; x_wconf 87' lang='lat' dir='ltr'><strong>cogatur</strong></span> <span class='ocrx_word' id='word_1_656' title='bbox 2381 1414 2436 1440; x_wconf 87' lang='lat' dir='ltr'><strong>re—</strong></span> 
     </span>
     <span class='ocr_line' id='line_1_90' title="bbox 1353 1449 2436 1495; baseline -0.001 -10"><span class='ocrx_word' id='word_1_657' title='bbox 1353 1449 1539 1495; x_wconf 89' lang='lat' dir='ltr'><strong>spondere,</strong></span> <span class='ocrx_word' id='word_1_658' title='bbox 1565 1454 1685 1485; x_wconf 89' lang='lat' dir='ltr'><strong>utrum</strong></span> <span class='ocrx_word' id='word_1_659' title='bbox 1709 1460 1754 1485; x_wconf 81' lang='lat' dir='ltr'><strong>ex</strong></span> <span class='ocrx_word' id='word_1_660' title='bbox 1776 1454 1987 1486; x_wconf 85' lang='lat' dir='ltr'><strong>testamento</strong></span> <span class='ocrx_word' id='word_1_661' title='bbox 2001 1449 2029 1471; x_wconf 81' lang='lat'><strong>¹²</strong></span> <span class='ocrx_word' id='word_1_662' title='bbox 2050 1450 2154 1485; x_wconf 89' lang='lat' dir='ltr'><strong>heres</strong></span> <span class='ocrx_word' id='word_1_663' title='bbox 2177 1449 2235 1492; x_wconf 85' lang='lat' dir='ltr'><strong>sit,</strong></span> <span class='ocrx_word' id='word_1_664' title='bbox 2260 1454 2296 1485; x_wconf 89' lang='lat' dir='ltr'><strong>et</strong></span> <span class='ocrx_word' id='word_1_665' title='bbox 2318 1454 2436 1484; x_wconf 91' lang='lat' dir='ltr'><strong>utrum</strong></span> 
     </span>
     <span class='ocr_line' id='line_1_91' title="bbox 1353 1494 2437 1540; baseline 0 -10"><span class='ocrx_word' id='word_1_666' title='bbox 1353 1505 1417 1531; x_wconf 90' lang='lat' dir='ltr'><strong>suo</strong></span> <span class='ocrx_word' id='word_1_667' title='bbox 1442 1495 1583 1530; x_wconf 87' lang='lat' dir='ltr'><strong>nomine</strong></span> <span class='ocrx_word' id='word_1_668' title='bbox 1607 1495 1639 1530; x_wconf 88' lang='lat' dir='ltr'><strong>ei</strong></span> <span class='ocrx_word' id='word_1_669' title='bbox 1662 1495 1825 1540; x_wconf 88' lang='lat' dir='ltr'><strong>quaesita</strong></span> <span class='ocrx_word' id='word_1_670' title='bbox 1848 1495 1895 1530; x_wconf 92' lang='lat' dir='ltr'><strong>sit</strong></span> <span class='ocrx_word' id='word_1_671' title='bbox 1916 1494 2095 1531; x_wconf 88' lang='lat' dir='ltr'><strong>hereditas</strong></span> <span class='ocrx_word' id='word_1_672' title='bbox 2118 1505 2165 1530; x_wconf 86' lang='lat' dir='ltr'><strong>an</strong></span> <span class='ocrx_word' id='word_1_673' title='bbox 2183 1505 2247 1540; x_wconf 89' lang='lat' dir='ltr'><strong>per</strong></span> <span class='ocrx_word' id='word_1_674' title='bbox 2267 1505 2327 1530; x_wconf 88' lang='lat' dir='ltr'><strong>eos</strong></span> <span class='ocrx_word' id='word_1_675' title='bbox 2349 1505 2437 1540; x_wconf 86' lang='lat' dir='ltr'><strong>quos</strong></span> 
     </span>
     <span class='ocr_line' id='line_1_92' title="bbox 1352 1540 2435 1586; baseline 0 -10"><span class='ocrx_word' id='word_1_676' title='bbox 1352 1551 1417 1576; x_wconf 90' lang='lat' dir='ltr'><strong>suo</strong></span> <span class='ocrx_word' id='word_1_677' title='bbox 1447 1540 1516 1576; x_wconf 89' lang='lat' dir='ltr'><strong>iuri</strong></span> <span class='ocrx_word' id='word_1_678' title='bbox 1548 1540 1729 1582; x_wconf 72' lang='lat' dir='ltr'><strong>subiectos</strong></span> <span class='ocrx_word' id='word_1_679' title='bbox 1759 1540 1870 1576; x_wconf 89' lang='lat' dir='ltr'><strong>habet</strong></span> <span class='ocrx_word' id='word_1_680' title='bbox 1898 1540 1954 1575; x_wconf 93' lang='lat' dir='ltr'><strong>vel</strong></span> <span class='ocrx_word' id='word_1_681' title='bbox 1977 1550 2041 1586; x_wconf 88' lang='lat' dir='ltr'><strong>per</strong></span> <span class='ocrx_word' id='word_1_682' title='bbox 2064 1550 2144 1575; x_wconf 92' lang='lat' dir='ltr'><strong>eum</strong></span> <span class='ocrx_word' id='word_1_683' title='bbox 2169 1540 2227 1576; x_wconf 92' lang='lat' dir='ltr'><strong>cui</strong></span> <span class='ocrx_word' id='word_1_684' title='bbox 2249 1540 2352 1575; x_wconf 92' lang='lat' dir='ltr'><strong>heres</strong></span> <span class='ocrx_word' id='word_1_685' title='bbox 2376 1551 2435 1576; x_wconf 85' lang='lat' dir='ltr'><strong>ex-</strong></span> 
     </span>
     <span class='ocr_line' id='line_1_93' title="bbox 1351 1584 2437 1631; baseline 0 -11"><span class='ocrx_word' id='word_1_686' title='bbox 1351 1586 1433 1621; x_wconf 89' lang='lat' dir='ltr'><strong>titit.</strong></span> <span class='ocrx_word' id='word_1_687' title='bbox 1478 1586 1678 1621; x_wconf 89' lang='lat' dir='ltr'><strong>summatim</strong></span> <span class='ocrx_word' id='word_1_688' title='bbox 1716 1585 1823 1630; x_wconf 87' lang='lat' dir='ltr'><strong>igitur</strong></span> <span class='ocrx_word' id='word_1_689' title='bbox 1853 1590 2000 1631; x_wconf 88' lang='lat' dir='ltr'><strong>praetor</strong></span> <span class='ocrx_word' id='word_1_690' title='bbox 2034 1595 2249 1631; x_wconf 86' lang='lat' dir='ltr'><strong>cognoscere</strong></span> <span class='ocrx_word' id='word_1_691' title='bbox 2284 1584 2437 1627; x_wconf 89' lang='lat' dir='ltr'><strong>debebit,</strong></span> 
     </span>
     <span class='ocr_line' id='line_1_94' title="bbox 1353 1630 2439 1676; baseline 0 -10"><span class='ocrx_word' id='word_1_692' title='bbox 1353 1642 1434 1666; x_wconf 89' lang='lat' dir='ltr'><strong>cuin</strong></span> <span class='ocrx_word' id='word_1_693' title='bbox 1458 1635 1669 1676; x_wconf 88' lang='lat' dir='ltr'><strong>quaeratur,</strong></span> <span class='ocrx_word' id='word_1_694' title='bbox 1702 1641 1750 1665; x_wconf 91' lang='lat' dir='ltr'><strong>an</strong></span> <span class='ocrx_word' id='word_1_695' title='bbox 1797 1631 1851 1666; x_wconf 89' lang='lat' dir='ltr'><strong>uis</strong></span> <span class='ocrx_word' id='word_1_696' title='bbox 1875 1630 2091 1676; x_wconf 88' lang='lat' dir='ltr'><strong>respondere</strong></span> <span class='ocrx_word' id='word_1_697' title='bbox 2115 1630 2244 1673; x_wconf 87' lang='lat' dir='ltr'><strong>debeat</strong></span> <span class='ocrx_word' id='word_1_698' title='bbox 2268 1641 2337 1675; x_wconf 93' lang='lat' dir='ltr'><strong>quo</strong></span> <span class='ocrx_word' id='word_1_699' title='bbox 2360 1630 2439 1666; x_wconf 85' lang='lat' dir='ltr'><strong>iure</strong></span> 
     </span>
     <span class='ocr_line' id='line_1_95' title="bbox 1352 1642 2437 1721; baseline 0 -11"><span class='ocrx_word' id='word_1_700' title='bbox 1352 1676 1456 1712; x_wconf 86' lang='lat' dir='ltr'><strong>heres</strong></span> <span class='ocrx_word' id='word_1_701' title='bbox 1481 1676 1544 1719; x_wconf 91' lang='lat' dir='ltr'><strong>sit,</strong></span> <span class='ocrx_word' id='word_1_702' title='bbox 1569 1680 1629 1718; x_wconf 90' lang='lat' dir='ltr'><strong>ut,</strong></span> <span class='ocrx_word' id='word_1_703' title='bbox 1663 1676 1694 1711; x_wconf 89' lang='lat' dir='ltr'><strong>si</strong></span> <span class='ocrx_word' id='word_1_704' title='bbox 1716 1642 1818 1711; x_wconf 61' lang='lat' dir='ltr'><strong>valde</strong></span> <span class='ocrx_word' id='word_1_705' title='bbox 1840 1676 2011 1712; x_wconf 86' lang='lat' dir='ltr'><strong>interesse</strong></span> <span class='ocrx_word' id='word_1_706' title='bbox 2035 1686 2115 1711; x_wconf 91' lang='lat' dir='ltr'><strong>com</strong></span> <span class='ocrx_word' id='word_1_707' title='bbox 2142 1676 2266 1718; x_wconf 88' lang='lat' dir='ltr'><strong>ererit,</strong></span> <span class='ocrx_word' id='word_1_708' title='bbox 2297 1675 2437 1721; x_wconf 89' lang='lat' dir='ltr'><strong>plenius</strong></span> 
     </span>
     <span class='ocr_line' id='line_1_96' title="bbox 1352 1720 2437 1766; baseline 0 -10"><span class='ocrx_word' id='word_1_709' title='bbox 1352 1732 1408 1757; x_wconf 92' lang='lat' dir='ltr'><strong>res</strong></span> <span class='ocrx_word' id='word_1_710' title='bbox 1435 1721 1558 1757; x_wconf 89' lang='lat' dir='ltr'><strong>onderi</strong></span> <span class='ocrx_word' id='word_1_711' title='bbox 1580 1721 1712 1756; x_wconf 89' lang='lat' dir='ltr'><strong>iubeat.</strong></span> <span class='ocrx_word' id='word_1_712' title='bbox 1750 1731 1842 1766; x_wconf 90' lang='lat' dir='ltr'><strong>quae</strong></span> <span class='ocrx_word' id='word_1_713' title='bbox 1873 1721 2035 1766; x_wconf 90' lang='lat' dir='ltr'><strong>optinere</strong></span> <span class='ocrx_word' id='word_1_714' title='bbox 2066 1721 2111 1756; x_wconf 90' lang='lat' dir='ltr'><strong>de</strong></span> <span class='ocrx_word' id='word_1_715' title='bbox 2137 1725 2198 1756; x_wconf 91' lang='lat' dir='ltr'><strong>ent</strong></span> <span class='ocrx_word' id='word_1_716' title='bbox 2227 1731 2299 1756; x_wconf 91' lang='lat' dir='ltr'><strong>non</strong></span> <span class='ocrx_word' id='word_1_717' title='bbox 2324 1720 2437 1756; x_wconf 89' lang='lat' dir='ltr'><strong>solum</strong></span> 
     </span>
     <span class='ocr_line' id='line_1_97' title="bbox 1352 1765 2435 1808; baseline -0.002 -6"><span class='ocrx_word' id='word_1_718' title='bbox 1352 1767 1390 1801; x_wconf 90' lang='grc' dir='ltr'><strong>ιιι</strong></span> <span class='ocrx_word' id='word_1_719' title='bbox 1439 1766 1623 1808; x_wconf 88' lang='lat' dir='ltr'><strong>eredibus,</strong></span> <span class='ocrx_word' id='word_1_720' title='bbox 1656 1765 1718 1802; x_wconf 90' lang='lat' dir='ltr'><strong>sed</strong></span> <span class='ocrx_word' id='word_1_721' title='bbox 1742 1766 1848 1802; x_wconf 88' lang='lat' dir='ltr'><strong>etiam</strong></span> <span class='ocrx_word' id='word_1_722' title='bbox 1872 1767 1910 1801; x_wconf 92' lang='lat' dir='ltr'><strong>in</strong></span> <span class='ocrx_word' id='word_1_723' title='bbox 1932 1766 2131 1802; x_wconf 90' lang='lat' dir='ltr'><strong>honorariis</strong></span> <span class='ocrx_word' id='word_1_724' title='bbox 2156 1766 2435 1802; x_wconf 89' lang='lat' dir='ltr'><strong>successoribus.</strong></span> 
     </span>
     <span class='ocr_line' id='line_1_98' title="bbox 1354 1811 2435 1857; baseline 0 -11"><span class='ocrx_word' id='word_1_725' title='bbox 1354 1815 1370 1846; x_wconf 83' lang='lat'><strong>7</strong></span> <span class='ocrx_word' id='word_1_726' title='bbox 1420 1811 1581 1857; x_wconf 91' lang='lat' dir='ltr'><strong>Denique</strong></span> <span class='ocrx_word' id='word_1_727' title='bbox 1604 1811 1764 1847; x_wconf 90' lang='lat' dir='ltr'><strong>Iulianus</strong></span> <span class='ocrx_word' id='word_1_728' title='bbox 1786 1812 1909 1848; x_wconf 87' lang='lat' dir='ltr'><strong>scribit</strong></span> <span class='ocrx_word' id='word_1_729' title='bbox 1932 1822 2012 1847; x_wconf 88' lang='lat' dir='ltr'><strong>eum</strong></span> <span class='ocrx_word' id='word_1_730' title='bbox 2036 1822 2188 1856; x_wconf 89' lang='lat' dir='ltr'><strong>quoque,</strong></span> <span class='ocrx_word' id='word_1_731' title='bbox 2214 1811 2272 1846; x_wconf 91' lang='lat' dir='ltr'><strong>cui</strong></span> <span class='ocrx_word' id='word_1_732' title='bbox 2296 1814 2351 1846; x_wconf 91' lang='lat' dir='ltr'><strong>est</strong></span> <span class='ocrx_word' id='word_1_733' title='bbox 2372 1811 2435 1846; x_wconf 88' lang='lat' dir='ltr'><strong>he-</strong></span> 
     </span>
     <span class='ocr_line' id='line_1_99' title="bbox 1352 1856 2436 1902; baseline -0.001 -10"><span class='ocrx_word' id='word_1_734' title='bbox 1352 1856 1485 1893; x_wconf 89' lang='lat' dir='ltr'><strong>reditas</strong></span> <span class='ocrx_word' id='word_1_735' title='bbox 1509 1857 1686 1899; x_wconf 88' lang='lat' dir='ltr'><strong>restituta‚</strong></span> <span class='ocrx_word' id='word_1_736' title='bbox 1712 1857 1841 1892; x_wconf 88' lang='lat' dir='ltr'><strong>debere</strong></span> <span class='ocrx_word' id='word_1_737' title='bbox 1863 1857 1901 1892; x_wconf 92' lang='lat' dir='ltr'><strong>in</strong></span> <span class='ocrx_word' id='word_1_738' title='bbox 1919 1857 1996 1892; x_wconf 90' lang='lat' dir='ltr'><strong>iure</strong></span> <span class='ocrx_word' id='word_1_739' title='bbox 2014 1857 2269 1902; x_wconf 90' lang='lat' dir='ltr'><strong>interrogatum</strong></span> <span class='ocrx_word' id='word_1_740' title='bbox 2290 1866 2436 1902; x_wconf 88' lang='lat' dir='ltr'><strong>respon-</strong></span> 
     </span>
     <span class='ocr_line' id='line_1_100' title="bbox 1354 1901 2436 1945; baseline -0.002 -7"><span class='ocrx_word' id='word_1_741' title='bbox 1354 1905 1373 1938; x_wconf 88' lang='grc'>8</span> <span class='ocrx_word' id='word_1_742' title='bbox 1421 1902 1520 1945; x_wconf 90' lang='lat' dir='ltr'><strong>dere,</strong></span> <span class='ocrx_word' id='word_1_743' title='bbox 1547 1912 1593 1937; x_wconf 86' lang='lat' dir='ltr'><strong>an</strong></span> <span class='ocrx_word' id='word_1_744' title='bbox 1618 1903 1649 1938; x_wconf 91' lang='lat' dir='ltr'><strong>ei</strong></span> <span class='ocrx_word' id='word_1_745' title='bbox 1672 1901 1851 1938; x_wconf 87' lang='lat' dir='ltr'><strong>hereditas</strong></span> <span class='ocrx_word' id='word_1_746' title='bbox 1875 1902 1922 1938; x_wconf 89' lang='lat' dir='ltr'><strong>sit</strong></span> <span class='ocrx_word' id='word_1_747' title='bbox 1943 1901 2119 1938; x_wconf 86' lang='lat' dir='ltr'><strong>restituta.</strong></span> <span class='ocrx_word' id='word_1_748' title='bbox 2168 1901 2206 1937; x_wconf 87' lang='lat' dir='ltr'><strong>Si</strong></span> <span class='ocrx_word' id='word_1_749' title='bbox 2230 1901 2274 1937; x_wconf 92' lang='lat' dir='ltr'><strong>de</strong></span> <span class='ocrx_word' id='word_1_750' title='bbox 2323 1901 2436 1937; x_wconf 91' lang='lat' dir='ltr'><strong>eculio</strong></span> 
     </span>
     <span class='ocr_line' id='line_1_101' title="bbox 1353 1947 2435 1993; baseline -0.001 -10"><span class='ocrx_word' id='word_1_751' title='bbox 1353 1952 1490 1993; x_wconf 88' lang='lat' dir='ltr'><strong>agatur,</strong></span> <span class='ocrx_word' id='word_1_752' title='bbox 1515 1958 1587 1983; x_wconf 93' lang='lat' dir='ltr'><strong>non</strong></span> <span class='ocrx_word' id='word_1_753' title='bbox 1611 1952 1776 1992; x_wconf 89' lang='lat' dir='ltr'><strong>oportere</strong></span> <span class='ocrx_word' id='word_1_754' title='bbox 1799 1958 1857 1983; x_wconf 92' lang='lat' dir='ltr'><strong>res</strong></span> <span class='ocrx_word' id='word_1_755' title='bbox 1884 1947 2006 1983; x_wconf 90' lang='lat' dir='ltr'><strong>onderi</strong></span> <span class='ocrx_word' id='word_1_756' title='bbox 2030 1957 2053 1982; x_wconf 93' lang='lat' dir='ltr'><strong>a</strong></span> <span class='ocrx_word' id='word_1_757' title='bbox 2075 1950 2178 1992; x_wconf 89' lang='lat' dir='ltr'><strong>patre</strong></span> <span class='ocrx_word' id='word_1_758' title='bbox 2200 1947 2254 1982; x_wconf 88' lang='lat' dir='ltr'><strong>vel</strong></span> <span class='ocrx_word' id='word_1_759' title='bbox 2305 1947 2435 1989; x_wconf 87' lang='lat' dir='ltr'><strong>omino,</strong></span> 
     </span>
     <span class='ocr_line' id='line_1_102' title="bbox 1353 1992 2437 2038; baseline -0.002 -10"><span class='ocrx_word' id='word_1_760' title='bbox 1353 2004 1398 2028; x_wconf 90' lang='lat' dir='ltr'><strong>an</strong></span> <span class='ocrx_word' id='word_1_761' title='bbox 1422 1993 1459 2028; x_wconf 91' lang='lat' dir='ltr'><strong>in</strong></span> <span class='ocrx_word' id='word_1_762' title='bbox 1482 1996 1660 2038; x_wconf 88' lang='lat' dir='ltr'><strong>potestate</strong></span> <span class='ocrx_word' id='word_1_763' title='bbox 1683 1993 1816 2028; x_wconf 89' lang='lat' dir='ltr'><strong>habeat</strong></span> <span class='ocrx_word' id='word_1_764' title='bbox 1876 1993 1949 2028; x_wconf 91' lang='lat' dir='ltr'><strong>ium</strong></span> <span class='ocrx_word' id='word_1_765' title='bbox 1980 1992 2034 2027; x_wconf 89' lang='lat' dir='ltr'><strong>vel</strong></span> <span class='ocrx_word' id='word_1_766' title='bbox 2065 2002 2222 2035; x_wconf 89' lang='lat' dir='ltr'><strong>servum,</strong></span> <span class='ocrx_word' id='word_1_767' title='bbox 2257 1992 2340 2037; x_wconf 81' lang='lat' dir='ltr'><strong>quia</strong></span> <span class='ocrx_word' id='word_1_768' title='bbox 2368 1992 2437 2027; x_wconf 91' lang='lat' dir='ltr'><strong>hoc</strong></span> 
     </span>
     <span class='ocr_line' id='line_1_103' title="bbox 1353 2037 2436 2084; baseline -0.002 -10"><span class='ocrx_word' id='word_1_769' title='bbox 1353 2038 1465 2074; x_wconf 89' lang='lat' dir='ltr'><strong>solum</strong></span> <span class='ocrx_word' id='word_1_770' title='bbox 1489 2038 1689 2083; x_wconf 88' lang='lat' dir='ltr'><strong>quaeritur,</strong></span> <span class='ocrx_word' id='word_1_771' title='bbox 1726 2048 1774 2073; x_wconf 91' lang='lat' dir='ltr'><strong>an</strong></span> <span class='ocrx_word' id='word_1_772' title='bbox 1806 2038 1984 2084; x_wconf 91' lang='lat' dir='ltr'><strong>peculium</strong></span> <span class='ocrx_word' id='word_1_773' title='bbox 2017 2037 2113 2082; x_wconf 90' lang='lat' dir='ltr'><strong>apud</strong></span> <span class='ocrx_word' id='word_1_774' title='bbox 2145 2047 2225 2072; x_wconf 92' lang='lat' dir='ltr'><strong>eum</strong></span> <span class='ocrx_word' id='word_1_775' title='bbox 2262 2048 2342 2072; x_wconf 90' lang='lat' dir='ltr'><strong>cum</strong></span> <span class='ocrx_word' id='word_1_776' title='bbox 2367 2047 2436 2082; x_wconf 91' lang='lat' dir='ltr'><strong>quo</strong></span> 
     </span>
     <span class='ocr_line' id='line_1_104' title="bbox 1353 2083 1556 2129; baseline -0.005 -10"><span class='ocrx_word' id='word_1_777' title='bbox 1353 2083 1469 2129; x_wconf 86' lang='lat' dir='ltr'><strong>agitur</strong></span> <span class='ocrx_word' id='word_1_778' title='bbox 1492 2087 1556 2119; x_wconf 89' lang='lat' dir='ltr'><strong>est.</strong></span> 
     </span>
    </p>

    <p class='ocr_par' dir='ltr' id='par_1_20' title="bbox 1353 2126 2436 2218">
     <span class='ocr_line' id='line_1_105' title="bbox 1402 2126 2436 2174; baseline -0.003 -9"><span class='ocrx_word' id='word_1_779' title='bbox 1402 2127 1450 2167; x_wconf 90' lang='lat'><strong>10</strong></span> <span class='ocrx_word' id='word_1_780' title='bbox 1475 2128 1635 2164; x_wconf 55' lang='lat' dir='ltr'><strong>Psvws</strong></span> <span class='ocrx_word' id='word_1_781' title='bbox 1662 2128 1752 2164; x_wconf 78' lang='lat' dir='ltr'><strong>libro</strong></span> <span class='ocrx_word' id='word_1_782' title='bbox 1785 2128 2089 2174; x_wconf 72' lang='lat' dir='ltr'><strong>quadraqensimo</strong></span> <span class='ocrx_word' id='word_1_783' title='bbox 2122 2131 2246 2163; x_wconf 80' lang='lat' dir='ltr'><strong>octavo</strong></span> <span class='ocrx_word' id='word_1_784' title='bbox 2271 2126 2321 2162; x_wconf 87' lang='lat' dir='ltr'><strong>ad</strong></span> <span class='ocrx_word' id='word_1_785' title='bbox 2342 2126 2436 2162; x_wconf 79' lang='lat' dir='ltr'><strong>edio—</strong></span> 
     </span>
     <span class='ocr_line' id='line_1_106' title="bbox 1353 2171 2436 2218; baseline -0.002 -9"><span class='ocrx_word' id='word_1_786' title='bbox 1353 2179 1425 2209; x_wconf 82' lang='lat' dir='ltr'><strong>tum</strong></span> <span class='ocrx_word' id='word_1_787' title='bbox 1471 2173 1554 2209; x_wconf 87' lang='lat' dir='ltr'><strong>Non</strong></span> <span class='ocrx_word' id='word_1_788' title='bbox 1578 2173 1732 2209; x_wconf 87' lang='lat' dir='ltr'><strong>alienum</strong></span> <span class='ocrx_word' id='word_1_789' title='bbox 1757 2177 1812 2209; x_wconf 90' lang='lat' dir='ltr'><strong>est</strong></span> <span class='ocrx_word' id='word_1_790' title='bbox 1835 2184 1925 2214; x_wconf 89' lang='lat' dir='ltr'><strong>eum,</strong></span> <span class='ocrx_word' id='word_1_791' title='bbox 1951 2183 1974 2208; x_wconf 85' lang='lat' dir='ltr'><strong>a</strong></span> <span class='ocrx_word' id='word_1_792' title='bbox 1996 2183 2066 2218; x_wconf 92' lang='lat' dir='ltr'><strong>quo</strong></span> <span class='ocrx_word' id='word_1_793' title='bbox 2091 2172 2210 2208; x_wconf 88' lang='lat' dir='ltr'><strong>damni</strong></span> <span class='ocrx_word' id='word_1_794' title='bbox 2233 2171 2356 2208; x_wconf 79' lang='lat' dir='ltr'><strong>infecti</strong></span> <span class='ocrx_word' id='word_1_795' title='bbox 2374 2172 2436 2208; x_wconf 90' lang='lat' dir='ltr'><strong>sti-</strong></span> 
     </span>
    </p>

    <p class='ocr_par' dir='ltr' id='par_1_21' title="bbox 1351 2217 2437 2444">
     <span class='ocr_line' id='line_1_107' title="bbox 1377 2217 2437 2263; baseline -0.002 -9"><span class='ocrx_word' id='word_1_796' title='bbox 1377 2219 1467 2254; x_wconf 90' lang='lat' dir='ltr'><strong>ulari</strong></span> <span class='ocrx_word' id='word_1_797' title='bbox 1490 2219 1648 2262; x_wconf 88' lang='lat' dir='ltr'><strong>velimus,</strong></span> <span class='ocrx_word' id='word_1_798' title='bbox 1673 2218 1892 2263; x_wconf 85' lang='lat' dir='ltr'><strong>interrogare</strong></span> <span class='ocrx_word' id='word_1_799' title='bbox 1914 2219 1951 2253; x_wconf 89' lang='lat' dir='ltr'><strong>iii</strong></span> <span class='ocrx_word' id='word_1_800' title='bbox 1974 2218 2061 2260; x_wconf 90' lang='lat' dir='ltr'><strong>iure,</strong></span> <span class='ocrx_word' id='word_1_801' title='bbox 2086 2228 2133 2253; x_wconf 91' lang='lat' dir='ltr'><strong>an</strong></span> <span class='ocrx_word' id='word_1_802' title='bbox 2156 2217 2262 2253; x_wconf 88' lang='lat' dir='ltr'><strong>aedes</strong></span> <span class='ocrx_word' id='word_1_803' title='bbox 2287 2217 2362 2253; x_wconf 89' lang='lat' dir='ltr'><strong>eius</strong></span> <span class='ocrx_word' id='word_1_804' title='bbox 2382 2217 2437 2253; x_wconf 89' lang='lat' dir='ltr'><strong>vel</strong></span> 
     </span>
     <span class='ocr_line' id='line_1_108' title="bbox 1365 2263 2436 2309; baseline -0.003 -9"><span class='ocrx_word' id='word_1_805' title='bbox 1365 2275 1452 2300; x_wconf 93' lang='lat' dir='ltr'><strong>ocus</strong></span> <span class='ocrx_word' id='word_1_806' title='bbox 1476 2264 1532 2307; x_wconf 92' lang='lat' dir='ltr'><strong>sit,</strong></span> <span class='ocrx_word' id='word_1_807' title='bbox 1557 2274 1601 2299; x_wconf 84' lang='lat' dir='ltr'><strong>ex</strong></span> <span class='ocrx_word' id='word_1_808' title='bbox 1621 2274 1691 2309; x_wconf 94' lang='lat' dir='ltr'><strong>quo</strong></span> <span class='ocrx_word' id='word_1_809' title='bbox 1713 2263 1878 2299; x_wconf 91' lang='lat' dir='ltr'><strong>damnum</strong></span> <span class='ocrx_word' id='word_1_810' title='bbox 1900 2264 2077 2305; x_wconf 90' lang='lat' dir='ltr'><strong>timeatur,</strong></span> <span class='ocrx_word' id='word_1_811' title='bbox 2102 2267 2138 2298; x_wconf 92' lang='lat' dir='ltr'><strong>et</strong></span> <span class='ocrx_word' id='word_1_812' title='bbox 2155 2273 2220 2308; x_wconf 91' lang='lat' dir='ltr'><strong>pro</strong></span> <span class='ocrx_word' id='word_1_813' title='bbox 2241 2273 2311 2308; x_wconf 86' lang='lat' dir='ltr'><strong>qua</strong></span> <span class='ocrx_word' id='word_1_814' title='bbox 2348 2266 2436 2305; x_wconf 89' lang='lat' dir='ltr'><strong>arte,</strong></span> 
     </span>
     <span class='ocr_line' id='line_1_109' title="bbox 1351 2307 2436 2354; baseline -0.003 -9"><span class='ocrx_word' id='word_1_815' title='bbox 1351 2314 1410 2351; x_wconf 79' lang='lat' dir='ltr'><strong>ut,</strong></span> <span class='ocrx_word' id='word_1_816' title='bbox 1443 2309 1473 2344; x_wconf 89' lang='lat' dir='ltr'><strong>si</strong></span> <span class='ocrx_word' id='word_1_817' title='bbox 1504 2313 1609 2354; x_wconf 91' lang='lat' dir='ltr'><strong>neget</strong></span> <span class='ocrx_word' id='word_1_818' title='bbox 1640 2319 1744 2344; x_wconf 91' lang='lat' dir='ltr'><strong>suum</strong></span> <span class='ocrx_word' id='word_1_819' title='bbox 1767 2308 1952 2354; x_wconf 89' lang='lat' dir='ltr'><strong>praedium</strong></span> <span class='ocrx_word' id='word_1_820' title='bbox 1977 2319 2055 2343; x_wconf 91' lang='lat' dir='ltr'><strong>esse</strong></span> <span class='ocrx_word' id='word_1_821' title='bbox 2079 2318 2145 2343; x_wconf 91' lang='lat' dir='ltr'><strong>nec</strong></span> <span class='ocrx_word' id='word_1_822' title='bbox 2169 2312 2294 2343; x_wconf 89' lang='lat' dir='ltr'><strong>caveat</strong></span> <span class='ocrx_word' id='word_1_823' title='bbox 2365 2307 2436 2343; x_wconf 92' lang='lat' dir='ltr'><strong>mni</strong></span> 
     </span>
     <span class='ocr_line' id='line_1_110' title="bbox 1351 2352 2434 2398; baseline -0.002 -8"><span class='ocrx_word' id='word_1_824' title='bbox 1351 2354 1485 2396; x_wconf 81' lang='lat' dir='ltr'><strong>infecti,</strong></span> <span class='ocrx_word' id='word_1_825' title='bbox 1510 2359 1574 2390; x_wconf 91' lang='lat' dir='ltr'><strong>aut</strong></span> <span class='ocrx_word' id='word_1_826' title='bbox 1592 2354 1717 2390; x_wconf 91' lang='lat' dir='ltr'><strong>cedere</strong></span> <span class='ocrx_word' id='word_1_827' title='bbox 1735 2359 1810 2397; x_wconf 92' lang='lat' dir='ltr'><strong>aut,</strong></span> <span class='ocrx_word' id='word_1_828' title='bbox 1839 2353 2111 2390; x_wconf 85' lang='lat' dir='ltr'><strong>¹³resistendum</strong></span> <span class='ocrx_word' id='word_1_829' title='bbox 2131 2353 2319 2398; x_wconf 88' lang='lat' dir='ltr'><strong>putaverit,</strong></span> <span class='ocrx_word' id='word_1_830' title='bbox 2333 2352 2434 2398; x_wconf 89' lang='lat' dir='ltr'><strong>quasi</strong></span> 
     </span>
     <span class='ocr_line' id='line_1_111' title="bbox 1353 2398 2054 2444; baseline -0.003 -9"><span class='ocrx_word' id='word_1_831' title='bbox 1353 2400 1435 2435; x_wconf 91' lang='lat' dir='ltr'><strong>dolo</strong></span> <span class='ocrx_word' id='word_1_832' title='bbox 1459 2403 1621 2435; x_wconf 89' lang='lat' dir='ltr'><strong>versatus</strong></span> <span class='ocrx_word' id='word_1_833' title='bbox 1644 2398 1787 2434; x_wconf 83' lang='lat' dir='ltr'><strong>tradere</strong></span> <span class='ocrx_word' id='word_1_834' title='bbox 1811 2399 2054 2444; x_wconf 89' lang='lat' dir='ltr'><strong>compellatur.</strong></span> 
     </span>
    </p>

    <p class='ocr_par' dir='ltr' id='par_1_22' title="bbox 1347 2442 2437 3527">
     <span class='ocr_line' id='line_1_112' title="bbox 1401 2442 2436 2482; baseline -0.005 0"><span class='ocrx_word' id='word_1_835' title='bbox 1401 2443 1447 2482; x_wconf 91' lang='lat'><strong>11</strong></span> <span class='ocrx_word' id='word_1_836' title='bbox 1483 2443 1677 2481; x_wconf 64' lang='lat' dir='ltr'><strong>Urmnm</strong></span> <span class='ocrx_word' id='word_1_837' title='bbox 1705 2444 1795 2480; x_wconf 81' lang='lat' dir='ltr'><strong>libro</strong></span> <span class='ocrx_word' id='word_1_838' title='bbox 1820 2445 2009 2480; x_wconf 80' lang='lat' dir='ltr'><strong>vicensimo</strong></span> <span class='ocrx_word' id='word_1_839' title='bbox 2031 2443 2187 2480; x_wconf 81' lang='lat' dir='ltr'><strong>secundo</strong></span> <span class='ocrx_word' id='word_1_840' title='bbox 2211 2442 2262 2479; x_wconf 84' lang='lat' dir='ltr'><strong>ad</strong></span> <span class='ocrx_word' id='word_1_841' title='bbox 2283 2442 2436 2478; x_wconf 73' lang='lat' dir='ltr'><strong>edictum</strong></span> 
     </span>
     <span class='ocr_line' id='line_1_113' title="bbox 1352 2487 2437 2540; baseline -0.003 -14"><span class='ocrx_word' id='word_1_842' title='bbox 1352 2490 1407 2526; x_wconf 92' lang='lat' dir='ltr'><strong>De</strong></span> <span class='ocrx_word' id='word_1_843' title='bbox 1439 2494 1558 2526; x_wconf 88' lang='lat' dir='ltr'><strong>aetate</strong></span> <span class='ocrx_word' id='word_1_844' title='bbox 1588 2500 1730 2535; x_wconf 90' lang='lat' dir='ltr'><strong>quoque</strong></span> <span class='ocrx_word' id='word_1_845' title='bbox 1760 2489 1936 2525; x_wconf 76' lang='lat' dir='ltr'><strong>interdum</strong></span> <span class='ocrx_word' id='word_1_846' title='bbox 1959 2489 2197 2533; x_wconf 88' lang='lat' dir='ltr'><strong>interrogatus</strong></span> <span class='ocrx_word' id='word_1_847' title='bbox 2221 2487 2437 2540; x_wconf 88' lang='lat' dir='ltr'><strong>respondere</strong></span> 
     </span>
     <span class='ocr_line' id='line_1_114' title="bbox 1356 2534 2434 2580; baseline -0.003 -10"><span class='ocrx_word' id='word_1_848' title='bbox 1356 2539 1369 2570; x_wconf 92' lang='lat'>1</span> <span class='ocrx_word' id='word_1_849' title='bbox 1419 2535 1573 2571; x_wconf 88' lang='lat' dir='ltr'><strong>debebit.</strong></span> <span class='ocrx_word' id='word_1_850' title='bbox 1621 2534 1659 2570; x_wconf 92' lang='lat' dir='ltr'><strong>Si</strong></span> <span class='ocrx_word' id='word_1_851' title='bbox 1682 2534 1771 2580; x_wconf 87' lang='lat' dir='ltr'><strong>quis,</strong></span> <span class='ocrx_word' id='word_1_852' title='bbox 1797 2545 1878 2570; x_wconf 90' lang='lat' dir='ltr'><strong>cum</strong></span> <span class='ocrx_word' id='word_1_853' title='bbox 1901 2535 2004 2571; x_wconf 90' lang='lat' dir='ltr'><strong>heres</strong></span> <span class='ocrx_word' id='word_1_854' title='bbox 2034 2545 2107 2570; x_wconf 91' lang='lat' dir='ltr'><strong>non</strong></span> <span class='ocrx_word' id='word_1_855' title='bbox 2139 2537 2253 2576; x_wconf 83' lang='lat' dir='ltr'><strong>esset,</strong></span> <span class='ocrx_word' id='word_1_856' title='bbox 2283 2538 2434 2568; x_wconf 88' lang='lat' dir='ltr'><strong>interro·</strong></span> 
     </span>
     <span class='ocr_line' id='line_1_115' title="bbox 1350 2578 2434 2626; baseline -0.003 -10"><span class='ocrx_word' id='word_1_857' title='bbox 1350 2585 1454 2626; x_wconf 87' lang='lat' dir='ltr'><strong>gatus</strong></span> <span class='ocrx_word' id='word_1_858' title='bbox 1478 2579 1702 2625; x_wconf 89' lang='lat' dir='ltr'><strong>responderit</strong></span> <span class='ocrx_word' id='word_1_859' title='bbox 1725 2590 1769 2615; x_wconf 84' lang='lat' dir='ltr'><strong>ex</strong></span> <span class='ocrx_word' id='word_1_860' title='bbox 1800 2584 1903 2625; x_wconf 89' lang='lat' dir='ltr'><strong>parte</strong></span> <span class='ocrx_word' id='word_1_861' title='bbox 1933 2578 2099 2615; x_wconf 87' lang='lat' dir='ltr'><strong>heredem</strong></span> <span class='ocrx_word' id='word_1_862' title='bbox 2133 2588 2230 2621; x_wconf 90' lang='lat' dir='ltr'><strong>esse,</strong></span> <span class='ocrx_word' id='word_1_863' title='bbox 2263 2578 2320 2614; x_wconf 82' lang='lat' dir='ltr'><strong>sic</strong></span> <span class='ocrx_word' id='word_1_864' title='bbox 2349 2589 2434 2614; x_wconf 89' lang='lat' dir='ltr'><strong>eon-</strong></span> 
     </span>
     <span class='ocr_line' id='line_1_116' title="bbox 1351 2623 2435 2671; baseline -0.004 -9"><span class='ocrx_word' id='word_1_865' title='bbox 1351 2626 1520 2668; x_wconf 85' lang='lat' dir='ltr'><strong>venietur,</strong></span> <span class='ocrx_word' id='word_1_866' title='bbox 1545 2630 1651 2670; x_wconf 89' lang='lat' dir='ltr'><strong>atque</strong></span> <span class='ocrx_word' id='word_1_867' title='bbox 1675 2626 1705 2660; x_wconf 90' lang='lat' dir='ltr'><strong>si</strong></span> <span class='ocrx_word' id='word_1_868' title='bbox 1730 2635 1772 2660; x_wconf 83' lang='lat' dir='ltr'><strong>ex</strong></span> <span class='ocrx_word' id='word_1_869' title='bbox 1793 2635 1836 2661; x_wconf 88' lang='lat' dir='ltr'><strong>ea</strong></span> <span class='ocrx_word' id='word_1_870' title='bbox 1855 2629 1959 2671; x_wconf 88' lang='lat' dir='ltr'><strong>parte</strong></span> <span class='ocrx_word' id='word_1_871' title='bbox 1977 2625 2080 2660; x_wconf 86' lang='lat' dir='ltr'><strong>heres</strong></span> <span class='ocrx_word' id='word_1_872' title='bbox 2100 2627 2210 2660; x_wconf 85' lang='lat' dir='ltr'><strong>esset:</strong></span> <span class='ocrx_word' id='word_1_873' title='bbox 2235 2623 2324 2659; x_wconf 85' lang='lat' dir='ltr'><strong>fides</strong></span> <span class='ocrx_word' id='word_1_874' title='bbox 2344 2623 2435 2658; x_wconf 87' lang='lat' dir='ltr'><strong>enim</strong></span> 
     </span>
     <span class='ocr_line' id='line_1_117' title="bbox 1353 2668 2434 2714; baseline -0.003 -8"><span class='ocrx_word' id='word_1_875' title='bbox 1353 2675 1370 2706; x_wconf 85' lang='lat'>2</span> <span class='ocrx_word' id='word_1_876' title='bbox 1419 2671 1450 2707; x_wconf 90' lang='lat' dir='ltr'><strong>ei</strong></span> <span class='ocrx_word' id='word_1_877' title='bbox 1475 2674 1600 2706; x_wconf 89' lang='lat' dir='ltr'><strong>contra</strong></span> <span class='ocrx_word' id='word_1_878' title='bbox 1623 2681 1662 2705; x_wconf 91' lang='lat' dir='ltr'><strong>se</strong></span> <span class='ocrx_word' id='word_1_879' title='bbox 1685 2670 1885 2706; x_wconf 88' lang='lat' dir='ltr'><strong>habebitur.</strong></span> <span class='ocrx_word' id='word_1_880' title='bbox 1934 2669 2003 2714; x_wconf 82' lang='lat' dir='ltr'><strong>Qui</strong></span> <span class='ocrx_word' id='word_1_881' title='bbox 2034 2680 2079 2705; x_wconf 84' lang='lat' dir='ltr'><strong>ex</strong></span> <span class='ocrx_word' id='word_1_882' title='bbox 2110 2668 2308 2714; x_wconf 86' lang='lat' dir='ltr'><strong>quadrante</strong></span> <span class='ocrx_word' id='word_1_883' title='bbox 2331 2669 2434 2704; x_wconf 83' lang='lat' dir='ltr'><strong>heres</strong></span> 
     </span>
     <span class='ocr_line' id='line_1_118' title="bbox 1351 2713 2434 2759; baseline -0.003 -8"><span class='ocrx_word' id='word_1_884' title='bbox 1351 2716 1404 2752; x_wconf 88' lang='lat' dir='ltr'><strong>vel</strong></span> <span class='ocrx_word' id='word_1_885' title='bbox 1435 2716 1578 2752; x_wconf 92' lang='lat' dir='ltr'><strong>omnino</strong></span> <span class='ocrx_word' id='word_1_886' title='bbox 1612 2726 1692 2750; x_wconf 92' lang='lat' dir='ltr'><strong>cum</strong></span> <span class='ocrx_word' id='word_1_887' title='bbox 1723 2715 1827 2751; x_wconf 88' lang='lat' dir='ltr'><strong>heres</strong></span> <span class='ocrx_word' id='word_1_888' title='bbox 1850 2726 1922 2751; x_wconf 93' lang='lat' dir='ltr'><strong>non</strong></span> <span class='ocrx_word' id='word_1_889' title='bbox 1947 2719 2041 2750; x_wconf 90' lang='lat' dir='ltr'><strong>esset</strong></span> <span class='ocrx_word' id='word_1_890' title='bbox 2062 2713 2287 2759; x_wconf 87' lang='lat' dir='ltr'><strong>responderit</strong></span> <span class='ocrx_word' id='word_1_891' title='bbox 2310 2724 2349 2749; x_wconf 89' lang='lat' dir='ltr'><strong>se</strong></span> <span class='ocrx_word' id='word_1_892' title='bbox 2372 2713 2434 2749; x_wconf 89' lang='lat' dir='ltr'><strong>he-</strong></span> 
     </span>
     <span class='ocr_line' id='line_1_119' title="bbox 1350 2758 2434 2803; baseline -0.003 -7"><span class='ocrx_word' id='word_1_893' title='bbox 1350 2761 1468 2797; x_wconf 90' lang='lat' dir='ltr'><strong>redem</strong></span> <span class='ocrx_word' id='word_1_894' title='bbox 1492 2772 1535 2796; x_wconf 85' lang='lat' dir='ltr'><strong>ex</strong></span> <span class='ocrx_word' id='word_1_895' title='bbox 1560 2771 1658 2803; x_wconf 85' lang='lat' dir='ltr'><strong>asse,</strong></span> <span class='ocrx_word' id='word_1_896' title='bbox 1691 2761 1728 2796; x_wconf 89' lang='lat' dir='ltr'><strong>in</strong></span> <span class='ocrx_word' id='word_1_897' title='bbox 1759 2771 1875 2796; x_wconf 86' lang='lat' dir='ltr'><strong>assem</strong></span> <span class='ocrx_word' id='word_1_898' title='bbox 1898 2760 2062 2795; x_wconf 86' lang='lat' dir='ltr'><strong>instituta</strong></span> <span class='ocrx_word' id='word_1_899' title='bbox 2084 2759 2226 2794; x_wconf 88' lang='lat' dir='ltr'><strong>actione</strong></span> <span class='ocrx_word' id='word_1_900' title='bbox 2250 2758 2434 2795; x_wconf 90' lang='lat' dir='ltr'><strong>convenie-</strong></span> 
     </span>
     <span class='ocr_line' id='line_1_120' title="bbox 1351 2803 2435 2851; baseline -0.003 -9"><span class='ocrx_word' id='word_1_901' title='bbox 1351 2810 1370 2842; x_wconf 90' lang='lat'><strong>3</strong></span> <span class='ocrx_word' id='word_1_902' title='bbox 1417 2811 1486 2842; x_wconf 90' lang='lat' dir='ltr'><strong>tur.</strong></span> <span class='ocrx_word' id='word_1_903' title='bbox 1535 2806 1583 2848; x_wconf 89' lang='lat' dir='ltr'><strong>Si,</strong></span> <span class='ocrx_word' id='word_1_904' title='bbox 1609 2817 1689 2841; x_wconf 90' lang='lat' dir='ltr'><strong>cum</strong></span> <span class='ocrx_word' id='word_1_905' title='bbox 1713 2810 1807 2841; x_wconf 91' lang='lat' dir='ltr'><strong>esset</strong></span> <span class='ocrx_word' id='word_1_906' title='bbox 1830 2806 1908 2851; x_wconf 91' lang='lat' dir='ltr'><strong>quis</strong></span> <span class='ocrx_word' id='word_1_907' title='bbox 1933 2816 1976 2841; x_wconf 86' lang='lat' dir='ltr'><strong>ex</strong></span> <span class='ocrx_word' id='word_1_908' title='bbox 2000 2804 2144 2840; x_wconf 89' lang='lat' dir='ltr'><strong>semisse</strong></span> <span class='ocrx_word' id='word_1_909' title='bbox 2166 2804 2282 2846; x_wconf 89' lang='lat' dir='ltr'><strong>heres,</strong></span> <span class='ocrx_word' id='word_1_910' title='bbox 2307 2803 2435 2840; x_wconf 86' lang='lat' dir='ltr'><strong>dixerit</strong></span> 
     </span>
     <span class='ocr_line' id='line_1_121' title="bbox 1350 2848 2433 2895; baseline -0.003 -8"><span class='ocrx_word' id='word_1_911' title='bbox 1350 2862 1388 2888; x_wconf 90' lang='lat' dir='ltr'><strong>se</strong></span> <span class='ocrx_word' id='word_1_912' title='bbox 1412 2862 1455 2887; x_wconf 86' lang='lat' dir='ltr'><strong>ex</strong></span> <span class='ocrx_word' id='word_1_913' title='bbox 1502 2851 1688 2893; x_wconf 85' lang='lat' dir='ltr'><strong>uadrante‚</strong></span> <span class='ocrx_word' id='word_1_914' title='bbox 1713 2850 1888 2887; x_wconf 89' lang='lat' dir='ltr'><strong>mendacii</strong></span> <span class='ocrx_word' id='word_1_915' title='bbox 1911 2851 2005 2886; x_wconf 89' lang='lat' dir='ltr'><strong>hanc</strong></span> <span class='ocrx_word' id='word_1_916' title='bbox 2028 2859 2180 2895; x_wconf 88' lang='lat' dir='ltr'><strong>poenam</strong></span> <span class='ocrx_word' id='word_1_917' title='bbox 2203 2849 2312 2892; x_wconf 84' lang='lat' dir='ltr'><strong>feret,</strong></span> <span class='ocrx_word' id='word_1_918' title='bbox 2362 2848 2433 2884; x_wconf 90' lang='lat' dir='ltr'><strong>uod</strong></span> 
     </span>
     <span class='ocr_line' id='line_1_122' title="bbox 1348 2861 2433 2936; baseline -0.003 -4"><span class='ocrx_word' id='word_1_919' title='bbox 1348 2897 1386 2932; x_wconf 92' lang='lat' dir='ltr'><strong>in</strong></span> <span class='ocrx_word' id='word_1_920' title='bbox 1409 2896 1475 2932; x_wconf 89' lang='lat' dir='ltr'><strong>soli</strong></span> <span class='ocrx_word' id='word_1_921' title='bbox 1501 2907 1560 2932; x_wconf 90' lang='lat' dir='ltr'><strong>um</strong></span> <span class='ocrx_word' id='word_1_922' title='bbox 1585 2897 1808 2932; x_wconf 87' lang='lat' dir='ltr'><strong>convenitur:</strong></span> <span class='ocrx_word' id='word_1_923' title='bbox 1834 2907 1906 2931; x_wconf 90' lang='lat' dir='ltr'><strong>non</strong></span> <span class='ocrx_word' id='word_1_924' title='bbox 1925 2895 2017 2931; x_wconf 91' lang='lat' dir='ltr'><strong>enim</strong></span> <span class='ocrx_word' id='word_1_925' title='bbox 2036 2895 2158 2930; x_wconf 88' lang='lat' dir='ltr'><strong>debuit</strong></span> <span class='ocrx_word' id='word_1_926' title='bbox 2175 2894 2326 2936; x_wconf 88' lang='lat' dir='ltr'><strong>mentiri,</strong></span> <span class='ocrx_word' id='word_1_927' title='bbox 2338 2861 2433 2929; x_wconf 85' lang='lat' dir='ltr'><strong>qduni</strong></span> 
     </span>
     <span class='ocr_line' id='line_1_123' title="bbox 1349 2939 2432 2986; baseline -0.003 -9"><span class='ocrx_word' id='word_1_928' title='bbox 1349 2952 1388 2978; x_wconf 91' lang='lat' dir='ltr'><strong>se</strong></span> <span class='ocrx_word' id='word_1_929' title='bbox 1410 2942 1555 2977; x_wconf 90' lang='lat' dir='ltr'><strong>minoris</strong></span> <span class='ocrx_word' id='word_1_930' title='bbox 1575 2941 1748 2986; x_wconf 89' lang='lat' dir='ltr'><strong>portionis</strong></span> <span class='ocrx_word' id='word_1_931' title='bbox 1768 2941 1932 2976; x_wconf 87' lang='lat' dir='ltr'><strong>heredem</strong></span> <span class='ocrx_word' id='word_1_932' title='bbox 1952 2941 2147 2976; x_wconf 89' lang='lat' dir='ltr'><strong>adseverat.</strong></span> <span class='ocrx_word' id='word_1_933' title='bbox 2183 2939 2359 2975; x_wconf 89' lang='lat' dir='ltr'><strong>interdum</strong></span> <span class='ocrx_word' id='word_1_934' title='bbox 2378 2943 2432 2974; x_wconf 89' lang='lat' dir='ltr'><strong>ta-</strong></span> 
     </span>
     <span class='ocr_line' id='line_1_124' title="bbox 1349 2984 2433 3031; baseline -0.003 -9"><span class='ocrx_word' id='word_1_935' title='bbox 1349 2997 1428 3022; x_wconf 90' lang='lat' dir='ltr'><strong>men</strong></span> <span class='ocrx_word' id='word_1_936' title='bbox 1459 2987 1556 3022; x_wconf 87' lang='lat' dir='ltr'><strong>iusta</strong></span> <span class='ocrx_word' id='word_1_937' title='bbox 1586 2986 1724 3022; x_wconf 89' lang='lat' dir='ltr'><strong>ratione</strong></span> <span class='ocrx_word' id='word_1_938' title='bbox 1758 2990 1877 3031; x_wconf 88' lang='lat' dir='ltr'><strong>potest</strong></span> <span class='ocrx_word' id='word_1_939' title='bbox 1900 2986 2038 3031; x_wconf 88' lang='lat' dir='ltr'><strong>opinari</strong></span> <span class='ocrx_word' id='word_1_940' title='bbox 2063 2985 2180 3021; x_wconf 85' lang='lat' dir='ltr'><strong>esse¹⁴</strong></span> <span class='ocrx_word' id='word_1_941' title='bbox 2202 2984 2366 3020; x_wconf 90' lang='lat' dir='ltr'><strong>heredem</strong></span> <span class='ocrx_word' id='word_1_942' title='bbox 2390 2994 2433 3019; x_wconf 85' lang='lat' dir='ltr'><strong>ex</strong></span> 
     </span>
     <span class='ocr_line' id='line_1_125' title="bbox 1349 3028 2432 3083; baseline -0.003 -16"><span class='ocrx_word' id='word_1_943' title='bbox 1349 3033 1484 3067; x_wconf 90' lang='lat' dir='ltr'><strong>minore</strong></span> <span class='ocrx_word' id='word_1_944' title='bbox 1506 3035 1627 3076; x_wconf 87' lang='lat' dir='ltr'><strong>parte:</strong></span> <span class='ocrx_word' id='word_1_945' title='bbox 1661 3031 1745 3083; x_wconf 88' lang='lat' dir='ltr'><strong>quid</strong></span> <span class='ocrx_word' id='word_1_946' title='bbox 1777 3031 1888 3074; x_wconf 89' lang='lat' dir='ltr'><strong>enim,</strong></span> <span class='ocrx_word' id='word_1_947' title='bbox 1920 3031 1950 3066; x_wconf 92' lang='lat' dir='ltr'><strong>si</strong></span> <span class='ocrx_word' id='word_1_948' title='bbox 1981 3030 2095 3066; x_wconf 86' lang='lat' dir='ltr'><strong>nescit</strong></span> <span class='ocrx_word' id='word_1_949' title='bbox 2118 3030 2185 3066; x_wconf 89' lang='lat' dir='ltr'><strong>sibi</strong></span> <span class='ocrx_word' id='word_1_950' title='bbox 2206 3034 2346 3075; x_wconf 88' lang='lat' dir='ltr'><strong>partem</strong></span> <span class='ocrx_word' id='word_1_951' title='bbox 2369 3028 2432 3081; x_wconf 51' lang='lat' dir='ltr'><strong>ad:</strong></span> 
     </span>
     <span class='ocr_line' id='line_1_126' title="bbox 1349 3075 2433 3121; baseline -0.004 -8"><span class='ocrx_word' id='word_1_952' title='bbox 1349 3077 1500 3113; x_wconf 88' lang='lat' dir='ltr'><strong>crevisse</strong></span> <span class='ocrx_word' id='word_1_953' title='bbox 1522 3076 1576 3111; x_wconf 92' lang='lat' dir='ltr'><strong>vel</strong></span> <span class='ocrx_word' id='word_1_954' title='bbox 1602 3086 1645 3111; x_wconf 84' lang='lat' dir='ltr'><strong>ex</strong></span> <span class='ocrx_word' id='word_1_955' title='bbox 1667 3080 1804 3111; x_wconf 88' lang='lat' dir='ltr'><strong>incerta</strong></span> <span class='ocrx_word' id='word_1_956' title='bbox 1827 3080 1928 3121; x_wconf 88' lang='lat' dir='ltr'><strong>parte</strong></span> <span class='ocrx_word' id='word_1_957' title='bbox 1959 3076 2028 3111; x_wconf 79' lang='lat' dir='ltr'><strong>fuit</strong></span> <span class='ocrx_word' id='word_1_958' title='bbox 2057 3075 2270 3110; x_wconf 85' lang='lat' dir='ltr'><strong>institutus?</strong></span> <span class='ocrx_word' id='word_1_959' title='bbox 2306 3084 2370 3110; x_wconf 89' lang='lat' dir='ltr'><strong>cur</strong></span> <span class='ocrx_word' id='word_1_960' title='bbox 2402 3084 2433 3110; x_wconf 87' lang='lat' dir='ltr'><strong>ei</strong></span> 
     </span>
     <span class='ocr_line' id='line_1_127' title="bbox 1348 3118 2432 3167; baseline -0.004 -10"><span class='ocrx_word' id='word_1_961' title='bbox 1348 3126 1368 3157; x_wconf 77' lang='lat'>4</span> <span class='ocrx_word' id='word_1_962' title='bbox 1414 3132 1623 3167; x_wconf 90' lang='lat' dir='ltr'><strong>responsum</strong></span> <span class='ocrx_word' id='word_1_963' title='bbox 1643 3121 1797 3156; x_wconf 83' lang='lat' dir='ltr'><strong>noceat?</strong></span> <span class='ocrx_word' id='word_1_964' title='bbox 1832 3121 1900 3166; x_wconf 81' lang='lat' dir='ltr'><strong>Qui</strong></span> <span class='ocrx_word' id='word_1_965' title='bbox 1920 3121 2032 3156; x_wconf 90' lang='lat' dir='ltr'><strong>tacuit</strong></span> <span class='ocrx_word' id='word_1_966' title='bbox 2052 3130 2193 3166; x_wconf 89' lang='lat' dir='ltr'><strong>quoque</strong></span> <span class='ocrx_word' id='word_1_967' title='bbox 2212 3118 2308 3164; x_wconf 90' lang='lat' dir='ltr'><strong>apud</strong></span> <span class='ocrx_word' id='word_1_968' title='bbox 2327 3129 2432 3164; x_wconf 76' lang='lat' dir='ltr'><strong>prae-</strong></span> 
     </span>
     <span class='ocr_line' id='line_1_128' title="bbox 1347 3164 2431 3209; baseline -0.002 -8"><span class='ocrx_word' id='word_1_969' title='bbox 1347 3173 1478 3209; x_wconf 89' lang='lat' dir='ltr'><strong>torem,</strong></span> <span class='ocrx_word' id='word_1_970' title='bbox 1510 3166 1547 3202; x_wconf 92' lang='lat' dir='ltr'><strong>in</strong></span> <span class='ocrx_word' id='word_1_971' title='bbox 1571 3176 1614 3202; x_wconf 89' lang='lat' dir='ltr'><strong>ea</strong></span> <span class='ocrx_word' id='word_1_972' title='bbox 1638 3176 1749 3202; x_wconf 88' lang='lat' dir='ltr'><strong>causa</strong></span> <span class='ocrx_word' id='word_1_973' title='bbox 1771 3171 1843 3208; x_wconf 92' lang='lat' dir='ltr'><strong>est,</strong></span> <span class='ocrx_word' id='word_1_974' title='bbox 1877 3171 1918 3201; x_wconf 93' lang='lat' dir='ltr'><strong>ut</strong></span> <span class='ocrx_word' id='word_1_975' title='bbox 1939 3166 2102 3201; x_wconf 88' lang='lat' dir='ltr'><strong>instituta</strong></span> <span class='ocrx_word' id='word_1_976' title='bbox 2125 3165 2267 3200; x_wconf 90' lang='lat' dir='ltr'><strong>actione</strong></span> <span class='ocrx_word' id='word_1_977' title='bbox 2288 3164 2326 3199; x_wconf 87' lang='lat' dir='ltr'><strong>in</strong></span> <span class='ocrx_word' id='word_1_978' title='bbox 2349 3164 2431 3200; x_wconf 90' lang='lat' dir='ltr'><strong>soli-</strong></span> 
     </span>
     <span class='ocr_line' id='line_1_129' title="bbox 1348 3209 2431 3256; baseline -0.003 -9"><span class='ocrx_word' id='word_1_979' title='bbox 1348 3212 1432 3247; x_wconf 90' lang='lat' dir='ltr'><strong>dum</strong></span> <span class='ocrx_word' id='word_1_980' title='bbox 1463 3211 1711 3254; x_wconf 88' lang='lat' dir='ltr'><strong>conveniatur,</strong></span> <span class='ocrx_word' id='word_1_981' title='bbox 1744 3211 1844 3256; x_wconf 88' lang='lat' dir='ltr'><strong>quasi</strong></span> <span class='ocrx_word' id='word_1_982' title='bbox 1876 3210 2054 3256; x_wconf 86' lang='lat' dir='ltr'><strong>negaverit</strong></span> <span class='ocrx_word' id='word_1_983' title='bbox 2084 3220 2123 3245; x_wconf 91' lang='lat' dir='ltr'><strong>se</strong></span> <span class='ocrx_word' id='word_1_984' title='bbox 2154 3209 2319 3245; x_wconf 81' lang='lat' dir='ltr'><strong>lieredem</strong></span> <span class='ocrx_word' id='word_1_985' title='bbox 2343 3219 2431 3244; x_wconf 91' lang='lat' dir='ltr'><strong>esse.</strong></span> 
     </span>
     <span class='ocr_line' id='line_1_130' title="bbox 1348 3256 2431 3309; baseline -0.004 -17"><span class='ocrx_word' id='word_1_986' title='bbox 1348 3268 1430 3293; x_wconf 89' lang='lat' dir='ltr'><strong>nam</strong></span> <span class='ocrx_word' id='word_1_987' title='bbox 1453 3257 1515 3309; x_wconf 82' lang='lat' dir='ltr'><strong>qui</strong></span> <span class='ocrx_word' id='word_1_988' title='bbox 1537 3257 1679 3292; x_wconf 91' lang='lat' dir='ltr'><strong>omnino</strong></span> <span class='ocrx_word' id='word_1_989' title='bbox 1703 3267 1774 3292; x_wconf 90' lang='lat' dir='ltr'><strong>non</strong></span> <span class='ocrx_word' id='word_1_990' title='bbox 1797 3266 1854 3291; x_wconf 89' lang='lat' dir='ltr'><strong>res</strong></span> <span class='ocrx_word' id='word_1_991' title='bbox 1881 3256 1998 3297; x_wconf 90' lang='lat' dir='ltr'><strong>ondit,</strong></span> <span class='ocrx_word' id='word_1_992' title='bbox 2023 3259 2215 3291; x_wconf 82' lang='lat' dir='ltr'><strong>contumax</strong></span> <span class='ocrx_word' id='word_1_993' title='bbox 2239 3258 2311 3290; x_wconf 87' lang='lat' dir='ltr'><strong>est:</strong></span> <span class='ocrx_word' id='word_1_994' title='bbox 2345 3264 2431 3289; x_wconf 92' lang='lat' dir='ltr'><strong>con-</strong></span> 
     </span>
     <span class='ocr_line' id='line_1_131' title="bbox 1347 3298 2431 3347; baseline -0.004 -10"><span class='ocrx_word' id='word_1_995' title='bbox 1347 3307 1525 3338; x_wconf 89' lang='lat' dir='ltr'><strong>tumaciae</strong></span> <span class='ocrx_word' id='word_1_996' title='bbox 1548 3305 1666 3337; x_wconf 83' lang='lat' dir='ltr'><strong>autem</strong></span> <span class='ocrx_word' id='word_1_997' title='bbox 1689 3311 1839 3347; x_wconf 89' lang='lat' dir='ltr'><strong>poenam</strong></span> <span class='ocrx_word' id='word_1_998' title='bbox 1888 3311 1955 3336; x_wconf 89' lang='lat' dir='ltr'><strong>anc</strong></span> <span class='ocrx_word' id='word_1_999' title='bbox 1978 3301 2073 3336; x_wconf 85' lang='lat' dir='ltr'><strong>ferre</strong></span> <span class='ocrx_word' id='word_1_1000' title='bbox 2097 3300 2212 3342; x_wconf 91' lang='lat' dir='ltr'><strong>debet,</strong></span> <span class='ocrx_word' id='word_1_1001' title='bbox 2235 3303 2276 3334; x_wconf 92' lang='lat' dir='ltr'><strong>ut</strong></span> <span class='ocrx_word' id='word_1_1002' title='bbox 2294 3299 2331 3334; x_wconf 86' lang='lat' dir='ltr'><strong>in</strong></span> <span class='ocrx_word' id='word_1_1003' title='bbox 2348 3298 2431 3334; x_wconf 88' lang='lat' dir='ltr'><strong>soli-</strong></span> 
     </span>
     <span class='ocr_line' id='line_1_132' title="bbox 1348 3343 2432 3395; baseline -0.004 -12"><span class='ocrx_word' id='word_1_1004' title='bbox 1348 3347 1432 3383; x_wconf 91' lang='lat' dir='ltr'><strong>dum</strong></span> <span class='ocrx_word' id='word_1_1005' title='bbox 1464 3347 1712 3389; x_wconf 90' lang='lat' dir='ltr'><strong>conveniatur,</strong></span> <span class='ocrx_word' id='word_1_1006' title='bbox 1745 3346 2040 3392; x_wconf 88' lang='lat' dir='ltr'><strong>quemadmodum</strong></span> <span class='ocrx_word' id='word_1_1007' title='bbox 2071 3345 2102 3380; x_wconf 91' lang='lat' dir='ltr'><strong>si</strong></span> <span class='ocrx_word' id='word_1_1008' title='bbox 2132 3357 2156 3380; x_wconf 92' lang='lat' dir='ltr'><strong>n</strong></span> <span class='ocrx_word' id='word_1_1009' title='bbox 2202 3347 2317 3386; x_wconf 86' lang='lat' dir='ltr'><strong>asset,</strong></span> <span class='ocrx_word' id='word_1_1010' title='bbox 2349 3343 2432 3395; x_wconf 76' lang='lat' dir='ltr'><strong>quia</strong></span> 
     </span>
     <span class='ocr_line' id='line_1_133' title="bbox 1349 3390 2433 3437; baseline -0.004 -10"><span class='ocrx_word' id='word_1_1011' title='bbox 1349 3396 1368 3427; x_wconf 84' lang='lat'>5</span> <span class='ocrx_word' id='word_1_1012' title='bbox 1415 3396 1615 3437; x_wconf 90' lang='lat' dir='ltr'><strong>praetorem</strong></span> <span class='ocrx_word' id='word_1_1013' title='bbox 1647 3395 1873 3427; x_wconf 87' lang='lat' dir='ltr'><strong>contemnere</strong></span> <span class='ocrx_word' id='word_1_1014' title='bbox 1902 3390 2049 3426; x_wconf 91' lang='lat' dir='ltr'><strong>videtur.</strong></span> <span class='ocrx_word' id='word_1_1015' title='bbox 2099 3390 2176 3434; x_wconf 81' lang='lat' dir='ltr'><strong>Quo</strong></span> <span class='ocrx_word' id='word_1_1016' title='bbox 2233 3393 2351 3424; x_wconf 89' lang='lat' dir='ltr'><strong>autem</strong></span> <span class='ocrx_word' id='word_1_1017' title='bbox 2382 3392 2433 3423; x_wconf 91' lang='lat' dir='ltr'><strong>ait</strong></span> 
     </span>
     <span class='ocr_line' id='line_1_134' title="bbox 1348 3435 2429 3487; baseline -0.002 -15"><span class='ocrx_word' id='word_1_1018' title='bbox 1348 3441 1491 3482; x_wconf 89' lang='lat' dir='ltr'><strong>praetor</strong></span> <span class='ocrx_word' id='word_1_1019' title='bbox 1514 3437 1668 3473; x_wconf 89' lang='lat' dir='ltr'><strong>‘omnino</strong></span> <span class='ocrx_word' id='word_1_1020' title='bbox 1692 3447 1764 3472; x_wconf 90' lang='lat' dir='ltr'><strong>non</strong></span> <span class='ocrx_word' id='word_1_1021' title='bbox 1786 3435 2033 3481; x_wconf 87' lang='lat' dir='ltr'><strong>respondisse’,</strong></span> <span class='ocrx_word' id='word_1_1022' title='bbox 2185 3479 2192 3487; x_wconf 91' lang='lat'><strong>.</strong></span> <span class='ocrx_word' id='word_1_1023' title='bbox 2421 3477 2429 3485; x_wconf 49' lang='lat'>.</span> 
     </span>
     <span class='ocr_line' id='line_1_135' title="bbox 1349 3479 2431 3527; baseline -0.004 -10"><span class='ocrx_word' id='word_1_1024' title='bbox 1349 3486 1538 3527; x_wconf 88' lang='lat' dir='ltr'><strong>ceperunt,</strong></span> <span class='ocrx_word' id='word_1_1025' title='bbox 1569 3486 1610 3517; x_wconf 92' lang='lat' dir='ltr'><strong>ut</strong></span> <span class='ocrx_word' id='word_1_1026' title='bbox 1641 3482 1785 3517; x_wconf 90' lang='lat' dir='ltr'><strong>omnino</strong></span> <span class='ocrx_word' id='word_1_1027' title='bbox 1817 3491 1889 3517; x_wconf 89' lang='lat' dir='ltr'><strong>non</strong></span> <span class='ocrx_word' id='word_1_1028' title='bbox 1913 3491 2042 3526; x_wconf 89' lang='lat' dir='ltr'><strong>respon</strong></span> <span class='ocrx_word' id='word_1_1029' title='bbox 2070 3481 2077 3487; x_wconf 82' lang='lat'>&#39;</span> <span class='ocrx_word' id='word_1_1030' title='bbox 2100 3490 2138 3515; x_wconf 88' lang='lat' dir='ltr'><strong>se</strong></span> <span class='ocrx_word' id='word_1_1031' title='bbox 2160 3479 2340 3521; x_wconf 87' lang='lat' dir='ltr'><strong>videatur,</strong></span> <span class='ocrx_word' id='word_1_1032' title='bbox 2371 3488 2431 3524; x_wconf 93' lang='lat' dir='ltr'><strong>qui</strong></span> 
     </span>
    </p>
   </div>
   <div class='ocr_carea' id='block_1_9' title="bbox 1350 3590 2430 3727">
    <p class='ocr_par' dir='ltr' id='par_1_23' title="bbox 1350 3590 2430 3727">
     <span class='ocr_line' id='line_1_136' title="bbox 1352 3590 2429 3648; baseline -0.005 -20"><span class='ocrx_word' id='word_1_1033' title='bbox 1352 3595 1432 3628; x_wconf 72' lang='lat' dir='ltr'><strong>hook</strong></span> <span class='ocrx_word' id='word_1_1034' title='bbox 1546 3596 1591 3638; x_wconf 75' lang='grc' dir='ltr'><strong>(ο)</strong></span> <span class='ocrx_word' id='word_1_1035' title='bbox 1615 3598 1650 3628; x_wconf 87' lang='lat' dir='ltr'><strong>et</strong></span> <span class='ocrx_word' id='word_1_1036' title='bbox 1662 3594 1781 3629; x_wconf 55' lang='lat' dir='ltr'><strong>imp</strong></span> <span class='ocrx_word' id='word_1_1037' title='bbox 1814 3639 1824 3647; x_wconf 36' lang='lat'><em>⁶</em></span> <span class='ocrx_word' id='word_1_1038' title='bbox 1883 3597 1945 3635; x_wconf 88' lang='grc' dir='ltr'>(ιο)</span> <span class='ocrx_word' id='word_1_1039' title='bbox 1971 3605 2005 3648; x_wconf 72' lang='lat' dir='ltr'><strong>ee</strong></span> <span class='ocrx_word' id='word_1_1040' title='bbox 2017 3592 2144 3628; x_wconf 73' lang='lat' dir='ltr'><strong>im.F²</strong></span> <span class='ocrx_word' id='word_1_1041' title='bbox 2222 3593 2301 3645; x_wconf 76' lang='lat'><strong>.(.¹¹)</strong></span> <span class='ocrx_word' id='word_1_1042' title='bbox 2325 3590 2429 3623; x_wconf 80' lang='lat' dir='ltr'><strong>inter-</strong></span> 
     </span>
     <span class='ocr_line' id='line_1_137' title="bbox 1350 3635 2430 3727; baseline -0.002 -55"><span class='ocrx_word' id='word_1_1043' title='bbox 1350 3640 1544 3727; x_wconf 41' lang='grc' dir='ltr'>ἶιοιξιιξὲιές</span> <span class='ocrx_word' id='word_1_1044' title='bbox 1616 3642 1676 3681; x_wconf 82' lang='lat'><strong>(12)</strong></span> <span class='ocrx_word' id='word_1_1045' title='bbox 1699 3650 1743 3673; x_wconf 81' lang='lat' dir='ltr'><strong>an</strong></span> <span class='ocrx_word' id='word_1_1046' title='bbox 1757 3638 1799 3673; x_wconf 81' lang='lat' dir='ltr'><strong>ab</strong></span> <span class='ocrx_word' id='word_1_1047' title='bbox 1812 3642 1976 3673; x_wconf 80' lang='lat' dir='ltr'><strong>intestato</strong></span> <span class='ocrx_word' id='word_1_1048' title='bbox 1989 3652 2050 3673; x_wconf 64' lang='lat' dir='ltr'><strong>ine.</strong></span> <span class='ocrx_word' id='word_1_1049' title='bbox 2120 3638 2179 3680; x_wconf 78' lang='lat'><strong>(1³)</strong></span> <span class='ocrx_word' id='word_1_1050' title='bbox 2203 3647 2234 3670; x_wconf 81' lang='lat' dir='ltr'><strong>ei</strong></span> <span class='ocrx_word' id='word_1_1051' title='bbox 2247 3649 2306 3671; x_wconf 74' lang='lat' dir='ltr'><strong>im.</strong></span> <span class='ocrx_word' id='word_1_1052' title='bbox 2318 3647 2381 3670; x_wconf 71' lang='lat' dir='ltr'><strong>sec.</strong></span> <span class='ocrx_word' id='word_1_1053' title='bbox 2394 3635 2430 3670; x_wconf 84' lang='lat' dir='ltr'><em>B</em></span> 
     </span>
    </p>
   </div>
   <div class='ocr_carea' id='block_1_10' title="bbox 2450 0 2528 99">
    <p class='ocr_par' dir='ltr' id='par_1_24' title="bbox 2450 0 2528 99">
     <span class='ocr_line' id='line_1_138' title="bbox 2450 0 2528 54; baseline 0.013 -35"><span class='ocrx_word' id='word_1_1054' title='bbox 2450 0 2528 54; x_wconf 41' lang='lat' dir='ltr'><strong>&#39;131ss</strong></span> 
     </span>
     <span class='ocr_line' id='line_1_139' title="bbox 2510 66 2528 82; baseline 0 -3"><span class='ocrx_word' id='word_1_1055' title='bbox 2510 66 2528 82; x_wconf 53' lang='lat' dir='ltr'><strong>fv:</strong></span> 
     </span>
     <span class='ocr_line' id='line_1_140' title="bbox 2513 86 2528 99; baseline 0.067 -1"><span class='ocrx_word' id='word_1_1056' title='bbox 2513 86 2528 99; x_wconf 66' lang='grc' dir='ltr'><strong>,ι</strong></span> 
     </span>
    </p>
   </div>
   <div class='ocr_carea' id='block_1_11' title="bbox 1876 118 2443 153">
    <p class='ocr_par' dir='ltr' id='par_1_25' title="bbox 1876 118 2443 153">
     <span class='ocr_line' id='line_1_141' title="bbox 1876 118 2443 153; baseline 0.002 -4"><span class='ocrx_word' id='word_1_1057' title='bbox 1876 118 1938 149; x_wconf 82' lang='lat' dir='ltr'><strong>DE</strong></span> <span class='ocrx_word' id='word_1_1058' title='bbox 1966 119 2443 153; x_wconf 68' lang='lat' dir='ltr'><strong>mmuooamomus</strong></span> 
     </span>
    </p>
   </div>
   <div class='ocr_carea' id='block_1_12' title="bbox 2083 3434 2495 3471">
    <p class='ocr_par' dir='ltr' id='par_1_26' title="bbox 2083 3434 2495 3471">
     <span class='ocr_line' id='line_1_142' title="bbox 2083 3434 2495 3471; baseline -0.005 0"><span class='ocrx_word' id='word_1_1059' title='bbox 2083 3435 2271 3471; x_wconf 67' lang='lat' dir='ltr'><strong>oster-iores</strong></span> <span class='ocrx_word' id='word_1_1060' title='bbox 2295 3434 2347 3469; x_wconf 89' lang='lat' dir='ltr'><strong>sic</strong></span> <span class='ocrx_word' id='word_1_1061' title='bbox 2371 3443 2430 3469; x_wconf 85' lang='lat' dir='ltr'><strong>ex-</strong></span> <span class='ocrx_word' id='word_1_1062' title='bbox 2492 3455 2495 3458; x_wconf 59' lang='lat'><strong>&gt;</strong></span> 
     </span>
    </p>
   </div>
  </div>
 </body>
</html>
