2528 3918
171 118 318 163 msr.
347 120 404 175 Π,
435 120 624 175 25—111,
659 124 678 163 1
919 154 922 157 .
1269 116 1323 164 28

658 240 788 286 XXV¹

546 312 607 344 ns:
632 311 901 346 comemms.

222 383 316 418 Ante
340 379 493 426 Augusti
515 382 678 424 tempora
696 381 838 415 constat
857 378 914 414 ius
932 377 1175 415 codicillorum
1195 387 1268 412 non

176 427 298 469 fuisse,
323 425 388 462 sed
403 424 539 470 primus
554 423 690 460 Lucius
706 424 895 467 Lentulus,
921 433 965 459 ex
989 422 1090 459 cuius
1113 432 1268 467 persona

177 473 282 509 etiam
289 469 561 507 fideicommissa
568 473 772 515 coeperunt,
781 469 961 505 codicillos
969 466 1175 503 introduxit.
1186 478 1267 503 nam

177 529 258 554 cum
291 515 478 552 decederet
508 514 546 550 in
576 514 736 557 Africa2,
769 515 912 559 scripsit
944 512 1125 549 codicillos
1157 515 1267 548 testa-

178 566 296 598 mento
334 560 584 603 confirmatos,
627 560 757 605 quibus
793 560 838 595 ab
870 561 1032 604 Augusto
1068 557 1171 602 petiit
1204 568 1269 603 per

178 606 510 648 fideicommissum,
545 608 587 641 ut
620 605 755 641 faceret
789 604 940 650 aliquid:
978 607 1014 638 et
1050 614 1131 638 cum
1168 603 1268 639 divus

177 655 359 698 Augustus
383 650 603 687 voluntatem
627 651 703 686 eius
727 650 925 695 implesset,
951 648 1118 693 deinceps
1142 648 1268 694 reliqui

177 697 427 734 auctoritatem
450 696 526 732 eius
549 696 664 731 secuti
687 694 960 731 fideicommissa
979 693 1213 739 praestabant
1232 698 1268 729 et

177 743 249 779 filia
272 741 417 779 Lentuli
447 741 583 787 legata,
617 752 709 786 quae
739 742 816 776 iure
846 751 918 775 non
950 738 1124 781 debebat,
1150 739 1264 774 solvit.

177 789 306 823 dicitur
336 788 521 833 Augustus
555 797 772 822 convocasse
803 785 1014 830 prudentes,
1048 783 1141 819 inter
1175 795 1265 830 quos

177 833 385 869 Trebatium
419 842 579 879 quoque,
616 832 716 867 cuius
755 835 843 866 tunc
879 829 1077 865 auctoritas
1111 830 1266 865 maxima

173 882 265 922 erat,
290 881 326 915 et
348 877 541 924 quaesisse,
566 888 611 912 an
661 877 750 912 ossit
772 877 842 911 hoc
865 875 978 920 recipi
1000 885 1067 910 nec
1085 875 1267 911 absonans

173 936 196 962 a
223 923 312 960 iuris
335 923 476 960 ratione
509 922 624 958 codici
651 933 751 958 orum
783 931 869 957 usus
902 924 1012 956 esset:
1045 921 1106 956 et³
1129 920 1265 956 Treba-

176 970 266 1005 tium
288 968 446 1005 suasisse
469 968 653 1013 Augusto,
686 967 782 1013 quod
814 966 949 1002 diceret
979 965 1205 1001 utilissimum
1230 969 1266 1002 et

177 1014 418 1051 necessarium
437 1014 507 1049 hoc
528 1013 662 1049 civibus
686 1023 763 1048 esse
776 1014 924 1058 propter
934 1021 1082 1056 magnas
1095 1014 1131 1047 et
1141 1011 1266 1057 longas

177 1059 499 1106 peregrinationes,
532 1068 623 1104 quae
647 1058 744 1103 apud
766 1060 904 1093 veteres
926 1056 1211 1099 fuissent³·,ubi,
1235 1056 1267 1092 si

178 1105 257 1152 quis
281 1107 532 1142 testamentum
555 1103 674 1139 facere
692 1114 765 1139 non
785 1105 919 1149 posset,
943 1105 1064 1138 tamen
1084 1101 1266 1138 codicillos

178 1154 309 1197 posset.
345 1153 428 1197 post
459 1159 552 1195 quae
584 1152 748 1194 tempora
771 1159 853 1185 cum
876 1150 913 1184 et
935 1146 1058 1184 Labeo
1084 1147 1266 1184 codicillos

2071 132 2133 165 DE
2161 126 2417 167 commus

1276 236 1283 241 ’
1333 237 1496 285 fecisset,
1520 240 1591 278 iam
1614 236 1745 279 nemini
1767 240 1915 279 dubium
1938 246 2033 287 erat,
2059 236 2147 290 quin¹
2167 237 2419 280 codicilli‘iure

1335 286 1470 332 optimo
1494 286 1775 324 admitterentur.

1337 335 1352 367 1
1447 331 1532 368 Non
1554 334 1693 368 tantum
1713 336 1832 369 autem
1852 336 2064 370 testamento
2083 332 2182 370 facto
2201 335 2321 380 potest
2363 334 2418 370 uis

1335 376 1516 413 codicillos
1550 376 1690 421 facere,
1725 378 1789 413 sed
1822 378 1882 414 et⁴
1912 378 2101 415 intestatus
2134 378 2213 424 quis
2244 378 2268 414 d
2355 389 2418 415 ens

1334 421 1640 458 fideicommittere
1663 422 1834 459 codicillis
1884 426 1987 459 otest.
2023 423 2086 460 sed
2107 434 2188 460 cum
2207 427 2291 460 ante
2307 427 2417 460 testa·

1335 471 1493 503 mentum
1515 467 1653 503 factum
1676 468 1829 504 codicilli
1868 469 1941 504 acti
1965 471 2077 511 erant,
2101 469 2154 504 Pa
2179 469 2346 505 inianus⁵
2369 469 2421 505 ait

1335 523 1407 549 non
1431 513 1535 549 aliter
1558 513 1649 549 vires
1672 513 1824 556 habere,
1857 524 1964 558 quam
1987 514 2017 549 si
2040 514 2135 559 spec'
2177 514 2184 522 ’
2208 517 2335 560 postea
2357 525 2420 550 vo-

1333 558 1470 593 luntate
1495 558 1759 594 confirmentur.
1805 558 1868 594 sed
1893 558 1963 594 divi
1986 558 2135 594 Severus
2158 562 2196 595 et
2216 560 2419 596 Antoninus

1333 603 1595 649 rescripserunt
1617 614 1661 639 ex
1681 604 1737 639 his
1762 604 1933 640 codicillis
1957 604 2017 649 qui
2043 607 2292 641 testamentum
2314 615 2419 651 prae-

1334 648 1467 702 cedunt
1488 659 1596 694 posse
1618 648 1930 685 fideicommissum
1953 649 2044 694 peti,
2077 648 2107 684 si
2131 659 2153 685 a
2178 653 2304 695 pareat
2327 660 2418 692 eum,

1333 697 1574 775 ἓωοέἕῗὲῑῖῗῑε
1581 697 1835 792 ἦθέιῗῗὲξὲἑῖἲὶ
1863 693 2420 776 {essssfflssaceffivs‘zgfffltzfflffi

1334 788 1454 820 autem
1477 784 1657 820 hereditas
1681 795 1796 830 neque
1820 784 1897 820 dari
1919 795 2036 830 neque
2065 784 2174 820 adimi
2204 788 2343 831 potest,
2376 796 2421 821 ne

1335 829 1577 866 confundatur
1588 830 1644 865 ius
1656 833 1950 866 testamentorum
1970 833 2005 866 et
2024 830 2279 874 codicillorum,
2293 834 2328 866 et
2339 830 2420 866 ideo

1333 886 1400 911 nec
1424 875 1652 911 exheredatio
1677 875 1796 910 scribi.

1335 921 1423 957 cillis
1447 931 1562 966 neque
1587 920 1664 956 dari
1687 931 1802 966 neque
1825 920 1933 956 adimi
1955 924 2093 966 potest:
2125 931 2209 956 nam
2232 931 2296 967 per
2319 920 2420 956 fidei-

1334 966 1561 1002 commissum
1585 965 1763 1002 hereditas
1788 965 1959 1002 codicillis
1981 966 2059 1002 iure
2081 965 2170 1002 relin
2194 966 2302 1002 uitur.
2339 967 2421 1002 ⁴3nec

1335 1011 1580 1048 condicionem
1611 1010 1733 1047 heredi
1754 1011 1919 1047 instituto
1945 1011 2116 1047 codicillis
2140 1021 2163 1047 a
2202 1022 2284 1047 cere
2306 1021 2422 1056 neque

1335 1060 1354 1092 3
1402 1056 1618 1093 substituere
1637 1056 1772 1092 directo
1792 1059 1922 1102 potest.
1970 1056 2159 1093 Codicillos
2179 1060 2297 1093 autem
2317 1056 2422 1093 etiam

1333 1103 1454 1148 plures
1486 1102 1565 1147 quis
1597 1101 1720 1138 facere
1741 1105 1879 1147 potest:
1916 1105 1951 1138 et
1981 1102 2117 1138 nullam
2148 1101 2422 1138 sollemnitatem

1334 1147 1568 1184 ordinationis
1592 1146 1805 1184 desiderant.

1834 875 1968 911 directo
1987 878 2105 910 autem
2123 875 2302 912 hereditas
2323 875 2420 911 codi-

1068 1610 1249 1661 LIBER
1277 1609 1545 1660 TERTIUS.

699 1739 742 1781 1¹

243 1810 305 1850 DE
328 1807 699 1843 HEREDITATIBUS
724 1806 847 1844 QUAE
872 1807 929 1838 AB
954 1806 1208 1840 INTESTATO

554 1852 865 1886 DEFERUNTUR

226 1921 421 1957 Intestatus
453 1919 609 1962 decedit,
645 1919 706 1965 qui
740 1922 804 1954 aut
838 1918 982 1955 omnino
1017 1921 1270 1954 testamentum

181 1977 253 2002 non
285 1965 374 2002 fecit
407 1969 471 2001 aut
502 1975 573 2000 non
605 1965 682 2000 iure
710 1964 821 2000 fecit⁸
845 1967 909 1999 aut
939 1964 974 1999 id
1007 1964 1105 2010 quod
1134 1963 1270 1999 fecerat

180 2015 327 2057 ruptum
349 2011 531 2046 irritumve
553 2010 690 2046 factum
715 2013 769 2045 est
793 2010 881 2045 aut⁹
904 2019 1007 2045 nemo
1033 2020 1077 2045 ex
1100 2019 1142 2045 eo
1166 2009 1270 2045 heres

184 2057 313 2093 extitit.

186 2106 198 2137 ι
299 2101 599 2136 ¹⁰'Intestatorum
624 2103 743 2135 autem
767 2100 982 2136 hereditates
1006 2111 1050 2136 ex
1072 2099 1150 2146 lege
1181 2099 1270 2135 duo-

182 2146 305 2183 'decim
327 2147 532 2182 tabularum
554 2146 707 2191 primum
730 2145 777 2181 ad
800 2156 885 2181 suos
908 2146 1057 2182 heredes
1079 2145 1269 2191 pertinent.

182 2196 202 2228 2
250 2192 324 2227 'Sui
343 2195 463 2228 autem
483 2190 631 2227 heredes
653 2191 912 2234 existimantur,
937 2195 978 2226 ut
997 2194 1032 2227 et
1051 2201 1161 2236 supra
1180 2190 1270 2225 dixi-

182 2239 270 2273 'mus
284 2238 321 2280 ¹¹,
358 2237 418 2282 qui
456 2237 495 2272 in
526 2239 706 2282 potestate
739 2236 922 2272 morientis
955 2236 1118 2272 fuerunt:
1161 2235 1271 2271 veluti

185 2283 285 2319 'filius
316 2282 408 2325 filia,
440 2292 552 2328 nepos
584 2281 743 2334 neptisve
775 2292 819 2317 ex
849 2281 942 2324 filio,
973 2292 1153 2327 pronepos
1185 2292 1269 2326 pro-

188 2328 352 2374 'neptisve
376 2338 420 2363 ex
443 2330 573 2373 nepote
596 2327 669 2363 fiho
694 2331 792 2370 nato,
817 2330 1014 2372 prognatus
1038 2330 1268 2372 prognatave.

183 2377 258 2409 'nec
278 2374 437 2416 interest,
457 2377 579 2408 utrum
598 2372 780 2407 naturales
798 2376 882 2407 sunt
901 2372 1004 2408 liberi
1023 2382 1071 2407 an
1091 2371 1270 2417 adoptivi!

182 2422 227 2454 2a
273 2418 410 2463 Quibus
435 2417 685 2454 connumerari
708 2427 855 2453 necesse
879 2421 934 2452 est
957 2418 1064 2453 etiam
1097 2427 1177 2460 eos,
1209 2417 1271 2462 qui

182 2474 227 2499 ex
256 2463 418 2509 legitimis
450 2462 591 2509 quidem
622 2462 855 2498 matrimoniis
879 2473 953 2498 non
976 2467 1060 2498 sunt
1082 2462 1270 2515 progeniti,

183 2509 290 2545 curiis
321 2513 441 2544 tamen
466 2508 649 2544 civitatum
673 2507 748 2543 dati
771 2508 967 2543 secundum
992 2508 1158 2543 divahum
1184 2518 1269 2543 con-

182 2555 426 2597 stitutionum,
460 2564 552 2599 quae
585 2563 692 2599 super
722 2553 778 2589 his
809 2553 948 2599 positae
971 2557 1076 2596 sunt,
1110 2557 1270 2589 tenorem

182 2610 328 2636 suorum
346 2600 426 2635 iura
446 2599 720 2634 nanciscuntur:
742 2609 808 2634 nec
828 2609 901 2634 non
921 2609 993 2641 eos,
1015 2609 1105 2644 quos
1126 2603 1271 2634 nostrae

182 2645 368 2697 amplexae
398 2648 481 2680 sunt
516 2644 788 2680 constitutiones
801 2644 840 2687 ¹²,
873 2654 938 2689 per
969 2654 1058 2690 quas
1088 2644 1268 2686 iussimus,

188 2691 215 2712 ¹³
223 2700 254 2726 si
309 2690 364 2726 uis
398 2689 579 2725 mulierem
613 2690 650 2724 in
685 2700 750 2725 suo
787 2689 1020 2725 contubernio
1053 2689 1272 2734 copulaverit

183 2745 256 2771 non
279 2746 301 2770 a
348 2735 449 2770 initio
481 2734 670 2770 affectione
700 2734 872 2777 maritali,
906 2745 984 2770 eam
1016 2737 1156 2777 tamen,
1189 2745 1271 2770 cum

183 2780 591 2871 352n120te33¹3t0¹2²b5550
601 2779 815 2861 Ἓῗιέἳῗὲἓέἒ
833 2780 1270 2870 ἕὲοὲἒᾱὲἶέῗέἓὲἶὲἓί

313 2852 322 2868 2

209 2871 308 2906 tialia
337 2870 573 2905 instrumenta
597 2881 677 2905 cum
701 2880 744 2906 ea
766 2870 892 2906 fecerit
914 2869 1079 2916 filiosque
1100 2870 1156 2906 vel
1178 2869 1271 2905 filias

183 2882 366 2952 Babuerit:
392 2925 465 2950 non
485 2915 598 2950 solum
618 2926 679 2951 eos
699 2916 842 2958 liberos,
868 2915 928 2960 qui
946 2919 1030 2968 post
1049 2915 1167 2951 dotem
1187 2915 1272 2951 editi

184 2965 284 3003 sunt,
308 2961 422 2996 iustos
447 2964 482 2995 et
503 2960 541 2995 in
563 2964 741 3005 potestate
764 2971 842 2997 esse
864 2961 1045 3006 patribus,
1078 2961 1141 2996 sed
1165 2961 1271 2996 etiam

184 3005 399 3048 anteriores,
433 3005 494 3051 qui
524 3009 561 3041 et
590 3005 645 3041 his
659 3006 685 3027 ¹⁴
710 3006 771 3051 qui
801 3009 928 3058 postea
957 3006 1034 3041 nati
1048 3010 1142 3042 ⁴sunt
1165 3016 1270 3042 occa-

185 3052 320 3088 sionem
342 3050 488 3096 legitimi
510 3050 660 3086 nominis
683 3055 957 3096 praestlterunt:
990 3051 1086 3097 quod
1110 3052 1271 3097 optinere

185 3096 404 3139 censuimus,
437 3095 575 3131 etiamsi
597 3107 671 3132 non
694 3096 868 3141 progeniti
889 3096 1023 3132 fuerint
1045 3100 1129 3142 post
1152 3097 1271 3132 dotale

183 3142 459 3178 instrumentum
482 3140 684 3176 confectum
706 3141 808 3177 liberi
831 3142 888 3177 vel
913 3142 1019 3178 etiam
1042 3142 1116 3177 nati
1137 3142 1182 3177 ab
1202 3142 1271 3177 hac

185 3190 227 3223 2⁶
272 3187 354 3223 luce
385 3186 560 3222 subtracti
580 3186 724 3221 fuerint.
778 3187 879 3222 ¹⁵’Ita
903 3187 1043 3223 demum
1065 3191 1186 3223 tamen
1208 3197 1271 3222 ne-

182 3233 263 3314 'gos
292 3231 452 3277 neptisve
484 3235 520 3266 et
550 3242 728 3277 pronepos
752 3233 978 3277 proneptisve
1001 3243 1147 3268 suorum
1169 3232 1270 3268 here-

187 3278 195 3292 '
220 3288 281 3314 um
302 3287 450 3313 numero
475 3280 569 3319 sunt,
593 3277 625 3312 si
647 3277 866 3321 praecedens
889 3287 1045 3322 persona
1067 3277 1212 3313 desierit
1234 3277 1271 3313 in

186 3323 374 3369 'potestate
396 3322 554 3367 parentis
585 3332 682 3365 esse,
714 3322 788 3357 sive
811 3326 924 3358 morte
946 3323 983 3358 id
1007 3322 1178 3359 acciderit
1192 3323 1273 3358 'sive

186 3368 268 3404 'alia
296 3367 455 3411 ratione,
489 3367 598 3402 veluti
628 3367 930 3413 emancipatione:
966 3378 1050 3403 nam
1081 3368 1112 3403 si
1141 3378 1206 3413 per
1234 3367 1272 3403 id

187 3413 356 3460 'tempus,
380 3423 450 3459 quo
475 3412 554 3458 quis
577 3416 790 3455 moreretur,
821 3412 916 3448 filius
937 3413 975 3448 in
995 3417 1175 3459 potestate
1197 3413 1273 3450 eius

233 3531 275 3572 (ι)
304 3529 353 3572 of
368 3529 449 3572 οῖς.
464 3530 518 3568 29,
535 3535 549 3561 π
580 3528 657 3561 cod.
672 3529 704 3566 6,
721 3535 756 3561 ιο
870 3527 916 3568 (2)
939 3528 987 3561 sic
1005 3527 1042 3560 B
1061 3539 1130 3561 cum
1151 3528 1193 3569 θ,
1214 3527 1274 3570 qm·

188 3575 355 3608 codicillos
367 3574 476 3607 mortis
489 3579 628 3616 tempora
640 3573 672 3605 in
686 3573 805 3615 Africa
817 3573 932 3615 saccos
952 3573 1063 3614 refert,
1083 3572 1221 3605 sirium
1242 3571 1276 3605 T
1338 3571 1385 3610 B.
1405 3573 1638 3604 tentamentum
1651 3571 1731 3604 feeit
1744 3571 1824 3605 TC*

187 3620 233 3662 (3)
256 3621 340 3652 esset
352 3620 397 3672 et]
411 3619 494 3651 esset
505 3617 554 3658 B,
567 3619 616 3651 ent
627 3619 660 3650 et
674 3617 737 3651 TC
797 3618 855 3659 (δ’)
879 3616 1084 3649 crebuissent
1095 3629 1170 3658 sen,
1183 3619 1225 3661 qs:
1239 3617 1272 3650 θ
1336 3617 1400 3659 (ιο)
1427 3616 1503 3650 Gai.
1517 3618 1549 3658 3,
1563 3623 1587 3650 ι.
1602 3623 1619 3649 2

188 3665 343 3706 συνεχεῖς
361 3674 454 3707 ησαν
467 3663 630 3706 (similiter
640 3662 809 3704 Huschke)
877 3662 923 3704 (4)
940 3661 998 3695 ted
1009 3663 1055 3703 et]
1070 3663 1112 3704 θ,
1125 3661 1182 3695 ud
1194 3662 1273 3696 tion·

188 3711 233 3751 (ὃ)
256 3711 337 3754 Diq.
350 3710 406 3752 29,
418 3716 447 3751 τ,
459 3717 477 3744 ι
493 3708 595 3752 (Pap.
612 3708 635 3742 l.
645 3714 661 3742 ¹1
677 3719 764 3751 resp.

190 3756 280 3788 ciani
297 3755 317 3787 I.
332 3762 348 3788 6
362 3756 435 3788 inu.
448 3753 544 3798 (Diq.
559 3754 613 3795 29,
626 3759 655 3795 ’1,
667 3758 684 3787 0
693 3764 748 3799 pr.
765 3756 781 3795 5
796 3754 824 3795 1)

870 3709 917 3749 (ο)
945 3707 1103 3751 §zfims
1123 3706 1271 3741 “Mar-
1337 3705 1512 3749 Beona,
1531 3706 1768 3749 quinethinT

1338 1737 1412 1780 'sit,
1444 1747 1556 1782 nepos
1588 1746 1632 1772 ex
1655 1747 1696 1773 eo
1721 1747 1807 1773 suus
1830 1736 1934 1773 heres
1958 1746 2038 1773 esse
2060 1746 2132 1772 non
2155 1738 2283 1789 potest.
2319 1735 2427 1789 idque

1339 1782 1386 1818 'et
1408 1782 1445 1817 in
1470 1782 1596 1818 ceteris
1621 1782 1788 1828 deinceps
1811 1782 2004 1819 liberorum
2027 1791 2188 1827 persoms
2213 1781 2348 1818 dictum
2371 1792 2424 1817 in-

1339 1827 1554 1873 ’tellegimus.
1590 1828 1748 1873 postumi
1791 1838 1919 1874 noque,
1945 1826 2016 1873 qui,
2041 1826 2072 1863 si
2088 1826 2167 1863 vivo
2183 1830 2332 1872 parente
2351 1827 2425 1862 nati

1340 1874 1487 1916 'essent‚
1511 1873 1550 1908 in
1572 1877 1751 1918 potestate
1790 1873 1887 1909 nturi
1909 1872 2046 1915 forent,
2070 1872 2126 1908 sui
2148 1872 2297 1908 heredes
2321 1872 2426 1908 sunt!

1338 1921 1358 1954 3
1406 1918 1470 1954 Sui
1493 1921 1612 1954 autem
1635 1918 1742 1954 etiam
1765 1919 1969 1964 ignorantes
1993 1917 2085 1953 fiunt
2106 1917 2253 1954 heredes
2273 1921 2320 1960 et,
2342 1917 2427 1954 licet

1337 1963 1464 2000 furiosi
1488 1963 1570 2006 sint,
1593 1963 1742 1999 heredes
1765 1967 1919 2009 possunt
1937 1963 2105 1999 existere:
2131 1962 2215 2009 quia
2233 1963 2362 2009 quibus
2381 1973 2427 1998 ex

1339 2009 1458 2045 causis
1480 2008 1727 2054 ignorantibus
1751 2009 1949 2055 adquiritur
1971 2008 2085 2051 nobis,
2110 2018 2156 2044 ex
2177 2007 2232 2044 his
2252 2008 2370 2044 causis
2391 2011 2428 2044 et

1337 2054 1482 2090 furiosis
1496 2054 1636 2099 adquiri
1655 2058 1785 2100 potest.
1818 2058 1855 2090 et
1872 2054 1993 2090 statim
2012 2056 2126 2090 morte
2143 2053 2303 2099 parentis
2323 2053 2426 2099 quasi

1339 2100 1569 2136 continuatur
1599 2100 1811 2136 dominium:
1845 2103 1880 2136 et
1908 2099 1989 2135 ideo
2021 2109 2088 2135 nec
2117 2098 2247 2135 tutoris
2269 2099 2425 2135 auctori÷

1337 2149 1412 2181 tate
1435 2155 1527 2191 opus
1552 2148 1606 2181 est
1627 2145 1666 2181 in
1688 2156 1738 2191 pu
1763 2145 1844 2188 illis,
1869 2155 1950 2181 cum
1969 2144 2076 2180 etiam
2094 2143 2341 2189 ignorantibus
2362 2143 2425 2180 ad-

1339 2190 1492 2236 quiritur
1514 2190 1588 2227 suis
1611 2190 1733 2226 heredi
1758 2201 1802 2226 us
1824 2190 2022 2226 hereditas:
2047 2199 2115 2225 nec
2139 2189 2315 2226 curatoris
2340 2200 2425 2225 con-

1338 2239 1359 2271 4
1405 2246 1513 2272 sensu
1536 2235 1734 2281 adquiritur
1756 2235 1904 2278 furioso,
1929 2235 1990 2271 sed
2010 2235 2088 2280 ipso
2106 2234 2195 2270 iure.
2242 2234 2426 2270 Interdum

1339 2284 1475 2323 autem,
1507 2281 1593 2316 licet
1621 2280 1659 2316 in
1681 2284 1860 2326 potestate
1882 2280 2006 2316 mortis
2029 2285 2101 2316 tem
2127 2290 2190 2316 ore
2213 2290 2300 2316 suus
2322 2280 2426 2315 heres

1339 2337 1411 2361 non
1434 2326 1512 2368 fuit,
1536 2329 1656 2362 tamen
1680 2337 1766 2362 suus
1789 2326 1893 2362 heres
1942 2326 2058 2361 arenti
2080 2335 2099 2361 e
2142 2325 2245 2368 citur,
2269 2325 2376 2361 veluti
2395 2325 2426 2362 si

1339 2372 1384 2407 ab
1416 2372 1577 2407 hostibus
1609 2371 1688 2416 quis
1719 2381 1882 2407 reversus
1921 2371 2015 2407 uerit
2062 2374 2120 2407 ost
2141 2373 2290 2406 mortem
2313 2370 2427 2416 patris

1339 2420 1359 2452 5
1407 2417 1480 2452 sui:
1513 2417 1569 2452 ius
1601 2417 1693 2452 enim
1717 2417 1923 2462 postliminii
1944 2417 2014 2452 hoc
2053 2416 2134 2452 acit.
2181 2415 2253 2452 Per
2282 2419 2425 2452 contra-

1340 2462 1429 2497 rium
1453 2462 1569 2498 evenit
1591 2466 1642 2504 ut,
1668 2462 1751 2498 licet
1774 2462 1853 2508 quis
1875 2462 1913 2497 in
1935 2461 2072 2497 familia
2091 2460 2249 2497 defuncti
2266 2461 2315 2497 sit
2329 2471 2426 2497 mor·

1338 2508 1384 2543 tis
1407 2511 1579 2553 tempore,
1603 2511 1723 2543 tamen
1746 2518 1833 2543 suus
1851 2507 1955 2543 heres
1976 2517 2047 2543 non
2064 2506 2140 2550 fiat,
2164 2506 2274 2542 veluti
2292 2506 2323 2542 si
2369 2509 2428 2543 ost

1338 2556 1488 2588 mortem
1511 2563 1613 2588 suam
1635 2556 1738 2598 pater
1759 2552 1938 2588 iudicatus
1960 2552 2069 2588 fuerit
2098 2562 2182 2588 reus
2213 2551 2327 2598 perdu
2375 2551 2425 2588 'o-

1340 2597 2135 2686 reniteat?hffffigfiaffuztttmssffi
2153 2596 2426 2678 giwii?

1340 2688 1444 2725 cedit.
1479 2688 1543 2724 sed
1565 2692 1686 2740 potest
1708 2688 1777 2724 dici
1799 2688 1878 2734 ipso
1894 2654 1980 2724 1iure
2003 2697 2082 2724 esse
2113 2698 2219 2724 suum
2247 2687 2425 2730 heredem,

1340 2737 1361 2770 6
1408 2733 1472 2770 sed
1505 2733 1676 2770 desinere.
1729 2735 1757 2756 ¹⁶
1766 2733 1864 2769 'Cum
1895 2733 1990 2769 filius
2020 2733 2138 2768 filiave
2167 2736 2204 2768 et
2233 2743 2277 2768 ex
2311 2732 2425 2769 altero

1341 2778 1421 2814 'filio
1445 2789 1558 2825 nepos
1581 2779 1743 2825 neptisve
1774 2782 1916 2822 extant,
1946 2778 2085 2831 pariter
2114 2777 2162 2813 ad
2191 2777 2426 2814 hereditatem

1340 2825 1523 2860 'vocantur
1545 2835 1611 2860 nec
1635 2824 1697 2870 qui
1717 2824 1830 2877 gradu
1853 2823 2047 2869 proximior
2067 2826 2121 2859 est
2139 2822 2342 2858 ulteriorem
2362 2833 2425 2859 et-

1340 2869 1480 2906 *cluditz
1505 2880 1658 2915 aequum
1682 2880 1774 2906 emm
1797 2879 1876 2906 esse
1897 2868 2036 2904 videtur
2058 2871 2206 2914 nepotes
2229 2873 2426 2915 neptesque

1339 2915 1386 2951 'in
1408 2915 1521 2961 patris
1545 2915 1601 2951 sui
1622 2915 1740 2951 locum
1763 2913 1963 2950 succedere.
1998 2913 2077 2959 pari
2098 2913 2239 2949 ratione
2257 2917 2294 2950 et
2311 2914 2343 2950 si
2361 2923 2424 2950 ne-

1340 2962 1415 3006 'pos
1439 2960 1627 3006 neptisque
1649 2960 1696 2996 sit
1715 2969 1760 2995 ex
1777 2959 1850 2995 filio
1871 2962 1908 2994 et
1928 2969 1973 2995 ex
1991 2962 2123 3012 nepote
2140 2968 2320 3005 pronepos
2338 2969 2423 3005 pro-

1340 3005 1527 3052 'neptisve,
1562 3005 1667 3041 simul
1697 3008 1882 3041 vocantur.
1924 3008 1961 3040 et
1991 3013 2075 3050 quia
2104 3003 2242 3050 placuit
2275 3007 2424 3049 nepotes

1340 3052 1554 3104 'neptesque
1577 3050 1662 3086 item
1710 3054 1898 3095 ronepotes
1921 3053 2183 3096 proneptesque
2203 3048 2243 3084 in
2264 3049 2424 3095 parentis

1339 3097 1405 3132 'sui
1426 3096 1546 3132 locum
1567 3106 1676 3132 succe
1702 3105 1778 3139 ere,
1804 3095 2015 3132 conveniens
2039 3104 2117 3130 esse
2136 3094 2251 3130 visum
2274 3097 2330 3130 est
2351 3105 2424 3131 non

1339 3142 1385 3177 'in
1409 3141 1539 3186 capita,
1564 3141 1626 3176 sed
1649 3141 1686 3176 in
1709 3141 1838 3186 stirpes
1860 3140 2093 3176 hereditatem
2116 3138 2243 3182 dividi,
2265 3143 2308 3175 ut
2329 3139 2424 3176 fflius

1339 3187 1347 3201 '
1373 3190 1486 3222 artem
1510 3186 1689 3222 dimidiam
1711 3186 1918 3222 hereditatis
1940 3185 2073 3221 habeat
2094 3188 2132 3220 et
2155 3194 2199 3220 ex
2218 3184 2331 3221 altero
2350 3184 2423 3221 filio

1340 3232 1608 3313 ldssssbtiu‘ffiss
1630 3235 1782 3322 ’ἐέξὲἰῖἰί
1803 3229 2306 3312 mammete„
2315 3229 2424 3310 ⁸203}

1341 3323 1415 3357 'aut
1437 3322 1528 3364 duo,
1561 3332 1605 3357 ex
1628 3322 1739 3358 altero
1762 3325 1836 3357 tres
1860 3325 1923 3357 aut
1945 3323 2132 3367 quattuor,
2155 3318 2203 3354 ad
2225 3330 2336 3355 unum
2358 3323 2424 3355 aut

1341 3367 1441 3403 ‘duos
1465 3367 1608 3403 dimidia
1630 3377 1714 3420 pars
1737 3367 1909 3413 pertinet,
1941 3365 1988 3401 ad
2009 3369 2082 3401 tres
2105 3364 2160 3399 vel
2183 3364 2230 3400 ad
2252 3368 2422 3410 quattuor

1342 3415 1361 3447 '1
1410 3412 1533 3448 'altera
1556 3411 1723 3448 dimidia..⁴
1770 3411 1860 3448 Cum
1882 3414 2001 3448 autem
2031 3409 2230 3456 quaeritur,
2261 3419 2309 3445 an
2339 3409 2419 3456 quis

1382 3527 1428 3569 (τ)
1456 3527 1507 3569 Os.
1530 3526 1607 3561 σαί.
1622 3529 1723 3567 3,1..s
1748 3526 1829 3569 οἱς.
1845 3526 1900 3568 38,
1913 3532 1947 3560 ιο
1976 3524 2054 3559 Cod.
2068 3526 2148 3563 (λιιι
2269 3524 2316 3565 (s)
2339 3523 2422 3556 tacit

1928 3570 1977 3613 (9)
1998 3570 2069 3610 aut]
2085 3569 2197 3609 TtC‘,
2218 3567 2317 3601 nutui
2329 3566 2420 3602 Bc·

2043 3614 2104 3657 (ιι)
2132 3613 2211 3648 cod.
2224 3615 2376 3655 e,²·1,1e.
2389 3619 2418 3648 ιι

2136 3660 2198 3701 (ιι)
2220 3657 2280 3701 qni
2300 3659 2335 3690 et
2352 3657 2419 3700 his]

2249 3703 2313 3747 (u)
2338 3701 2417 3737 Gau·-

1731 3617 1788 3656 (ιι)
1813 3618 1935 3658 2,1e,2

1337 3662 1398 3703 (18)
1420 3661 1450 3694 si
1468 3661 1705 3703 quin...fuerint
1723 3674 1762 3694 α·
1779 3661 1857 3695 cod.
1870 3662 1902 3702 ⁵,
1915 3666 1963 3701 2¹1,
1975 3666 2003 3694 11

1864 3705 1926 3748 (ιι)
1952 3703 2030 3739 σαί.
2044 3706 2079 3747 3,
2091 3711 2119 3738 2.
2132 3712 2150 3738 4

1338 3752 1374 3795 3,
1383 3757 1415 3787 ⁴1·
1425 3758 1445 3787 0
