<?xml version="1.0" encoding="UTF-8"?>
<!DOCTYPE html PUBLIC "-//W3C//DTD XHTML 1.0 Transitional//EN"
    "http://www.w3.org/TR/xhtml1/DTD/xhtml1-transitional.dtd">
<html xmlns="http://www.w3.org/1999/xhtml" xml:lang="en" lang="en">
 <head>
  <title>
</title>
<meta http-equiv="Content-Type" content="text/html;charset=utf-8" />
  <meta name='ocr-system' content='tesseract 3.04.00' />
  <meta name='ocr-capabilities' content='ocr_page ocr_carea ocr_par ocr_line ocrx_word'/>
</head>
<body>
  <div class='ocr_page' id='page_1' title='image "./corpusjuriscivil01krueuoft_0091.png"; bbox 0 0 2528 3918; ppageno 0'>
   <div class='ocr_carea' id='block_1_1' title="bbox 85 100 233 131">
    <p class='ocr_par' dir='ltr' id='par_1_1' title="bbox 85 100 233 131">
     <span class='ocr_line' id='line_1_1' title="bbox 85 100 233 131; baseline 0 -1"><span class='ocrx_word' id='word_1_1' title='bbox 85 100 233 131; x_wconf 83' lang='lat' dir='ltr'>TITULI</span> 
     </span>
    </p>
   </div>
   <div class='ocr_carea' id='block_1_2' title="bbox 107 207 1174 381">
    <p class='ocr_par' dir='ltr' id='par_1_2' title="bbox 109 207 682 245">
     <span class='ocr_line' id='line_1_2' title="bbox 109 207 682 245; baseline -0.002 -2"><span class='ocrx_word' id='word_1_2' title='bbox 109 209 130 243; x_wconf 82' lang='grc' dir='ltr'><em>δ</em></span> <span class='ocrx_word' id='word_1_3' title='bbox 177 214 203 245; x_wconf 87' lang='grc' dir='ltr'><strong>Β</strong></span> <span class='ocrx_word' id='word_1_4' title='bbox 239 209 293 245; x_wconf 91' lang='lat' dir='ltr'>De</span> <span class='ocrx_word' id='word_1_5' title='bbox 316 207 507 244; x_wconf 88' lang='lat' dir='ltr'>tributoria</span> <span class='ocrx_word' id='word_1_6' title='bbox 530 208 682 242; x_wconf 84' lang='lat' dir='ltr'>actione.</span> 
     </span>
    </p>

    <p class='ocr_par' dir='ltr' id='par_1_3' title="bbox 109 252 1174 343">
     <span class='ocr_line' id='line_1_3' title="bbox 109 252 1174 299; baseline -0.002 -12"><span class='ocrx_word' id='word_1_7' title='bbox 109 268 125 287; x_wconf 77' lang='grc' dir='ltr'><strong><em>ε</em></strong></span> <span class='ocrx_word' id='word_1_8' title='bbox 177 259 203 290; x_wconf 88' lang='grc' dir='ltr'><strong>Β</strong></span> <span class='ocrx_word' id='word_1_9' title='bbox 239 254 341 299; x_wconf 75' lang='lat' dir='ltr'>Quod</span> <span class='ocrx_word' id='word_1_10' title='bbox 372 264 453 288; x_wconf 90' lang='lat' dir='ltr'>cum</span> <span class='ocrx_word' id='word_1_11' title='bbox 486 263 546 296; x_wconf 83' lang='lat' dir='ltr'>eo,</span> <span class='ocrx_word' id='word_1_12' title='bbox 587 253 648 297; x_wconf 91' lang='lat' dir='ltr'>qui</span> <span class='ocrx_word' id='word_1_13' title='bbox 681 252 718 286; x_wconf 90' lang='lat' dir='ltr'>in</span> <span class='ocrx_word' id='word_1_14' title='bbox 750 252 868 286; x_wconf 86' lang='lat' dir='ltr'>aliena</span> <span class='ocrx_word' id='word_1_15' title='bbox 899 253 1076 296; x_wconf 82' lang='lat' dir='ltr'><strong>potestate</strong></span> <span class='ocrx_word' id='word_1_16' title='bbox 1108 254 1174 292; x_wconf 87' lang='lat' dir='ltr'>est,</span> 
     </span>
     <span class='ocr_line' id='line_1_4' title="bbox 289 297 906 343; baseline -0.003 -10"><span class='ocrx_word' id='word_1_17' title='bbox 289 298 468 343; x_wconf 80' lang='lat' dir='ltr'>negotium</span> <span class='ocrx_word' id='word_1_18' title='bbox 492 302 631 341; x_wconf 82' lang='lat' dir='ltr'>gestum</span> <span class='ocrx_word' id='word_1_19' title='bbox 656 307 734 332; x_wconf 87' lang='lat' dir='ltr'>esse</span> <span class='ocrx_word' id='word_1_20' title='bbox 760 297 906 331; x_wconf 88' lang='lat' dir='ltr'>dicetur.</span> 
     </span>
    </p>

    <p class='ocr_par' dir='ltr' id='par_1_4' title="bbox 107 342 949 381">
     <span class='ocr_line' id='line_1_5' title="bbox 107 342 949 381; baseline -0.005 0"><span class='ocrx_word' id='word_1_21' title='bbox 107 359 123 381; x_wconf 77' lang='lat' dir='ltr'>c</span> <span class='ocrx_word' id='word_1_22' title='bbox 175 349 201 380; x_wconf 90' lang='lat' dir='ltr'>R</span> <span class='ocrx_word' id='word_1_23' title='bbox 236 345 291 379; x_wconf 91' lang='lat' dir='ltr'>De</span> <span class='ocrx_word' id='word_1_24' title='bbox 315 347 460 379; x_wconf 85' lang='lat' dir='ltr'>senatus</span> <span class='ocrx_word' id='word_1_25' title='bbox 486 343 648 378; x_wconf 89' lang='lat' dir='ltr'>consulto</span> <span class='ocrx_word' id='word_1_26' title='bbox 673 342 949 378; x_wconf 87' lang='lat' dir='ltr'>Macedoniano.</span> 
     </span>
    </p>
   </div>
   <div class='ocr_carea' id='block_1_3' title="bbox 114 400 1144 457">
    <p class='ocr_par' dir='ltr' id='par_1_5' title="bbox 114 400 1144 457">
     <span class='ocr_line' id='line_1_6' title="bbox 114 400 1144 457; baseline -0.003 -12"><span class='ocrx_word' id='word_1_27' title='bbox 114 403 301 457; x_wconf 76' lang='lat' dir='ltr'><strong>Explicit</strong></span> <span class='ocrx_word' id='word_1_28' title='bbox 330 402 439 445; x_wconf 88' lang='lat' dir='ltr'>liber</span> <span class='ocrx_word' id='word_1_29' title='bbox 473 413 528 444; x_wconf 87' lang='lat' dir='ltr'>ex</span> <span class='ocrx_word' id='word_1_30' title='bbox 558 400 707 444; x_wconf 83' lang='lat' dir='ltr'>ordine</span> <span class='ocrx_word' id='word_1_31' title='bbox 737 405 911 455; x_wconf 89' lang='lat' dir='ltr'>quartus</span> <span class='ocrx_word' id='word_1_32' title='bbox 944 400 1144 444; x_wconf 84' lang='lat' dir='ltr'>decimus.</span> 
     </span>
    </p>
   </div>
   <div class='ocr_carea' id='block_1_4' title="bbox 85 513 1174 626">
    <p class='ocr_par' dir='ltr' id='par_1_6' title="bbox 85 513 1174 626">
     <span class='ocr_line' id='line_1_7' title="bbox 85 513 1174 571; baseline -0.002 -13"><span class='ocrx_word' id='word_1_33' title='bbox 85 516 238 571; x_wconf 79' lang='lat' dir='ltr'>Incipit</span> <span class='ocrx_word' id='word_1_34' title='bbox 268 515 376 558; x_wconf 86' lang='lat' dir='ltr'>liber</span> <span class='ocrx_word' id='word_1_35' title='bbox 406 529 459 558; x_wconf 91' lang='lat' dir='ltr'>ex</span> <span class='ocrx_word' id='word_1_36' title='bbox 490 515 640 558; x_wconf 82' lang='lat' dir='ltr'>ordine</span> <span class='ocrx_word' id='word_1_37' title='bbox 670 515 841 569; x_wconf 89' lang='lat' dir='ltr'>quintus</span> <span class='ocrx_word' id='word_1_38' title='bbox 877 515 1079 568; x_wconf 85' lang='lat' dir='ltr'>decimus,</span> <span class='ocrx_word' id='word_1_39' title='bbox 1121 513 1174 556; x_wconf 93' lang='lat' dir='ltr'>de</span> 
     </span>
     <span class='ocr_line' id='line_1_8' title="bbox 456 572 801 626; baseline -0.006 -11"><span class='ocrx_word' id='word_1_40' title='bbox 456 572 583 615; x_wconf 90' lang='lat' dir='ltr'>rebus</span> <span class='ocrx_word' id='word_1_41' title='bbox 613 575 801 626; x_wconf 80' lang='lat' dir='ltr'>quartus.</span> 
     </span>
    </p>
   </div>
   <div class='ocr_carea' id='block_1_5' title="bbox 103 638 997 820">
    <p class='ocr_par' dir='ltr' id='par_1_7' title="bbox 107 638 469 683">
     <span class='ocr_line' id='line_1_9' title="bbox 107 638 469 683; baseline 0.003 -11"><span class='ocrx_word' id='word_1_42' title='bbox 107 653 129 672; x_wconf 73' lang='lat' dir='ltr'>a</span> <span class='ocrx_word' id='word_1_43' title='bbox 176 643 203 675; x_wconf 88' lang='lat' dir='ltr'>R</span> <span class='ocrx_word' id='word_1_44' title='bbox 238 638 293 674; x_wconf 91' lang='lat' dir='ltr'>De</span> <span class='ocrx_word' id='word_1_45' title='bbox 316 639 469 683; x_wconf 87' lang='lat' dir='ltr'>peculio.</span> 
     </span>
    </p>

    <p class='ocr_par' dir='ltr' id='par_1_8' title="bbox 103 683 997 777">
     <span class='ocr_line' id='line_1_10' title="bbox 104 683 997 729; baseline -0.001 -9"><span class='ocrx_word' id='word_1_46' title='bbox 104 689 129 729; x_wconf 85' lang='grc' dir='ltr'><em>β</em></span> <span class='ocrx_word' id='word_1_47' title='bbox 175 688 202 720; x_wconf 91' lang='grc' dir='ltr'><strong>Β</strong></span> <span class='ocrx_word' id='word_1_48' title='bbox 237 684 387 729; x_wconf 82' lang='lat' dir='ltr'>Quando</span> <span class='ocrx_word' id='word_1_49' title='bbox 413 684 457 719; x_wconf 90' lang='lat' dir='ltr'>de</span> <span class='ocrx_word' id='word_1_50' title='bbox 481 684 620 729; x_wconf 90' lang='lat' dir='ltr'>peculio</span> <span class='ocrx_word' id='word_1_51' title='bbox 646 683 740 720; x_wconf 88' lang='lat' dir='ltr'>actio</span> <span class='ocrx_word' id='word_1_52' title='bbox 766 683 907 719; x_wconf 86' lang='lat' dir='ltr'>annalis</span> <span class='ocrx_word' id='word_1_53' title='bbox 931 687 997 720; x_wconf 89' lang='lat' dir='ltr'>est.</span> 
     </span>
     <span class='ocr_line' id='line_1_11' title="bbox 103 730 584 777; baseline 0.002 -12"><span class='ocrx_word' id='word_1_54' title='bbox 103 743 126 777; x_wconf 78' lang='lat' dir='ltr'>y</span> <span class='ocrx_word' id='word_1_55' title='bbox 174 734 201 766; x_wconf 86' lang='lat' dir='ltr'>R</span> <span class='ocrx_word' id='word_1_56' title='bbox 236 730 290 764; x_wconf 88' lang='lat' dir='ltr'>De</span> <span class='ocrx_word' id='word_1_57' title='bbox 312 730 349 765; x_wconf 92' lang='lat' dir='ltr'>in</span> <span class='ocrx_word' id='word_1_58' title='bbox 373 740 447 766; x_wconf 88' lang='lat' dir='ltr'>rem</span> <span class='ocrx_word' id='word_1_59' title='bbox 470 740 584 766; x_wconf 86' lang='lat' dir='ltr'>verso.</span> 
     </span>
    </p>

    <p class='ocr_par' dir='ltr' id='par_1_9' title="bbox 106 775 470 820">
     <span class='ocr_line' id='line_1_12' title="bbox 106 775 470 820; baseline 0.003 -11"><span class='ocrx_word' id='word_1_60' title='bbox 106 775 128 809; x_wconf 78' lang='grc' dir='ltr'><em>ὃ</em></span> <span class='ocrx_word' id='word_1_61' title='bbox 173 780 200 811; x_wconf 85' lang='grc' dir='ltr'><strong>Β</strong></span> <span class='ocrx_word' id='word_1_62' title='bbox 235 775 338 820; x_wconf 80' lang='lat' dir='ltr'>Quod</span> <span class='ocrx_word' id='word_1_63' title='bbox 360 776 470 811; x_wconf 89' lang='lat' dir='ltr'>iussu.</span> 
     </span>
    </p>
   </div>
   <div class='ocr_carea' id='block_1_6' title="bbox 118 833 1144 889">
    <p class='ocr_par' dir='ltr' id='par_1_10' title="bbox 118 833 1144 889">
     <span class='ocr_line' id='line_1_13' title="bbox 118 833 1144 889; baseline -0.001 -13"><span class='ocrx_word' id='word_1_64' title='bbox 118 834 306 889; x_wconf 83' lang='lat' dir='ltr'>Explicit</span> <span class='ocrx_word' id='word_1_65' title='bbox 333 834 445 877; x_wconf 88' lang='lat' dir='ltr'>liber</span> <span class='ocrx_word' id='word_1_66' title='bbox 475 848 528 877; x_wconf 87' lang='lat' dir='ltr'>cx</span> <span class='ocrx_word' id='word_1_67' title='bbox 559 834 708 877; x_wconf 81' lang='lat' dir='ltr'>ordine</span> <span class='ocrx_word' id='word_1_68' title='bbox 739 834 912 887; x_wconf 89' lang='lat' dir='ltr'>quintus</span> <span class='ocrx_word' id='word_1_69' title='bbox 944 833 1144 876; x_wconf 89' lang='lat' dir='ltr'>decimus.</span> 
     </span>
    </p>
   </div>
   <div class='ocr_carea' id='block_1_7' title="bbox 84 934 1174 1047">
    <p class='ocr_par' dir='ltr' id='par_1_11' title="bbox 84 934 1174 1047">
     <span class='ocr_line' id='line_1_14' title="bbox 84 934 1174 991; baseline -0.001 -13"><span class='ocrx_word' id='word_1_70' title='bbox 84 936 237 991; x_wconf 89' lang='lat' dir='ltr'>Incipit</span> <span class='ocrx_word' id='word_1_71' title='bbox 266 936 376 979; x_wconf 90' lang='lat' dir='ltr'>liber</span> <span class='ocrx_word' id='word_1_72' title='bbox 406 949 460 979; x_wconf 93' lang='lat' dir='ltr'>ex</span> <span class='ocrx_word' id='word_1_73' title='bbox 499 936 647 979; x_wconf 87' lang='lat' dir='ltr'>ordine</span> <span class='ocrx_word' id='word_1_74' title='bbox 685 940 831 979; x_wconf 89' lang='lat' dir='ltr'>sextus</span> <span class='ocrx_word' id='word_1_75' title='bbox 869 934 1079 990; x_wconf 85' lang='lat' dir='ltr'>decimus,</span> <span class='ocrx_word' id='word_1_76' title='bbox 1120 934 1174 978; x_wconf 89' lang='lat' dir='ltr'>de</span> 
     </span>
     <span class='ocr_line' id='line_1_15' title="bbox 390 993 871 1047; baseline -0.002 -12"><span class='ocrx_word' id='word_1_77' title='bbox 390 993 516 1036; x_wconf 89' lang='lat' dir='ltr'>rebus</span> <span class='ocrx_word' id='word_1_78' title='bbox 546 994 656 1036; x_wconf 89' lang='lat' dir='ltr'>liber</span> <span class='ocrx_word' id='word_1_79' title='bbox 686 993 871 1047; x_wconf 87' lang='lat' dir='ltr'>quintus.</span> 
     </span>
    </p>
   </div>
   <div class='ocr_carea' id='block_1_8' title="bbox 102 1059 954 1198">
    <p class='ocr_par' dir='ltr' id='par_1_12' title="bbox 102 1059 954 1198">
     <span class='ocr_line' id='line_1_16' title="bbox 107 1059 954 1095; baseline -0.001 -1"><span class='ocrx_word' id='word_1_80' title='bbox 107 1074 129 1093; x_wconf 86' lang='lat' dir='ltr'>a</span> <span class='ocrx_word' id='word_1_81' title='bbox 178 1065 203 1095; x_wconf 83' lang='lat' dir='ltr'>R</span> <span class='ocrx_word' id='word_1_82' title='bbox 239 1059 296 1095; x_wconf 91' lang='lat' dir='ltr'>Ad</span> <span class='ocrx_word' id='word_1_83' title='bbox 319 1063 465 1095; x_wconf 85' lang='lat' dir='ltr'>senatus</span> <span class='ocrx_word' id='word_1_84' title='bbox 491 1060 694 1095; x_wconf 91' lang='lat' dir='ltr'>consultum</span> <span class='ocrx_word' id='word_1_85' title='bbox 718 1059 954 1095; x_wconf 89' lang='lat' dir='ltr'>Velleianum.</span> 
     </span>
     <span class='ocr_line' id='line_1_17' title="bbox 102 1105 680 1151; baseline 0.002 -11"><span class='ocrx_word' id='word_1_86' title='bbox 102 1109 129 1149; x_wconf 84' lang='grc' dir='ltr'>β</span> <span class='ocrx_word' id='word_1_87' title='bbox 175 1109 201 1140; x_wconf 88' lang='grc' dir='ltr'><strong>Β</strong></span> <span class='ocrx_word' id='word_1_88' title='bbox 236 1105 291 1140; x_wconf 89' lang='lat' dir='ltr'>De</span> <span class='ocrx_word' id='word_1_89' title='bbox 316 1105 680 1151; x_wconf 73' lang='lat' dir='ltr'>compensationibus.</span> 
     </span>
     <span class='ocr_line' id='line_1_18' title="bbox 102 1150 641 1198; baseline -0.002 -12"><span class='ocrx_word' id='word_1_90' title='bbox 102 1166 124 1198; x_wconf 82' lang='lat' dir='ltr'>y</span> <span class='ocrx_word' id='word_1_91' title='bbox 174 1155 200 1186; x_wconf 91' lang='lat' dir='ltr'>R</span> <span class='ocrx_word' id='word_1_92' title='bbox 235 1150 401 1196; x_wconf 89' lang='lat' dir='ltr'>Depositi</span> <span class='ocrx_word' id='word_1_93' title='bbox 424 1151 478 1186; x_wconf 89' lang='lat' dir='ltr'>vel</span> <span class='ocrx_word' id='word_1_94' title='bbox 504 1155 641 1186; x_wconf 89' lang='lat' dir='ltr'>contra.</span> 
     </span>
    </p>
   </div>
   <div class='ocr_carea' id='block_1_9' title="bbox 130 1207 1130 1263">
    <p class='ocr_par' dir='ltr' id='par_1_13' title="bbox 130 1207 1130 1263">
     <span class='ocr_line' id='line_1_19' title="bbox 130 1207 1130 1263; baseline -0.001 -13"><span class='ocrx_word' id='word_1_95' title='bbox 130 1208 318 1263; x_wconf 86' lang='lat' dir='ltr'>Explicit</span> <span class='ocrx_word' id='word_1_96' title='bbox 348 1221 404 1252; x_wconf 86' lang='lat' dir='ltr'>ex</span> <span class='ocrx_word' id='word_1_97' title='bbox 435 1209 584 1252; x_wconf 83' lang='lat' dir='ltr'>ordine</span> <span class='ocrx_word' id='word_1_98' title='bbox 614 1209 723 1252; x_wconf 89' lang='lat' dir='ltr'>liber</span> <span class='ocrx_word' id='word_1_99' title='bbox 753 1214 897 1252; x_wconf 86' lang='lat' dir='ltr'>sextus</span> <span class='ocrx_word' id='word_1_100' title='bbox 929 1207 1130 1250; x_wconf 91' lang='lat' dir='ltr'>decimus.</span> 
     </span>
    </p>
   </div>
   <div class='ocr_carea' id='block_1_10' title="bbox 83 1309 1173 1412">
    <p class='ocr_par' dir='ltr' id='par_1_14' title="bbox 83 1309 1173 1412">
     <span class='ocr_line' id='line_1_20' title="bbox 83 1309 1173 1367; baseline -0.001 -13"><span class='ocrx_word' id='word_1_101' title='bbox 83 1312 237 1367; x_wconf 82' lang='lat' dir='ltr'>Incipit</span> <span class='ocrx_word' id='word_1_102' title='bbox 266 1312 374 1355; x_wconf 90' lang='lat' dir='ltr'>liber</span> <span class='ocrx_word' id='word_1_103' title='bbox 400 1325 454 1355; x_wconf 90' lang='lat' dir='ltr'>ex</span> <span class='ocrx_word' id='word_1_104' title='bbox 479 1311 628 1354; x_wconf 84' lang='lat' dir='ltr'>ordine</span> <span class='ocrx_word' id='word_1_105' title='bbox 652 1311 858 1367; x_wconf 88' lang='lat' dir='ltr'>septimus</span> <span class='ocrx_word' id='word_1_106' title='bbox 883 1310 1085 1364; x_wconf 86' lang='lat' dir='ltr'>decimus,</span> <span class='ocrx_word' id='word_1_107' title='bbox 1120 1309 1173 1353; x_wconf 88' lang='lat' dir='ltr'>de</span> 
     </span>
     <span class='ocr_line' id='line_1_21' title="bbox 397 1369 852 1412; baseline -0.002 -1"><span class='ocrx_word' id='word_1_108' title='bbox 397 1369 524 1411; x_wconf 87' lang='lat' dir='ltr'>rebus</span> <span class='ocrx_word' id='word_1_109' title='bbox 556 1369 664 1412; x_wconf 88' lang='lat' dir='ltr'>liber</span> <span class='ocrx_word' id='word_1_110' title='bbox 694 1373 852 1412; x_wconf 89' lang='lat' dir='ltr'>sextus.</span> 
     </span>
    </p>
   </div>
   <div class='ocr_carea' id='block_1_11' title="bbox 102 1434 641 1524">
    <p class='ocr_par' dir='ltr' id='par_1_15' title="bbox 102 1434 641 1524">
     <span class='ocr_line' id='line_1_22' title="bbox 105 1434 641 1471; baseline 0.004 -2"><span class='ocrx_word' id='word_1_111' title='bbox 105 1449 127 1468; x_wconf 87' lang='grc' dir='ltr'><em>α</em></span> <span class='ocrx_word' id='word_1_112' title='bbox 175 1439 200 1470; x_wconf 84' lang='grc' dir='ltr'><strong>Β</strong></span> <span class='ocrx_word' id='word_1_113' title='bbox 234 1434 400 1470; x_wconf 88' lang='lat' dir='ltr'>Mandati</span> <span class='ocrx_word' id='word_1_114' title='bbox 422 1435 477 1470; x_wconf 92' lang='lat' dir='ltr'>vel</span> <span class='ocrx_word' id='word_1_115' title='bbox 503 1438 641 1471; x_wconf 87' lang='lat' dir='ltr'>contra.</span> 
     </span>
     <span class='ocr_line' id='line_1_23' title="bbox 102 1480 440 1524; baseline 0 -8"><span class='ocrx_word' id='word_1_116' title='bbox 102 1485 128 1524; x_wconf 82' lang='grc' dir='ltr'>β</span> <span class='ocrx_word' id='word_1_117' title='bbox 174 1485 200 1516; x_wconf 91' lang='grc' dir='ltr'><strong>Β</strong></span> <span class='ocrx_word' id='word_1_118' title='bbox 235 1481 306 1516; x_wconf 90' lang='lat' dir='ltr'>Pro</span> <span class='ocrx_word' id='word_1_119' title='bbox 331 1480 440 1516; x_wconf 87' lang='lat' dir='ltr'>socio.</span> 
     </span>
    </p>
   </div>
   <div class='ocr_carea' id='block_1_12' title="bbox 81 1538 1172 1594">
    <p class='ocr_par' dir='ltr' id='par_1_16' title="bbox 81 1538 1172 1594">
     <span class='ocr_line' id='line_1_24' title="bbox 81 1538 1172 1594; baseline 0 -13"><span class='ocrx_word' id='word_1_120' title='bbox 81 1539 270 1594; x_wconf 82' lang='lat' dir='ltr'>Explicit</span> <span class='ocrx_word' id='word_1_121' title='bbox 299 1539 407 1582; x_wconf 90' lang='lat' dir='ltr'>liber</span> <span class='ocrx_word' id='word_1_122' title='bbox 447 1552 500 1582; x_wconf 89' lang='lat' dir='ltr'>ex</span> <span class='ocrx_word' id='word_1_123' title='bbox 540 1539 689 1583; x_wconf 88' lang='lat' dir='ltr'>ordine</span> <span class='ocrx_word' id='word_1_124' title='bbox 727 1539 933 1594; x_wconf 90' lang='lat' dir='ltr'>septimus</span> <span class='ocrx_word' id='word_1_125' title='bbox 968 1538 1172 1582; x_wconf 90' lang='lat' dir='ltr'>decimus.</span> 
     </span>
    </p>
   </div>
   <div class='ocr_carea' id='block_1_13' title="bbox 83 1641 1172 1753">
    <p class='ocr_par' dir='ltr' id='par_1_17' title="bbox 83 1641 1172 1753">
     <span class='ocr_line' id='line_1_25' title="bbox 83 1641 1172 1696; baseline 0.002 -13"><span class='ocrx_word' id='word_1_126' title='bbox 83 1641 237 1696; x_wconf 88' lang='lat' dir='ltr'>Incipit</span> <span class='ocrx_word' id='word_1_127' title='bbox 273 1642 382 1684; x_wconf 89' lang='lat' dir='ltr'>liber</span> <span class='ocrx_word' id='word_1_128' title='bbox 418 1655 473 1685; x_wconf 92' lang='lat' dir='ltr'>ex</span> <span class='ocrx_word' id='word_1_129' title='bbox 510 1642 661 1685; x_wconf 88' lang='lat' dir='ltr'>ordine</span> <span class='ocrx_word' id='word_1_130' title='bbox 700 1642 960 1696; x_wconf 87' lang='lat' dir='ltr'>digestorum</span> <span class='ocrx_word' id='word_1_131' title='bbox 997 1645 1172 1685; x_wconf 88' lang='lat' dir='ltr'>octavus</span> 
     </span>
     <span class='ocr_line' id='line_1_26' title="bbox 211 1698 1044 1753; baseline 0.001 -13"><span class='ocrx_word' id='word_1_132' title='bbox 211 1698 413 1752; x_wconf 85' lang='lat' dir='ltr'>decimus,</span> <span class='ocrx_word' id='word_1_133' title='bbox 446 1699 500 1742; x_wconf 88' lang='lat' dir='ltr'>de</span> <span class='ocrx_word' id='word_1_134' title='bbox 530 1700 656 1742; x_wconf 89' lang='lat' dir='ltr'>rebus</span> <span class='ocrx_word' id='word_1_135' title='bbox 686 1699 796 1741; x_wconf 90' lang='lat' dir='ltr'>liber</span> <span class='ocrx_word' id='word_1_136' title='bbox 825 1699 1044 1753; x_wconf 90' lang='lat' dir='ltr'>septimus.</span> 
     </span>
    </p>
   </div>
   <div class='ocr_carea' id='block_1_14' title="bbox 236 1764 1174 1902">
    <p class='ocr_par' dir='ltr' id='par_1_18' title="bbox 236 1764 1174 1902">
     <span class='ocr_line' id='line_1_27' title="bbox 236 1764 1174 1810; baseline 0 -11"><span class='ocrx_word' id='word_1_137' title='bbox 236 1765 291 1801; x_wconf 91' lang='lat' dir='ltr'>De</span> <span class='ocrx_word' id='word_1_138' title='bbox 316 1765 562 1801; x_wconf 85' lang='lat' dir='ltr'>contrahenda</span> <span class='ocrx_word' id='word_1_139' title='bbox 586 1777 640 1801; x_wconf 90' lang='lat' dir='ltr'>em</span> <span class='ocrx_word' id='word_1_140' title='bbox 666 1765 763 1800; x_wconf 91' lang='lat' dir='ltr'>tione</span> <span class='ocrx_word' id='word_1_141' title='bbox 795 1768 831 1800; x_wconf 91' lang='lat' dir='ltr'>et</span> <span class='ocrx_word' id='word_1_142' title='bbox 865 1764 908 1800; x_wconf 89' lang='lat' dir='ltr'>de</span> <span class='ocrx_word' id='word_1_143' title='bbox 939 1765 1057 1810; x_wconf 88' lang='lat' dir='ltr'>pactis</span> <span class='ocrx_word' id='word_1_144' title='bbox 1081 1766 1174 1800; x_wconf 88' lang='lat' dir='ltr'>inter</span> 
     </span>
     <span class='ocr_line' id='line_1_28' title="bbox 284 1811 1173 1856; baseline 0.001 -11"><span class='ocrx_word' id='word_1_145' title='bbox 284 1815 478 1856; x_wconf 86' lang='lat' dir='ltr'>emptorem</span> <span class='ocrx_word' id='word_1_146' title='bbox 506 1815 541 1846; x_wconf 90' lang='lat' dir='ltr'>et</span> <span class='ocrx_word' id='word_1_147' title='bbox 561 1822 628 1846; x_wconf 87' lang='lat' dir='ltr'>ven</span> <span class='ocrx_word' id='word_1_148' title='bbox 655 1811 779 1847; x_wconf 86' lang='lat' dir='ltr'>‘torem</span> <span class='ocrx_word' id='word_1_149' title='bbox 799 1811 1006 1856; x_wconf 89' lang='lat' dir='ltr'>compositis</span> <span class='ocrx_word' id='word_1_150' title='bbox 1028 1815 1062 1846; x_wconf 90' lang='lat' dir='ltr'>et</span> <span class='ocrx_word' id='word_1_151' title='bbox 1082 1821 1173 1855; x_wconf 88' lang='lat' dir='ltr'>quae</span> 
     </span>
     <span class='ocr_line' id='line_1_29' title="bbox 285 1856 760 1902; baseline -0.002 -11"><span class='ocrx_word' id='word_1_152' title='bbox 285 1867 344 1892; x_wconf 88' lang='lat' dir='ltr'>res</span> <span class='ocrx_word' id='word_1_153' title='bbox 368 1856 478 1892; x_wconf 86' lang='lat' dir='ltr'>veniri</span> <span class='ocrx_word' id='word_1_154' title='bbox 502 1868 575 1892; x_wconf 89' lang='lat' dir='ltr'>non</span> <span class='ocrx_word' id='word_1_155' title='bbox 598 1860 760 1902; x_wconf 84' lang='lat' dir='ltr'>possunt.</span> 
     </span>
    </p>
   </div>
   <div class='ocr_carea' id='block_1_15' title="bbox 105 1769 201 1800">
    <p class='ocr_par' dir='ltr' id='par_1_19' title="bbox 105 1769 201 1800">
     <span class='ocr_line' id='line_1_30' title="bbox 105 1769 201 1800; baseline 0.021 -2"><span class='ocrx_word' id='word_1_156' title='bbox 105 1779 127 1798; x_wconf 88' lang='grc' dir='ltr'><strong><em>α</em></strong></span> <span class='ocrx_word' id='word_1_157' title='bbox 175 1769 201 1800; x_wconf 76' lang='lat' dir='ltr'>R</span> 
     </span>
    </p>
   </div>
   <div class='ocr_carea' id='block_1_16' title="bbox 103 1901 1174 2220">
    <p class='ocr_par' dir='ltr' id='par_1_20' title="bbox 103 1901 1174 2220">
     <span class='ocr_line' id='line_1_31' title="bbox 103 1901 704 1945; baseline 0 -9"><span class='ocrx_word' id='word_1_158' title='bbox 103 1905 129 1945; x_wconf 73' lang='grc' dir='ltr'>,Β</span> <span class='ocrx_word' id='word_1_159' title='bbox 175 1905 201 1936; x_wconf 98' lang='grc' dir='ltr'><strong>Β</strong></span> <span class='ocrx_word' id='word_1_160' title='bbox 236 1901 291 1936; x_wconf 88' lang='lat' dir='ltr'>De</span> <span class='ocrx_word' id='word_1_161' title='bbox 314 1902 351 1936; x_wconf 91' lang='lat' dir='ltr'>in</span> <span class='ocrx_word' id='word_1_162' title='bbox 376 1902 467 1937; x_wconf 86' lang='lat' dir='ltr'>diem</span> <span class='ocrx_word' id='word_1_163' title='bbox 492 1902 704 1938; x_wconf 85' lang='lat' dir='ltr'>addictione.</span> 
     </span>
     <span class='ocr_line' id='line_1_32' title="bbox 103 1946 933 2028; baseline 0.004 -3"><span class='ocrx_word' id='word_1_164' title='bbox 103 1961 127 2024; x_wconf 57' lang='lat' dir='ltr'>s?</span> <span class='ocrx_word' id='word_1_165' title='bbox 174 1951 199 2026; x_wconf 59' lang='grc' dir='ltr'>ἓ</span> <span class='ocrx_word' id='word_1_166' title='bbox 235 1946 291 2027; x_wconf 58' lang='lat' dir='ltr'>gg</span> <span class='ocrx_word' id='word_1_167' title='bbox 313 1948 755 2028; x_wconf 45' lang='lat' dir='ltr'>hegzdtigdltemjgfraigtione</span> <span class='ocrx_word' id='word_1_168' title='bbox 779 1993 933 2028; x_wconf 84' lang='lat' dir='ltr'>vendita.</span> 
     </span>
     <span class='ocr_line' id='line_1_33' title="bbox 173 2037 1173 2082; baseline 0 -9"><span class='ocrx_word' id='word_1_169' title='bbox 173 2042 198 2073; x_wconf 85' lang='lat' dir='ltr'>R</span> <span class='ocrx_word' id='word_1_170' title='bbox 234 2038 289 2073; x_wconf 89' lang='lat' dir='ltr'>De</span> <span class='ocrx_word' id='word_1_171' title='bbox 312 2038 547 2073; x_wconf 86' lang='lat' dir='ltr'>rescindenda</span> <span class='ocrx_word' id='word_1_172' title='bbox 569 2038 772 2074; x_wconf 86' lang='lat' dir='ltr'>venditione</span> <span class='ocrx_word' id='word_1_173' title='bbox 797 2042 833 2074; x_wconf 90' lang='lat' dir='ltr'>et</span> <span class='ocrx_word' id='word_1_174' title='bbox 855 2037 998 2082; x_wconf 87' lang='lat' dir='ltr'>quando</span> <span class='ocrx_word' id='word_1_175' title='bbox 1019 2038 1104 2074; x_wconf 91' lang='lat' dir='ltr'>licet</span> <span class='ocrx_word' id='word_1_176' title='bbox 1128 2038 1173 2073; x_wconf 87' lang='lat' dir='ltr'>ab</span> 
     </span>
     <span class='ocr_line' id='line_1_34' title="bbox 288 2084 686 2128; baseline 0.005 -11"><span class='ocrx_word' id='word_1_177' title='bbox 288 2084 465 2128; x_wconf 87' lang='lat' dir='ltr'>emptione</span> <span class='ocrx_word' id='word_1_178' title='bbox 493 2084 686 2119; x_wconf 87' lang='lat' dir='ltr'>discedere.</span> 
     </span>
     <span class='ocr_line' id='line_1_35' title="bbox 171 2128 1019 2174; baseline 0 -11"><span class='ocrx_word' id='word_1_179' title='bbox 171 2132 197 2163; x_wconf 88' lang='lat' dir='ltr'>R</span> <span class='ocrx_word' id='word_1_180' title='bbox 234 2128 288 2164; x_wconf 90' lang='lat' dir='ltr'>De</span> <span class='ocrx_word' id='word_1_181' title='bbox 312 2129 473 2174; x_wconf 88' lang='lat' dir='ltr'>periculo</span> <span class='ocrx_word' id='word_1_182' title='bbox 499 2134 534 2164; x_wconf 90' lang='lat' dir='ltr'>et</span> <span class='ocrx_word' id='word_1_183' title='bbox 558 2130 742 2166; x_wconf 90' lang='lat' dir='ltr'>commodo</span> <span class='ocrx_word' id='word_1_184' title='bbox 767 2130 819 2165; x_wconf 87' lang='lat' dir='ltr'>rei</span> <span class='ocrx_word' id='word_1_185' title='bbox 844 2128 1019 2164; x_wconf 86' lang='lat' dir='ltr'>venditae.</span> 
     </span>
     <span class='ocr_line' id='line_1_36' title="bbox 108 2174 1174 2220; baseline 0.002 -12"><span class='ocrx_word' id='word_1_186' title='bbox 108 2174 126 2213; x_wconf 76' lang='grc' dir='ltr'>ζ</span> <span class='ocrx_word' id='word_1_187' title='bbox 173 2178 198 2208; x_wconf 91' lang='grc' dir='ltr'><strong>Β</strong></span> <span class='ocrx_word' id='word_1_188' title='bbox 234 2174 289 2210; x_wconf 84' lang='grc' dir='ltr'>Ι)θ</span> <span class='ocrx_word' id='word_1_189' title='bbox 319 2175 428 2210; x_wconf 89' lang='lat' dir='ltr'>servis</span> <span class='ocrx_word' id='word_1_190' title='bbox 462 2175 694 2220; x_wconf 84' lang='lat' dir='ltr'>exportandis</span> <span class='ocrx_word' id='word_1_191' title='bbox 726 2176 781 2210; x_wconf 88' lang='lat' dir='ltr'>vel</span> <span class='ocrx_word' id='word_1_192' title='bbox 812 2175 843 2210; x_wconf 90' lang='lat' dir='ltr'>si</span> <span class='ocrx_word' id='word_1_193' title='bbox 873 2175 925 2209; x_wconf 90' lang='lat' dir='ltr'>ita</span> <span class='ocrx_word' id='word_1_194' title='bbox 958 2175 1174 2220; x_wconf 87' lang='lat' dir='ltr'>mancipium</span> 
     </span>
    </p>
   </div>
   <div class='ocr_carea' id='block_1_17' title="bbox 287 2221 1036 2263">
    <p class='ocr_par' dir='ltr' id='par_1_21' title="bbox 287 2221 1036 2263">
     <span class='ocr_line' id='line_1_37' title="bbox 287 2221 1036 2263; baseline 0.001 -9"><span class='ocrx_word' id='word_1_195' title='bbox 287 2224 424 2262; x_wconf 89' lang='lat' dir='ltr'>veneat,</span> <span class='ocrx_word' id='word_1_196' title='bbox 450 2224 491 2254; x_wconf 88' lang='lat' dir='ltr'>ut</span> <span class='ocrx_word' id='word_1_197' title='bbox 514 2222 796 2263; x_wconf 85' lang='lat' dir='ltr'>manumittatur,</span> <span class='ocrx_word' id='word_1_198' title='bbox 819 2221 874 2256; x_wconf 93' lang='lat' dir='ltr'>vel</span> <span class='ocrx_word' id='word_1_199' title='bbox 899 2225 1036 2256; x_wconf 89' lang='lat' dir='ltr'>contra.</span> 
     </span>
    </p>
   </div>
   <div class='ocr_carea' id='block_1_18' title="bbox 84 2311 1174 2423">
    <p class='ocr_par' dir='ltr' id='par_1_22' title="bbox 84 2311 1174 2423">
     <span class='ocr_line' id='line_1_38' title="bbox 84 2311 1174 2368; baseline 0.004 -16"><span class='ocrx_word' id='word_1_200' title='bbox 84 2311 238 2366; x_wconf 85' lang='lat' dir='ltr'>incipit</span> <span class='ocrx_word' id='word_1_201' title='bbox 282 2326 335 2354; x_wconf 86' lang='lat' dir='ltr'>ex</span> <span class='ocrx_word' id='word_1_202' title='bbox 379 2313 528 2355; x_wconf 88' lang='lat' dir='ltr'>ordine</span> <span class='ocrx_word' id='word_1_203' title='bbox 571 2313 831 2368; x_wconf 89' lang='lat' dir='ltr'>digestorum</span> <span class='ocrx_word' id='word_1_204' title='bbox 882 2313 990 2355; x_wconf 87' lang='lat' dir='ltr'>liber</span> <span class='ocrx_word' id='word_1_205' title='bbox 1036 2327 1174 2356; x_wconf 89' lang='lat' dir='ltr'>nonus</span> 
     </span>
     <span class='ocr_line' id='line_1_39' title="bbox 295 2369 960 2423; baseline 0.002 -12"><span class='ocrx_word' id='word_1_206' title='bbox 295 2369 497 2423; x_wconf 86' lang='lat' dir='ltr'>decimus,</span> <span class='ocrx_word' id='word_1_207' title='bbox 531 2369 584 2412; x_wconf 92' lang='lat' dir='ltr'>de</span> <span class='ocrx_word' id='word_1_208' title='bbox 614 2371 742 2413; x_wconf 88' lang='lat' dir='ltr'>rebus</span> <span class='ocrx_word' id='word_1_209' title='bbox 772 2374 960 2413; x_wconf 87' lang='lat' dir='ltr'>octavus.</span> 
     </span>
    </p>
   </div>
   <div class='ocr_carea' id='block_1_19' title="bbox 103 2434 1172 2663">
    <p class='ocr_par' dir='ltr' id='par_1_23' title="bbox 106 2434 819 2482">
     <span class='ocr_line' id='line_1_40' title="bbox 106 2434 819 2482; baseline 0.007 -15"><span class='ocrx_word' id='word_1_210' title='bbox 106 2448 128 2466; x_wconf 85' lang='grc' dir='ltr'>α</span> <span class='ocrx_word' id='word_1_211' title='bbox 176 2437 203 2469; x_wconf 89' lang='grc' dir='ltr'><strong>Β</strong></span> <span class='ocrx_word' id='word_1_212' title='bbox 237 2434 293 2470; x_wconf 90' lang='lat' dir='ltr'>De</span> <span class='ocrx_word' id='word_1_213' title='bbox 316 2436 518 2471; x_wconf 86' lang='lat' dir='ltr'>actionibus</span> <span class='ocrx_word' id='word_1_214' title='bbox 544 2437 651 2482; x_wconf 84' lang='lat' dir='ltr'>empti</span> <span class='ocrx_word' id='word_1_215' title='bbox 676 2436 819 2472; x_wconf 88' lang='lat' dir='ltr'>venditi.</span> 
     </span>
    </p>

    <p class='ocr_par' dir='ltr' id='par_1_24' title="bbox 103 2480 569 2522">
     <span class='ocr_line' id='line_1_41' title="bbox 103 2480 569 2522; baseline 0.009 -9"><span class='ocrx_word' id='word_1_216' title='bbox 103 2482 130 2522; x_wconf 77' lang='grc' dir='ltr'>β</span> <span class='ocrx_word' id='word_1_217' title='bbox 176 2483 201 2513; x_wconf 88' lang='lat' dir='ltr'>R</span> <span class='ocrx_word' id='word_1_218' title='bbox 238 2480 365 2515; x_wconf 88' lang='lat' dir='ltr'>Locati</span> <span class='ocrx_word' id='word_1_219' title='bbox 389 2481 569 2518; x_wconf 91' lang='lat' dir='ltr'>conducti.</span> 
     </span>
    </p>

    <p class='ocr_par' dir='ltr' id='par_1_25' title="bbox 104 2525 734 2573">
     <span class='ocr_line' id='line_1_42' title="bbox 104 2525 734 2573; baseline 0.006 -15"><span class='ocrx_word' id='word_1_220' title='bbox 104 2538 126 2569; x_wconf 82' lang='grc' dir='ltr'><em>γ</em></span> <span class='ocrx_word' id='word_1_221' title='bbox 176 2529 201 2559; x_wconf 86' lang='grc' dir='ltr'><strong>Β</strong></span> <span class='ocrx_word' id='word_1_222' title='bbox 237 2525 291 2573; x_wconf 81' lang='lat' dir='ltr'>De</span> <span class='ocrx_word' id='word_1_223' title='bbox 316 2527 558 2562; x_wconf 85' lang='lat' dir='ltr'>aestimatoria</span> <span class='ocrx_word' id='word_1_224' title='bbox 581 2528 734 2563; x_wconf 88' lang='lat' dir='ltr'>actione.</span> 
     </span>
    </p>

    <p class='ocr_par' dir='ltr' id='par_1_26' title="bbox 106 2569 728 2617">
     <span class='ocr_line' id='line_1_43' title="bbox 106 2569 728 2617; baseline 0.008 -14"><span class='ocrx_word' id='word_1_225' title='bbox 106 2569 128 2603; x_wconf 80' lang='grc' dir='ltr'><em>ὃ</em></span> <span class='ocrx_word' id='word_1_226' title='bbox 177 2574 199 2605; x_wconf 89' lang='grc' dir='ltr'><strong>Β</strong></span> <span class='ocrx_word' id='word_1_227' title='bbox 236 2571 290 2606; x_wconf 87' lang='lat' dir='ltr'>De</span> <span class='ocrx_word' id='word_1_228' title='bbox 313 2582 431 2607; x_wconf 90' lang='lat' dir='ltr'>rerum</span> <span class='ocrx_word' id='word_1_229' title='bbox 455 2573 728 2617; x_wconf 86' lang='lat' dir='ltr'>permutatione.</span> 
     </span>
    </p>

    <p class='ocr_par' dir='ltr' id='par_1_27' title="bbox 106 2616 1172 2663">
     <span class='ocr_line' id='line_1_44' title="bbox 106 2616 1172 2663; baseline 0.008 -16"><span class='ocrx_word' id='word_1_230' title='bbox 106 2628 122 2647; x_wconf 73' lang='grc' dir='ltr'><em>ε</em></span> <span class='ocrx_word' id='word_1_231' title='bbox 174 2620 197 2650; x_wconf 87' lang='grc' dir='ltr'><strong>Β</strong></span> <span class='ocrx_word' id='word_1_232' title='bbox 234 2616 288 2651; x_wconf 89' lang='lat' dir='ltr'>De</span> <span class='ocrx_word' id='word_1_233' title='bbox 311 2618 543 2663; x_wconf 86' lang='lat' dir='ltr'>praescriptis</span> <span class='ocrx_word' id='word_1_234' title='bbox 563 2618 679 2654; x_wconf 89' lang='lat' dir='ltr'>verbis</span> <span class='ocrx_word' id='word_1_235' title='bbox 701 2619 788 2654; x_wconf 89' lang='lat' dir='ltr'>etin</span> <span class='ocrx_word' id='word_1_236' title='bbox 806 2619 942 2654; x_wconf 83' lang='lat' dir='ltr'>factum</span> <span class='ocrx_word' id='word_1_237' title='bbox 958 2620 1172 2656; x_wconf 81' lang='lat' dir='ltr'>actionibus.</span> 
     </span>
    </p>
   </div>
   <div class='ocr_carea' id='block_1_20' title="bbox 84 2674 1173 2776">
    <p class='ocr_par' dir='ltr' id='par_1_28' title="bbox 84 2674 1173 2776">
     <span class='ocr_line' id='line_1_45' title="bbox 84 2674 1173 2730; baseline 0.006 -16"><span class='ocrx_word' id='word_1_238' title='bbox 84 2674 270 2728; x_wconf 84' lang='lat' dir='ltr'>Explicit</span> <span class='ocrx_word' id='word_1_239' title='bbox 308 2688 361 2717; x_wconf 90' lang='lat' dir='ltr'>ex</span> <span class='ocrx_word' id='word_1_240' title='bbox 399 2676 549 2719; x_wconf 84' lang='lat' dir='ltr'>ordine</span> <span class='ocrx_word' id='word_1_241' title='bbox 590 2676 849 2730; x_wconf 87' lang='lat' dir='ltr'>digestorum</span> <span class='ocrx_word' id='word_1_242' title='bbox 889 2678 998 2720; x_wconf 88' lang='lat' dir='ltr'>liber</span> <span class='ocrx_word' id='word_1_243' title='bbox 1035 2693 1173 2721; x_wconf 89' lang='lat' dir='ltr'>nonus</span> 
     </span>
     <span class='ocr_line' id='line_1_46' title="bbox 420 2733 830 2776; baseline 0.002 -1"><span class='ocrx_word' id='word_1_244' title='bbox 420 2733 608 2776; x_wconf 87' lang='lat' dir='ltr'>decimus</span> <span class='ocrx_word' id='word_1_245' title='bbox 638 2734 830 2776; x_wconf 85' lang='lat' dir='ltr'>feliciter.</span> 
     </span>
    </p>
   </div>
   <div class='ocr_carea' id='block_1_21' title="bbox 85 2835 1173 2947">
    <p class='ocr_par' dir='ltr' id='par_1_29' title="bbox 85 2835 1173 2947">
     <span class='ocr_line' id='line_1_47' title="bbox 85 2835 1173 2889; baseline 0.001 -13"><span class='ocrx_word' id='word_1_246' title='bbox 85 2835 237 2889; x_wconf 88' lang='lat' dir='ltr'>Incipit</span> <span class='ocrx_word' id='word_1_247' title='bbox 275 2849 327 2877; x_wconf 89' lang='lat' dir='ltr'>ex</span> <span class='ocrx_word' id='word_1_248' title='bbox 366 2835 517 2878; x_wconf 90' lang='lat' dir='ltr'>ordine</span> <span class='ocrx_word' id='word_1_249' title='bbox 555 2835 814 2889; x_wconf 87' lang='lat' dir='ltr'>digestorum</span> <span class='ocrx_word' id='word_1_250' title='bbox 852 2836 960 2878; x_wconf 90' lang='lat' dir='ltr'>liber</span> <span class='ocrx_word' id='word_1_251' title='bbox 994 2837 1173 2879; x_wconf 88' lang='lat' dir='ltr'>vicensi-</span> 
     </span>
     <span class='ocr_line' id='line_1_48' title="bbox 314 2892 939 2947; baseline 0.002 -13"><span class='ocrx_word' id='word_1_252' title='bbox 314 2905 421 2945; x_wconf 73' lang='lat' dir='ltr'>mus,</span> <span class='ocrx_word' id='word_1_253' title='bbox 456 2892 733 2946; x_wconf 85' lang='lat' dir='ltr'>singularium</span> <span class='ocrx_word' id='word_1_254' title='bbox 764 2892 939 2947; x_wconf 90' lang='lat' dir='ltr'>primus.</span> 
     </span>
    </p>
   </div>
   <div class='ocr_carea' id='block_1_22' title="bbox 103 2958 1173 3231">
    <p class='ocr_par' dir='ltr' id='par_1_30' title="bbox 107 2958 1173 3048">
     <span class='ocr_line' id='line_1_49' title="bbox 107 2958 1173 3004; baseline 0.003 -13"><span class='ocrx_word' id='word_1_255' title='bbox 107 2972 128 2990; x_wconf 75' lang='grc' dir='ltr'>ιι</span> <span class='ocrx_word' id='word_1_256' title='bbox 176 2963 201 2992; x_wconf 85' lang='grc' dir='ltr'><strong>Β</strong></span> <span class='ocrx_word' id='word_1_257' title='bbox 238 2958 292 2992; x_wconf 88' lang='lat' dir='ltr'>De</span> <span class='ocrx_word' id='word_1_258' title='bbox 324 2958 532 3003; x_wconf 87' lang='lat' dir='ltr'>pignoribus</span> <span class='ocrx_word' id='word_1_259' title='bbox 564 2962 599 2993; x_wconf 91' lang='lat' dir='ltr'>et</span> <span class='ocrx_word' id='word_1_260' title='bbox 631 2959 842 3003; x_wconf 86' lang='lat' dir='ltr'>hypothecis</span> <span class='ocrx_word' id='word_1_261' title='bbox 878 2963 913 2993; x_wconf 90' lang='lat' dir='ltr'>et</span> <span class='ocrx_word' id='word_1_262' title='bbox 944 2959 1098 3004; x_wconf 85' lang='lat' dir='ltr'>qualiter</span> <span class='ocrx_word' id='word_1_263' title='bbox 1130 2970 1173 2994; x_wconf 89' lang='lat' dir='ltr'>ea</span> 
     </span>
     <span class='ocr_line' id='line_1_50' title="bbox 287 3003 970 3048; baseline 0.003 -11"><span class='ocrx_word' id='word_1_264' title='bbox 287 3003 547 3038; x_wconf 84' lang='lat' dir='ltr'>contrahantur</span> <span class='ocrx_word' id='word_1_265' title='bbox 571 3008 606 3038; x_wconf 90' lang='lat' dir='ltr'>et</span> <span class='ocrx_word' id='word_1_266' title='bbox 629 3004 674 3039; x_wconf 88' lang='lat' dir='ltr'>de</span> <span class='ocrx_word' id='word_1_267' title='bbox 697 3005 813 3048; x_wconf 88' lang='lat' dir='ltr'>pactis</span> <span class='ocrx_word' id='word_1_268' title='bbox 838 3015 970 3040; x_wconf 89' lang='lat' dir='ltr'>eorum.</span> 
     </span>
    </p>

    <p class='ocr_par' dir='ltr' id='par_1_31' title="bbox 103 3049 1172 3130">
     <span class='ocr_line' id='line_1_51' title="bbox 103 3049 1172 3130; baseline 0.003 -48"><span class='ocrx_word' id='word_1_269' title='bbox 103 3052 130 3092; x_wconf 74' lang='grc' dir='ltr'><em>β</em></span> <span class='ocrx_word' id='word_1_270' title='bbox 176 3052 201 3083; x_wconf 91' lang='lat' dir='ltr'>R</span> <span class='ocrx_word' id='word_1_271' title='bbox 236 3049 278 3082; x_wconf 92' lang='lat' dir='ltr'>In</span> <span class='ocrx_word' id='word_1_272' title='bbox 288 3049 571 3130; x_wconf 51' lang='lat' dir='ltr'>hquibffieggusis</span> <span class='ocrx_word' id='word_1_273' title='bbox 591 3049 702 3085; x_wconf 85' lang='lat' dir='ltr'>tacite</span> <span class='ocrx_word' id='word_1_274' title='bbox 723 3050 948 3085; x_wconf 87' lang='lat' dir='ltr'>contrahitur</span> <span class='ocrx_word' id='word_1_275' title='bbox 967 3051 1096 3095; x_wconf 84' lang='lat' dir='ltr'>pignus</span> <span class='ocrx_word' id='word_1_276' title='bbox 1118 3051 1172 3085; x_wconf 92' lang='lat' dir='ltr'>vel</span> 
     </span>
    </p>

    <p class='ocr_par' dir='ltr' id='par_1_32' title="bbox 104 3105 1171 3231">
     <span class='ocr_line' id='line_1_52' title="bbox 104 3105 1171 3192; baseline 0.003 -18"><span class='ocrx_word' id='word_1_277' title='bbox 104 3153 126 3186; x_wconf 85' lang='lat' dir='ltr'>y</span> <span class='ocrx_word' id='word_1_278' title='bbox 178 3143 202 3174; x_wconf 97' lang='lat' dir='ltr'>R</span> <span class='ocrx_word' id='word_1_279' title='bbox 240 3105 422 3192; x_wconf 41' lang='lat' dir='ltr'>Quaffges</span> <span class='ocrx_word' id='word_1_280' title='bbox 446 3122 585 3184; x_wconf 77' lang='lat' dir='ltr'>pignori</span> <span class='ocrx_word' id='word_1_281' title='bbox 606 3141 660 3175; x_wconf 91' lang='lat' dir='ltr'>vel</span> <span class='ocrx_word' id='word_1_282' title='bbox 681 3141 928 3187; x_wconf 85' lang='lat' dir='ltr'>hypothecae¹</span> <span class='ocrx_word' id='word_1_283' title='bbox 956 3143 1062 3177; x_wconf 88' lang='lat' dir='ltr'>datae</span> <span class='ocrx_word' id='word_1_284' title='bbox 1082 3143 1171 3177; x_wconf 90' lang='lat' dir='ltr'>obli-</span> 
     </span>
     <span class='ocr_line' id='line_1_53' title="bbox 283 3190 643 3231; baseline 0.006 -12"><span class='ocrx_word' id='word_1_285' title='bbox 283 3195 361 3229; x_wconf 83' lang='lat' dir='ltr'>gan</span> <span class='ocrx_word' id='word_1_286' title='bbox 384 3195 456 3221; x_wconf 88' lang='lat' dir='ltr'>non</span> <span class='ocrx_word' id='word_1_287' title='bbox 481 3190 643 3231; x_wconf 84' lang='lat' dir='ltr'>possunt.</span> 
     </span>
    </p>
   </div>
   <div class='ocr_carea' id='block_1_23' title="bbox 83 3300 632 3342">
    <p class='ocr_par' dir='ltr' id='par_1_33' title="bbox 83 3300 632 3342">
     <span class='ocr_line' id='line_1_54' title="bbox 83 3300 632 3342; baseline -0.002 -9"><span class='ocrx_word' id='word_1_288' title='bbox 83 3301 122 3340; x_wconf 79' lang='lat'>(1)</span> <span class='ocrx_word' id='word_1_289' title='bbox 148 3300 334 3342; x_wconf 79' lang='lat' dir='ltr'>hypotheca</span> <span class='ocrx_word' id='word_1_290' title='bbox 355 3300 387 3332; x_wconf 83' lang='lat' dir='ltr'><em>F</em></span> <span class='ocrx_word' id='word_1_291' title='bbox 474 3302 518 3342; x_wconf 76' lang='lat'>(2)</span> <span class='ocrx_word' id='word_1_292' title='bbox 542 3310 578 3332; x_wconf 87' lang='lat' dir='ltr'>re</span> <span class='ocrx_word' id='word_1_293' title='bbox 599 3300 632 3332; x_wconf 80' lang='lat' dir='ltr'><em>F</em></span> 
     </span>
    </p>
   </div>
   <div class='ocr_carea' id='block_1_24' title="bbox 84 3368 251 3374">
    <p class='ocr_par' dir='ltr' id='par_1_34' title="bbox 84 3368 251 3374">
     <span class='ocr_line' id='line_1_55' title="bbox 84 3368 251 3374; baseline 0 0"><span class='ocrx_word' id='word_1_294' title='bbox 84 3368 251 3374; x_wconf 95' lang='lat' dir='ltr'> </span> 
     </span>
    </p>
   </div>
   <div class='ocr_carea' id='block_1_25' title="bbox 85 3411 1174 3668">
    <p class='ocr_par' dir='ltr' id='par_1_35' title="bbox 85 3411 1003 3455">
     <span class='ocr_line' id='line_1_56' title="bbox 85 3411 1003 3455; baseline 0.005 -13"><span class='ocrx_word' id='word_1_295' title='bbox 85 3418 158 3443; x_wconf 78' lang='lat' dir='ltr'>ante</span> <span class='ocrx_word' id='word_1_296' title='bbox 184 3413 202 3443; x_wconf 90' lang='lat' dir='ltr'>l.</span> <span class='ocrx_word' id='word_1_297' title='bbox 223 3412 263 3444; x_wconf 85' lang='lat' dir='ltr'>X</span> <span class='ocrx_word' id='word_1_298' title='bbox 274 3413 304 3444; x_wconf 83' lang='lat' dir='ltr'><em>V</em></span> <span class='ocrx_word' id='word_1_299' title='bbox 322 3411 407 3454; x_wconf 81' lang='lat' dir='ltr'>expl.</span> <span class='ocrx_word' id='word_1_300' title='bbox 428 3411 487 3444; x_wconf 90' lang='lat' dir='ltr'>lib.</span> <span class='ocrx_word' id='word_1_301' title='bbox 506 3412 563 3443; x_wconf 84' lang='lat' dir='ltr'>xiv</span> <span class='ocrx_word' id='word_1_302' title='bbox 586 3412 689 3455; x_wconf 84' lang='lat' dir='ltr'>incip.</span> <span class='ocrx_word' id='word_1_303' title='bbox 709 3412 768 3444; x_wconf 93' lang='lat' dir='ltr'>lib.</span> <span class='ocrx_word' id='word_1_304' title='bbox 788 3423 831 3444; x_wconf 89' lang='lat' dir='ltr'>xv</span> <span class='ocrx_word' id='word_1_305' title='bbox 850 3415 927 3447; x_wconf 78' lang='lat' dir='ltr'>add.</span> <span class='ocrx_word' id='word_1_306' title='bbox 953 3414 1003 3447; x_wconf 81' lang='lat' dir='ltr'>F²</span> 
     </span>
    </p>

    <p class='ocr_par' dir='ltr' id='par_1_36' title="bbox 85 3457 1174 3500">
     <span class='ocr_line' id='line_1_57' title="bbox 85 3457 1174 3500; baseline 0.006 -12"><span class='ocrx_word' id='word_1_307' title='bbox 85 3464 159 3488; x_wconf 77' lang='lat' dir='ltr'>ante</span> <span class='ocrx_word' id='word_1_308' title='bbox 185 3457 203 3488; x_wconf 85' lang='lat' dir='ltr'>l.</span> <span class='ocrx_word' id='word_1_309' title='bbox 225 3457 326 3489; x_wconf 88' lang='lat' dir='ltr'>XVI</span> <span class='ocrx_word' id='word_1_310' title='bbox 345 3457 482 3499; x_wconf 80' lang='lat' dir='ltr'>explicit</span> <span class='ocrx_word' id='word_1_311' title='bbox 500 3457 586 3490; x_wconf 84' lang='lat' dir='ltr'>liber</span> <span class='ocrx_word' id='word_1_312' title='bbox 605 3468 647 3489; x_wconf 87' lang='lat' dir='ltr'>xv</span> <span class='ocrx_word' id='word_1_313' title='bbox 671 3459 706 3499; x_wconf 75' lang='lat' dir='ltr'>F,</span> <span class='ocrx_word' id='word_1_314' title='bbox 730 3459 852 3500; x_wconf 80' lang='lat' dir='ltr'>incipit</span> <span class='ocrx_word' id='word_1_315' title='bbox 868 3458 927 3490; x_wconf 89' lang='lat' dir='ltr'>lib.</span> <span class='ocrx_word' id='word_1_316' title='bbox 948 3460 1004 3492; x_wconf 85' lang='lat' dir='ltr'>xvi</span> <span class='ocrx_word' id='word_1_317' title='bbox 1025 3462 1103 3493; x_wconf 75' lang='lat' dir='ltr'>add.</span> <span class='ocrx_word' id='word_1_318' title='bbox 1125 3462 1174 3493; x_wconf 76' lang='lat' dir='ltr'>F2</span> 
     </span>
    </p>

    <p class='ocr_par' dir='ltr' id='par_1_37' title="bbox 85 3501 1172 3587">
     <span class='ocr_line' id='line_1_58' title="bbox 85 3501 1172 3545; baseline 0.006 -13"><span class='ocrx_word' id='word_1_319' title='bbox 85 3508 159 3533; x_wconf 75' lang='lat' dir='ltr'>unte</span> <span class='ocrx_word' id='word_1_320' title='bbox 183 3501 202 3532; x_wconf 80' lang='lat' dir='ltr'>l.</span> <span class='ocrx_word' id='word_1_321' title='bbox 225 3502 342 3534; x_wconf 91' lang='lat' dir='ltr'>XVII</span> <span class='ocrx_word' id='word_1_322' title='bbox 364 3502 501 3544; x_wconf 84' lang='lat' dir='ltr'>explicit</span> <span class='ocrx_word' id='word_1_323' title='bbox 517 3501 574 3534; x_wconf 94' lang='lat' dir='ltr'>lib.</span> <span class='ocrx_word' id='word_1_324' title='bbox 589 3503 645 3534; x_wconf 89' lang='lat' dir='ltr'>xvi</span> <span class='ocrx_word' id='word_1_325' title='bbox 669 3503 790 3545; x_wconf 86' lang='lat' dir='ltr'>incipit</span> <span class='ocrx_word' id='word_1_326' title='bbox 807 3503 865 3536; x_wconf 91' lang='lat' dir='ltr'>lib.</span> <span class='ocrx_word' id='word_1_327' title='bbox 878 3506 948 3536; x_wconf 87' lang='lat' dir='ltr'>xvii</span> <span class='ocrx_word' id='word_1_328' title='bbox 971 3505 1114 3538; x_wconf 79' lang='lat' dir='ltr'>feliciter</span> <span class='ocrx_word' id='word_1_329' title='bbox 1129 3508 1172 3541; x_wconf 78' lang='lat' dir='ltr'>F.-</span> 
     </span>
     <span class='ocr_line' id='line_1_59' title="bbox 129 3545 559 3587; baseline 0.007 -10"><span class='ocrx_word' id='word_1_330' title='bbox 129 3546 250 3587; x_wconf 82' lang='lat' dir='ltr'>incipit</span> <span class='ocrx_word' id='word_1_331' title='bbox 261 3545 318 3578; x_wconf 82' lang='lat' dir='ltr'>lib.</span> <span class='ocrx_word' id='word_1_332' title='bbox 333 3548 401 3579; x_wconf 82' lang='lat' dir='ltr'>xvii</span> <span class='ocrx_word' id='word_1_333' title='bbox 416 3549 491 3580; x_wconf 78' lang='lat' dir='ltr'>add.</span> <span class='ocrx_word' id='word_1_334' title='bbox 508 3547 559 3580; x_wconf 85' lang='lat' dir='ltr'>F²</span> 
     </span>
    </p>

    <p class='ocr_par' dir='ltr' id='par_1_38' title="bbox 85 3591 1170 3668">
     <span class='ocr_line' id='line_1_60' title="bbox 85 3591 1170 3667; baseline 0.005 -44"><span class='ocrx_word' id='word_1_335' title='bbox 85 3599 159 3623; x_wconf 76' lang='lat' dir='ltr'>aute</span> <span class='ocrx_word' id='word_1_336' title='bbox 185 3592 205 3624; x_wconf 86' lang='lat' dir='ltr'>l.</span> <span class='ocrx_word' id='word_1_337' title='bbox 226 3591 363 3667; x_wconf 50' lang='lat' dir='ltr'>{VIII</span> <span class='ocrx_word' id='word_1_338' title='bbox 396 3593 533 3635; x_wconf 79' lang='lat' dir='ltr'>explicit</span> <span class='ocrx_word' id='word_1_339' title='bbox 561 3593 619 3625; x_wconf 81' lang='lat' dir='ltr'>lib.</span> <span class='ocrx_word' id='word_1_340' title='bbox 646 3594 715 3625; x_wconf 88' lang='lat' dir='ltr'>xvii</span> <span class='ocrx_word' id='word_1_341' title='bbox 748 3594 870 3636; x_wconf 89' lang='lat' dir='ltr'>incipit</span> <span class='ocrx_word' id='word_1_342' title='bbox 899 3594 957 3627; x_wconf 92' lang='lat' dir='ltr'>lib.</span> <span class='ocrx_word' id='word_1_343' title='bbox 986 3596 1067 3627; x_wconf 87' lang='lat' dir='ltr'>xviii</span> <span class='ocrx_word' id='word_1_344' title='bbox 1098 3596 1170 3628; x_wconf 77' lang='lat' dir='ltr'>feli-</span> 
     </span>
     <span class='ocr_line' id='line_1_61' title="bbox 128 3636 211 3668; baseline 0 0"><span class='ocrx_word' id='word_1_345' title='bbox 128 3636 211 3668; x_wconf 83' lang='lat' dir='ltr'>citet</span> 
     </span>
    </p>
   </div>
   <div class='ocr_carea' id='block_1_26' title="bbox 84 3681 1168 3760">
    <p class='ocr_par' dir='ltr' id='par_1_39' title="bbox 84 3681 1168 3760">
     <span class='ocr_line' id='line_1_62' title="bbox 84 3681 1168 3725; baseline 0.004 -12"><span class='ocrx_word' id='word_1_346' title='bbox 84 3688 155 3723; x_wconf 82' lang='lat' dir='ltr'>post</span> <span class='ocrx_word' id='word_1_347' title='bbox 179 3682 199 3713; x_wconf 96' lang='lat' dir='ltr'>I.</span> <span class='ocrx_word' id='word_1_348' title='bbox 220 3681 358 3714; x_wconf 92' lang='lat' dir='ltr'>XVIII</span> <span class='ocrx_word' id='word_1_349' title='bbox 379 3682 515 3725; x_wconf 79' lang='lat' dir='ltr'>explicit</span> <span class='ocrx_word' id='word_1_350' title='bbox 538 3684 739 3724; x_wconf 83' lang='lat' dir='ltr'>digestorum</span> <span class='ocrx_word' id='word_1_351' title='bbox 765 3685 832 3716; x_wconf 87' lang='lat' dir='ltr'>sive</span> <span class='ocrx_word' id='word_1_352' title='bbox 851 3684 1091 3725; x_wconf 81' lang='lat' dir='ltr'>pandectarum</span> <span class='ocrx_word' id='word_1_353' title='bbox 1110 3685 1168 3717; x_wconf 91' lang='lat' dir='ltr'>lib.</span> 
     </span>
     <span class='ocr_line' id='line_1_63' title="bbox 129 3726 432 3760; baseline 0.01 -3"><span class='ocrx_word' id='word_1_354' title='bbox 129 3727 211 3758; x_wconf 74' lang='lat' dir='ltr'>xviii</span> <span class='ocrx_word' id='word_1_355' title='bbox 235 3726 377 3759; x_wconf 85' lang='lat' dir='ltr'>feliciter</span> <span class='ocrx_word' id='word_1_356' title='bbox 399 3728 432 3760; x_wconf 83' lang='lat' dir='ltr'><em>F</em></span> 
     </span>
    </p>
   </div>
   <div class='ocr_carea' id='block_1_27' title="bbox 1163 82 1242 123">
    <p class='ocr_par' dir='ltr' id='par_1_40' title="bbox 1163 82 1242 123">
     <span class='ocr_line' id='line_1_64' title="bbox 1163 82 1242 123; baseline -0.013 0"><span class='ocrx_word' id='word_1_357' title='bbox 1163 82 1242 123; x_wconf 90' lang='lat' dir='ltr'>VII</span> 
     </span>
    </p>
   </div>
   <div class='ocr_carea' id='block_1_28' title="bbox 2184 93 2331 123">
    <p class='ocr_par' dir='ltr' id='par_1_41' title="bbox 2184 93 2331 123">
     <span class='ocr_line' id='line_1_65' title="bbox 2184 93 2331 123; baseline -0.007 -1"><span class='ocrx_word' id='word_1_358' title='bbox 2184 93 2331 123; x_wconf 84' lang='lat' dir='ltr'>TITULI</span> 
     </span>
    </p>
   </div>
   <div class='ocr_carea' id='block_1_29' title="bbox 1266 202 2335 466">
    <p class='ocr_par' dir='ltr' id='par_1_42' title="bbox 1268 202 2333 330">
     <span class='ocr_line' id='line_1_66' title="bbox 1268 202 2332 249; baseline -0.001 -12"><span class='ocrx_word' id='word_1_359' title='bbox 1268 203 1288 237; x_wconf 79' lang='grc' dir='ltr'><em>δ</em></span> <span class='ocrx_word' id='word_1_360' title='bbox 1338 208 1359 237; x_wconf 86' lang='grc' dir='ltr'><strong>Β</strong></span> <span class='ocrx_word' id='word_1_361' title='bbox 1398 203 1465 247; x_wconf 71' lang='lat' dir='ltr'>Qui</span> <span class='ocrx_word' id='word_1_362' title='bbox 1488 202 1646 247; x_wconf 88' lang='lat' dir='ltr'>potiores</span> <span class='ocrx_word' id='word_1_363' title='bbox 1666 205 1702 239; x_wconf 93' lang='lat' dir='ltr'>in</span> <span class='ocrx_word' id='word_1_364' title='bbox 1720 204 1868 249; x_wconf 85' lang='lat' dir='ltr'>pignore</span> <span class='ocrx_word' id='word_1_365' title='bbox 1884 202 1938 238; x_wconf 87' lang='lat' dir='ltr'>vel</span> <span class='ocrx_word' id='word_1_366' title='bbox 1955 202 2157 248; x_wconf 84' lang='lat' dir='ltr'>hypotheca</span> <span class='ocrx_word' id='word_1_367' title='bbox 2173 203 2332 237; x_wconf 85' lang='lat' dir='ltr'>habean-</span> 
     </span>
     <span class='ocr_line' id='line_1_67' title="bbox 1448 248 2333 294; baseline 0 -12"><span class='ocrx_word' id='word_1_368' title='bbox 1448 252 1508 282; x_wconf 89' lang='lat' dir='ltr'>tur</span> <span class='ocrx_word' id='word_1_369' title='bbox 1543 252 1578 283; x_wconf 92' lang='lat' dir='ltr'>et</span> <span class='ocrx_word' id='word_1_370' title='bbox 1608 249 1651 284; x_wconf 89' lang='lat' dir='ltr'>de</span> <span class='ocrx_word' id='word_1_371' title='bbox 1683 250 1737 284; x_wconf 91' lang='lat' dir='ltr'>his</span> <span class='ocrx_word' id='word_1_372' title='bbox 1771 250 1831 294; x_wconf 90' lang='lat' dir='ltr'>qui</span> <span class='ocrx_word' id='word_1_373' title='bbox 1861 249 1899 284; x_wconf 89' lang='lat' dir='ltr'>in</span> <span class='ocrx_word' id='word_1_374' title='bbox 1930 249 2090 294; x_wconf 83' lang='lat' dir='ltr'>priorum</span> <span class='ocrx_word' id='word_1_375' title='bbox 2118 248 2333 283; x_wconf 86' lang='lat' dir='ltr'>creditorum</span> 
     </span>
     <span class='ocr_line' id='line_1_68' title="bbox 1447 294 1798 330; baseline 0.003 -2"><span class='ocrx_word' id='word_1_376' title='bbox 1447 294 1566 328; x_wconf 89' lang='lat' dir='ltr'>locum</span> <span class='ocrx_word' id='word_1_377' title='bbox 1591 295 1798 330; x_wconf 88' lang='lat' dir='ltr'>succedunt.</span> 
     </span>
    </p>

    <p class='ocr_par' dir='ltr' id='par_1_43' title="bbox 1268 339 2333 385">
     <span class='ocr_line' id='line_1_69' title="bbox 1268 339 2333 385; baseline -0.001 -12"><span class='ocrx_word' id='word_1_378' title='bbox 1268 354 1284 373; x_wconf 78' lang='grc' dir='ltr'><em>ε</em></span> <span class='ocrx_word' id='word_1_379' title='bbox 1334 345 1360 375; x_wconf 89' lang='lat' dir='ltr'>R</span> <span class='ocrx_word' id='word_1_380' title='bbox 1395 339 1451 374; x_wconf 91' lang='lat' dir='ltr'>De</span> <span class='ocrx_word' id='word_1_381' title='bbox 1476 339 1707 375; x_wconf 86' lang='lat' dir='ltr'>distractione</span> <span class='ocrx_word' id='word_1_382' title='bbox 1736 341 1924 385; x_wconf 84' lang='lat' dir='ltr'>pignorum</span> <span class='ocrx_word' id='word_1_383' title='bbox 1954 339 2010 375; x_wconf 94' lang='lat' dir='ltr'>vel</span> <span class='ocrx_word' id='word_1_384' title='bbox 2040 340 2061 374; x_wconf 92' lang='lat' dir='ltr'>h</span> <span class='ocrx_word' id='word_1_385' title='bbox 2087 339 2333 384; x_wconf 86' lang='lat' dir='ltr'>pothecarum.</span> 
     </span>
    </p>

    <p class='ocr_par' dir='ltr' id='par_1_44' title="bbox 1266 350 2335 466">
     <span class='ocr_line' id='line_1_70' title="bbox 1266 350 2335 465; baseline -0.002 -45"><span class='ocrx_word' id='word_1_386' title='bbox 1266 398 1282 420; x_wconf 78' lang='grc' dir='ltr'><strong><em>ς</em></strong></span> <span class='ocrx_word' id='word_1_387' title='bbox 1331 390 1358 420; x_wconf 88' lang='lat' dir='ltr'>R</span> <span class='ocrx_word' id='word_1_388' title='bbox 1392 384 1528 465; x_wconf 73' lang='lat' dir='ltr'>Quibilis</span> <span class='ocrx_word' id='word_1_389' title='bbox 1559 384 1672 421; x_wconf 89' lang='lat' dir='ltr'>modis</span> <span class='ocrx_word' id='word_1_390' title='bbox 1705 386 1833 430; x_wconf 84' lang='lat' dir='ltr'>pignus</span> <span class='ocrx_word' id='word_1_391' title='bbox 1866 386 1919 421; x_wconf 91' lang='lat' dir='ltr'>vel</span> <span class='ocrx_word' id='word_1_392' title='bbox 1950 350 2155 431; x_wconf 70' lang='lat' dir='ltr'>hypotiieca</span> <span class='ocrx_word' id='word_1_393' title='bbox 2185 384 2335 420; x_wconf 86' lang='lat' dir='ltr'>solvitur</span> 
     </span>
     <span class='ocr_line' id='line_1_71' title="bbox 1448 440 1609 466; baseline -0.012 0"><span class='ocrx_word' id='word_1_394' title='bbox 1448 440 1489 466; x_wconf 91' lang='lat' dir='ltr'>ve</span> <span class='ocrx_word' id='word_1_395' title='bbox 1527 441 1609 466; x_wconf 92' lang='lat' dir='ltr'>non.</span> 
     </span>
    </p>
   </div>
   <div class='ocr_carea' id='block_1_30' title="bbox 1244 487 2334 600">
    <p class='ocr_par' dir='ltr' id='par_1_45' title="bbox 1244 487 2334 600">
     <span class='ocr_line' id='line_1_72' title="bbox 1244 487 2334 544; baseline -0.002 -13"><span class='ocrx_word' id='word_1_396' title='bbox 1244 489 1482 544; x_wconf 88' lang='lat' dir='ltr'>Explicitus</span> <span class='ocrx_word' id='word_1_397' title='bbox 1525 493 1589 531; x_wconf 89' lang='lat' dir='ltr'>est</span> <span class='ocrx_word' id='word_1_398' title='bbox 1633 501 1686 531; x_wconf 86' lang='lat' dir='ltr'>ex</span> <span class='ocrx_word' id='word_1_399' title='bbox 1727 489 1877 531; x_wconf 85' lang='lat' dir='ltr'>ordine</span> <span class='ocrx_word' id='word_1_400' title='bbox 1915 489 2024 531; x_wconf 88' lang='lat' dir='ltr'>liber</span> <span class='ocrx_word' id='word_1_401' title='bbox 2063 487 2334 538; x_wconf 82' lang='lat' dir='ltr'>vicensimus,</span> 
     </span>
     <span class='ocr_line' id='line_1_73' title="bbox 1479 545 2099 600; baseline -0.005 -12"><span class='ocrx_word' id='word_1_402' title='bbox 1479 545 1758 600; x_wconf 88' lang='lat' dir='ltr'>singularium</span> <span class='ocrx_word' id='word_1_403' title='bbox 1789 546 1898 588; x_wconf 90' lang='lat' dir='ltr'>liber</span> <span class='ocrx_word' id='word_1_404' title='bbox 1928 545 2099 599; x_wconf 89' lang='lat' dir='ltr'>primus.</span> 
     </span>
    </p>
   </div>
   <div class='ocr_carea' id='block_1_31' title="bbox 1243 658 2337 864">
    <p class='ocr_par' dir='ltr' id='par_1_46' title="bbox 1243 658 2337 864">
     <span class='ocr_line' id='line_1_74' title="bbox 1243 658 2334 715; baseline -0.003 -12"><span class='ocrx_word' id='word_1_405' title='bbox 1243 659 1400 715; x_wconf 89' lang='lat' dir='ltr'>Incipit</span> <span class='ocrx_word' id='word_1_406' title='bbox 1440 672 1494 702; x_wconf 90' lang='lat' dir='ltr'>ex</span> <span class='ocrx_word' id='word_1_407' title='bbox 1531 658 1684 702; x_wconf 89' lang='lat' dir='ltr'>ordine</span> <span class='ocrx_word' id='word_1_408' title='bbox 1721 659 1831 702; x_wconf 88' lang='lat' dir='ltr'>liber</span> <span class='ocrx_word' id='word_1_409' title='bbox 1867 659 2122 702; x_wconf 88' lang='lat' dir='ltr'>vicensimus</span> <span class='ocrx_word' id='word_1_410' title='bbox 2160 658 2334 714; x_wconf 87' lang='lat' dir='ltr'>primus,</span> 
     </span>
     <span class='ocr_line' id='line_1_75' title="bbox 1526 715 2061 771; baseline -0.004 -12"><span class='ocrx_word' id='word_1_411' title='bbox 1526 717 1806 771; x_wconf 85' lang='lat' dir='ltr'>singularium</span> <span class='ocrx_word' id='word_1_412' title='bbox 1837 715 2061 759; x_wconf 88' lang='lat' dir='ltr'>secundus.</span> 
     </span>
     <span class='ocr_line' id='line_1_76' title="bbox 1268 781 2337 836; baseline -0.002 -18"><span class='ocrx_word' id='word_1_413' title='bbox 1268 797 1290 817; x_wconf 90' lang='grc' dir='ltr'>α</span> <span class='ocrx_word' id='word_1_414' title='bbox 1339 788 1364 818; x_wconf 93' lang='lat' dir='ltr'>R</span> <span class='ocrx_word' id='word_1_415' title='bbox 1399 783 1455 818; x_wconf 93' lang='lat' dir='ltr'>De</span> <span class='ocrx_word' id='word_1_416' title='bbox 1471 783 1635 836; x_wconf 74' lang='lat' dir='ltr'>aedilicio</span> <span class='ocrx_word' id='word_1_417' title='bbox 1654 782 1770 819; x_wconf 87' lang='lat' dir='ltr'>edicto</span> <span class='ocrx_word' id='word_1_418' title='bbox 1791 786 1825 819; x_wconf 90' lang='lat' dir='ltr'>et</span> <span class='ocrx_word' id='word_1_419' title='bbox 1843 782 1886 818; x_wconf 90' lang='lat' dir='ltr'>de</span> <span class='ocrx_word' id='word_1_420' title='bbox 1904 781 2141 817; x_wconf 89' lang='lat' dir='ltr'>redhibitione</span> <span class='ocrx_word' id='word_1_421' title='bbox 2160 786 2195 817; x_wconf 92' lang='lat' dir='ltr'>et</span> <span class='ocrx_word' id='word_1_422' title='bbox 2213 782 2337 827; x_wconf 87' lang='lat' dir='ltr'>quanti</span> 
     </span>
     <span class='ocr_line' id='line_1_77' title="bbox 1446 839 1605 864; baseline 0 -1"><span class='ocrx_word' id='word_1_423' title='bbox 1446 839 1605 864; x_wconf 84' lang='lat' dir='ltr'>mlnorls.</span> 
     </span>
    </p>
   </div>
   <div class='ocr_carea' id='block_1_32' title="bbox 1265 873 2220 965">
    <p class='ocr_par' dir='ltr' id='par_1_47' title="bbox 1265 873 2220 965">
     <span class='ocr_line' id='line_1_78' title="bbox 1265 873 2197 919; baseline -0.001 -10"><span class='ocrx_word' id='word_1_424' title='bbox 1265 878 1290 917; x_wconf 78' lang='grc' dir='ltr'>β</span> <span class='ocrx_word' id='word_1_425' title='bbox 1338 878 1364 909; x_wconf 89' lang='lat' dir='ltr'>R</span> <span class='ocrx_word' id='word_1_426' title='bbox 1398 874 1454 909; x_wconf 92' lang='lat' dir='ltr'>De</span> <span class='ocrx_word' id='word_1_427' title='bbox 1478 874 1713 910; x_wconf 88' lang='lat' dir='ltr'>evictionibus</span> <span class='ocrx_word' id='word_1_428' title='bbox 1740 878 1777 909; x_wconf 93' lang='lat' dir='ltr'>et</span> <span class='ocrx_word' id='word_1_429' title='bbox 1801 873 1931 919; x_wconf 89' lang='lat' dir='ltr'>duplae</span> <span class='ocrx_word' id='word_1_430' title='bbox 1954 873 2197 918; x_wconf 85' lang='lat' dir='ltr'>stipulatione.</span> 
     </span>
     <span class='ocr_line' id='line_1_79' title="bbox 1266 919 2220 965; baseline 0 -11"><span class='ocrx_word' id='word_1_431' title='bbox 1266 933 1288 965; x_wconf 87' lang='lat' dir='ltr'>y</span> <span class='ocrx_word' id='word_1_432' title='bbox 1336 923 1362 954; x_wconf 91' lang='lat' dir='ltr'>R</span> <span class='ocrx_word' id='word_1_433' title='bbox 1398 919 1453 955; x_wconf 89' lang='lat' dir='ltr'>De</span> <span class='ocrx_word' id='word_1_434' title='bbox 1477 920 1687 965; x_wconf 83' lang='lat' dir='ltr'>exceptione</span> <span class='ocrx_word' id='word_1_435' title='bbox 1710 920 1787 955; x_wconf 84' lang='lat' dir='ltr'>rei2</span> <span class='ocrx_word' id='word_1_436' title='bbox 1810 919 1974 955; x_wconf 86' lang='lat' dir='ltr'>venditae</span> <span class='ocrx_word' id='word_1_437' title='bbox 1997 923 2034 954; x_wconf 87' lang='lat' dir='ltr'>et</span> <span class='ocrx_word' id='word_1_438' title='bbox 2056 919 2220 954; x_wconf 85' lang='lat' dir='ltr'>traditae.</span> 
     </span>
    </p>
   </div>
   <div class='ocr_carea' id='block_1_33' title="bbox 1244 977 2335 1090">
    <p class='ocr_par' dir='ltr' id='par_1_48' title="bbox 1244 977 2335 1090">
     <span class='ocr_line' id='line_1_80' title="bbox 1244 977 2335 1033; baseline -0.002 -11"><span class='ocrx_word' id='word_1_439' title='bbox 1244 978 1434 1033; x_wconf 85' lang='lat' dir='ltr'>Explicit</span> <span class='ocrx_word' id='word_1_440' title='bbox 1468 991 1522 1022; x_wconf 89' lang='lat' dir='ltr'>ex</span> <span class='ocrx_word' id='word_1_441' title='bbox 1552 977 1702 1021; x_wconf 90' lang='lat' dir='ltr'>ordine</span> <span class='ocrx_word' id='word_1_442' title='bbox 1737 978 1847 1022; x_wconf 89' lang='lat' dir='ltr'>liber</span> <span class='ocrx_word' id='word_1_443' title='bbox 1876 978 2132 1021; x_wconf 89' lang='lat' dir='ltr'>vicensimus</span> <span class='ocrx_word' id='word_1_444' title='bbox 2162 977 2335 1032; x_wconf 84' lang='lat' dir='ltr'>primus,</span> 
     </span>
     <span class='ocr_line' id='line_1_81' title="bbox 1525 1034 2063 1090; baseline -0.004 -11"><span class='ocrx_word' id='word_1_445' title='bbox 1525 1035 1806 1090; x_wconf 83' lang='lat' dir='ltr'>singularium</span> <span class='ocrx_word' id='word_1_446' title='bbox 1837 1034 2063 1079; x_wconf 88' lang='lat' dir='ltr'>secundus.</span> 
     </span>
    </p>
   </div>
   <div class='ocr_carea' id='block_1_34' title="bbox 1243 1135 2337 1250">
    <p class='ocr_par' dir='ltr' id='par_1_49' title="bbox 1243 1135 2337 1250">
     <span class='ocr_line' id='line_1_82' title="bbox 1243 1135 2337 1193; baseline -0.003 -12"><span class='ocrx_word' id='word_1_447' title='bbox 1243 1138 1399 1193; x_wconf 89' lang='lat' dir='ltr'>Incipit</span> <span class='ocrx_word' id='word_1_448' title='bbox 1437 1151 1491 1181; x_wconf 91' lang='lat' dir='ltr'>ex</span> <span class='ocrx_word' id='word_1_449' title='bbox 1530 1138 1679 1181; x_wconf 90' lang='lat' dir='ltr'>ordine</span> <span class='ocrx_word' id='word_1_450' title='bbox 1720 1138 1980 1192; x_wconf 87' lang='lat' dir='ltr'>digestorum</span> <span class='ocrx_word' id='word_1_451' title='bbox 2021 1137 2128 1179; x_wconf 86' lang='lat' dir='ltr'>liber</span> <span class='ocrx_word' id='word_1_452' title='bbox 2158 1135 2337 1179; x_wconf 89' lang='lat' dir='ltr'>vicensi-</span> 
     </span>
     <span class='ocr_line' id='line_1_83' title="bbox 1364 1194 2218 1250; baseline -0.002 -13"><span class='ocrx_word' id='word_1_453' title='bbox 1364 1209 1459 1239; x_wconf 90' lang='lat' dir='ltr'>mus</span> <span class='ocrx_word' id='word_1_454' title='bbox 1491 1195 1716 1246; x_wconf 88' lang='lat' dir='ltr'>secundus,</span> <span class='ocrx_word' id='word_1_455' title='bbox 1748 1195 2027 1250; x_wconf 86' lang='lat' dir='ltr'>singularium</span> <span class='ocrx_word' id='word_1_456' title='bbox 2057 1194 2218 1236; x_wconf 87' lang='lat' dir='ltr'>tertius.</span> 
     </span>
    </p>
   </div>
   <div class='ocr_carea' id='block_1_35' title="bbox 1334 1260 2337 1535">
    <p class='ocr_par' dir='ltr' id='par_1_50' title="bbox 1337 1260 2337 1343">
     <span class='ocr_line' id='line_1_84' title="bbox 1339 1260 2337 1297; baseline -0.002 0"><span class='ocrx_word' id='word_1_457' title='bbox 1339 1266 1364 1297; x_wconf 86' lang='lat' dir='ltr'>R</span> <span class='ocrx_word' id='word_1_458' title='bbox 1400 1262 1456 1297; x_wconf 88' lang='lat' dir='ltr'>De</span> <span class='ocrx_word' id='word_1_459' title='bbox 1480 1262 1598 1297; x_wconf 85' lang='lat' dir='ltr'>usuris</span> <span class='ocrx_word' id='word_1_460' title='bbox 1623 1265 1659 1297; x_wconf 90' lang='lat' dir='ltr'>et</span> <span class='ocrx_word' id='word_1_461' title='bbox 1683 1261 1848 1297; x_wconf 90' lang='lat' dir='ltr'>omnibus</span> <span class='ocrx_word' id='word_1_462' title='bbox 1872 1260 2140 1297; x_wconf 88' lang='lat' dir='ltr'>accessionibus</span> <span class='ocrx_word' id='word_1_463' title='bbox 2165 1263 2201 1296; x_wconf 91' lang='lat' dir='ltr'>et</span> <span class='ocrx_word' id='word_1_464' title='bbox 2226 1269 2337 1295; x_wconf 81' lang='lat' dir='ltr'>mora.</span> 
     </span>
     <span class='ocr_line' id='line_1_85' title="bbox 1337 1307 1812 1343; baseline 0 -1"><span class='ocrx_word' id='word_1_465' title='bbox 1337 1311 1363 1343; x_wconf 87' lang='lat' dir='ltr'>R</span> <span class='ocrx_word' id='word_1_466' title='bbox 1398 1308 1454 1342; x_wconf 92' lang='lat' dir='ltr'>De</span> <span class='ocrx_word' id='word_1_467' title='bbox 1478 1307 1624 1343; x_wconf 88' lang='lat' dir='ltr'>nautico</span> <span class='ocrx_word' id='word_1_468' title='bbox 1654 1308 1812 1343; x_wconf 87' lang='lat' dir='ltr'>faenore.</span> 
     </span>
    </p>

    <p class='ocr_par' dir='ltr' id='par_1_51' title="bbox 1335 1351 2195 1398">
     <span class='ocr_line' id='line_1_86' title="bbox 1335 1351 2195 1398; baseline -0.002 -9"><span class='ocrx_word' id='word_1_469' title='bbox 1335 1358 1360 1389; x_wconf 89' lang='lat' dir='ltr'>R</span> <span class='ocrx_word' id='word_1_470' title='bbox 1397 1353 1451 1388; x_wconf 90' lang='lat' dir='ltr'>De</span> <span class='ocrx_word' id='word_1_471' title='bbox 1474 1353 1748 1398; x_wconf 88' lang='lat' dir='ltr'>probationibus</span> <span class='ocrx_word' id='word_1_472' title='bbox 1773 1357 1809 1389; x_wconf 89' lang='lat' dir='ltr'>et</span> <span class='ocrx_word' id='word_1_473' title='bbox 1832 1351 2195 1398; x_wconf 87' lang='lat' dir='ltr'>praesumptionibus.</span> 
     </span>
    </p>

    <p class='ocr_par' dir='ltr' id='par_1_52' title="bbox 1336 1399 1900 1435">
     <span class='ocr_line' id='line_1_87' title="bbox 1336 1399 1900 1435; baseline -0.002 -1"><span class='ocrx_word' id='word_1_474' title='bbox 1336 1404 1362 1434; x_wconf 89' lang='lat' dir='ltr'>R</span> <span class='ocrx_word' id='word_1_475' title='bbox 1397 1399 1452 1434; x_wconf 92' lang='lat' dir='ltr'>De</span> <span class='ocrx_word' id='word_1_476' title='bbox 1476 1399 1547 1434; x_wconf 85' lang='lat' dir='ltr'>fide</span> <span class='ocrx_word' id='word_1_477' title='bbox 1570 1399 1900 1435; x_wconf 89' lang='lat' dir='ltr'>instrumentorum.</span> 
     </span>
    </p>

    <p class='ocr_par' dir='ltr' id='par_1_53' title="bbox 1336 1445 1642 1480">
     <span class='ocr_line' id='line_1_88' title="bbox 1336 1445 1642 1480; baseline -0.003 0"><span class='ocrx_word' id='word_1_478' title='bbox 1336 1449 1363 1480; x_wconf 87' lang='lat' dir='ltr'>R</span> <span class='ocrx_word' id='word_1_479' title='bbox 1398 1445 1453 1480; x_wconf 91' lang='lat' dir='ltr'>De</span> <span class='ocrx_word' id='word_1_480' title='bbox 1478 1445 1642 1480; x_wconf 88' lang='lat' dir='ltr'>testibus.</span> 
     </span>
    </p>

    <p class='ocr_par' dir='ltr' id='par_1_54' title="bbox 1334 1489 1972 1535">
     <span class='ocr_line' id='line_1_89' title="bbox 1334 1489 1972 1535; baseline -0.003 -9"><span class='ocrx_word' id='word_1_481' title='bbox 1334 1495 1360 1526; x_wconf 89' lang='lat' dir='ltr'>R</span> <span class='ocrx_word' id='word_1_482' title='bbox 1396 1490 1451 1526; x_wconf 91' lang='lat' dir='ltr'>De</span> <span class='ocrx_word' id='word_1_483' title='bbox 1475 1490 1564 1526; x_wconf 88' lang='lat' dir='ltr'>iuris</span> <span class='ocrx_word' id='word_1_484' title='bbox 1588 1494 1624 1526; x_wconf 89' lang='lat' dir='ltr'>et</span> <span class='ocrx_word' id='word_1_485' title='bbox 1647 1490 1736 1526; x_wconf 86' lang='lat' dir='ltr'>facti</span> <span class='ocrx_word' id='word_1_486' title='bbox 1759 1489 1972 1535; x_wconf 88' lang='lat' dir='ltr'>ignorantia.</span> 
     </span>
    </p>
   </div>
   <div class='ocr_carea' id='block_1_36' title="bbox 1243 1580 2337 1695">
    <p class='ocr_par' dir='ltr' id='par_1_55' title="bbox 1243 1580 2337 1695">
     <span class='ocr_line' id='line_1_90' title="bbox 1243 1580 2337 1638; baseline -0.005 -11"><span class='ocrx_word' id='word_1_487' title='bbox 1243 1584 1399 1638; x_wconf 90' lang='lat' dir='ltr'>Incipit</span> <span class='ocrx_word' id='word_1_488' title='bbox 1443 1596 1497 1626; x_wconf 88' lang='lat' dir='ltr'>ex</span> <span class='ocrx_word' id='word_1_489' title='bbox 1542 1583 1691 1626; x_wconf 89' lang='lat' dir='ltr'>ordine</span> <span class='ocrx_word' id='word_1_490' title='bbox 1735 1583 1844 1626; x_wconf 86' lang='lat' dir='ltr'>liber</span> <span class='ocrx_word' id='word_1_491' title='bbox 1881 1582 2138 1626; x_wconf 89' lang='lat' dir='ltr'>vicensimus</span> <span class='ocrx_word' id='word_1_492' title='bbox 2176 1580 2337 1634; x_wconf 84' lang='lat' dir='ltr'>tertius,</span> 
     </span>
     <span class='ocr_line' id='line_1_91' title="bbox 1473 1640 2112 1695; baseline -0.002 -13"><span class='ocrx_word' id='word_1_493' title='bbox 1473 1641 1754 1695; x_wconf 88' lang='lat' dir='ltr'>singularium</span> <span class='ocrx_word' id='word_1_494' title='bbox 1785 1640 1893 1683; x_wconf 89' lang='lat' dir='ltr'>liber</span> <span class='ocrx_word' id='word_1_495' title='bbox 1924 1643 2112 1694; x_wconf 87' lang='lat' dir='ltr'>quartus.</span> 
     </span>
    </p>
   </div>
   <div class='ocr_carea' id='block_1_37' title="bbox 1267 1707 1811 1926">
    <p class='ocr_par' dir='ltr' id='par_1_56' title="bbox 1267 1707 1811 1926">
     <span class='ocr_line' id='line_1_92' title="bbox 1337 1707 1717 1752; baseline -0.003 -9"><span class='ocrx_word' id='word_1_496' title='bbox 1337 1712 1363 1743; x_wconf 88' lang='grc' dir='ltr'><strong>Β</strong></span> <span class='ocrx_word' id='word_1_497' title='bbox 1398 1708 1454 1742; x_wconf 88' lang='lat' dir='ltr'>De</span> <span class='ocrx_word' id='word_1_498' title='bbox 1479 1707 1717 1752; x_wconf 85' lang='lat' dir='ltr'>sponsalibus.</span> 
     </span>
     <span class='ocr_line' id='line_1_93' title="bbox 1336 1753 1791 1798; baseline -0.004 -9"><span class='ocrx_word' id='word_1_499' title='bbox 1336 1758 1363 1789; x_wconf 88' lang='grc' dir='ltr'><strong>Β</strong></span> <span class='ocrx_word' id='word_1_500' title='bbox 1398 1754 1453 1788; x_wconf 84' lang='lat' dir='ltr'>De</span> <span class='ocrx_word' id='word_1_501' title='bbox 1477 1753 1550 1788; x_wconf 89' lang='lat' dir='ltr'>ritu</span> <span class='ocrx_word' id='word_1_502' title='bbox 1574 1753 1791 1798; x_wconf 88' lang='lat' dir='ltr'>nuptiarum.</span> 
     </span>
     <span class='ocr_line' id='line_1_94' title="bbox 1337 1798 1726 1835; baseline -0.003 -1"><span class='ocrx_word' id='word_1_503' title='bbox 1337 1804 1363 1834; x_wconf 86' lang='lat' dir='ltr'>R</span> <span class='ocrx_word' id='word_1_504' title='bbox 1399 1799 1455 1835; x_wconf 89' lang='lat' dir='ltr'>De</span> <span class='ocrx_word' id='word_1_505' title='bbox 1478 1799 1554 1833; x_wconf 88' lang='lat' dir='ltr'>iure</span> <span class='ocrx_word' id='word_1_506' title='bbox 1579 1798 1726 1833; x_wconf 90' lang='lat' dir='ltr'>dotium.</span> 
     </span>
     <span class='ocr_line' id='line_1_95' title="bbox 1267 1843 1811 1880; baseline -0.004 0"><span class='ocrx_word' id='word_1_507' title='bbox 1267 1844 1288 1880; x_wconf 80' lang='grc' dir='ltr'><em>ὃ</em></span> <span class='ocrx_word' id='word_1_508' title='bbox 1335 1850 1363 1880; x_wconf 86' lang='grc' dir='ltr'><strong>Β</strong></span> <span class='ocrx_word' id='word_1_509' title='bbox 1397 1844 1452 1879; x_wconf 86' lang='grc' dir='ltr'>1)θ</span> <span class='ocrx_word' id='word_1_510' title='bbox 1503 1844 1593 1879; x_wconf 85' lang='lat' dir='ltr'>actis</span> <span class='ocrx_word' id='word_1_511' title='bbox 1619 1843 1811 1880; x_wconf 84' lang='lat' dir='ltr'>dotalibus.</span> 
     </span>
     <span class='ocr_line' id='line_1_96' title="bbox 1267 1889 1738 1926; baseline -0.002 -1"><span class='ocrx_word' id='word_1_512' title='bbox 1267 1905 1284 1925; x_wconf 86' lang='grc' dir='ltr'><em>ε</em></span> <span class='ocrx_word' id='word_1_513' title='bbox 1336 1895 1363 1926; x_wconf 87' lang='lat' dir='ltr'>R</span> <span class='ocrx_word' id='word_1_514' title='bbox 1398 1890 1454 1925; x_wconf 91' lang='lat' dir='ltr'>De</span> <span class='ocrx_word' id='word_1_515' title='bbox 1493 1890 1590 1925; x_wconf 92' lang='lat' dir='ltr'>undo</span> <span class='ocrx_word' id='word_1_516' title='bbox 1616 1889 1738 1925; x_wconf 89' lang='lat' dir='ltr'>dotali.</span> 
     </span>
    </p>
   </div>
   <div class='ocr_carea' id='block_1_38' title="bbox 1244 1944 2335 2005">
    <p class='ocr_par' dir='ltr' id='par_1_57' title="bbox 1244 1944 2335 2005">
     <span class='ocr_line' id='line_1_97' title="bbox 1244 1944 2335 2005; baseline -0.007 -12"><span class='ocrx_word' id='word_1_517' title='bbox 1244 1950 1433 2005; x_wconf 83' lang='lat' dir='ltr'>Explicit</span> <span class='ocrx_word' id='word_1_518' title='bbox 1472 1962 1526 1992; x_wconf 90' lang='lat' dir='ltr'>ex</span> <span class='ocrx_word' id='word_1_519' title='bbox 1566 1947 1716 1991; x_wconf 89' lang='lat' dir='ltr'>ordine</span> <span class='ocrx_word' id='word_1_520' title='bbox 1747 1948 1855 1990; x_wconf 91' lang='lat' dir='ltr'>liber</span> <span class='ocrx_word' id='word_1_521' title='bbox 1885 1945 2144 1989; x_wconf 87' lang='lat' dir='ltr'>vicensimus</span> <span class='ocrx_word' id='word_1_522' title='bbox 2175 1944 2335 1987; x_wconf 88' lang='lat' dir='ltr'>tertius.</span> 
     </span>
    </p>
   </div>
   <div class='ocr_carea' id='block_1_39' title="bbox 1264 1722 1290 1846">
    <p class='ocr_par' dir='ltr' id='par_1_58' title="bbox 1264 1722 1290 1846">
     <span class='ocr_line' id='line_1_98' title="bbox 1264 1722 1290 1846; textangle 90"><span class='ocrx_word' id='word_1_523' title='bbox 1264 1722 1290 1846; x_wconf 33' lang='lat' dir='ltr'>*zen</span> 
     </span>
    </p>
   </div>
   <div class='ocr_carea' id='block_1_40' title="bbox 1244 2049 2336 2163">
    <p class='ocr_par' dir='ltr' id='par_1_59' title="bbox 1244 2049 2336 2163">
     <span class='ocr_line' id='line_1_99' title="bbox 1244 2049 2336 2108; baseline -0.006 -13"><span class='ocrx_word' id='word_1_524' title='bbox 1244 2052 1403 2108; x_wconf 91' lang='lat' dir='ltr'>Incipit</span> <span class='ocrx_word' id='word_1_525' title='bbox 1442 2064 1496 2094; x_wconf 85' lang='lat' dir='ltr'>ex</span> <span class='ocrx_word' id='word_1_526' title='bbox 1537 2050 1687 2093; x_wconf 90' lang='lat' dir='ltr'>ordine</span> <span class='ocrx_word' id='word_1_527' title='bbox 1716 2050 1827 2094; x_wconf 92' lang='lat' dir='ltr'>liber</span> <span class='ocrx_word' id='word_1_528' title='bbox 1857 2049 2116 2092; x_wconf 90' lang='lat' dir='ltr'>vicensimus</span> <span class='ocrx_word' id='word_1_529' title='bbox 2148 2051 2336 2102; x_wconf 86' lang='lat' dir='ltr'>quartus,</span> 
     </span>
     <span class='ocr_line' id='line_1_100' title="bbox 1474 2106 2107 2163; baseline -0.006 -13"><span class='ocrx_word' id='word_1_530' title='bbox 1474 2108 1756 2163; x_wconf 89' lang='lat' dir='ltr'>singularium</span> <span class='ocrx_word' id='word_1_531' title='bbox 1786 2107 1896 2150; x_wconf 89' lang='lat' dir='ltr'>liber</span> <span class='ocrx_word' id='word_1_532' title='bbox 1926 2106 2107 2161; x_wconf 85' lang='lat' dir='ltr'>quintus.</span> 
     </span>
    </p>
   </div>
   <div class='ocr_carea' id='block_1_41' title="bbox 1265 2173 2336 2314">
    <p class='ocr_par' dir='ltr' id='par_1_60' title="bbox 1265 2173 2336 2314">
     <span class='ocr_line' id='line_1_101' title="bbox 1268 2173 2232 2211; baseline -0.004 0"><span class='ocrx_word' id='word_1_533' title='bbox 1268 2190 1291 2210; x_wconf 80' lang='lat' dir='ltr'>a</span> <span class='ocrx_word' id='word_1_534' title='bbox 1339 2181 1365 2211; x_wconf 85' lang='lat' dir='ltr'>R</span> <span class='ocrx_word' id='word_1_535' title='bbox 1400 2175 1456 2210; x_wconf 90' lang='lat' dir='ltr'>De</span> <span class='ocrx_word' id='word_1_536' title='bbox 1480 2174 1732 2210; x_wconf 88' lang='lat' dir='ltr'>donationibus</span> <span class='ocrx_word' id='word_1_537' title='bbox 1757 2173 1852 2209; x_wconf 87' lang='lat' dir='ltr'>inter</span> <span class='ocrx_word' id='word_1_538' title='bbox 1875 2173 1989 2209; x_wconf 86' lang='lat' dir='ltr'>virum</span> <span class='ocrx_word' id='word_1_539' title='bbox 2014 2176 2050 2208; x_wconf 92' lang='lat' dir='ltr'>et</span> <span class='ocrx_word' id='word_1_540' title='bbox 2074 2182 2232 2208; x_wconf 83' lang='lat' dir='ltr'>uxorem.</span> 
     </span>
     <span class='ocr_line' id='line_1_102' title="bbox 1265 2219 1880 2266; baseline -0.007 -9"><span class='ocrx_word' id='word_1_541' title='bbox 1265 2226 1292 2266; x_wconf 85' lang='grc' dir='ltr'>β</span> <span class='ocrx_word' id='word_1_542' title='bbox 1338 2225 1365 2257; x_wconf 88' lang='grc' dir='ltr'><strong>Β</strong></span> <span class='ocrx_word' id='word_1_543' title='bbox 1399 2221 1455 2255; x_wconf 92' lang='lat' dir='ltr'>De</span> <span class='ocrx_word' id='word_1_544' title='bbox 1479 2220 1626 2255; x_wconf 88' lang='lat' dir='ltr'>divortis</span> <span class='ocrx_word' id='word_1_545' title='bbox 1651 2224 1687 2255; x_wconf 91' lang='lat' dir='ltr'>et</span> <span class='ocrx_word' id='word_1_546' title='bbox 1710 2219 1880 2265; x_wconf 91' lang='lat' dir='ltr'>repudiis.</span> 
     </span>
     <span class='ocr_line' id='line_1_103' title="bbox 1265 2264 2336 2314; baseline -0.006 -11"><span class='ocrx_word' id='word_1_547' title='bbox 1265 2281 1287 2314; x_wconf 89' lang='lat' dir='ltr'>y</span> <span class='ocrx_word' id='word_1_548' title='bbox 1339 2271 1366 2303; x_wconf 87' lang='grc' dir='ltr'><strong>Β</strong></span> <span class='ocrx_word' id='word_1_549' title='bbox 1402 2266 1526 2302; x_wconf 90' lang='lat' dir='ltr'>Soluto</span> <span class='ocrx_word' id='word_1_550' title='bbox 1548 2266 1772 2301; x_wconf 86' lang='lat' dir='ltr'>matrimonio</span> <span class='ocrx_word' id='word_1_551' title='bbox 1795 2265 1859 2300; x_wconf 88' lang='lat' dir='ltr'>dos</span> <span class='ocrx_word' id='word_1_552' title='bbox 1877 2264 2173 2310; x_wconf 88' lang='lat' dir='ltr'>quemadmodum</span> <span class='ocrx_word' id='word_1_553' title='bbox 2182 2266 2336 2308; x_wconf 87' lang='lat' dir='ltr'>petatur.</span> 
     </span>
    </p>
   </div>
   <div class='ocr_carea' id='block_1_42' title="bbox 1244 2322 2338 2438">
    <p class='ocr_par' dir='ltr' id='par_1_61' title="bbox 1244 2322 2338 2438">
     <span class='ocr_line' id='line_1_104' title="bbox 1244 2322 2338 2381; baseline -0.005 -12"><span class='ocrx_word' id='word_1_554' title='bbox 1244 2326 1485 2381; x_wconf 88' lang='lat' dir='ltr'>Explicitus</span> <span class='ocrx_word' id='word_1_555' title='bbox 1529 2328 1594 2367; x_wconf 89' lang='lat' dir='ltr'>cst</span> <span class='ocrx_word' id='word_1_556' title='bbox 1636 2324 1745 2367; x_wconf 89' lang='lat' dir='ltr'>liber</span> <span class='ocrx_word' id='word_1_557' title='bbox 1789 2337 1843 2367; x_wconf 92' lang='lat' dir='ltr'>ex</span> <span class='ocrx_word' id='word_1_558' title='bbox 1887 2323 2038 2365; x_wconf 92' lang='lat' dir='ltr'>ordine</span> <span class='ocrx_word' id='word_1_559' title='bbox 2082 2322 2338 2364; x_wconf 85' lang='lat' dir='ltr'>vicensimus</span> 
     </span>
     <span class='ocr_line' id='line_1_105' title="bbox 1365 2379 2218 2438; baseline -0.005 -14"><span class='ocrx_word' id='word_1_560' title='bbox 1365 2386 1551 2438; x_wconf 86' lang='lat' dir='ltr'>quartus,</span> <span class='ocrx_word' id='word_1_561' title='bbox 1585 2380 1865 2436; x_wconf 84' lang='lat' dir='ltr'>singularium</span> <span class='ocrx_word' id='word_1_562' title='bbox 1895 2381 2004 2422; x_wconf 90' lang='lat' dir='ltr'>liber</span> <span class='ocrx_word' id='word_1_563' title='bbox 2034 2379 2218 2434; x_wconf 87' lang='lat' dir='ltr'>quintus.</span> 
     </span>
    </p>
   </div>
   <div class='ocr_carea' id='block_1_43' title="bbox 1244 2482 2336 2595">
    <p class='ocr_par' dir='ltr' id='par_1_62' title="bbox 1244 2482 2336 2595">
     <span class='ocr_line' id='line_1_106' title="bbox 1244 2482 2336 2540; baseline -0.005 -13"><span class='ocrx_word' id='word_1_564' title='bbox 1244 2485 1401 2540; x_wconf 89' lang='lat' dir='ltr'>Incipit</span> <span class='ocrx_word' id='word_1_565' title='bbox 1441 2498 1494 2527; x_wconf 90' lang='lat' dir='ltr'>ex</span> <span class='ocrx_word' id='word_1_566' title='bbox 1533 2484 1681 2526; x_wconf 86' lang='lat' dir='ltr'>ordine</span> <span class='ocrx_word' id='word_1_567' title='bbox 1720 2483 1828 2526; x_wconf 91' lang='lat' dir='ltr'>liber</span> <span class='ocrx_word' id='word_1_568' title='bbox 1864 2482 2121 2525; x_wconf 89' lang='lat' dir='ltr'>vicensimus</span> <span class='ocrx_word' id='word_1_569' title='bbox 2151 2482 2336 2535; x_wconf 88' lang='lat' dir='ltr'>quintus,</span> 
     </span>
     <span class='ocr_line' id='line_1_107' title="bbox 1486 2539 2094 2595; baseline -0.005 -12"><span class='ocrx_word' id='word_1_570' title='bbox 1486 2541 1767 2595; x_wconf 83' lang='lat' dir='ltr'>singularium</span> <span class='ocrx_word' id='word_1_571' title='bbox 1798 2539 1907 2581; x_wconf 91' lang='lat' dir='ltr'>liber</span> <span class='ocrx_word' id='word_1_572' title='bbox 1937 2543 2094 2581; x_wconf 86' lang='lat' dir='ltr'>sextus.</span> 
     </span>
    </p>
   </div>
   <div class='ocr_carea' id='block_1_44' title="bbox 1265 2604 2336 3102">
    <p class='ocr_par' dir='ltr' id='par_1_63' title="bbox 1337 2604 2093 2652">
     <span class='ocr_line' id='line_1_108' title="bbox 1337 2604 2093 2652; baseline -0.005 -9"><span class='ocrx_word' id='word_1_573' title='bbox 1337 2613 1361 2642; x_wconf 89' lang='lat' dir='ltr'>R</span> <span class='ocrx_word' id='word_1_574' title='bbox 1398 2608 1453 2643; x_wconf 90' lang='lat' dir='ltr'>De</span> <span class='ocrx_word' id='word_1_575' title='bbox 1476 2607 1648 2652; x_wconf 87' lang='lat' dir='ltr'>impensis</span> <span class='ocrx_word' id='word_1_576' title='bbox 1672 2607 1708 2641; x_wconf 93' lang='lat' dir='ltr'>in</span> <span class='ocrx_word' id='word_1_577' title='bbox 1733 2617 1789 2641; x_wconf 89' lang='lat' dir='ltr'>res</span> <span class='ocrx_word' id='word_1_578' title='bbox 1814 2606 1951 2641; x_wconf 90' lang='lat' dir='ltr'>dotales</span> <span class='ocrx_word' id='word_1_579' title='bbox 1976 2604 2093 2640; x_wconf 87' lang='lat' dir='ltr'>factis.</span> 
     </span>
    </p>

    <p class='ocr_par' dir='ltr' id='par_1_64' title="bbox 1339 2651 1998 2689">
     <span class='ocr_line' id='line_1_109' title="bbox 1339 2651 1998 2689; baseline -0.005 -1"><span class='ocrx_word' id='word_1_580' title='bbox 1339 2658 1363 2688; x_wconf 88' lang='lat' dir='ltr'>R</span> <span class='ocrx_word' id='word_1_581' title='bbox 1398 2653 1453 2689; x_wconf 92' lang='lat' dir='ltr'>De</span> <span class='ocrx_word' id='word_1_582' title='bbox 1477 2664 1597 2688; x_wconf 87' lang='lat' dir='ltr'>rerum</span> <span class='ocrx_word' id='word_1_583' title='bbox 1621 2656 1821 2687; x_wconf 87' lang='lat' dir='ltr'>amotarum</span> <span class='ocrx_word' id='word_1_584' title='bbox 1846 2651 1998 2686; x_wconf 87' lang='lat' dir='ltr'>actione.</span> 
     </span>
    </p>

    <p class='ocr_par' dir='ltr' id='par_1_65' title="bbox 1339 2696 2335 2788">
     <span class='ocr_line' id='line_1_110' title="bbox 1339 2696 2335 2743; baseline -0.004 -9"><span class='ocrx_word' id='word_1_585' title='bbox 1339 2703 1365 2734; x_wconf 89' lang='grc' dir='ltr'><strong>Β</strong></span> <span class='ocrx_word' id='word_1_586' title='bbox 1400 2699 1455 2734; x_wconf 88' lang='grc' dir='ltr'>Ι)θ</span> <span class='ocrx_word' id='word_1_587' title='bbox 1479 2697 1715 2743; x_wconf 85' lang='lat' dir='ltr'>agnoscendis</span> <span class='ocrx_word' id='word_1_588' title='bbox 1741 2701 1777 2732; x_wconf 91' lang='lat' dir='ltr'>et</span> <span class='ocrx_word' id='word_1_589' title='bbox 1799 2696 1936 2732; x_wconf 90' lang='lat' dir='ltr'>alendis</span> <span class='ocrx_word' id='word_1_590' title='bbox 1966 2696 2086 2732; x_wconf 89' lang='lat' dir='ltr'>liberis</span> <span class='ocrx_word' id='word_1_591' title='bbox 2120 2696 2175 2732; x_wconf 93' lang='lat' dir='ltr'>vel</span> <span class='ocrx_word' id='word_1_592' title='bbox 2206 2706 2335 2741; x_wconf 86' lang='lat' dir='ltr'>paren-</span> 
     </span>
     <span class='ocr_line' id='line_1_111' title="bbox 1449 2742 2062 2788; baseline -0.005 -9"><span class='ocrx_word' id='word_1_593' title='bbox 1449 2745 1545 2779; x_wconf 91' lang='lat' dir='ltr'>tibus</span> <span class='ocrx_word' id='word_1_594' title='bbox 1570 2744 1625 2779; x_wconf 90' lang='lat' dir='ltr'>vel</span> <span class='ocrx_word' id='word_1_595' title='bbox 1649 2743 1811 2788; x_wconf 89' lang='lat' dir='ltr'>patronis</span> <span class='ocrx_word' id='word_1_596' title='bbox 1835 2743 1891 2777; x_wconf 90' lang='lat' dir='ltr'>vel</span> <span class='ocrx_word' id='word_1_597' title='bbox 1915 2742 2062 2777; x_wconf 89' lang='lat' dir='ltr'>libertis.</span> 
     </span>
    </p>

    <p class='ocr_par' dir='ltr' id='par_1_66' title="bbox 1338 2787 2334 2839">
     <span class='ocr_line' id='line_1_112' title="bbox 1338 2787 2334 2839; baseline -0.004 -14"><span class='ocrx_word' id='word_1_598' title='bbox 1338 2796 1361 2825; x_wconf 87' lang='grc' dir='ltr'><strong>Β</strong></span> <span class='ocrx_word' id='word_1_599' title='bbox 1398 2791 1452 2825; x_wconf 91' lang='lat' dir='ltr'>De</span> <span class='ocrx_word' id='word_1_600' title='bbox 1475 2789 1698 2834; x_wconf 90' lang='lat' dir='ltr'>inspiciendo</span> <span class='ocrx_word' id='word_1_601' title='bbox 1729 2792 1851 2823; x_wconf 87' lang='lat' dir='ltr'>ventre</span> <span class='ocrx_word' id='word_1_602' title='bbox 1882 2787 2186 2832; x_wconf 87' lang='lat' dir='ltr'>custodiendoque</span> <span class='ocrx_word' id='word_1_603' title='bbox 2217 2791 2334 2839; x_wconf 85' lang='lat' dir='ltr'>partu.</span> 
     </span>
    </p>

    <p class='ocr_par' dir='ltr' id='par_1_67' title="bbox 1335 2834 2336 2960">
     <span class='ocr_line' id='line_1_113' title="bbox 1335 2834 2336 2878; baseline -0.004 -8"><span class='ocrx_word' id='word_1_604' title='bbox 1335 2841 1360 2870; x_wconf 88' lang='lat' dir='ltr'>R</span> <span class='ocrx_word' id='word_1_605' title='bbox 1397 2836 1434 2870; x_wconf 89' lang='lat' dir='ltr'>Si</span> <span class='ocrx_word' id='word_1_606' title='bbox 1466 2835 1597 2869; x_wconf 85' lang='lat' dir='ltr'>ventris</span> <span class='ocrx_word' id='word_1_607' title='bbox 1631 2834 1774 2869; x_wconf 87' lang='lat' dir='ltr'>nomine</span> <span class='ocrx_word' id='word_1_608' title='bbox 1812 2834 1962 2868; x_wconf 86' lang='lat' dir='ltr'>muliere</span> <span class='ocrx_word' id='word_1_609' title='bbox 1999 2834 2037 2868; x_wconf 91' lang='lat' dir='ltr'>in</span> <span class='ocrx_word' id='word_1_610' title='bbox 2074 2843 2336 2878; x_wconf 81' lang='lat' dir='ltr'>possessionem</span> 
     </span>
     <span class='ocr_line' id='line_1_114' title="bbox 1447 2878 2335 2924; baseline -0.005 -9"><span class='ocrx_word' id='word_1_611' title='bbox 1447 2881 1556 2915; x_wconf 86' lang='lat' dir='ltr'>missa</span> <span class='ocrx_word' id='word_1_612' title='bbox 1581 2880 1704 2915; x_wconf 90' lang='lat' dir='ltr'>eadem</span> <span class='ocrx_word' id='word_1_613' title='bbox 1728 2879 1907 2924; x_wconf 88' lang='lat' dir='ltr'>possessio</span> <span class='ocrx_word' id='word_1_614' title='bbox 1933 2879 2014 2914; x_wconf 93' lang='lat' dir='ltr'>dolo</span> <span class='ocrx_word' id='word_1_615' title='bbox 2041 2878 2134 2914; x_wconf 89' lang='lat' dir='ltr'>malo</span> <span class='ocrx_word' id='word_1_616' title='bbox 2160 2879 2206 2914; x_wconf 91' lang='lat' dir='ltr'>ad</span> <span class='ocrx_word' id='word_1_617' title='bbox 2227 2878 2335 2912; x_wconf 88' lang='lat' dir='ltr'>alium</span> 
     </span>
     <span class='ocr_line' id='line_1_115' title="bbox 1447 2925 1902 2960; baseline 0.002 -1"><span class='ocrx_word' id='word_1_618' title='bbox 1447 2926 1623 2960; x_wconf 87' lang='lat' dir='ltr'>translata</span> <span class='ocrx_word' id='word_1_619' title='bbox 1647 2935 1726 2960; x_wconf 89' lang='lat' dir='ltr'>esse</span> <span class='ocrx_word' id='word_1_620' title='bbox 1750 2925 1902 2960; x_wconf 83' lang='lat' dir='ltr'>dicatur.</span> 
     </span>
    </p>

    <p class='ocr_par' dir='ltr' id='par_1_68' title="bbox 1265 2970 2332 3014">
     <span class='ocr_line' id='line_1_116' title="bbox 1265 2970 2332 3014; baseline -0.004 -7"><span class='ocrx_word' id='word_1_621' title='bbox 1265 2985 1280 3007; x_wconf 88' lang='grc' dir='ltr'><strong><em>ς</em></strong></span> <span class='ocrx_word' id='word_1_622' title='bbox 1336 2976 1358 3006; x_wconf 88' lang='grc' dir='ltr'><strong>Β</strong></span> <span class='ocrx_word' id='word_1_623' title='bbox 1394 2971 1430 3006; x_wconf 87' lang='lat' dir='ltr'>Si</span> <span class='ocrx_word' id='word_1_624' title='bbox 1458 2971 1584 3006; x_wconf 88' lang='lat' dir='ltr'>mulier</span> <span class='ocrx_word' id='word_1_625' title='bbox 1606 2971 1740 3006; x_wconf 87' lang='lat' dir='ltr'>ventris</span> <span class='ocrx_word' id='word_1_626' title='bbox 1764 2971 1907 3006; x_wconf 88' lang='lat' dir='ltr'>nomine</span> <span class='ocrx_word' id='word_1_627' title='bbox 1932 2971 1968 3005; x_wconf 92' lang='lat' dir='ltr'>in</span> <span class='ocrx_word' id='word_1_628' title='bbox 1990 2970 2253 3014; x_wconf 90' lang='lat' dir='ltr'>possessionem</span> <span class='ocrx_word' id='word_1_629' title='bbox 2275 2979 2332 3003; x_wconf 87' lang='lat' dir='ltr'>ca-</span> 
     </span>
    </p>

    <p class='ocr_par' dir='ltr' id='par_1_69' title="bbox 1267 3016 2047 3102">
     <span class='ocr_line' id='line_1_117' title="bbox 1447 3016 2047 3052; baseline 0 -1"><span class='ocrx_word' id='word_1_630' title='bbox 1447 3016 1602 3051; x_wconf 87' lang='lat' dir='ltr'>lumniae</span> <span class='ocrx_word' id='word_1_631' title='bbox 1626 3027 1738 3052; x_wconf 87' lang='lat' dir='ltr'>causa</span> <span class='ocrx_word' id='word_1_632' title='bbox 1762 3016 1871 3052; x_wconf 86' lang='lat' dir='ltr'>fuisse</span> <span class='ocrx_word' id='word_1_633' title='bbox 1896 3016 2047 3051; x_wconf 86' lang='lat' dir='ltr'>dicatur.</span> 
     </span>
     <span class='ocr_line' id='line_1_118' title="bbox 1267 3062 1697 3102; baseline -0.002 -5"><span class='ocrx_word' id='word_1_634' title='bbox 1267 3063 1286 3102; x_wconf 82' lang='grc' dir='ltr'>ζ</span> <span class='ocrx_word' id='word_1_635' title='bbox 1336 3067 1362 3097; x_wconf 87' lang='grc' dir='ltr'><strong>Β</strong></span> <span class='ocrx_word' id='word_1_636' title='bbox 1399 3062 1454 3097; x_wconf 92' lang='lat' dir='ltr'>De</span> <span class='ocrx_word' id='word_1_637' title='bbox 1478 3062 1697 3097; x_wconf 88' lang='lat' dir='ltr'>concubinis.</span> 
     </span>
    </p>
   </div>
   <div class='ocr_carea' id='block_1_45' title="bbox 1247 3119 2335 3231">
    <p class='ocr_par' dir='ltr' id='par_1_70' title="bbox 1247 3119 2335 3231">
     <span class='ocr_line' id='line_1_119' title="bbox 1247 3119 2335 3175; baseline -0.003 -12"><span class='ocrx_word' id='word_1_638' title='bbox 1247 3121 1482 3175; x_wconf 82' lang='lat' dir='ltr'>Explicitus</span> <span class='ocrx_word' id='word_1_639' title='bbox 1526 3124 1591 3162; x_wconf 89' lang='lat' dir='ltr'>est</span> <span class='ocrx_word' id='word_1_640' title='bbox 1634 3121 1743 3162; x_wconf 91' lang='lat' dir='ltr'>liber</span> <span class='ocrx_word' id='word_1_641' title='bbox 1786 3133 1839 3163; x_wconf 91' lang='lat' dir='ltr'>ex</span> <span class='ocrx_word' id='word_1_642' title='bbox 1884 3119 2034 3162; x_wconf 90' lang='lat' dir='ltr'>ordine</span> <span class='ocrx_word' id='word_1_643' title='bbox 2077 3119 2335 3162; x_wconf 84' lang='lat' dir='ltr'>vicensimus</span> 
     </span>
     <span class='ocr_line' id='line_1_120' title="bbox 1450 3177 2127 3231; baseline 0.001 -13"><span class='ocrx_word' id='word_1_644' title='bbox 1450 3177 1634 3231; x_wconf 86' lang='lat' dir='ltr'>quintus,</span> <span class='ocrx_word' id='word_1_645' title='bbox 1666 3177 1944 3231; x_wconf 88' lang='lat' dir='ltr'>singularium</span> <span class='ocrx_word' id='word_1_646' title='bbox 1969 3182 2127 3219; x_wconf 84' lang='lat' dir='ltr'>sextus.</span> 
     </span>
    </p>
   </div>
   <div class='ocr_carea' id='block_1_46' title="bbox 1809 3263 2040 3267">
    <p class='ocr_par' dir='ltr' id='par_1_71' title="bbox 1809 3263 2040 3267">
     <span class='ocr_line' id='line_1_121' title="bbox 1809 3263 2040 3267; baseline 0 0"><span class='ocrx_word' id='word_1_647' title='bbox 1809 3263 2040 3267; x_wconf 95' lang='lat' dir='ltr'> </span> 
     </span>
    </p>
   </div>
   <div class='ocr_carea' id='block_1_47' title="bbox 2042 3263 2184 3267">
    <p class='ocr_par' dir='ltr' id='par_1_72' title="bbox 2042 3263 2184 3267">
     <span class='ocr_line' id='line_1_122' title="bbox 2042 3263 2184 3267; baseline 0 0"><span class='ocrx_word' id='word_1_648' title='bbox 2042 3263 2184 3267; x_wconf 95' lang='lat' dir='ltr'> </span> 
     </span>
    </p>
   </div>
   <div class='ocr_carea' id='block_1_48' title="bbox 1411 3373 1665 3378">
    <p class='ocr_par' dir='ltr' id='par_1_73' title="bbox 1411 3373 1665 3378">
     <span class='ocr_line' id='line_1_123' title="bbox 1411 3373 1665 3378; baseline 0 0"><span class='ocrx_word' id='word_1_649' title='bbox 1411 3373 1665 3378; x_wconf 95' lang='lat' dir='ltr'> </span> 
     </span>
    </p>
   </div>
   <div class='ocr_carea' id='block_1_49' title="bbox 1239 3415 2336 3775">
    <p class='ocr_par' dir='ltr' id='par_1_74' title="bbox 1245 3415 1907 3458">
     <span class='ocr_line' id='line_1_124' title="bbox 1245 3415 1907 3458; baseline 0 -11"><span class='ocrx_word' id='word_1_650' title='bbox 1245 3422 1319 3448; x_wconf 79' lang='lat' dir='ltr'>ante</span> <span class='ocrx_word' id='word_1_651' title='bbox 1344 3415 1365 3447; x_wconf 85' lang='lat' dir='ltr'>l.</span> <span class='ocrx_word' id='word_1_652' title='bbox 1386 3415 1468 3448; x_wconf 87' lang='lat' dir='ltr'>XX</span> <span class='ocrx_word' id='word_1_653' title='bbox 1487 3415 1591 3458; x_wconf 88' lang='lat' dir='ltr'>incip.</span> <span class='ocrx_word' id='word_1_654' title='bbox 1612 3415 1671 3448; x_wconf 88' lang='lat' dir='ltr'>lib.</span> <span class='ocrx_word' id='word_1_655' title='bbox 1691 3426 1735 3448; x_wconf 62' lang='lat' dir='ltr'>xx</span> <span class='ocrx_word' id='word_1_656' title='bbox 1755 3417 1831 3449; x_wconf 77' lang='lat' dir='ltr'>add.</span> <span class='ocrx_word' id='word_1_657' title='bbox 1858 3416 1907 3447; x_wconf 56' lang='grc' dir='ltr'>[τ’2</span> 
     </span>
    </p>

    <p class='ocr_par' dir='ltr' id='par_1_75' title="bbox 1242 3459 2333 3585">
     <span class='ocr_line' id='line_1_125' title="bbox 1244 3459 2333 3539; baseline -0.002 -47"><span class='ocrx_word' id='word_1_658' title='bbox 1244 3461 1364 3537; x_wconf 69' lang='lat' dir='ltr'>‹mltebL</span> <span class='ocrx_word' id='word_1_659' title='bbox 1385 3461 1503 3539; x_wconf 46' lang='lat' dir='ltr'>XX}</span> <span class='ocrx_word' id='word_1_660' title='bbox 1508 3462 1626 3504; x_wconf 86' lang='lat' dir='ltr'>explic.</span> <span class='ocrx_word' id='word_1_661' title='bbox 1652 3462 1856 3503; x_wconf 84' lang='lat' dir='ltr'>digestorum</span> <span class='ocrx_word' id='word_1_662' title='bbox 1880 3461 1967 3493; x_wconf 87' lang='lat' dir='ltr'>liber</span> <span class='ocrx_word' id='word_1_663' title='bbox 1992 3461 2164 3492; x_wconf 79' lang='lat' dir='ltr'>vicesimus</span> <span class='ocrx_word' id='word_1_664' title='bbox 2181 3460 2192 3503; x_wconf 71' lang='grc' dir='ltr'>Η</span> <span class='ocrx_word' id='word_1_665' title='bbox 2212 3459 2333 3501; x_wconf 84' lang='lat' dir='ltr'>incipit</span> 
     </span>
     <span class='ocr_line' id='line_1_126' title="bbox 1242 3516 1817 3585; baseline 0.002 -2"><span class='ocrx_word' id='word_1_666' title='bbox 1242 3517 1318 3584; x_wconf 60' lang='lat' dir='ltr'>“mle</span> <span class='ocrx_word' id='word_1_667' title='bbox 1337 3516 1372 3584; x_wconf 54' lang='lat' dir='ltr'>{r</span> <span class='ocrx_word' id='word_1_668' title='bbox 1384 3516 1508 3585; x_wconf 56' lang='lat' dir='ltr'>XXXII</span> <span class='ocrx_word' id='word_1_669' title='bbox 1526 3552 1592 3584; x_wconf 89' lang='lat' dir='ltr'>inc.</span> <span class='ocrx_word' id='word_1_670' title='bbox 1613 3552 1671 3584; x_wconf 89' lang='lat' dir='ltr'>lib.</span> <span class='ocrx_word' id='word_1_671' title='bbox 1691 3553 1761 3584; x_wconf 85' lang='lat' dir='ltr'>xxii</span> <span class='ocrx_word' id='word_1_672' title='bbox 1783 3553 1817 3584; x_wconf 79' lang='lat' dir='ltr'><em>F</em></span> 
     </span>
    </p>

    <p class='ocr_par' dir='ltr' id='par_1_76' title="bbox 1241 3594 2330 3730">
     <span class='ocr_line' id='line_1_127' title="bbox 1242 3594 2330 3641; baseline -0.002 -13"><span class='ocrx_word' id='word_1_673' title='bbox 1242 3603 1317 3629; x_wconf 76' lang='lat' dir='ltr'>aute</span> <span class='ocrx_word' id='word_1_674' title='bbox 1342 3597 1526 3630; x_wconf 83' lang='lat' dir='ltr'>LXXIII</span> <span class='ocrx_word' id='word_1_675' title='bbox 1553 3597 1691 3641; x_wconf 85' lang='lat' dir='ltr'>explicit</span> <span class='ocrx_word' id='word_1_676' title='bbox 1710 3598 1913 3639; x_wconf 85' lang='lat' dir='ltr'>digestorum</span> <span class='ocrx_word' id='word_1_677' title='bbox 1938 3597 2022 3628; x_wconf 88' lang='lat' dir='ltr'>liber</span> <span class='ocrx_word' id='word_1_678' title='bbox 2041 3596 2110 3627; x_wconf 80' lang='lat' dir='ltr'>xxii</span> <span class='ocrx_word' id='word_1_679' title='bbox 2136 3595 2255 3637; x_wconf 87' lang='lat' dir='ltr'>incipit</span> <span class='ocrx_word' id='word_1_680' title='bbox 2273 3594 2330 3627; x_wconf 90' lang='lat' dir='ltr'>lib.</span> 
     </span>
     <span class='ocr_line' id='line_1_128' title="bbox 1241 3642 1939 3730; baseline 0 -12"><span class='ocrx_word' id='word_1_681' title='bbox 1241 3651 1370 3719; x_wconf 53' lang='grc' dir='ltr'>αηῖιῖ</span> <span class='ocrx_word' id='word_1_682' title='bbox 1380 3642 1544 3721; x_wconf 60' lang='lat' dir='ltr'>XXIIII</span> <span class='ocrx_word' id='word_1_683' title='bbox 1563 3689 1685 3730; x_wconf 87' lang='lat' dir='ltr'>incipit</span> <span class='ocrx_word' id='word_1_684' title='bbox 1705 3688 1789 3720; x_wconf 90' lang='lat' dir='ltr'>liber</span> <span class='ocrx_word' id='word_1_685' title='bbox 1809 3690 1885 3719; x_wconf 81' lang='lat' dir='ltr'>xxiv</span> <span class='ocrx_word' id='word_1_686' title='bbox 1906 3688 1939 3719; x_wconf 76' lang='lat' dir='ltr'><em>F</em></span> 
     </span>
    </p>

    <p class='ocr_par' dir='ltr' id='par_1_77' title="bbox 1239 3731 2336 3775">
     <span class='ocr_line' id='line_1_129' title="bbox 1239 3731 2336 3775; baseline 0 -12"><span class='ocrx_word' id='word_1_687' title='bbox 1239 3740 1312 3765; x_wconf 76' lang='lat' dir='ltr'>ante</span> <span class='ocrx_word' id='word_1_688' title='bbox 1338 3733 1358 3765; x_wconf 87' lang='lat' dir='ltr'>l.</span> <span class='ocrx_word' id='word_1_689' title='bbox 1378 3733 1499 3765; x_wconf 90' lang='lat' dir='ltr'>XXV</span> <span class='ocrx_word' id='word_1_690' title='bbox 1514 3733 1651 3775; x_wconf 84' lang='lat' dir='ltr'>explicit</span> <span class='ocrx_word' id='word_1_691' title='bbox 1669 3734 1725 3765; x_wconf 86' lang='lat' dir='ltr'>lib.</span> <span class='ocrx_word' id='word_1_692' title='bbox 1740 3735 1815 3764; x_wconf 77' lang='lat' dir='ltr'>xxiv</span> <span class='ocrx_word' id='word_1_693' title='bbox 1843 3733 1961 3773; x_wconf 73' lang='lat' dir='ltr'>Incipit</span> <span class='ocrx_word' id='word_1_694' title='bbox 1981 3731 2036 3762; x_wconf 91' lang='lat' dir='ltr'>lib.</span> <span class='ocrx_word' id='word_1_695' title='bbox 2052 3741 2114 3763; x_wconf 90' lang='lat' dir='ltr'>xxv</span> <span class='ocrx_word' id='word_1_696' title='bbox 2142 3731 2282 3763; x_wconf 81' lang='lat' dir='ltr'>feliciter</span> <span class='ocrx_word' id='word_1_697' title='bbox 2305 3731 2336 3763; x_wconf 87' lang='lat' dir='ltr'><em>F</em></span> 
     </span>
    </p>
   </div>
  </div>
 </body>
</html>
