2528 3918
194 112 414 156 xv11111

238 232 291 273 33
315 233 422 270 loru
450 233 542 269 libro
572 232 738 269 vicesimo
770 232 875 268 tertio
906 231 957 267 ad
978 231 1132 268 edictum
1177 230 1228 266 Et
1250 231 1281 266 si

192 290 264 316 uno
287 279 401 325 pretio
425 278 546 323 plures
575 287 634 313 res
667 279 807 322 emptae
838 276 950 320 sint¹‚
985 276 1029 312 de
1059 275 1205 320 singulis
1237 285 1282 312 ex

192 336 248 362 em
274 328 311 360 to
336 327 372 359 et
394 322 536 358 vendito
560 321 618 367 agi
639 325 770 368 potest.

266 368 291 406 4
316 368 422 404 [osu
436 367 527 403 libro
547 366 684 403 decumo
704 371 830 403 octavo
849 367 899 403 ad
909 366 1062 402 edictum
1109 365 1148 401 Si
1167 364 1280 401 fundo

191 415 333 451 vendito
364 413 402 448 in
432 412 604 458 qualitate
635 411 796 458 iugerum
830 412 950 458 captio
982 415 1054 454 est,
1087 420 1131 446 ex
1162 414 1280 456 empto

191 460 259 495 erit
282 458 389 494 actio.

237 502 289 542 35
315 503 422 538 Inest
440 502 532 539 libro
554 503 821 550 septuaqesimo
853 502 903 537 ad
933 502 1086 537 edictum
1133 500 1172 536 Si
1202 500 1282 546 quis

191 549 341 584 fundum
366 547 507 591 emerit,
531 548 635 594 quasi
684 558 723 584 er
746 557 827 583 eum
850 547 1001 583 fundum
1025 545 1132 582 eundi
1154 545 1283 598 agendi

190 595 246 630 ius
270 604 342 629 non
367 596 471 636 esset,
496 596 533 629 et
554 593 647 629 inter
674 593 744 629 ‘cto
769 592 814 628 de
837 592 963 628 itinere
987 595 1143 636 actuque
1165 595 1281 626 victus

191 640 247 682 sit,
273 649 316 674 ex
341 642 460 684 empto
483 638 630 674 habebit
652 639 848 674 actionem:
872 638 957 673 licet
980 637 1073 672 enim
1096 636 1143 671 sti
1169 635 1280 672 ulatio

191 684 236 720 de
259 684 433 719 evictione
456 694 529 719 non
552 684 814 725 committatur,
848 682 932 727 quia
963 692 1035 717 non
1061 684 1116 716 est
1164 691 1183 717 e
1206 681 1283 717 iure

190 728 369 765 servitutis
393 729 431 764 in
453 738 528 764 rem
552 729 694 765 actione
717 728 997 774 pronuntiatum,
1021 730 1142 762 tamen
1161 726 1281 762 dicen-

190 774 275 810 dum
299 778 355 810 est
377 784 422 809 ex
444 784 499 810 em
525 778 563 811 to
587 774 764 810 actionem
788 776 1000 818 competere.

236 816 291 857 36
314 818 372 855 ΡΑ
380 828 475 855 υιυε
523 819 593 856 'bro
624 820 775 866 septimo
806 818 856 853 ad
878 817 1062 853 Plautium
1109 816 1283 852 Venditor

191 865 318 901 domus
341 868 533 910 antequam
558 875 635 900 eam
659 863 799 906 tradat,
831 862 952 898 damni
982 861 1108 898 infecti
1131 861 1281 906 stipula-

190 910 324 946 tionem
338 909 585 962 ·interponere
617 909 741 951 debet,
775 908 877 961 quia,
910 911 1102 960 antequam
1133 916 1282 942 vacuam

190 952 1164 1050 fflffissffiffi‘ffi‘asfflffsstffffieeinissfisssstffl
1203 961 1282 1049 ἵζε

190 1046 417 1091 interponere
451 1045 736 1090 stipulationem:
772 1049 805 1080 et
837 1043 916 1079 ideo
949 1044 979 1079 si
1009 1042 1046 1078 1d
1077 1042 1281 1087 neglexerlt,

189 1091 371 1127 tenebitur
394 1101 448 1126 em
475 1090 554 1126 tori.

237 1133 289 1174 37
315 1135 425 1172 IDEM
458 1135 534 1171 t'bro
560 1138 691 1181 quarto
715 1134 852 1171 decimo
876 1134 927 1170 ad
948 1133 1134 1169 Plautium
1182 1132 1284 1168 Sicut

190 1191 343 1226 aequum
376 1185 430 1216 est
461 1180 577 1216 bonae
607 1179 690 1215 fidei
723 1179 873 1224 emptori
896 1178 1042 1214 alterius
1066 1178 1187 1214 dolum
1210 1188 1282 1213 non

191 1237 337 1268 nocere,
370 1227 421 1261 ita
452 1236 523 1261 non
554 1229 610 1261 est
641 1235 794 1270 aequum
826 1224 938 1260 eidem
961 1233 1139 1270 personae
1161 1223 1281 1258 vendi-

191 1272 280 1308 toris
303 1271 359 1307 sui
383 1271 504 1306 dolum
551 1270 706 1306 rodesse.

236 1313 290 1355 38
326 1316 471 1353 Cusus
498 1315 526 1351 li
548 1327 591 1351 ro
623 1320 749 1351 octavo
780 1314 821 1350 di
844 1317 1002 1350 estorum
1050 1312 1089 1348 Si
1119 1312 1283 1349 venditor

190 1361 342 1397 hominis
365 1361 455 1397 dixit
477 1360 656 1406 peculium
676 1370 757 1395 eum
775 1360 824 1395 ha
851 1369 910 1395 ere
930 1359 1053 1395 decem
1073 1368 1140 1394 nec
1160 1369 1283 1404 quem-

191 1407 320 1452 quam²
343 1406 612 1451 adempturum,
637 1405 696 1441 et³
720 1405 751 1441 si
773 1405 854 1450 plus
878 1405 1006 1448 habet,
1039 1407 1156 1440 totum
1178 1413 1282 1450 prae-

191 1456 274 1495 stet,
298 1451 367 1487 nisi
389 1451 459 1486 hoc
483 1451 628 1486 actum⁴
651 1454 724 1493 est,
758 1454 800 1485 ut
822 1450 1010 1486 dumtaxat
1034 1449 1157 1485 decem
1178 1459 1282 1494 prae-

190 1501 321 1539 staret,
354 1497 384 1532 si
414 1496 531 1532 minus
565 1499 638 1539 est,
670 1499 831 1541 praestet
861 1506 939 1531 esse
971 1495 1094 1531 decem
1117 1498 1154 1530 et
1175 1494 1283 1529 talem

194 1546 207 1577 l
258 1553 398 1578 servum
429 1551 528 1584 esse,
560 1545 602 1576 ut
632 1544 774 1576 tantum
804 1541 937 1586 peculii
958 1540 1103 1576 habeat.
1153 1539 1190 1575 Si
1218 1549 1284 1584 per

191 1591 387 1633 emptorem
410 1587 566 1630 steterit,
591 1597 662 1632 quo
686 1586 804 1622 minus
828 1587 861 1622 ei
884 1585 1101 1630 mancipium
1123 1584 1283 1620 tradere-

190 1636 268 1675 tur,
299 1643 364 1678 pro
398 1632 542 1668 cibariis
573 1642 638 1684 per
669 1632 856 1667 arbitrium
886 1631 1154 1666 indemnitatem
1177 1640 1283 1675 posse

190 1678 324 1713 servari
355 1677 485 1713 Sextus
508 1677 650 1719 Aehus‚
674 1676 816 1712 Drusus
847 1676 1031 1719 dixerunt,
1065 1686 1217 1721 quorum
1248 1678 1285 1710 et

190 1726 210 1758 2
257 1722 342 1758 mihi
365 1722 559 1758 iustissima
581 1722 720 1757 videtur
751 1732 829 1758 esse
859 1721 1048 1758 sententia.
1094 1720 1238 1756 Firmus
1261 1730 1284 1755 a

189 1768 343 1803 Proculo
368 1767 540 1812 quaesiit,
565 1767 596 1803 si
619 1767 664 1803 de
711 1767 855 1803 lumbeo
879 1766 1026 1802 castello
1049 1766 1192 1801 fistulae
1215 1765 1282 1801 sub

189 1817 322 1848 terram
353 1812 483 1848 missae
513 1823 643 1858 aquam
699 1816 848 1848 ucerent
876 1812 914 1847 in
948 1822 1077 1847 aenum
1110 1811 1283 1846 lateribus

190 1858 521 1900 circumstructum,
553 1868 600 1892 an
622 1857 692 1893 hae
723 1857 865 1893 aedium
898 1860 1019 1893 essent
1051 1866 1100 1892 an
1130 1859 1172 1892 ut
1200 1859 1284 1891 ruta

190 1913 298 1939 caesa
331 1903 452 1938 vincta
485 1902 629 1948 fixaque
660 1904 776 1948 quae⁵
798 1902 940 1938 aedium
962 1912 1035 1937 non
1060 1905 1189 1937 essent.
1224 1901 1284 1936 ille

189 1948 373 1994 rescripsit
395 1947 547 1990 referre,
579 1947 665 1993 quid
688 1947 761 1983 acti
784 1952 889 1984 esset.
927 1947 1013 1993 quid
1036 1957 1118 1992 ergo
1143 1946 1174 1982 si
1197 1946 1284 1982 nihil

190 1993 236 2029 de
257 2003 301 2029 ea
323 2003 362 2029 re
385 2003 501 2038 neque
525 1997 664 2038 emptor
687 2003 802 2038 neque
832 1992 995 2029 venditor
1027 2003 1069 2028 co
1095 1993 1282 2034 taverunt,

190 2042 232 2074 ut
254 2039 462 2084 plerumque
481 2038 518 2074 in
538 2038 712 2074 eiusmodi
731 2038 839 2074 rebus
861 2038 1020 2074 evenisse
1039 2048 1079 2073 so
1095 2040 1142 2080 et,
1165 2047 1284 2073 nonne

190 2084 340 2130 propius
372 2088 445 2126 est,
481 2087 523 2118 ut
551 2083 689 2119 inserta
719 2087 756 2119 et
785 2083 926 2119 inclusa
957 2082 1120 2119 aedificio
1144 2085 1284 2128 partem

191 2129 267 2164 eius
292 2139 371 2165 esse
395 2129 663 2165 existimemus?

237 2171 291 2212 39
311 2173 356 2210 M
357 2183 566 2210 onsssrnvvs
582 2173 674 2210 libro
694 2175 820 2219 quinto
839 2184 1095 2220 responsorum
1129 2172 1283 2218 Quaero,

191 2218 222 2255 si
245 2219 324 2264 quis
348 2219 399 2254 ita
421 2219 572 2254 fundum
595 2219 811 2262 vendiderit,
844 2222 886 2254 ut
915 2218 977 2254 id⁶
999 2229 1128 2254 venum
1160 2218 1284 2254 datum

191 2275 271 2300 esse
290 2264 463 2307 videatur,
484 2264 581 2310 quod
599 2264 695 2300 intra
706 2264 875 2300 terminos
887 2264 965 2309 ipse
976 2263 1146 2309 possedit,
1167 2264 1283 2300 sciens

190 2314 310 2345 tamen
334 2310 490 2355 aliquam
513 2313 653 2355 partem
678 2313 813 2345 certam
835 2320 875 2345 se
898 2319 971 2344 non
994 2308 1177 2355 possidere
1208 2319 1283 2344 non

192 2355 436 2391 certioraverit
466 2359 677 2400 emptorem,
710 2365 757 2390 an
787 2365 831 2390 ex
863 2365 918 2390 em
944 2359 981 2390 to
1004 2354 1137 2390 iudicio
1160 2358 1283 2390 tenea-

190 2404 260 2442 tur,
285 2411 367 2435 cum
390 2400 481 2436 haec
502 2400 678 2446 generalis
702 2400 854 2436 adiectio
879 2410 901 2435 a
951 2410 1004 2442 ea,
1029 2409 1122 2444 quae
1145 2399 1283 2445 specia-

190 2445 271 2480 liter
301 2445 399 2481 novit
454 2445 491 2480 ui
522 2445 680 2481 vendidit
708 2455 776 2481 nec
809 2445 966 2490 excepit,
1001 2443 1179 2490 pertinere
1211 2455 1283 2480 non

192 2490 331 2533 debeat,
355 2500 400 2526 ne
423 2456 580 2543 {fflioquin
599 2494 738 2535 emptor
758 2490 922 2535 capiatur
931 2491 956 2532 ⁷,
981 2490 1043 2535 qui
1064 2489 1229 2542 fortasse,
1253 2490 1284 2542 si

190 2535 260 2572 hoc
287 2539 528 2580 cognovisset,
559 2535 614 2571 vel
638 2539 823 2580 empturus
846 2546 920 2571 non
943 2538 1038 2571 esset
1059 2535 1115 2571 vel
1137 2545 1284 2570 minoris

191 2585 375 2626 empturus
399 2584 503 2624 esset,
528 2581 559 2616 si
583 2581 796 2616 certioratus
821 2580 865 2616 de
887 2580 967 2616 loco
993 2584 1091 2616 certo
1111 2579 1282 2616 fuisset⁸:

193 2637 274 2661 cum
296 2626 367 2662 hoc
391 2630 428 2662 et
450 2626 546 2672 apud
568 2630 707 2662 veteres
727 2626 775 2661 sit
791 2626 943 2662 relatum
961 2625 999 2661 in
1019 2625 1094 2662 eius
1116 2636 1282 2671 persona,

216 2671 253 2706 ui
276 2671 327 2707 sic
352 2675 559 2716 exceperat:
586 2671 784 2707 ‘servitutes
808 2672 839 2706 si
858 2681 950 2716 quae
966 2671 1151 2714 debentur,
1175 2671 1283 2707 debe-

193 2719 202 2735 ‘
230 2717 368 2751 untur':
394 2716 524 2752 etenim
546 2717 633 2752 iuris
657 2721 823 2754 auctores
846 2716 1126 2762 responderunt,
1151 2716 1182 2752 si
1206 2726 1282 2751 cer-

191 2765 251 2796 tus
274 2761 436 2796 venditor
459 2762 672 2807 quibusdam
695 2762 858 2807 personis
878 2765 996 2797 certas
1016 2761 1203 2797 servitutes
1221 2761 1282 2796 de-

192 2806 277 2842 bere
300 2817 372 2842 non
397 2806 641 2842 admonuisset
664 2811 880 2852 emptorem,
913 2817 957 2842 ex
981 2810 1099 2852 empto
1125 2817 1206 2842 eum
1228 2810 1282 2842 te-

193 2851 270 2886 neri
293 2850 440 2894 debere,
473 2852 616 2897 quando
639 2852 730 2887 haec
752 2852 928 2898 generalis
953 2852 1115 2897 exceptio
1140 2862 1214 2887 non
1237 2851 1284 2887 ad

193 2906 238 2931 ea
271 2897 449 2948 pertinere
484 2896 631 2940 debeat,
667 2907 760 2942 quae
793 2897 956 2933 venditor
990 2897 1090 2933 novit
1122 2907 1284 2942 quaeque

192 2941 395 2986 specialiter
419 2942 582 2987 excipere
606 2946 643 2978 et
663 2943 783 2987 potuit
806 2947 842 2978 et
872 2942 1015 2986 debuit,
1047 2942 1111 2978 sed
1149 2942 1196 2977 ad
1228 2952 1283 2985 ea,

193 2996 287 3038 quae
309 2986 485 3031 ignoravit
507 2991 543 3022 et
566 2987 611 3023 de
633 2988 764 3033 quibus
788 2991 984 3033 emptorem
1004 2988 1198 3023 certiorare
1221 2998 1282 3023 ne-

193 3031 315 3077 quivit.
362 3031 563 3067 Herennius
586 3032 811 3068 Modestinus
834 3043 891 3068 res
918 3033 1029 3076 ondit,
1053 3033 1084 3068 si
1107 3032 1193 3078 quid
1214 3033 1283 3068 cir-

196 3076 438 3113 cumveniendi
469 3078 637 3122 emptoris
671 3088 781 3113 causa
814 3088 882 3114 ven
911 3079 979 3114 'tor
1012 3078 1050 3113 in
1086 3079 1205 3123 specie
1239 3077 1285 3113 de

194 3131 266 3168 qua
284 3122 467 3167 quaeritur
485 3121 582 3164 fecit,
605 3132 649 3158 ex
668 3127 786 3167 empto
806 3123 946 3159 actione
966 3123 1145 3159 conveniri
1164 3133 1281 3168 posse.

240 3165 294 3205 40
326 3166 556 3202 Poupomvs
576 3168 667 3203 libro
692 3169 875 3214 triqesimo
891 3170 1016 3215 primo
1040 3168 1092 3204 ad
1114 3167 1282 3211 Quintum

194 3210 354 3248 Mucium
400 3211 552 3256 Quintus
575 3213 712 3248 Mucius
736 3214 879 3249 scribit:
912 3213 1073 3249 dominus
1105 3213 1208 3249 fundi
1239 3213 1284 3248 de

193 3256 341 3302 praedio
362 3257 509 3292 arbores
527 3260 664 3293 stantes
682 3258 890 3294 vendiderat
914 3263 950 3294 et
971 3269 1036 3304 pro
1060 3258 1116 3294 his
1139 3258 1246 3294 rebus
1258 3259 1282 3280 ὓ·

221 3302 383 3338 ecuniam
406 3311 494 3338 acce
518 3302 548 3337 it
570 3306 607 3337 et
628 3302 770 3338 tradere
788 3304 951 3339 nolebat:
977 3307 1115 3349 emptor
1133 3313 1281 3349 quaere-

194 3312 276 3390 flat,
307 3346 395 3400 quid
415 3356 455 3382 se
476 3313 597 3382 ignem
619 3351 816 3392 oporteret,
849 3353 885 3383 et
906 3349 1115 3391 verebatur,
1146 3359 1192 3385 ne
1214 3349 1282 3384 hae

195 3392 340 3428 arbores
364 3402 441 3428 ems
464 3402 537 3428 non
558 3392 762 3428 viderentur
783 3393 915 3429 factae.
952 3393 1199 3430 Poupomvs:
1222 3403 1280 3429 ar-

196 3509 235 3547 (ι)
262 3509 298 3539 et
316 3506 479 3560 quaedam
491 3516 605 3539 earum
617 3505 670 3539 vel
681 3515 796 3539 omnes
808 3507 936 3539 evictae
950 3507 1021 3539 sint
1033 3508 1095 3542 ins.
1107 3508 1282 3541 secundum

195 3551 263 3629 ἔω
273 3597 309 3630 F
322 3554 367 3594 ‘²'
392 3551 722 3640 iffgffla‘fliffim
772 3552 1047 3637 ‘³'‹03‘¹u‘{3⁸}2⁶''
1102 3598 1147 3639 (η
1152 3553 1282 3641 (1,ζέιῖ

196 3641 295 3674 turF
341 3642 387 3683 (s)
400 3642 431 3674 si
442 3641 642 3675 eertiontus
653 3640 695 3674 de
706 3640 782 3674 loeo
794 3644 886 3674 certo
898 3641 1018 3674 fuisset
1028 3642 1091 3675 del.
1161 3644 1218 3683 (ε’)
1229 3652 1282 3675 re-

195 3685 270 3727 bus]
284 3686 460 3719 arboribus
471 3699 534 3721 ner.
617 3688 662 3728 (9)
687 3686 780 3719 intra
790 3698 854 3719 scr.
936 3687 996 3728 (10)
1022 3687 1207 3719 constituto
1218 3699 1280 3720 scr.

194 3734 252 3775 (ιι)
275 3730 379 3764 desiit
391 3731 425 3765 F
543 3731 610 3775 (α’)
635 3732 749 3774 quam]
760 3729 814 3764 vel
824 3743 888 3766 cer.

1275 104 1360 155 248

2076 121 2138 153 Dr.
2168 122 2435 156 Acwlomnus

1349 229 1495 273 borum,
1519 240 1612 276 quae
1632 231 1671 267 in
1692 231 1805 267 fundo
1829 231 2077 274 continentur,
2110 241 2183 267 non
2214 235 2271 268 est
2292 242 2436 278 separa-

1349 279 1425 311 tum
1450 285 1580 321 corpus
1603 286 1627 312 a
1648 275 1760 313 fundo
1785 280 1822 313 et
1842 276 1924 313 ideo
1947 279 1989 312 ut
2013 275 2176 312 dominus
2195 286 2280 313 suas
2299 277 2437 323 specia-

1349 320 1430 356 liter
1453 320 1601 357 arbores
1630 321 1812 358 vindicare
1842 325 1981 367 emptor
2011 331 2086 357 non
2115 321 2266 367 poterit:
2299 321 2363 358 sed
2394 332 2439 358 ex

1350 375 1405 401 em
1431 369 1468 402 to
1491 365 1601 402 habet
1622 366 1812 403 actionem.

1429 409 1448 448 1
1475 409 1723 448 Parlmms
1742 411 1833 448 libro
1858 412 1964 448 tertio
1987 422 2243 458 responsorum
2288 411 2332 448 In
2353 423 2438 449 ven-

1351 455 1484 491 ditione
1515 465 1623 501 super
1652 467 1773 493 annua
1803 457 2044 503 pensitatione
2077 467 2144 502 pro
2178 467 2201 492 a
2226 467 2294 492 uae
2329 456 2439 493 ductu

1350 500 1470 536 infra⁹
1508 500 1653 537 domum
1683 501 1820 538 Romae
1855 502 2091 538 constitutum
2102 502 2130 523 ¹⁰
2164 502 2200 537 n‘
2230 502 2237 509 “
2287 512 2438 539 comme-

1351 549 1528 582 moratum
1551 550 1616 582 est.
1653 546 1823 593 deceptus
1848 547 1894 583 ob
1919 557 1998 583 eam
2021 557 2096 583 rem
2119 557 2164 582 ex
2187 550 2306 593 empto
2327 548 2439 583 actio-

1351 602 1432 627 nem
1463 591 1628 628 habebit:
1661 591 1801 638 itaque,
1834 593 1865 629 si
1896 593 2129 628 conveniatur
2152 592 2198 628 ob
2221 592 2374 638 pretium
2397 603 2440 628 ex

1350 635 1505 679 vendito,
1529 636 1622 673 ratio
1645 636 1682 672 in
1708 638 1816 674 rovisi
1839 638 1956 674 oneris
1980 637 2144 673 habetur.

1397 679 1452 718 42
1484 681 1644 718 ΡΔυιυε
1671 648 1763 719 ἕὺνΟ
1795 682 1952 719 secundo
1985 683 2234 728 quaestionum
2281 681 2319 717 Si
2350 682 2439 718 duo-

1350 737 1431 762 rum
1452 726 1646 780 fundorum
1669 727 1831 780 venditor
1853 728 2048 772 separatim
2072 727 2116 762 de
2138 727 2244 779 modo
2269 727 2441 780 cuiusque

1351 776 2083 863 {5⁰33322335132d2‘3235ffl33312ffl13
2105 776 2221 853 :1¹:233
2242 771 2441 862 3:²3³ng

1351 861 1445 898 forte
1468 862 1500 897 si
1523 861 1612 897 dixit
1634 873 1744 898 unum
1769 866 1911 899 centum
1934 862 1947 898 i
1995 872 2075 905 era,
2111 862 2263 898 alterum
2287 844 2442 898 ducenta

1351 907 1502 950 habere,
1535 918 1607 943 non
1629 907 1789 952 proderit
1811 908 1862 950 ei,
1887 918 1955 953 quo
2005 907 2043 943 in
2066 907 2177 943 altero
2201 907 2358 943 ducenta
2381 907 2441 942 de-

1353 962 1430 988 cem
1453 952 1692 996 inveniuntur,
1717 953 1748 989 si
1767 953 1805 988 in
1829 953 1941 988 altero
1966 952 2089 988 decem
2112 952 2238 988 desint.
2272 956 2308 988 et
2325 952 2369 988 de
2387 952 2442 987 his

1351 997 1404 1033 ita
1434 997 1531 1042 apud
1560 997 1765 1034 Labeonem
1800 999 1953 1034 relatum
1989 1001 2054 1034 est.
2098 997 2163 1033 sed
2197 1007 2245 1032 an
2279 998 2441 1043 exceptio

1353 1042 1425 1078 doli
1447 1042 1533 1078 mali
1554 1042 1730 1079 venditori
1752 1043 1942 1089 profutura
1961 1043 2018 1086 sit,
2042 1046 2163 1088 potest
2182 1042 2348 1085 dubitari,
2372 1043 2441 1078 uti-

1353 1098 1422 1133 que
1445 1088 1476 1124 si
1498 1088 1646 1134 exiguus
1669 1088 1796 1124 modus
1820 1088 1930 1124 silvae
1962 1088 2055 1124 desit
2086 1092 2122 1124 et
2151 1088 2233 1133 plus
2264 1087 2300 1123 in
2331 1088 2442 1123 vineis

1351 1133 1503 1176 habeat,
1537 1143 1645 1178 quam
1668 1134 1922 1179 repromissum
1946 1137 2011 1170 est.
2047 1143 2095 1169 an
2124 1143 2198 1168 non
2227 1132 2317 1168 facit
2347 1132 2442 1175 dolo,

1353 1178 1414 1223 qui
1436 1178 1513 1214 iure
1535 1183 1708 1224 perpetuo
1731 1179 1870 1215 utitur?
1900 1189 1967 1214 nec
1987 1179 2080 1214 enim
2098 1178 2157 1213 hic
2177 1178 2272 1223 quod
2292 1178 2443 1224 amplius

1351 1224 1389 1259 in
1419 1223 1526 1259 modo
1561 1223 1756 1267 invenitur,
1792 1234 1899 1270 quam
1933 1223 2092 1269 alioquin
2126 1223 2261 1259 dictum
2291 1227 2365 1266 est,
2397 1223 2443 1259 ad

1353 1268 1603 1314 compendium
1625 1269 1837 1313 venditoris,
1862 1268 1926 1305 sed
1949 1268 1996 1304 ad
2019 1268 2189 1314 emptoris
2211 1268 2383 1314 pertinet:
2408 1272 2445 1304 et

1351 1318 1439 1350 tunc
1462 1317 1605 1349 tenetur
1627 1314 1810 1357 venditor,
1844 1325 1926 1349 cum
1956 1314 2072 1350 minor
2102 1313 2230 1349 modus
2253 1314 2441 1349 invenitur.

1351 1359 1534 1395 videamus
1557 1363 1688 1402 tamen,
1711 1370 1757 1395 ne
1780 1360 1879 1395 nulla
1901 1359 2059 1412 querella
2081 1359 2128 1395 sit
2143 1359 2313 1404 emptoris
2328 1359 2366 1394 in
2383 1369 2442 1395 eo-

1353 1404 1434 1440 dem
1450 1404 1574 1447 fundo,
1599 1405 1629 1441 si
1644 1405 1726 1450 plus
1741 1404 1899 1440 inveniat
1915 1415 1953 1440 m
1968 1405 2073 1440 vinea
2089 1414 2197 1449 quam
2209 1405 2248 1425 ¹¹·
2271 1404 2308 1440 in
2324 1408 2442 1450 prato,

1353 1461 1433 1486 cum
1456 1450 1641 1486 universus
1665 1450 1792 1486 modus
1814 1453 1956 1485 constat
1970 1450 2006 1484 ¹².
2042 1449 2165 1486 similis
2185 1449 2345 1495 quaestio
2366 1459 2444 1485 esse

1377 1499 1472 1531 otest
1491 1495 1534 1537 ei,
1582 1505 1650 1531 uae
1664 1495 1702 1530 in
1715 1495 1856 1531 duobus
1877 1494 1998 1531 fundis
2018 1495 2153 1540 agitata
2172 1498 2238 1537 est,
2260 1499 2296 1530 et
2314 1494 2346 1530 si
2364 1494 2444 1539 quis

1377 1551 1443 1576 uos
1476 1544 1549 1577 stat
1589 1540 1704 1576 ‘beros
1735 1551 1808 1576 uno
1838 1540 1952 1593 pretio
1985 1540 2116 1576 vendat
2145 1543 2182 1576 et
2214 1539 2312 1575 dicat
2334 1550 2444 1575 unum

1353 1585 1475 1621 decem
1500 1585 1586 1621 dare
1608 1586 1763 1628 iussum,
1796 1597 1859 1631 qui
1881 1585 2081 1631 quindecim
2113 1585 2198 1621 dare
2229 1584 2442 1620 debebat¹³:

1353 1641 1436 1666 nam
1471 1634 1507 1666 et
1539 1631 1599 1667 hic
1633 1631 1813 1667 tenebitur
1847 1641 1892 1667 ex
1926 1634 2045 1676 empto
2081 1630 2240 1673 actione,
2284 1630 2443 1675 quamvis

1353 1679 1491 1721 emptor
1522 1686 1545 1711 a
1575 1676 1716 1712 duobus
1747 1676 1871 1722 viginti
1894 1680 2108 1721 accepturus
2133 1675 2189 1711 sit.
2225 1675 2290 1711 sed
2311 1675 2444 1712 rectius

1353 1725 1407 1757 est
1437 1721 1474 1757 in
1506 1721 1669 1757 omnibus
1700 1731 1812 1767 supra
1841 1721 1984 1766 scriptis
2016 1721 2160 1756 casibus
2192 1720 2332 1756 lucrum
2364 1731 2444 1756 cum

1353 1766 1482 1802 damno
1516 1767 1740 1811 compensari
1763 1770 1800 1802 et
1822 1766 1853 1802 si
1876 1766 1961 1812 quid
1983 1766 2085 1802 deest
2108 1766 2260 1811 emptori
2283 1766 2356 1802 sive
2378 1775 2444 1811 pro

1352 1811 1456 1847 modo
1481 1811 1555 1847 sive
1578 1822 1644 1857 pro
1667 1811 1841 1857 qualitate
1863 1811 1945 1854 loci,
1967 1811 2037 1847 hoc
2060 1811 2094 1847 ei
2115 1811 2293 1847 resarciri.

1398 1854 1452 1894 43
1489 1856 1598 1892 IDEM
1626 1856 1718 1893 libro
1754 1857 1881 1910 quinto
1916 1857 2166 1903 quaestionum
2213 1856 2330 1892 Titius
2364 1865 2445 1892 cum
2503 1871 2504 1874 ¹

1353 1901 1559 1944 decederet,
1585 1901 1688 1938 Seiae
1711 1901 1872 1938 Stlchum
1894 1901 2120 1947 Pamphilum
2142 1902 2358 1938 Arescusam
2381 1912 2442 1947 per

1351 1946 1664 1984 fideicommissum
1686 1947 1828 1993 reliquit
1842 1948 1867 1968 ¹⁴
1891 1948 2039 1993 eiusque
2061 1947 2147 1983 fidei
2178 1947 2371 1990 commisit,
2403 1948 2444 1983 ut

1352 2002 1476 2028 omnes
1507 1992 1554 2028 ad
1583 1992 1784 2028 libertatem
1817 1996 1901 2037 post
1931 2003 2065 2028 annum
2095 1991 2320 2038 perduceret.
2363 2003 2444 2028 cum

1351 2038 1524 2083 legataria
1559 2037 1872 2074 fideicommissum
1903 2037 1951 2073 ad
1985 2048 2025 2074 se
2058 2038 2238 2083 pertinere
2271 2037 2445 2074 noluisset

1351 2093 1420 2118 nec
1443 2087 1564 2119 tamen
1586 2083 1754 2119 heredem
1777 2094 1800 2119 a
1823 2093 1890 2118 sua
1911 2083 2083 2128 petitione
2104 2083 2310 2126 liberasset,
2341 2083 2443 2119 heres

1352 2128 1476 2164 eadem
1498 2128 1678 2174 mancipia
1702 2128 1911 2174 Sempronio
1936 2127 2095 2164 vendidit
2113 2128 2212 2164 nulla
2231 2138 2443 2164 commemo·

1351 2173 1491 2209 ratione
1514 2173 1809 2210 fideicommissae
1839 2174 2014 2209 libertatis
2045 2173 2162 2209 facta:
2196 2178 2334 2219 emptor
2364 2183 2445 2209 cum

1352 2219 1513 2264 pluribus
1537 2219 1641 2254 annis
1664 2219 1843 2264 mancipia
1866 2229 1976 2264 supra
1999 2219 2134 2264 scripta
2153 2219 2222 2254 sibi
2241 2219 2443 2261 servissent,

1351 2264 1569 2300 Arescusam
1600 2265 1823 2307 manumisit,
1859 2268 1895 2300 et
1926 2275 2007 2299 cum
2038 2264 2148 2300 ceteri
2181 2275 2251 2310 quo
2277 2274 2323 2300 ue
2352 2264 2444 2300 servi

1353 2309 1497 2355 cognita
1518 2309 1702 2345 voluntate
1725 2309 1886 2345 defuncti
1909 2309 2217 2345 fideicommissam
2239 2309 2266 2344 li
2292 2312 2441 2345 ertatem

1351 2355 1526 2400 petissent
1537 2358 1573 2390 et
1591 2355 1757 2391 heredem
1774 2355 1822 2390 ad
1840 2358 2043 2407 praetorem
2062 2354 2324 2400 perduxissent,
2343 2354 2444 2390 iussu

1352 2400 1529 2445 praetoris
1553 2400 1599 2435 ab
1623 2400 1754 2436 herede
1778 2404 1862 2435 sunt
1884 2400 2103 2435 manumissi.
2150 2401 2331 2435 Arescusa
2354 2410 2442 2444 quo·
2495 2430 2498 2431 γ

1353 2455 1422 2490 que
1445 2445 1540 2480 nolle
1563 2456 1602 2481 se
1621 2449 1815 2490 emptorem
1834 2449 2026 2491 patronum
2044 2445 2179 2481 habere
2197 2444 2441 2490 responderat.

1353 2501 1433 2526 cum
1456 2494 1595 2535 emptor
1617 2491 1771 2536 pretium
1795 2501 1818 2525 a
1840 2490 2024 2527 venditore
2048 2490 2310 2536 emptiiudicio
2333 2490 2442 2525 Ares-

1353 2546 1461 2571 cusae
1485 2546 1627 2581 quoque
1650 2536 1793 2572 nomine
1815 2539 2012 2581 repeteret,
2043 2535 2176 2571 lectum
2208 2539 2263 2571 est
2291 2545 2441 2580 respon-

1352 2591 1432 2616 sum
1454 2581 1601 2617 Domitii
1614 2582 1642 2602 ¹⁵
1664 2581 1827 2634 Ulpiani,
1861 2591 1931 2626 quo
1956 2580 2206 2617 continebatur
2228 2581 2442 2616 Arescusam

1352 2626 1531 2672 pertinere
1553 2626 1600 2661 ad
1622 2630 1835 2671 rescriptum
1858 2636 2041 2662 sacrarum
2065 2625 2378 2668 constitutionum,
2411 2625 2441 2660 si

1352 2671 1462 2706 nollet
1486 2675 1681 2717 emptorem
1704 2675 1897 2717 patronum
1919 2672 2070 2707 habere:
2104 2675 2299 2716 emptorem
2322 2674 2443 2706 tamen

1352 2717 1439 2751 nihil
1469 2727 1577 2762 posse
1607 2720 1692 2762 post
1721 2717 2035 2753 manumissionem
2065 2727 2088 2752 a
2109 2716 2292 2752 venditore
2316 2726 2441 2752 conse-

1353 2762 1424 2814 qui.
1461 2772 1526 2807 ego
1551 2773 1632 2798 cum
1654 2762 1891 2798 meminissem
1914 2766 1951 2798 et
1973 2762 2149 2798 Iulianum
2171 2761 2209 2796 in
2233 2771 2276 2797 ea
2299 2764 2441 2797 senten·

1351 2811 1404 2842 t1a
1427 2817 1525 2850 esse,
1556 2811 1598 2842 ut
1621 2808 1839 2843 existimaret
1860 2811 1944 2852 post
1966 2807 2277 2842 manumissionem
2301 2816 2442 2851 quoque

1353 2852 1463 2897 empti
1486 2853 1664 2888 actionem
1687 2853 1836 2895 durare,
1862 2863 2017 2897 quaero,
2042 2862 2135 2898 quae
2157 2851 2335 2887 sententia
2357 2860 2442 2886 vera

1353 2901 1416 2933 est.
1453 2898 1541 2933 illud
1564 2898 1671 2933 etiam
1693 2898 1731 2933 in
1755 2897 1879 2933 eadem
1904 2897 2106 2943 cognitione
2128 2897 2271 2932 nomine
2303 2900 2439 2941 empto-

1351 2943 1401 2978 ris
1425 2942 1714 2985 desiderabatur,
1737 2946 1779 2978 ut
1801 2947 1984 2988 sumptus,
2010 2953 2100 2988 quos
2122 2943 2160 2977 in
2183 2953 2293 2977 unum
2317 2952 2362 2977 ex
2383 2941 2439 2976 his

1353 2998 1457 3033 quem
1493 2988 1671 3023 erudierat
1704 2987 1859 3031 fecerat,
1903 2988 1935 3023 ei
1975 2988 2250 3023 restituerentur
2262 2987 2300 3022 ¹⁶.
2346 2986 2440 3022 idem

1353 3043 1507 3078 quaero,
1530 3034 1730 3076 Arescusa,
1762 3044 1853 3079 quae
1882 3033 2061 3068 recusavit
2092 3036 2287 3077 emptorem
2317 3036 2439 3077 patro-

1352 3089 1439 3113 num
1469 3078 1620 3120 habere,
1653 3078 1754 3114 cuius
1779 3079 1826 3114 sit
1846 3078 1976 3114 liberta
1999 3078 2220 3114 constituta?
2254 3087 2302 3112 an
2325 3076 2440 3122 possit

1351 3123 1407 3158 vel
1429 3123 1635 3168 legatariam
1658 3133 1750 3168 quae
1774 3134 1845 3159 non
1869 3123 2032 3159 liberavit
2053 3123 2108 3158 vel
2131 3122 2297 3158 heredem
2316 3126 2438 3174 patro-

1351 3179 1437 3203 num
1459 3168 1618 3204 habere?
1652 3178 1736 3203 nam
1760 3169 1869 3204 ceteri
1893 3168 1962 3204 duo
1994 3169 2041 3204 ab
2072 3167 2203 3204 herede
2232 3166 2439 3202 manumissi
2503 3194 2506 3195 γ

1352 3217 1446 3249 sunt.
1490 3212 1677 3258 respondi:
1711 3223 1849 3259 semper
1883 3213 2032 3258 probavi
2065 3212 2194 3248 Iuliani
2228 3212 2438 3248 sententiam
2503 3215 2506 3230 ³

1351 3258 1512 3303 putantis
1543 3258 1818 3294 manumissione
1840 3269 1912 3294 non
1935 3258 2111 3293 amittitur
2135 3268 2177 3293 eo
2200 3257 2306 3293 modo
2320 3258 2358 3292 ¹⁷.
2394 3256 2439 3292 de
2506 3268 2507 3271 ¹

1352 3314 1430 3339 sum
1456 3303 1552 3339 tibus
1575 3313 1678 3346 vero,
1711 3314 1800 3348 quos
1824 3303 1861 3338 in
1885 3303 2115 3339 erudiendum
2139 3302 2318 3339 hominem
2340 3311 2437 3347 emp-

1350 3351 1409 3384 tor
1447 3348 1527 3390 ecit,
1550 3347 1738 3383 videndum
1762 3351 1833 3384 est:
1858 3358 1941 3383 nam
1965 3348 2074 3393 empti
2095 3348 2266 3383 iudicium
2289 3347 2337 3383 ad
2360 3357 2437 3382 eam

1350 3403 1492 3439 quoque
1514 3393 1669 3438 speciem
1692 3392 1859 3429 sufficere
1877 3393 2058 3429 existimo:
2082 3404 2156 3429 non
2175 3393 2269 3429 enim
2285 3392 2438 3438 pretium

1351 3507 1409 3548 (13)
1434 3506 1576 3539 alterum
1596 3507 1678 3539 item
1698 3506 1830 3547 decem,
1860 3506 1917 3548 qui
1946 3506 2095 3548 quinque
2114 3505 2192 3540 dm
2211 3502 2355 3538 debebat
2375 3505 2435 3537 ins.

1351 3553 1409 3592 (14)
1434 3550 1599 3594 relinquit
1610 3551 1645 3584 F
1764 3552 1822 3593 (1⁵)
1846 3552 1895 3585 sic
1907 3551 1944 3590 S,
1958 3551 2087 3584 domini
2099 3550 2135 3584 F
2253 3550 2314 3590 (ιθ)
2338 3549 2436 3581 resti-

1350 3599 1490 3629 tuentur
1499 3597 1535 3629 F
1599 3597 1658 3638 (17)
1682 3597 1811 3640 eiesere
1821 3597 1937 3640 supple
1946 3609 1957 3628 .·
1968 3595 2230 3629 manumissione
2242 3604 2311 3627 non
2323 3593 2435 3627 amitti

1350 3641 1469 3683 [empti
1480 3641 1665 3674 actionem:
1686 3641 1803 3683 itaque
1821 3641 1911 3683 quod
1930 3641 1984 3674 ius
1995 3640 2118 3674 habuit
2136 3642 2268 3682 emptor
2278 3638 2436 3672 ouva-au·

1349 3685 1503 3719 heredem
1512 3687 1695 3719 Arescusae
1705 3686 1840 3719 nomine
1849 3711 1859 3727 ,
1879 3686 1943 3719 etsi
1952 3685 2149 3719 manumisit
2159 3694 2243 3726 eam,
2256 3694 2323 3717 non
2337 3682 2435 3717 amit·

1003 3736 1062 3772 (12)
1087 3734 1219 3765 constet
1229 3731 1282 3765 F’
1349 3731 1451 3773 tthur
1461 3741 1501 3764 eo
1511 3730 1612 3764 modo
