2528 3918
183 128 474 171 xxxxviiii
507 131 555 170 14

183 253 205 286 ὅ
251 250 378 286 simum
395 260 538 286 annum.
571 250 657 286 Illae
676 261 816 295 quoque
835 260 974 293 causae,
994 260 1085 295 quae
1102 260 1124 283 a
1143 249 1260 294 priore

184 295 388 331 nuntiatore
409 295 572 341 proditae
594 295 769 337 dicantur,
795 296 901 331 etiam
924 299 1007 340 post
1030 304 1153 336 ann08,
1183 294 1259 337 qui-

184 340 252 376 bus
273 340 470 385 praescribi
494 340 657 382 diximus,
681 340 768 376 fisco
792 340 948 376 nuntiari
971 342 1132 391 possunt.
1165 383 1174 391 .

231 381 257 422 2
281 384 387 420 loru
414 385 504 420 libro
534 385 690 420 secundo
721 385 765 420 de
795 387 874 420 iure
900 385 981 429 fisci
1027 383 1084 418 Ex
1115 383 1260 427 quibus-

186 428 267 464 dam
291 430 410 465 causis
434 429 609 465 delatione
633 429 898 475 suscipientium
929 429 1024 463 fama
1052 438 1122 463 non
1151 427 1260 462 laedi·

183 478 254 516 tur,
277 474 384 509 veluti
407 484 541 516 eorum,
566 474 626 519 qui
644 484 716 510 non
736 475 884 527 praemii
905 472 1153 517 consequendi,
1177 473 1261 507 item

184 528 325 562 eorum,
357 519 416 563 qui
446 519 641 554 ulciscendi
666 523 783 564 gratia
810 517 1049 554 adversarium
1073 527 1176 551 suum
1200 517 1259 552 de-

184 563 324 606 ferunt,
355 564 409 598 vel
438 563 533 608 quod
562 564 703 599 nomine
726 564 778 599 rei
801 563 966 609 publicae
989 571 1075 597 suae
1098 562 1176 613 quis
1195 571 1259 612 ex-

185 607 346 652 sequitur
374 609 561 643 causam¹:
595 612 630 644 et
651 608 741 644 hacc
763 608 815 643 ita
838 606 1019 643 observari
1043 605 1261 650 plurifariam

189 656 203 687 i
279 652 510 697 rincipalibus
538 653 848 688 constitutionibus
872 651 1101 696 praecipitur.
1148 650 1260 685 Divus

186 697 243 732 Ha
269 697 390 732 rianus
413 697 537 733 Flavio
558 698 712 733 Arriano
741 698 778 732 in
808 698 896 732 haec
925 696 1033 730 verba
1061 695 1260 739 rescripsit:

187 741 294 805 :Quin
325 742 376 784 ei,
408 742 468 787 qui
489 742 724 795 instrumenta
746 742 792 777 ad
815 751 959 792 causam
982 740 1060 775 fisci
1083 740 1261 818 pertingu-

186 790 386 872 stafiva}
407 791 528 867 :3532
545 786 1263 880 ffizie‘ssa..ffzsseffiffflff‘anssfiffi‘ssa

186 878 282 955 “eissg·
298 875 505 918 credantur,
536 886 627 921 quae
658 876 822 911 nocitura
817 874 1087 954 8Ιέτειιιιςᾱεκιι),ιιίιιεοι
1119 874 1262 952 fuegitnss,

186 924 400 1009 ‘qililiiimrigixin
414 925 593 1000 fflossligjiti·
616 921 704 1000 rggid
721 930 850 1000 Inggem
866 923 1192 1016 adebelaiiaenqssggi
1216 928 1262 997 eiii

187 1013 207 1044 2
256 1014 345 1044 ‘eam
365 1011 460 1054 qua³
484 1010 706 1046 desiderata⁴
731 1011 836 1044 sunt'.
872 1009 961 1044 Item
982 1009 1052 1043 divi
1066 1008 1199 1043 fratres
1218 1007 1263 1042 ad

184 1054 342 1089 libellum
355 1054 508 1090 Cornelii
520 1054 603 1090 Rufi
616 1055 875 1099 rescripserunt
887 1053 1017 1088 totiens
1034 1053 1170 1088 edenda
1186 1062 1263 1087 esse

183 1099 430 1141 instrumenta,
455 1100 616 1144 quotiens
636 1099 679 1134 de
695 1100 772 1134 iure
792 1098 953 1151 capiendi
973 1099 1026 1133 vel
1044 1098 1088 1133 de
1105 1098 1181 1132 iure
1200 1097 1262 1132 do·

184 1143 284 1178 minii
305 1143 361 1179 vel
384 1143 427 1179 de
450 1144 570 1189 aliqua
593 1146 726 1179 causa⁵
749 1144 852 1179 simili
876 1153 915 1178 re
938 1143 1137 1177 nummaria
1155 1151 1262 1186 quae-

185 1191 206 1223 3
253 1192 370 1230 ratur,
400 1199 471 1224 non
502 1189 532 1224 si
556 1188 600 1224 de
624 1188 769 1234 capitali
794 1198 904 1223 causa
927 1192 1065 1232 agatur.
1112 1187 1263 1239 Senatus

185 1233 341 1275 censuit,
366 1237 424 1276 ut,
449 1234 479 1268 si
503 1243 617 1278 neque
640 1234 779 1268 delator
800 1242 916 1277 neque
939 1242 1126 1276 possessor
1148 1232 1263 1266 tribus

185 1276 311 1313 edictis
330 1278 466 1314 evocati
483 1278 673 1319 adfuerint,
692 1278 862 1313 delatoris
881 1277 1020 1321 quidem
1038 1276 1263 1311 fideiussores

184 1326 373 1358 teneantur
394 1327 432 1358 et
455 1322 487 1358 ei
505 1327 630 1367 postea
648 1323 827 1368 publicam
846 1332 991 1357 causam
1009 1321 1189 1357 deferendi
1209 1322 1263 1355 ius

185 1367 373 1410 adimatur,
397 1367 613 1412 possessoris
637 1371 755 1403 autem
778 1368 833 1403 ius
857 1366 948 1402 idem
972 1371 1084 1408 esset,
1114 1365 1210 1411 quod
1233 1365 1264 1400 si

185 1415 205 1446 4
252 1411 391 1448 delatus
410 1412 551 1447 omnino
570 1423 642 1447 non
658 1416 762 1448 esset.
798 1412 969 1456 Quotiens
988 1415 1106 1446 tamen
1126 1411 1264 1446 delator

184 1455 310 1492 adesse
324 1456 445 1492 iussus
459 1460 576 1493 cessat
591 1467 658 1492 nec
673 1457 741 1492 hoc
756 1456 882 1492 fraude
898 1457 1114 1502 possessoris
1129 1456 1264 1490 factum

184 1511 264 1536 esse
286 1502 509 1547 probabitur,
534 1501 634 1536 divus
648 1501 852 1537 Hadrianus
869 1501 1053 1546 rescripsit
1071 1500 1264 1536 secundum

185 1556 426 1591 possessorem
456 1547 678 1591 pronuntiari
709 1551 893 1591 oportere,
932 1546 984 1580 ita
1018 1550 1059 1580 ut
1089 1545 1265 1580 sententia

185 1591 504 1635 comprehendatur
532 1591 639 1626 etiam
669 1591 847 1626 delatores
870 1590 1012 1626 edicto⁸
1041 1590 1078 1625 id
1103 1599 1262 1642 compre-

185 1638 205 1670 5
252 1635 418 1671 hendisse
426 1637 451 1671 ⁷.
489 1635 600 1671 Divus
619 1635 706 1671 Pius
727 1635 882 1671 Caecilio
901 1635 1057 1670 Maximo
1081 1635 1265 1679 rescripsit

185 1680 473 1716 constitutionem
494 1681 608 1725 patris
632 1681 706 1734 sui²
739 1691 810 1725 qua
834 1680 1105 1725 compelleretur
1128 1679 1265 1715 delator

186 1724 290 1760 edere
312 1726 556 1761 mandatorem
578 1735 638 1767 ac,
670 1725 737 1761 msi
761 1725 944 1766 edidisset,
975 1726 1041 1759 ut⁸
1062 1725 1100 1759 in
1123 1724 1265 1760 vincula

185 1769 438 1813 deduceretur,
480 1780 521 1806 eo
551 1771 748 1815 pertinere,
787 1781 859 1805 non
889 1774 930 1804 ut
959 1769 1096 1805 delator
1123 1770 1264 1814 poena⁹

185 1814 461 1856 subduceretur,
490 1815 521 1850 si
545 1815 786 1851 mandatorem
809 1815 978 1856 liaberet,
1010 1815 1074 1849 sed
1101 1819 1142 1849 ut
1165 1824 1262 1849 man-

185 1858 290 1894 dator
319 1869 458 1905 quoque
489 1859 635 1905 perinde
665 1864 773 1905 atque
799 1860 829 1894 si
852 1860 928 1904 ipse
952 1859 1137 1894 detulisset
1159 1859 1262 1904 puni-

185 1907 206 1939 6
252 1907 363 1940 retur.
410 1904 607 1949 Imperator
634 1909 756 1940 noster
787 1904 938 1940 Severus
963 1905 1019 1938 Au
1045 1908 1146 1939 ustus
1178 1914 1262 1939 con·

185 1948 315 1991 stituit,
340 1959 385 1984 ne
407 1949 499 1984 servi
523 1949 699 1985 delatores
723 1949 942 1985 dominorum
968 1959 1015 1984 au
1041 1949 1175 1990 iantur,
1200 1948 1263 1983 sed

184 1997 225 2028 ut
247 2003 363 2039 poena
386 1998 636 2029 coerceantur:
669 1994 816 2029 libertos
846 2004 987 2038 quoque
1009 2004 1140 2028 causae
1163 2003 1262 2028 maii-

185 2038 329 2073 datores
361 2042 487 2074 contra
517 2043 690 2084 patronos
703 2041 731 2060 ¹⁰
761 2049 783 2074 a
812 2039 1036 2084 praesidibus
1067 2038 1263 2083 provincia-

185 2085 204 2116 7
250 2093 330 2118 rum
381 2094 491 2119 oenae
540 2084 734 2119 lectendos.
771 2083 963 2128 Complura
987 2089 1071 2118 sunt
1089 2083 1265 2128 rescripta

184 2127 323 2173 princip
365 2129 415 2171 ἀ,
452 2129 515 2173 qui
540 2139 582 2163 us
620 2133 763 2164 cavetur
800 2139 872 2163 non
909 2129 1035 2163 obesse
1070 2138 1225 2163 errorem
1239 2130 1263 2149 ¹¹

186 2172 372 2217 cuiquam,
409 2172 505 2218 quod
538 2173 680 2218 ignotus
709 2173 797 2208 iuris
827 2172 883 2208 sui
911 2173 988 2218 ipse
1018 2183 1056 2208 se
1086 2173 1263 2208 detulerit.

188 2216 252 2252 sed
283 2220 382 2252 extat
411 2218 601 2253 eorundem
632 2218 747 2262 princi
774 2229 832 2252 um
861 2218 1090 2262 rescriptum,
1123 2228 1166 2252 ex
1193 2228 1263 2262 quo

187 2261 327 2297 videtur
357 2272 463 2307 posse
494 2262 636 2298 defendi
663 2263 715 2298 ita
769 2273 882 2297 emum
917 2273 989 2297 non
1025 2272 1155 2298 nocere
1190 2262 1263 2297 cui-

187 2316 294 2350 quam
317 2317 357 2342 se
380 2307 568 2349 detulisse,
599 2308 630 2343 si
654 2317 697 2343 ea
719 2318 873 2353 persona
896 2308 958 2350 sit,
988 2317 1078 2352 quae
1100 2307 1265 2352 ignorare

184 2355 333 2403 propter
370 2351 606 2431 rusticittatem
643 2352 698 2388 vel
728 2356 876 2398 propter
906 2363 1029 2388 sexum
1057 2351 1264 2387 femininum

183 2406 240 2431 ius
263 2406 366 2431 suum
415 2407 487 2432 ossi
505 2423 513 2432 .

230 2438 255 2478 3
270 2442 299 2462 ¹²
316 2407 424 2475 1023!
443 2442 533 2477 libro
553 2441 660 2476 tertio
677 2441 723 2477 de
739 2442 819 2477 iure
834 2441 918 2487 fisci
949 2441 1031 2477 Non
1050 2441 1266 2485 intellegitur

184 2484 347 2520 fraudem
365 2485 434 2530 legi
453 2486 590 2529 fecisse,
615 2486 676 2531 qui
696 2491 841 2531 rogatus
856 2489 913 2523 ,est
929 2487 1046 2531 palam
1066 2487 1264 2522 restituere.

185 2530 249 2565 sed
273 2540 354 2565 cuni
377 2530 521 2582 quidam
544 2534 756 2567 testamento
781 2541 846 2566 suo
869 2531 921 2566 ita
943 2531 1162 2576 scripsisset:
1192 2533 1264 2566 ‘vos

186 2578 300 2619 ‘rogo,
323 2579 365 2609 ιιι
385 2586 422 2610 ιιι
447 2585 505 2619 eo,
529 2576 626 2621 quod
649 2586 672 2610 a
692 2576 792 2611 vobis
814 2576 906 2635 peti,
929 2575 1034 2611 fidem
1057 2576 1263 2620 praestetis:

185 2623 330 2664 ‘perque
349 2620 465 2662 deum,
490 2623 532 2655 ut
548 2621 701 2663 faciatis,
725 2632 812 2666 rogo
843 2625 879 2656 et
898 2626 1137 2665 quaereretur,
1161 2631 1207 2656 an
1228 2620 1265 2656 id

186 2664 306 2717 palam
329 2663 451 2699 datum
480 2665 759 2717 intellegeretur:
791 2666 950 2718 lulianus
981 2665 1165 2718 respondit
1193 2676 1265 2718 non

184 2708 746 2800 3gssssimpssi'1i'33‘33tfluaffiassss
774 2710 1049 2797 ξὲἲὲἓιὼὲἔιεῗέ,
1064 2710 1265 2800 ὴὲἆὲἰἯὲἙ

184 2797 412 2842 intellegatur
458 2799 512 2835 uis
535 2800 572 2834 in
589 2798 752 2835 fraudem
772 2799 859 2844 legis
879 2799 983 2835 fidem
1005 2809 1106 2835 suam
1124 2810 1263 2835 accom-

186 2842 349 2896 modare:
375 2846 411 2878 et
433 2809 508 2896 fer-e
529 2854 571 2879 eo
594 2845 664 2879 iam
689 2844 888 2886 decursum,
912 2849 953 2879 ut
975 2845 1074 2880 fraus
1097 2845 1164 2889 legi
1187 2845 1264 2880 fieri

184 2886 364 2931 videatur,
395 2892 559 2933 quotiens
589 2889 667 2933 quis
690 2900 804 2934 neque
827 2894 1039 2925 testamento
1064 2899 1178 2934 neque
1202 2900 1261 2925 co-

185 2931 312 2968 dicillis
345 2942 385 2967 ro
451 2938 545 2976 etur,
575 2933 638 2969 sed
667 2934 861 2970 domestica
888 2935 1053 2970 cautione
1081 2939 1118 2969 et
1148 2934 1264 2970 chiro-

183 2977 320 3022 grapho
339 2976 386 3013 ob
403 2977 411 2985 “
479 2982 515 3012 et
532 2988 571 3013 se
589 2978 636 3013 ad
649 2979 676 3000 ¹⁴
688 2978 946 3031 praestandum
971 2980 1038 3014 ¹“ei
1082 2980 1118 3014 ui
1137 2989 1265 3024 capere

184 3032 257 3057 non
279 3023 416 3075 potest:
447 3021 599 3066 ideoque
628 3023 698 3058 dici
730 3034 837 3068 posse
860 3034 904 3059 ex
927 3034 1037 3068 supra
1086 3024 1163 3059 'ctis
1186 3034 1263 3059 ver-

190 3069 203 3101 1
255 3066 309 3102 bis
332 3077 405 3103 non
428 3076 507 3103 esse
529 3067 597 3112 legi
619 3068 780 3104 fraudem
799 3069 944 3104 factam.
983 3068 1020 3104 Si
1043 3069 1122 3114 quis
1145 3069 1263 3114 palam

183 3121 225 3146 ro
250 3115 330 3147 atus
353 3114 390 3147 et
413 3112 522 3147 tacite
544 3117 650 3154 esset,
678 3113 891 3157 agitabatur,
917 3113 1002 3157 quid
1023 3115 1135 3158 magis
1158 3124 1262 3159 prae-

183 3167 206 3190 v
242 3160 334 3192 eret:
360 3160 481 3192 utrum
503 3155 540 3192 id
558 3157 675 3202 ipsum
695 3163 852 3201 noceret,
877 3158 973 3204 quod
991 3159 1100 3194 tacite
1118 3162 1263 3203 rogatus

184 3205 294 3245 esset,
325 3210 372 3236 an
403 3201 605 3252 prodesset,
635 3202 730 3247 quod
760 3204 879 3248 palam
903 3203 1051 3248 petitum
1077 3207 1181 3239 esset.
1228 3208 1264 3239 et

183 3244 285 3280 divus
308 3245 511 3282 Hadrianus
534 3246 717 3292 rescripsit
738 3247 775 3282 in
798 3258 852 3289 eo,
877 3247 973 3293 quod
993 3248 1163 3293 cuiusque
1179 3247 1262 3284 fidei

183 3289 302 3335 palam
326 3291 550 3327 commissum
575 3295 638 3335 est,
666 3302 737 3327 non
761 3302 840 3327 esse
864 3293 1134 3328 existimandum
1157 3293 1262 3328 fidem

183 3339 204 3369 2
250 3345 350 3371 suain
383 3335 420 3371 in
453 3335 613 3372 fraudem
643 3336 730 3382 legis
760 3338 1058 3373 accommodasse.
1111 3338 1261 3382 Quando

182 3382 301 3415 autem
331 3380 432 3416 fraus
460 3381 672 3427 interposita
702 3381 883 3423 videatur,
916 3382 1091 3426 agendum
1122 3387 1191 3426 est,
1224 3382 1262 3418 id

182 3427 238 3460 est
260 3428 380 3460 utrum
403 3424 519 3462 exitus
537 3426 693 3472 spectari
713 3425 858 3462 deberet
876 3436 921 3461 an
940 3427 1144 3463 consilium:
1170 3427 1261 3463 forte

181 3537 224 3577 (ι)
247 3538 393 3571 eausaF
477 3539 520 3578 (2)
545 3540 585 3571 ut
598 3540 658 3572 ins.
760 3540 804 3580 (s)
829 3548 927 3581 quam
941 3538 993 3571 Ρ*
1084 3542 1127 3580 (4)
1156 3539 1259 3574 desie-

180 3584 254 3614 rata
265 3583 298 3614 1⁷·
393 3586 434 3623 (⁵)
459 3593 557 3616 eausa
577 3585 638 3617 det.
654 3584 860 3617 Brencmann
964 3585 1008 3624 (6)
1033 3584 1177 3618 edictum
1195 3598 1257 3618 scr.

181 3629 225 3666 (7)
250 3627 549 3669 comprehendisset
561 3629 597 3662 F
692 3630 739 3670 (s)
761 3629 812 3662 uti
825 3628 878 3662 1⁶³²
979 3631 1023 3670 (ο)
1045 3639 1172 3672 poenae
1184 3631 1255 3663 edd.

181 3673 241 3709 (ιο)
264 3672 471 3713 patrona-F
523 3677 577 3713 (ιι)
604 3683 747 3706 errorem
758 3675 821 3707 del.

887 3675 946 3715 (12)
971 3675 1076 3717 adpr.
1090 3676 1132 3717 qs:
1144 3675 1192 3708 D.
1204 3676 1258 3709 30.

181 3720 232 3747 ¹⁰³
309 3719 368 3754 (13)
392 3717 524 3755 quanda
535 3718 569 3750 F

633 3720 691 3757 (u)
715 3718 802 3751 sead
819 3719 839 3752 ι.
854 3731 945 3757 qam..
964 3717 1021 3752 sed
1035 3719 1097 3761 F‘,
1114 3719 1194 3753 aeid
1208 3718 1257 3752 F·

1259 126 1339 173 828
1531 116 1547 182 ff,
1572 195 1575 196 ἦ

1479 88 1540 111 ”x

2063 141 2125 172 DE
2153 141 2257 172 imm
2288 141 2398 172 Fisci

1329 250 1358 284 si
1382 254 1480 290 tunc,
1504 258 1583 284 cum
1605 249 1714 285 tacite
1737 249 2117 291 fideicommittebatur,
2142 260 2214 285 non
2238 250 2400 295 capiebat

1328 295 1369 336 is,
1395 293 1452 328 cui
1475 293 1613 328 restitui
1630 294 1829 336 iubebatur,
1853 294 1976 330 mortis
1994 304 2076 329 vero
2095 298 2254 340 tempore
2273 305 2401 340 capere

1328 341 1479 383 poterat,
1503 338 1557 373 vel
1581 342 1717 374 contra.
1763 343 1800 374 et
1821 339 1956 384 placuit
1980 338 2110 374 exitum
2134 348 2213 374 esse
2236 346 2397 384 spectan-

1330 388 1348 416 3
1397 382 1491 417 dum.
1540 383 1666 418 Tacita
1690 387 1807 419 autem
1831 383 2102 419 fideicommissa
2123 383 2328 429 frequenter
2349 385 2400 420 sic

1329 427 1548 471 deteguntur,
1572 428 1601 462 si
1650 428 1827 463 roferatur
1851 428 2141 473 chirographum,
2173 439 2242 473 quo
2274 438 2313 463 se
2341 439 2398 463 ca-

1328 472 1435 506 visset
1466 473 1567 507 cuius
1596 472 1621 507 fi
1647 482 1685 507 es
1716 473 1870 518 eligitur,
1910 473 2006 518 quod
2037 473 2082 507 ad
2113 483 2193 508 eum
2223 483 2267 508 ex
2298 473 2400 508 bonis

1329 516 1486 551 defuncti
1505 517 1712 561 pervenerit,
1731 518 1987 553 restituturum.
2023 518 2084 552 sed
2105 521 2141 552 et
2158 527 2202 553 ex
2222 517 2299 553 aliis
2318 528 2399 562 pro-

1330 565 1350 595 4
1397 560 1600 596 bationibus
1617 561 1909 597 manifestissimis
1925 562 2017 598 idem
2038 563 2089 597 fit.
2126 562 2211 598 Cum
2232 572 2277 597 ex
2294 572 2402 597 causa

1330 605 1428 640 taciti
1445 606 1711 658 'fideicommissi
1734 607 1829 659 bona
1852 607 1898 641 ad
1918 607 2041 642 fiscum
2062 608 2251 653 pertinent,
2275 607 2401 659 omnia,

1330 651 2403 746 {uffivfflffiffissssssfississie‘ffi‘fiiir‘e’svssssissiipssrdffi

1329 750 1365 774 in
1389 739 1648 775 venditionibus
1671 741 1851 776 fiscalibus
1870 740 1974 775 fidem
1994 745 2029 775 et
2046 741 2261 786 diligentiam
2282 751 2304 775 a
2320 751 2401 786 pro·

1331 788 1497 819 curatore
1519 785 1725 829 exigendam
1749 789 1786 820 et
1806 785 1901 820 iusta
1924 785 2039 830 pretia
2059 795 2129 821 non
2149 795 2193 821 ex
2211 785 2405 831 praeterita

1331 829 1524 873 emptione,
1564 829 1626 864 sed
1662 839 1706 865 ex
1736 829 1915 874 praesenti
1946 830 2189 866 aestimatione
2220 830 2403 865 constitui:

1330 874 1422 908 sicut
1453 874 1545 908 enim
1574 873 1731 919 diligenti
1763 875 1904 909 cultura
1935 875 2050 919 pretia
2079 875 2305 920 praediorum
2330 885 2403 910 am-

1330 918 1506 963 pliantur‚
1538 919 1607 960 ita,
1640 920 1670 954 si
1694 919 1935 964 neglegentius
1958 919 2081 954 habita
2103 919 2191 963 sint,
2223 919 2333 954 minui
2363 930 2404 954 ea

1331 967 1351 998 ϋ
1398 973 1543 998 necesse
1565 967 1630 998 est.
1679 963 1766 999 Cum
1797 964 2090 1008 quinquennium,
2121 964 2158 999 in
2186 966 2297 1009 quo¹⁶
2327 964 2404 1009 quis

1329 1018 1395 1053 pro
1419 1008 1563 1053 publico
1587 1008 1842 1044 conductore¹⁷
1873 1019 1911 1044 se
1935 1008 2118 1053 obligavit,
2150 1010 2319 1051 excessit,
2350 1019 2403 1044 se-

1331 1052 1468 1097 quentis
1491 1053 1662 1098 temporis
1685 1054 1825 1088 nomine
1847 1064 1919 1088 non
1948 1057 2104 1088 tenetur:
2137 1053 2245 1099 idque
2299 1054 2404 1089 rinei-

1330 1098 1471 1150 palibus
1494 1098 1674 1142 rescriptis
1698 1098 1917 1143 exprimitur.
1955 1097 2056 1133 divus
2079 1098 2184 1133 etiam
2203 1098 2238 1133 H
2305 1099 2405 1133 ’anus

1330 1153 1367 1177 ιιι
1391 1142 1480 1177 haec
1502 1143 1611 1178 verba
1633 1143 1834 1187 rescripsit:
1868 1142 1992 1178 ‘Valde
2015 1143 2228 1178 inhumanus
2252 1154 2328 1179 mos
2352 1149 2406 1178 cst

1333 1187 1428 1229 ‘iste,
1461 1197 1531 1231 quo
1561 1187 1759 1223 retinentur
1790 1187 2024 1223 conductores
2047 1188 2266 1233 vectigalium
2289 1188 2404 1233 publi-

1332 1234 1465 1267 ‘corum
1496 1236 1532 1267 et
1560 1242 1744 1277 agrorum,
1777 1232 1806 1267 si
1834 1232 2006 1267 tantidem
2029 1232 2138 1268 locari
2162 1243 2232 1268 non
2256 1233 2404 1278 possint.

1332 1278 1425 1311 ‘nam
1449 1279 1485 1312 et
1506 1276 1647 1311 facilius
1669 1277 1893 1312 invenientur
1917 1277 2169 1319 conductores,
2201 1277 2231 1313 si
2263 1278 2406 1313 scierint

1334 1321 1420 1356 ‘fore
1451 1325 1509 1364 ut,
1541 1322 1570 1356 si
1601 1326 1749 1381 peracto
1773 1322 1887 1357 lustro
1910 1321 2091 1357 discedere
2112 1322 2305 1366 voluerint,
2335 1333 2405 1357 non

1332 1370 1349 1399 7
1401 1369 1600 1401 ‘teneantur
1614 1393 1622 1401 .
1671 1367 1708 1401 Si
1731 1366 1921 1411 posteriori
1944 1366 2110 1402 creditori
2133 1367 2242 1402 fiscus
2265 1377 2404 1403 succes·

1332 1411 1428 1451 serit,
1448 1421 1490 1446 eo
1510 1412 1588 1446 iure
1607 1411 1730 1452 utitur,
1749 1422 1818 1456 quo
1837 1411 1868 1446 is
1889 1422 2020 1447 usurus
2039 1416 2126 1453 erat,
2148 1412 2204 1447 cui
2223 1412 2405 1447 successit.

1333 1461 1352 1490 ὅ
1398 1456 1515 1491 Multa
1536 1457 1748 1502 principalia
1771 1460 1855 1491 sunt
1881 1456 2072 1502 rescripta,
2104 1457 2232 1502 quibus
2263 1460 2407 1492 cavetur

1331 1511 1404 1536 non
1432 1501 1536 1536 aliter
1565 1501 1691 1536 fiscum
1722 1501 1919 1536 debitorum
1949 1511 2096 1536 suorum
2122 1501 2299 1537 debitores
2322 1511 2405 1538 con-

1331 1545 1468 1588 venire,
1498 1545 1566 1581 nisi
1594 1546 1810 1591 principales
1841 1546 2019 1581 debitores
2044 1546 2255 1589 defecerint,
2286 1547 2340 1582 vel
2363 1557 2406 1582 ex

1331 1590 1467 1625 ratione
1490 1590 1567 1626 fisci
1591 1591 1734 1626 nomina
1755 1591 1854 1626 facta
1877 1590 2011 1636 liquido
2034 1591 2247 1636 probentur,
2278 1592 2331 1626 vel
2363 1602 2406 1626 ex

1332 1638 1352 1669 9
1400 1638 1586 1670 contractu
1623 1635 1737 1670 fiscali
1769 1635 1947 1671 debitores
1977 1636 2244 1671 conveniantur.
2296 1636 2407 1671 Divus

1331 1679 1535 1715 Hadrianus
1564 1680 1688 1715 Flavio
1711 1680 1866 1716 Proculo
1896 1680 2006 1715 rescri
2032 1680 2095 1723 sit,
2128 1691 2208 1715 cum
2235 1681 2272 1716 in
2300 1681 2406 1716 liber-

1331 1728 1441 1759 tatem
1470 1724 1668 1769 proclamat
1697 1725 1758 1770 qui
1789 1735 1833 1760 ex
1855 1725 1959 1760 bonis
1983 1735 2005 1759 a
2051 1724 2179 1760 fiscum
2201 1725 2406 1770 pertinenti-

1331 1770 1398 1804 bus
1423 1780 1500 1805 esse
1524 1769 1664 1813 dicitur,
1686 1770 1856 1805 iudicium
1880 1770 1956 1805 dari
1979 1770 2227 1815 praesentibus
2246 1774 2282 1805 et
2301 1781 2406 1815 agen-

1332 1815 1426 1849 tibus
1451 1815 1556 1849 etiam
1579 1815 1651 1855 his,
1684 1815 1745 1858 qui
1767 1814 1917 1859 negotiis
1940 1815 2017 1850 fisci
2040 1815 2155 1850 solent
2175 1815 2405 1851 intervenire:

1332 1862 1367 1894 et
1395 1859 1599 1894 huiusmodi
1628 1859 1792 1895 liberales
1817 1869 1962 1901 causae,
1995 1859 2025 1894 si
2056 1870 2126 1894 non
2155 1859 2406 1895 interveniente

1331 1904 1410 1939 fisci
1433 1903 1607 1939 advocato
1632 1904 1772 1940 decisae
1795 1904 1882 1948 sint,
1906 1904 1944 1939 in
1965 1904 2139 1948 integrm
2162 1905 2407 1940 restituuntur.

1336 1952 1376 1983 10
1424 1948 1460 1983 Si
1484 1949 1522 1984 in
1545 1949 1632 1984 locis
1655 1949 1836 1984 fiscalibus
1859 1949 1914 1984 vel
1935 1949 2089 1994 publicis
2109 1949 2326 1994 religiosisve
2345 1953 2406 1985 aut

1330 1993 1368 2028 in
1390 1995 1625 2030 monumentis
1647 1994 1833 2029 thensauri
1855 1994 1987 2039 reperti
2009 1994 2160 2035 fuerint,
2185 1994 2255 2029 divi
2278 1994 2407 2030 fratres

1333 2038 1612 2081 constituerunt,
1643 2042 1684 2073 ιιι
1714 2039 1858 2074 dimidia
1887 2048 1971 2084 pars
1995 2049 2039 2074 ex
2061 2039 2117 2074 his
2140 2039 2227 2074 fisco
2251 2039 2406 2074 vindica·

1331 2086 1442 2118 retur.
1475 2083 1560 2118 item
1580 2084 1612 2119 si
1631 2084 1667 2118 in
1688 2084 1850 2119 Caesaris
1871 2083 2096 2129 possessione
2112 2087 2274 2129 repertus
2292 2084 2407 2126 fuerit,

1336 2131 1371 2162 11
1423 2128 1602 2163 dimidiam
1624 2138 1737 2174 aeque
1758 2133 1897 2174 partem
1920 2128 2008 2163 fisco
2031 2128 2212 2164 vindicari.
2259 2128 2409 2165 Deferre

1333 2177 1451 2208 autem
1475 2183 1514 2208 se
1535 2183 1638 2208 nemo
1664 2174 1819 2219 cogitur,
1852 2173 1946 2218 quod
1974 2173 2203 2208 thensaurum
2226 2173 2410 2221 invenerit,

1331 2218 1398 2253 nisi
1422 2228 1466 2253 ex
1489 2228 1531 2254 eo
1554 2219 1746 2254 thensauro
1769 2229 1855 2264 pars
1874 2218 1961 2253 fisco
1979 2217 2162 2253 debeatur.
2198 2218 2258 2263 qui
2277 2222 2406 2261 autem,

1333 2273 1413 2297 cum
1435 2263 1472 2297 in
1495 2263 1575 2298 loco
1598 2263 1675 2298 fisci
1697 2264 1928 2299 thensaurum
1951 2263 2171 2305 inveneritw,
2199 2267 2337 2309 partem
2361 2263 2406 2298 ad

1330 2307 1457 2342 fiscum
1485 2308 1718 2352 pertinentem
1747 2308 2003 2353 suppresserit,
2040 2311 2154 2343 totum
2183 2318 2263 2343 cuni
2294 2309 2406 2344 altero

1330 2355 1430 2387 tanto
1456 2353 1593 2397 cogitur
1615 2353 1761 2388 solvere.

1377 2395 1402 2433 4
1434 2396 1626 2432 Uzpmws
1647 2397 1737 2433 libro
1760 2401 1864 2432 sexto
1888 2398 1938 2432 ad
1959 2397 2112 2432 edictum
2156 2397 2198 2432 In
2221 2397 2297 2432 fisci
2322 2407 2405 2432 cau·

1332 2441 1381 2477 sis
1391 2441 1501 2521 (faeti
1524 2452 1603 2477 cum
1628 2442 1845 2477 delatoribus
1868 2452 1934 2487 pro
1960 2441 2132 2477 confessis
2154 2442 2350 2482 habentur.
2377 2442 2406 2476 si

1332 2497 1388 2522 mo
1416 2497 1436 2522 ο
1460 2487 1611 2531 pretium
1635 2487 1690 2522 vel
1712 2486 1890 2522 modicum
1914 2487 2098 2522 dederunt.

1378 2530 1403 2568 5
1423 2530 1529 2566 lom
1544 2532 1634 2567 libro
1648 2536 1753 2567 sexto
1767 2532 1903 2567 decimo
1918 2531 1967 2566 ad
1981 2531 2132 2567 edictum
2168 2530 2205 2565 Si
2223 2534 2367 2566 curator
2380 2532 2408 2552 ¹⁹

1334 2576 1496 2612 Caesaris
1514 2586 1588 2611 rem
1609 2576 1765 2629 aliquam
1785 2575 1989 2617 vendiderit,
2009 2575 2168 2621 quamvis
2188 2575 2333 2620 duplum
2352 2576 2406 2611 vel

1332 2621 1476 2666 triplum
1489 2631 1555 2666 pro
1571 2622 1744 2656 evictione
1759 2621 1970 2666 promiserit,
1988 2625 2106 2655 tamen
2121 2620 2229 2656 fiscus
2245 2620 2406 2667 simplum

1337 2670 1348 2700 1
1399 2666 1606 2711 praestabit.
1642 2666 1680 2702 Si
1703 2666 1749 2701 ab
1774 2676 1827 2706 eo,
1852 2665 1910 2701 cui
1932 2666 1988 2701 ius
2012 2665 2230 2701 distrahendi
2253 2675 2310 2700 res
2330 2666 2407 2700 fisci

1333 2711 1454 2746 datum
1484 2715 1556 2753 est,
1593 2711 1702 2746 fuerit
1731 2710 1941 2746 distractum
1971 2710 2055 2754 quid
2082 2709 2178 2752 fisci,
2216 2710 2335 2745 statim
2366 2710 2406 2745 fit

1334 2755 1513 2810 emptoris,
1536 2756 1650 2801 pretio
1674 2760 1793 2791 tamen
1817 2756 1946 2791 soluto.

1378 2801 1402 2838 b
1427 2800 1534 2835 IDEM
1553 2801 1642 2836 libro
1665 2802 1917 2847 seoeaqensimo
1941 2800 2044 2835 tertio
2068 2798 2118 2834 ad
2135 2798 2287 2851 edictam
2327 2798 2404 2834 Fis-

1333 2856 1394 2881 cus
1428 2855 1509 2880 cum
1542 2845 1579 2880 in
1606 2845 1736 2891 privati
1766 2845 1821 2880 ius
1852 2844 2028 2888 succedit,
2067 2843 2195 2889 privati
2230 2853 2307 2878 iure
2339 2853 2406 2888 pro

1332 2890 1570 2926 anterioribus
1600 2899 1687 2926 suae
1715 2890 1951 2926 successionis
1981 2889 2242 2934 temporibus²⁰
2275 2888 2405 2924 utitur:

1333 2939 1488 2970 ceterum
1520 2938 1752 2980 posteaquam
1783 2935 1974 2977 successit,
2013 2933 2159 2969 habebit
2213 2932 2406 2977 rivilegium

1331 2990 1446 3016 suum.
1493 2979 1556 3015 sed
1586 2984 1704 3015 utrum
1734 2979 1854 3015 statim
1885 2983 1992 3024 atque
2016 2978 2132 3023 coepit
2154 2943 2211 3013 ad)
2220 2987 2303 3031 eum
2325 2987 2406 3030 per·

1331 3025 1444 3060 tinere
1467 3035 1613 3067 nomen,
1645 3034 1691 3059 an
1720 3034 1803 3060 vero
1853 3028 2059 3068 osteaquam
2084 3026 2247 3058 convemt
2269 3022 2406 3058 debito·

1331 3080 1423 3112 rem,
1456 3079 1502 3104 an
1531 3073 1764 3114 posteaquam
1795 3080 1835 3104 re
1849 3073 1946 3104 atum
1974 3073 2030 3104 est
2056 3068 2151 3103 inter
2178 3066 2322 3102 nomina
2344 3066 2406 3102 de·

1331 3115 1505 3156 bitorum,
1536 3114 1729 3159 quaeritur.
1776 3119 1812 3149 et
1842 3113 1982 3158 quidem
2013 3122 2141 3148 usuras
2167 3111 2293 3147 exinde
2315 3111 2406 3157 petit

1330 3159 1489 3201 fiscales,
1519 3159 1587 3194 etsi
1615 3159 1794 3194 breviores
1825 3157 2038 3201 debeantur,
2067 3167 2112 3193 ex
2142 3167 2212 3210 quo
2243 3156 2406 3208 convenit

1331 3207 1467 3239 certum
1506 3201 1699 3238 debitorem
1732 3207 1767 3238 et
1798 3204 2036 3239 confitentem.
2089 3205 2127 3237 at
2155 3212 2193 3236 ιιι
2223 3200 2402 3255 privilegio

1330 3249 1425 3284 varie
1452 3247 1663 3293 rescriptum
1694 3253 1766 3284 est:
1798 3252 1886 3293 puto
1915 3251 2034 3283 tamen
2065 3245 2192 3282 exinde
2218 3245 2403 3291 privilegio

1330 3303 1408 3329 esse
1429 3293 1565 3336 locum,
1589 3302 1633 3327 ex
1656 3304 1726 3338 quo
1749 3294 1843 3328 inter
1865 3293 2008 3328 nomina
2031 3291 2231 3327 debitorum
2254 3289 2404 3325 relatum

1332 3342 1345 3373 1
1395 3347 1523 3373 nomen
1557 3341 1622 3373 est.
1678 3338 1933 3383 Quodcumque
1970 3335 2142 3382 privilegii
2181 3334 2269 3370 fisco
2307 3344 2403 3370 coni-

1327 3382 1429 3463 peltit,
1452 3382 1521 3419 hoc
1543 3381 1637 3418 idem
1661 3387 1697 3418 et
1715 3382 1878 3418 Caesaris
1900 3382 1993 3418 ratio
2018 3385 2054 3417 et
2068 3382 2251 3424 Augustae
2272 3379 2406 3414 habere

1328 3438 1368 3463 so
1384 3431 1430 3463 et.

1329 3542 1389 3582 (tt)
1411 3539 1696 3573 fideicommissum
1710 3540 1769 3572 ins.
1784 3538 1803 3571 l.
1815 3549 1897 3582 yem-
1954 3537 2014 3578 (16)
2039 3535 2128 3579 quod
2138 3548 2201 3570 scr.
2239 3535 2321 3587 fn)
2341 3544 2404 3586 pro

1327 3583 1454 3628 publici
1466 3583 1667 3617 conductore
1682 3584 1845 3619 Gronovio
1858 3594 1920 3615 ser.
1938 3582 2040 3615 vicum
2058 3587 2114 3622 est,
2132 3579 2249 3624 populi
2260 3579 2401 3612 Romam

1326 3628 1463 3673 publico
1472 3628 1636 3661 conducto
1649 3630 1729 3662 milii·
1771 3629 1832 3669 (is)
1851 3627 1957 3661 stine.
1971 3626 2007 3660 F
2043 3627 2104 3667 (is)
2121 3626 2318 3668 procurator
2327 3624 2399 3658 odd.

1328 3677 1391 3715 (2⁰)
1415 3674 1571 3716 temporis
1586 3674 1621 3706 F
