2528 3918
128 125 411 156 AMIT'I'UNTUR

125 235 286 270 mittendi
310 235 364 270 ius
389 234 523 270 amitto.
561 237 596 268 et
619 232 780 268 similiter
804 233 834 267 si
857 242 922 277 per
941 236 1043 268 tuum
1063 232 1215 267 fundum

124 281 181 316 via
204 281 289 315 mihi
313 281 484 316 debeatur
509 283 544 314 et
567 278 760 324 permisero
785 278 851 312 tibi
874 278 911 312 in
943 288 985 312 eo
1018 278 1119 320 loco,
1152 288 1216 323 per

125 337 228 372 quem
251 327 308 361 via
338 326 423 360 mihi
455 324 623 366 debetur,
658 323 792 368 aliquid
823 323 962 365 facere,
1001 324 1125 358 amitto
1159 323 1215 358 ius

127 373 211 406 viae.
260 373 295 406 ls
320 371 380 416 qui
402 380 466 416 per
488 373 627 415 partem
649 369 784 404 itineris
815 369 844 403 it
875 372 990 403 totum
1021 370 1077 404 ius
1110 379 1214 404 usur-

124 428 212 462 pare
236 417 383 452 videtur.

171 461 196 500 9
220 462 267 498 IA
277 470 446 497 VOLENUS
466 460 557 496 libro
582 461 687 495 tertio
712 471 761 495 ex
784 458 932 494 Plautio
979 461 1085 504 Aqua
1118 459 1149 495 si
1179 459 1217 494 in

124 512 262 553 partem
286 506 416 552 aquagi
438 505 600 548 influxit,
635 505 773 541 etiamsi
804 515 877 540 non
909 504 956 539 ad
988 505 1113 540 ultima
1136 505 1217 540 loca

123 553 293 599 pervenit,
318 551 481 587 omnibus
505 555 626 586 tamen
649 551 813 596 partibus
837 554 1033 595 usurpatur
1047 552 1067 585 ¹.

174 596 223 635 10
248 597 408 633 Panos
436 597 527 632 libro
561 597 687 642 quinto
713 596 850 631 decimo
875 596 925 630 ad
948 596 1133 631 Plautium
1180 595 1218 630 Si

125 653 347 679 communem
369 642 521 677 fundum
546 652 608 686 ego
634 645 670 676 et
692 641 850 687 pupillus
874 642 1108 683 haberemus,
1132 641 1217 676 licet

123 693 272 741 uterque
296 699 368 723 non
392 691 562 729 uteretur,
587 691 707 722 tamen
731 691 880 732 propter
903 687 1078 732 pupillum
1098 690 1133 721 et
1154 696 1217 731 ego

125 738 139 769 1
190 745 283 769 viam
306 733 453 769 retineo.
502 732 540 767 Si
563 733 604 775 is,
631 733 692 777 qui
711 737 924 767 nocturnam
945 743 1076 777 aquam
1096 732 1217 774 habet,

122 779 276 814 interdiu
300 790 365 824 per
389 778 624 814 constitutum
649 778 693 812 ad
718 778 945 813 amissionem
969 782 1111 822 tempus
1132 787 1218 812 usus

122 825 240 867 fuerit,
258 825 376 860 amisit
396 829 608 859 nocturnam
629 824 845 866 servitutem,
862 834 933 868 qua
952 834 1040 858 usus
1060 834 1133 858 non
1152 826 1217 858 est.

122 871 214 905 idem
239 874 293 906 est
316 871 354 905 in
374 880 427 912 eo,
454 870 515 914 qui
535 869 639 904 certis
658 869 756 904 horis
777 879 893 914 aquae
913 869 1062 904 ductum
1081 869 1218 904 habens

122 916 200 951 aliis
225 926 312 951 usus
336 915 444 950 fuerit
467 925 533 950 nec
558 915 632 949 ulla
655 918 758 959 parte
782 925 904 949 earum
927 915 1108 949 horarum.

172 960 218 998 11
255 961 496 996 MARCELLUS
525 960 617 995 libro
653 964 785 1006 quarto
820 960 1043 1006 diqestorum
1090 960 1125 995 Is
1162 959 1220 994 cui

122 1007 179 1042 via
211 1007 266 1041 vel
302 1010 405 1042 actus
440 1006 655 1048 debebatur,
693 1010 734 1040 ut
769 1005 922 1041 vehiculi
958 1009 1056 1040 certo
1092 1014 1220 1050 genere

122 1056 299 1094 uteretur,
333 1052 402 1087 alio
426 1062 555 1096 genere
578 1051 699 1086 fuerat
722 1062 828 1086 usus:
854 1051 1045 1086 videamus
1062 1061 1108 1086 ne
1132 1050 1219 1085 ami-

123 1098 209 1133 serit
232 1098 436 1133 servitutem
461 1100 497 1131 et
520 1096 591 1131 alia
615 1097 662 1132 sit
686 1097 760 1131 eius
782 1096 956 1138 condicio,
985 1096 1046 1141 qui
1067 1096 1219 1141 amplius

122 1143 239 1178 oneris
264 1153 370 1187 quam
394 1143 494 1177 licuit
516 1142 669 1184 vexerit,
702 1143 885 1187 magisque
916 1142 974 1177 hic
1006 1142 1087 1187 plus
1113 1151 1220 1187 quam

124 1188 222 1223 aliud
247 1189 360 1233 egisse
384 1188 566 1223 videatur:
593 1188 725 1223 sicuti²
749 1188 875 1223 latiore
887 1187 1013 1222 itinere
1026 1198 1113 1222 usus
1127 1190 1220 1222 esset

123 1239 186 1269 aut
219 1234 249 1269 si
281 1234 386 1279 plura
416 1234 575 1268 iumenta
609 1233 720 1278 egerit
752 1244 859 1278 quam
890 1233 992 1267 licuit
1016 1236 1080 1267 aut
1104 1242 1220 1277 aquae

122 1279 352 1314 admiscuerit
372 1280 489 1314 aliam.
526 1279 676 1323 ideoque
697 1279 734 1313 in
755 1279 919 1313 omnibus
940 1278 1018 1313 istis
1039 1278 1218 1323 quaestio-

122 1325 227 1360 nibus
252 1325 402 1360 servitus
428 1324 568 1369 quidem
593 1335 664 1359 non
689 1324 873 1367 amittitur,
899 1335 971 1359 non
992 1328 1112 1358 autem
1134 1334 1218 1358 con-

123 1371 261 1406 ceditur
291 1371 372 1415 plus
405 1380 512 1415 quam
542 1373 690 1414 pactum
723 1374 778 1405 est
809 1370 846 1404 in
879 1369 1050 1404 servitute
1074 1369 1218 1403 habere.

127 1420 139 1450 1
190 1416 321 1458 Heres,
355 1427 436 1451 cum
461 1415 598 1460 legatus
625 1419 720 1450 esset
743 1415 877 1450 fundus
902 1415 969 1450 sub
996 1414 1218 1457 condicione,

122 1461 292 1506 imposuit
315 1461 348 1496 ei
372 1461 578 1496 servitutes:
612 1461 882 1505 extinguentur,
909 1461 939 1495 si
963 1460 1070 1505 legati
1095 1459 1219 1495 condi-

124 1507 177 1542 cio
204 1507 343 1542 existat.
379 1506 582 1548 videamus,
608 1516 654 1540 an
679 1506 878 1551 adquisitae
903 1510 1100 1550 sequantur
1123 1506 1219 1550 lega-

123 1552 272 1587 tarium:
299 1556 334 1587 et
357 1552 468 1597 magis
493 1551 683 1587 dicendum
707 1556 771 1594 est,
797 1556 838 1586 ut
861 1555 1068 1596 sequantur.

174 1595 223 1634 12
252 1597 396 1633 CELSUS
417 1598 507 1633 libro
533 1598 725 1632 vicensimo
751 1598 856 1632 tertio
881 1597 1104 1643 diqestorum
1152 1596 1221 1640 Qui

122 1643 272 1678 fundum
293 1643 448 1678 alienum
465 1643 562 1678 bona
580 1642 650 1677 fide
673 1643 766 1684 emit,
791 1643 917 1677 itinere
938 1642 1035 1687 quod
1057 1642 1088 1677 ei
1107 1641 1219 1677 fundo

124 1689 274 1724 debetur
313 1699 400 1724 usus
441 1692 512 1723 est:
548 1688 723 1723 retinetur
757 1688 795 1722 id
829 1688 884 1722 ius
918 1687 1074 1722 itineris:
1112 1691 1221 1732 atque

124 1735 241 1775 etiam,
274 1734 305 1769 si
328 1734 491 1779 precario
526 1737 590 1768 aut
620 1733 654 1767 vi
690 1733 828 1768 deiecto
863 1733 1005 1768 domino
1040 1733 1220 1778 possidet:

123 1779 256 1814 fundus
281 1780 372 1814 enim
397 1779 573 1824 qualiter³
596 1789 635 1814 se
658 1779 795 1814 habens
819 1779 880 1821 ita,
908 1790 989 1813 cum
1010 1778 1047 1812 in
1068 1789 1132 1813 suo
1155 1779 1219 1813 ha-

123 1826 199 1860 bitu
224 1835 411 1869 possessus
437 1829 509 1866 est,
542 1825 597 1859 ius
631 1835 704 1859 non
739 1824 918 1869 deperit⁴,
953 1834 1067 1868 neque
1098 1823 1219 1866 refert,

122 1871 215 1905 iuste
236 1881 302 1905 nec
321 1881 367 1905 ne
387 1870 580 1915 possideat,
602 1870 662 1914 qui
682 1870 791 1905 talem
813 1880 894 1904 eum
912 1869 1083 1914 possidet.
1133 1879 1221 1904 uare

123 1915 279 1951 fortius⁵
303 1920 339 1950 et
363 1916 392 1950 si
416 1926 511 1960 aqua
543 1926 608 1960 per
639 1915 751 1950 rivum
784 1925 850 1950 sua
881 1919 1009 1959 sponte
1041 1924 1086 1959 pe
1133 1915 1219 1957 uxit,

123 1962 178 1996 ius
204 1971 318 2006 aquae
343 1961 528 1996 ducendae
551 1960 734 1995 retinetur.
777 1960 874 2005 quod
906 1964 941 1995 et
965 1959 1098 1994 Sabino
1123 1964 1221 1995 recte

124 2008 253 2052 placet,
278 2010 319 2041 ut
339 2006 436 2051 apud
455 2006 642 2041 Neratium
666 2006 756 2041 libro
782 2010 910 2051 quarto
935 2005 1221 2040 membranarum

124 2053 296 2096 scriptum
321 2056 386 2087 est.

174 2095 224 2135 13
250 2097 491 2133 MARCELLUS
520 2096 611 2131 libro
645 2095 797 2140 septimo
830 2094 966 2130 decimo
999 2095 1221 2142 de'qestorum

126 2143 163 2178 Si
187 2143 266 2188 quis
291 2153 336 2177 ex
358 2142 491 2184 fundo,
525 2142 583 2176 cui
606 2141 699 2176 viam
730 2139 868 2175 vicinus
902 2139 1066 2182 deberet,
1099 2140 1220 2176 vendi-

126 2189 236 2224 disset
259 2188 377 2223 locum
401 2188 601 2233 proximum
627 2185 792 2221 servienti
815 2184 928 2221 fundo
953 2197 1025 2220 non
1056 2186 1223 2231 imposita

126 2234 295 2269 servitute
319 2237 355 2268 et
385 2233 481 2268 intra
512 2232 706 2277 legitimum
736 2235 895 2275 tempus,
928 2243 998 2276 quo
1034 2233 1222 2267 servitutes

126 2283 287 2324 pereunt,
311 2289 436 2313 rursus
462 2289 541 2313 eum
565 2278 684 2313 locum
708 2276 934 2321 adquisisset,
959 2277 1149 2312 habiturus
1168 2281 1223 2313 est

126 2325 343 2366 servitutem,
369 2335 477 2369 quam
499 2323 636 2358 vicinus
662 2322 855 2357 debuisset.

176 2369 227 2407 14
251 2369 477 2405 IAVOLENUS
507 2369 597 2404 libro
631 2368 768 2403 decimo
794 2378 843 2402 ex
870 2367 991 2403 Cassio
1040 2367 1078 2403 Si
1108 2368 1221 2411 locus,

153 2427 190 2451 er
215 2426 319 2460 quem
342 2415 399 2450 via
423 2418 487 2449 aut
509 2415 577 2449 iter
608 2417 671 2448 aut
702 2416 805 2448 actus
838 2412 1054 2455 debebatur,
1086 2414 1134 2448 im
1163 2417 1222 2449 etu

126 2428 280 2496 {uminis
305 2465 503 2505 occupatus
536 2463 629 2494 esset
662 2463 698 2493 et
728 2459 824 2492 intra
853 2462 1015 2503 tempus,
1049 2469 1118 2503 quo
1177 2459 1224 2494 ad

127 2506 359 2542 amittendam
383 2505 589 2540 servitutem
613 2504 768 2546 sufficit,
795 2503 972 2539 alluvione
995 2503 1096 2539 facta
1119 2505 1222 2539 resti-

127 2556 225 2587 tutus
251 2556 324 2594 est,
349 2551 499 2586 servitus
524 2560 666 2595 quoque
688 2550 725 2583 in
748 2549 938 2593 pristinum
963 2553 1096 2584 statum
1118 2550 1222 2585 resti-

127 2598 258 2632 tuitur:
295 2597 391 2641 quod
423 2595 453 2630 si
483 2595 520 2630 id
550 2600 691 2640 tempus
724 2594 968 2639 praeterierit,
1000 2598 1042 2630 ut
1072 2595 1223 2630 servitus

134 2647 146 2677 1
197 2642 399 2683 amittatur,
424 2651 598 2676 renovare
623 2651 700 2675 eam
726 2639 906 2684 cogendus
932 2643 996 2675 est.
1047 2640 1136 2675 Cum
1167 2641 1224 2675 via

129 2689 272 2733 publica
295 2687 351 2722 vel
372 2686 528 2722 fluminis
552 2687 687 2730 impetu
711 2685 767 2720 vel
790 2685 895 2719 ruina
919 2685 1050 2720 amissa
1075 2689 1147 2728 est,
1172 2686 1222 2721 vi-

130 2734 231 2768 cinus
280 2733 437 2768 roximus
461 2732 554 2767 viam
578 2735 764 2776 praestare
787 2730 903 2765 debet.

178 2777 228 2815 15
277 2788 361 2812 DEM
380 2778 471 2813 libro
495 2776 653 2813 secundo
678 2776 915 2822 epistularum
962 2775 1018 2818 Si,
1045 2787 1126 2811 cum
1150 2787 1222 2811 ser-

131 2825 222 2859 vitus
246 2824 332 2858 mihi
356 2833 421 2868 per
443 2823 564 2868 plures
588 2821 720 2856 fundos
741 2821 942 2863 deberetur,
967 2821 1123 2856 medium
1141 2821 1224 2856 fun-

131 2870 214 2904 dum
238 2868 430 2913 adquisivi,
455 2878 599 2903 manere
624 2867 828 2902 servitutem
851 2870 959 2911 puto,
986 2867 1070 2911 quia
1093 2867 1225 2902 totiens

131 2914 282 2950 servitus
307 2913 549 2955 confunditur,
574 2913 737 2957 quotiens
761 2911 815 2946 uti
837 2922 880 2946 ea
898 2911 929 2946 is
950 2912 997 2946 ad
1018 2923 1123 2964 quem
1144 2923 1225 2957 per-

67 2956 70 2958 ’
130 2960 244 2995 tineat
268 2969 341 2994 non
364 2963 501 3003 potest:
527 2958 642 2993 medio
668 2962 787 2992 autem
810 2956 922 2992 fundo
945 2957 1123 3002 adqu1sito
1162 2969 1226 3003 po-

131 3009 204 3040 test
217 3004 431 3046 consistere,
466 3008 507 3038 ut
538 3014 603 3048 per
633 3003 786 3048 primum
818 3006 854 3037 et
885 3002 1049 3037 ultimum
1072 3003 1141 3038 iter
1165 3004 1226 3038 de-

131 3051 475 3132 befftgr'PRochvs
506 3093 599 3129 libro
627 3094 752 3140 primo
786 3093 1026 3140 epistularum
1072 3094 1226 3138 Aquam,

134 3151 225 3185 quae
258 3140 441 3175 oriebatur
470 3138 507 3173 in
530 3138 643 3174 fundo
667 3139 791 3180 vicini,
825 3139 946 3184 plures
980 3149 1045 3184 per
1077 3139 1228 3174 eundem

133 3186 246 3221 rivum
268 3185 347 3220 iure
370 3184 501 3219 ducere
525 3184 620 3219 soliti
643 3188 738 3226 sunt,
762 3184 815 3218 ita
837 3188 879 3219 ut
903 3195 968 3219 suo
994 3184 1147 3230 quisque
1172 3184 1228 3219 die

136 3300 175 3341 (1)
200 3298 453 3341 usurpanturF
551 3298 596 3339 (2)
621 3298 651 3330 si
664 3299 723 3331 ins.
739 3299 811 3331 edd.

918 3299 960 3340 (3)
987 3298 1134 3340 qualiter
1146 3309 1228 3340 qua-

135 3343 214 3376 liter
228 3345 308 3377 Hal.
403 3345 446 3386 (4)
471 3343 626 3386 deperdit
638 3343 798 3377 Heinsius

903 3345 947 3386 (5)
973 3343 1095 3376 fortius
1108 3345 1170 3377 del.
1184 3342 1229 3377 F⁶

1211 106 1289 153 123

2234 110 2334 151 VIII
2365 112 2390 151 6

1285 242 1308 267 a
1332 232 1450 277 capite
1481 231 1646 273 duceret,
1679 232 1792 277 primo
1825 243 1889 278 per
1922 232 2073 268 eundem
2097 233 2210 268 rivum
2234 242 2386 278 eumque

1287 287 1522 319 communem,
1548 276 1676 311 deinde
1695 281 1736 312 ut
1757 278 1905 323 quisque
1924 278 2072 314 inferior
2093 282 2182 321 erat,
2208 289 2272 314 suo
2289 278 2384 323 quis-

1286 334 1355 368 que
1378 322 1524 368 proprio
1545 322 1632 365 rivo,
1659 326 1695 357 et
1715 334 1808 358 unus
1830 327 1965 358 statuto
1985 328 2158 368 tempore,
2183 334 2253 369 quo
2276 324 2385 358 servi-

1286 373 1345 403 tus
1370 368 1555 410 amittitur,
1581 379 1654 402 non
1678 368 1790 403 duxit.
1829 369 1990 404 existimo
2017 380 2098 404 eum
2119 369 2176 405 ius
2199 369 2387 404 ducendae

1287 424 1402 459 aquae
1434 413 1594 448 amisisse
1626 423 1693 448 nec
1725 424 1791 458 per
1824 418 1962 449 ceteros
1997 415 2058 459 qui
2092 415 2274 450 duxerunt
2308 414 2385 450 eius

1286 460 1342 494 ius
1367 463 1580 503 usurpatum
1605 469 1700 494 esse:
1733 459 1919 504 proprium
1951 460 2043 494 enim
2069 461 2241 506 cuiusque
2265 470 2388 495 eorum

1286 505 1343 540 ius
1362 504 1431 539 fuit
1450 514 1567 549 neque
1586 515 1650 548 per
1671 504 1781 539 alium
1800 505 1968 549 usurpari
1987 506 2114 549 potuit.
2149 505 2244 551 quod
2264 505 2294 541 si
2306 505 2387 551 plu-

1287 551 1379 585 rium
1391 549 1504 585 fundo
1517 550 1584 584 iter
1604 560 1720 594 aquae
1742 549 1901 584 debitum
1923 555 2027 592 esset,
2049 561 2113 595 per
2133 562 2244 586 unum
2266 561 2388 586 eorum

1289 595 1453 630 omnibus
1478 595 1552 637 his,
1577 595 1672 629 inter
1696 606 1785 640 quos
1810 595 1840 630 is
1864 594 1998 630 fundus
2025 597 2222 631 communis
2245 596 2386 638 fuisset,

1289 641 1455 685 usurpari
1478 640 1666 685 potuisset.
1703 641 1787 675 item
1808 640 1838 675 si
1859 641 1937 686 quis
1958 650 2091 683 eorum,
2117 642 2247 687 quibus
2272 651 2388 686 aquae

1290 687 1416 721 ductus
1430 687 1582 721 servitus
1595 686 1794 721 debebatur
1807 690 1842 720 et
1865 696 1930 731 per
1950 686 2102 721 eundem
2122 688 2236 722 rivum
2258 697 2388 732 aquam

1290 731 1480 774 ducebant,
1505 732 1561 766 ius
1581 742 1697 776 aquae
1718 731 1903 766 ducendae
1923 742 1995 767 non
2016 731 2178 768 ducendo
2201 743 2278 767 eam
2301 732 2388 767 ami-

1290 778 1346 819 sit,
1372 777 1459 811 nihi-1
1482 777 1569 812 iuris
1595 787 1635 812 eo
1661 777 1804 812 nomine
1829 778 1967 819 ceteris,
1993 777 2055 822 qui
2078 778 2152 812 rivo
2178 778 2386 820 utebantur,

1290 822 1450 858 adcrevit
1472 822 1580 867 idque
1605 822 1831 858 commodum
1857 822 1932 858 eius
1967 827 2038 864 est,
2074 834 2139 868 per
2171 823 2274 858 cuius
2306 823 2389 857 fun-

1290 869 1375 903 dum
1386 867 1424 902 id
1442 868 1510 903 iter
1530 878 1646 913 aquae
1657 869 1681 910 ὃ,
1707 868 1804 912 quod
1824 878 1896 902 non
1917 868 2051 903 utendo
2072 879 2138 913 pro
2159 872 2262 913 parte
2282 868 2389 903 unius

1289 914 1460 994 amissum
1493 917 1564 948 est:
1598 913 1765 949 libertate
1798 913 1890 948 enim
1921 913 2029 948 huius
2060 914 2175 958 partis
2207 913 2389 949 servitutis

1307 959 1434 995 ruitur.

1340 1001 1389 1041 17
1416 1004 1647 1040 POMPONIUS
1664 1003 1755 1039 libro
1777 1004 1965 1040 undecimo
1986 1015 2037 1040 ex
2055 1005 2167 1039 variis
2180 1003 2393 1040 lectionibus

1289 1050 1413 1085 Labeo
1435 1050 1497 1092 ait,
1519 1049 1549 1085 si
1569 1049 1612 1092 is,
1635 1050 1697 1094 qui
1716 1049 1887 1084 haustum
1906 1050 2027 1092 habet,
2058 1059 2124 1095 per
2143 1053 2297 1094 tempus,
2320 1059 2391 1093 quo

1291 1095 1442 1131 servitus
1468 1095 1661 1137 amittitur,
1693 1094 1775 1129 ierit
1807 1095 1854 1130 ad
1885 1094 2022 1130 fontem
2054 1105 2121 1130 nec
2145 1105 2277 1140 aquam
2299 1095 2390 1129 hau-

1291 1141 1386 1181 serit,
1411 1141 1480 1176 iter
1505 1150 1648 1186 quoque
1672 1150 1753 1175 eum
1778 1140 1949 1176 amisisse.

1340 1184 1390 1224 18
1417 1186 1576 1221 mes
1606 1186 1697 1221 libro
1755 1187 1856 1221 uinto
1888 1186 2025 1221 decimo
2060 1186 2110 1220 ad
2132 1185 2306 1221 Sabinum
2355 1184 2393 1219 Si

1291 1233 1370 1278 quis
1395 1232 1467 1266 alia
1491 1242 1586 1276 aqua
1610 1242 1697 1266 usus
1738 1232 1840 1274 uerit,
1866 1242 1974 1276 quam
1997 1231 2042 1267 de
2066 1242 2138 1276 qua
2160 1231 2198 1265 in
2222 1230 2392 1265 servitute

1293 1282 1308 1312 1
1359 1277 1577 1322 imponenda
1601 1281 1723 1311 actum
1757 1281 1829 1319 est,
1864 1277 2015 1312 servitus
2049 1276 2235 1312 amittitur.
2285 1275 2391 1311 Tem-

1290 1335 1370 1369 pus,
1396 1333 1465 1368 quo
1491 1333 1564 1357 non
1585 1326 1639 1358 est
1658 1333 1746 1358 usus
1766 1322 1986 1367 praecedens
2007 1322 2110 1357 fundi
2131 1321 2308 1364 dominus,
2334 1320 2393 1356 cui

1291 1369 1444 1404 servitus
1469 1368 1631 1409 debetur,
1656 1368 1855 1413 imputatur
1880 1368 1931 1410 ei,
1957 1367 2018 1413 qui
2041 1367 2179 1402 in·eius
2203 1368 2283 1402 loco
2309 1376 2392 1402 suc·

1292 1417 1311 1449 2
1361 1414 1478 1449 cessit.
1528 1413 1584 1455 Si,
1611 1424 1693 1448 cum
1716 1414 1772 1448 ius
1805 1414 1956 1448 haberes
1987 1412 2221 1455 immittendi,
2253 1412 2393 1447 vicinus

1292 1464 1428 1495 statuto
1441 1464 1602 1503 tempore
1623 1459 1849 1494 aedificatum
1870 1470 1942 1494 non
1964 1459 2134 1494 habuerit
2154 1458 2306 1503 ideoque
2325 1467 2392 1492 nec

1291 1510 1331 1540 tu
1366 1504 1557 1540 immittere
1591 1505 1771 1550 poteris⁷‚
1815 1515 1888 1539 non
1922 1504 2003 1539 ideo
2038 1504 2150 1549 magis
2186 1503 2393 1539 servitutem

1292 1551 1451 1592 amittes,
1488 1550 1573 1595 quia
1607 1561 1680 1585 non
1716 1553 1837 1595 potest
1870 1550 1983 1585 videri
2012 1549 2222 1594 usucepisse
2254 1548 2392 1583 vicinus

1291 1601 1377 1631 tuus
1402 1596 1602 1630 libertatem
1627 1595 1768 1630 aedium
1800 1606 1965 1638 suarum,
2000 1595 2060 1640 qui
2091 1595 2148 1630 ins
2180 1598 2284 1629 tuum
2319 1604 2391 1629 non

1290 1641 1545 1686 interpellavit.

1341 1684 1392 1724 19
1418 1686 1649 1721 POMPONIUS
1678 1686 1769 1721 libro
1796 1686 2006 1733 triqensimo
2030 1685 2189 1721 secundo
2214 1684 2264 1720 ad
2287 1683 2392 1720 Sabi-

1291 1744 1377 1767 num
1426 1732 1463 1767 Si
1495 1735 1635 1777 partem
1666 1731 1770 1766 fundi
1800 1731 1986 1766 vendendo
2018 1731 2095 1775 lege
2129 1730 2302 1772 caverim,
2338 1729 2393 1764 uti

1291 1788 1356 1823 per
1387 1788 1465 1813 eam
1497 1781 1637 1822 partem
1668 1777 1706 1811 in
1737 1777 1913 1822 reliquum
1944 1776 2096 1811 fundum
2120 1787 2237 1811 meum
2262 1786 2393 1820 aquam

1292 1824 1470 1865 ducerem,
1497 1827 1533 1858 et
1557 1826 1731 1857 statutum
1754 1826 1895 1867 tempus
1919 1822 2173 1864 intercesserit,
2199 1825 2393 1866 antequam

1291 1869 1405 1904 rivum
1429 1868 1606 1909 facerem,
1639 1868 1728 1902 nihil
1757 1868 1844 1902 iuris
1877 1867 2022 1910 amitto,
2056 1868 2140 1912 quia
2163 1867 2300 1902 nullum
2324 1866 2394 1901 iter

1292 1925 1407 1960 aquae
1430 1914 1541 1949 fuerit
1552 1915 1575 1955 ⁸,
1601 1913 1664 1948 sed
1688 1917 1810 1948 manet
1832 1913 1918 1948 mihi
1941 1913 1997 1948 ius
2021 1913 2215 1957 integrum:
2242 1911 2339 1957 quod
2364 1911 2394 1946 si

1295 1964 1308 1994 1
1359 1959 1525 1994 fecissem
1548 1959 1617 1993 iter
1642 1969 1757 2003 neque
1780 1969 1869 1994 usus
1895 1969 2020 2000 essem,
2045 1958 2218 1993 amittam.
2268 1957 2306 1992 Si
2330 1967 2394 2001 per

1291 2005 1443 2040 fundum
1466 2015 1584 2039 meum
1607 2004 1701 2039 viam
1724 2004 1790 2039 tibi
1813 2004 1976 2049 legavero
2002 2007 2038 2038 et
2061 2003 2160 2038 adita
2183 2013 2264 2038 mea
2288 2003 2392 2038 here-

1293 2051 1405 2085 ditate
1428 2060 1493 2095 per
1518 2050 1754 2085 constitutum
1779 2054 1920 2094 tempus
1946 2049 1993 2084 ad
2017 2048 2250 2084 amittendam
2283 2047 2392 2083 servi-

1291 2100 1405 2131 tutem
1428 2095 1645 2140 ignoraveris
1671 2105 1748 2130 eam
1768 2095 1833 2130 tibi
1851 2096 2003 2139 legatam
2023 2104 2112 2137 esse,
2138 2094 2280 2129 amittes
2300 2093 2393 2128 viam

1293 2153 1366 2177 non
1389 2140 1535 2176 utendo.
1575 2140 1670 2185 quod
1695 2141 1725 2175 si
1748 2140 1844 2175 intra
1874 2140 1969 2175 idem
2004 2143 2166 2185 tempus,
2200 2143 2394 2184 antequam

1292 2187 1442 2222 rescires
1467 2186 1532 2221 tibi
1556 2187 1710 2230 legatam
1734 2186 1951 2228 servitutem,
1975 2189 2078 2220 tuum
2097 2184 2250 2220 fundum
2270 2183 2393 2219 vendi-

1293 2232 1398 2274 deris,
1424 2232 1470 2266 ad
1495 2236 1690 2276 emptorem
1714 2232 1772 2266 via
1795 2231 1998 2276 pertinebit,
2024 2231 2054 2266 si
2074 2230 2211 2275 reliquo
2234 2234 2395 2275 tempore

1293 2288 1336 2312 ea
1367 2288 1455 2312 usus
1486 2276 1613 2319 fuerit,
1652 2277 1737 2322 quia
1768 2277 1904 2312 scilicet
1936 2280 2000 2311 tua
2024 2286 2102 2311 esse
2128 2279 2316 2320 coeperat:
2355 2277 2396 2308 ut

1292 2323 1363 2358 iam
1384 2333 1451 2358 nec
1469 2323 1525 2357 ius
1546 2322 1761 2367 repudiandi
1780 2323 1936 2367 legatum
1956 2321 2022 2356 tibi
2041 2322 2157 2367 possit
2178 2321 2393 2365 contingere,

1294 2379 1375 2404 cum
1399 2368 1446 2403 ad
1468 2372 1504 2403 te
1527 2367 1661 2402 fundus
1686 2379 1759 2403 non
1783 2367 1972 2412 pertineat.

1340 2411 1393 2451 20
1418 2413 1624 2449 SCAEVOLA
1650 2413 1740 2448 libro
1757 2414 1883 2459 primo
1907 2424 1948 2447 re
1975 2412 2119 2447 ularum
2166 2410 2243 2447 Usu
2264 2410 2393 2445 retine-

1292 2463 1353 2494 tur
1377 2459 1549 2501 servitus,
1588 2469 1669 2493 cum
1701 2459 1779 2503 ipse
1811 2459 1870 2493 cui
1902 2458 1945 2493 de
1973 2462 2053 2492 etur
2084 2457 2197 2491 utitur
2229 2455 2333 2501 quive
2356 2455 2394 2490 in

1292 2504 1556 2550 possessionem
1587 2504 1664 2539 eius
1697 2508 1751 2539 est
1783 2508 1848 2538 aut
1878 2503 2147 2538 mercennarius
2173 2505 2237 2537 aut
2260 2501 2394 2546 hospes

1293 2554 1357 2585 aut
1389 2549 1549 2585 medicus
1574 2549 1678 2594 quive
1702 2549 1749 2584 ad
1772 2548 1988 2584 visitandum
2012 2548 2195 2582 dominum
2219 2546 2316 2582 venit
2338 2546 2394 2581 vel

1295 2595 1445 2631 colonus
1470 2600 1533 2629 aut
1557 2594 1798 2629 fructuarius:

1341 2638 1391 2677 21
1420 2640 1477 2675 ΡΑ
1486 2650 1529 2675 σι
1537 2649 1581 2675 Us
1602 2640 1693 2675 libro
1718 2640 1844 2685 quinto
1869 2638 2129 2673 sententiarum
2171 2637 2393 2672 fructuarius

1295 2686 1379 2721 licet
1403 2696 1469 2721 suo
1494 2685 1647 2720 nomine.

1342 2729 1396 2767 22
1422 2730 1626 2766 SGAEVOLA
1640 2730 1730 2765 libro
1736 2729 1861 2775 primo
1873 2728 2085 2775 reqularum
2131 2728 2296 2773 Denique
2316 2727 2393 2773 qui-

1297 2787 1449 2821 cumque
1474 2775 1577 2820 quasi
1602 2775 1723 2810 debita
1747 2774 1804 2808 via
1827 2784 1914 2809 usus
1938 2773 2057 2816 fuerit,

1343 2819 1395 2859 23
1423 2821 1480 2856 ΡΑ
1488 2830 1532 2856 ιη,
1539 2830 1583 2855 us
1593 2820 1683 2856 libro
1696 2820 1823 2865 quinto
1835 2820 2096 2854 sententiarum

1298 2868 1381 2902 dum
1405 2870 1569 2901 nostrum
1591 2865 1691 2907 facit,
1717 2864 1773 2899 vel
1798 2875 1841 2899 ex
1863 2864 1990 2907 fundo)

1343 2910 1397 2949 24
1422 2911 1628 2947 SGAEVOLA
1653 2911 1744 2946 libro
1763 2911 1887 2955 primo
1910 2909 2123 2956 reqularum
2169 2909 2254 2944 licet
2277 2908 2394 2945 malae

1296 2958 1380 2992 fidei
1402 2966 1592 3002 possessor
1615 2955 1672 2997 sit,
1697 2955 1908 2990 retinebitur
1932 2955 2095 2990 servitus.

1344 3001 1396 3039 25
1433 3001 1593 3036 Panos
1625 3001 1716 3036 libro
1753 3001 1879 3053 quinto
1910 3001 2170 3035 sententiarum
2217 2998 2394 3034 Servitute

1297 3059 1385 3083 usus
1409 3058 1482 3082 non
1505 3046 1646 3081 videtur
1668 3046 1737 3081 nisi
1760 3057 1810 3088 is,
1847 3046 1908 3090 qui
1940 3056 2006 3081 suo
2037 3045 2115 3080 iure
2138 3045 2192 3080 uti
2216 3054 2254 3080 se
2279 3044 2393 3079 credi-

1298 3094 1367 3128 dit:
1401 3092 1554 3137 ideoque
1578 3092 1608 3127 si
1633 3091 1712 3136 quis
1735 3102 1800 3136 pro
1825 3091 1882 3126 via
1930 3091 2052 3126 ublica
2074 3090 2130 3126 vel
2154 3101 2219 3135 pro
2244 3089 2391 3124 alterius

1299 3138 1468 3174 servitute
1492 3147 1579 3172 usus
1605 3137 1670 3179 sit,
1702 3147 1770 3173 nec
1793 3137 1887 3172 inter
1926 3140 2024 3172 ctum
2047 3146 2114 3171 nec
2139 3135 2233 3171 actio
2257 3134 2392 3169 utiliter

1299 3183 1481 3229 competit.

2145 2818 2231 2862 (sive
2252 2818 2299 2853 ad
2310 2818 2393 2853 fun-

1301 3300 1345 3341 (6)
1371 3299 1495 3331 estius.
1510 3297 1583 3330 edd.
1679 3296 1721 3338 (τ)
1747 3295 1898 3339 potueris
1912 3296 1987 3329 dett.
2084 3295 2129 3336 (8)
2153 3294 2220 3326 fuit
2232 3292 2314 3326 Hal.

2056 3798 2119 3832 16*
