2528 3918
83 155 142 187 DE
170 151 551 184 EXCUSATIONIBUS

125 264 149 301 3
166 266 175 284 ¹
206 262 400 299 Uzmnm
431 260 521 296 libro
554 261 610 295 sin
638 259 738 295 ulari
759 260 803 295 de
826 260 951 305 officio
977 260 1165 306 praetoris

80 308 243 345 tutelares
288 306 373 341 Tria
397 315 507 340 onera
529 309 606 339 tute
621 315 721 339 arum
751 304 837 339 dant
862 305 1127 340 excusationem
1137 306 1164 340 ².

78 354 148 389 tria
170 356 289 387 autem
302 360 412 386 onera
436 350 486 385 sic
511 354 594 384 sunt
617 349 835 394 accipienda,
857 354 983 384 utnon
996 361 1164 386 numerus

78 397 290 445 pupillorum
313 396 433 440 plures
456 395 586 430 tutelas
610 394 741 436 faciat,
774 394 837 429 sed
868 396 1164 439 patrimoniorum

78 442 277 488 separatio:
319 443 355 474 et
384 440 463 474 ideo
495 440 555 484 qui
586 440 700 474 tribus
730 439 904 475 fratribus
937 443 1034 476 tutor
1058 440 1163 476 datus

78 492 142 529 est,
166 487 224 531 qui
260 485 448 520 indivisum
479 484 732 565 Eatrimonium
755 485 964 527 haberent&
996 486 1050 521 vel
1111 486 1162 521 ui-

78 531 227 568 busdam
261 534 383 572 tutor,
418 530 479 574 qui
505 530 631 565 usdam
667 534 834 572 curator,
871 541 979 565 unam
1013 534 1091 566 tute
1106 541 1163 566 am

77 586 180 615 susce
206 576 275 610 isse
300 575 466 610 creditur.

120 620 146 659 4
215 629 424 655 oosssrmvs
443 620 535 655 libro
558 619 715 655 secundo
736 621 1014 655 excusationum
1044 618 1095 654 ”E
1123 634 1161 654 a·

76 668 165 712 μεν4
188 669 281 710 τρεῖς
305 667 451 707 ἔχοντας
473 665 669 709 ἐπιτροπὰς
693 665 742 701 εἰς
764 663 941 711 τετάρτην
954 665 1005 709 μὴ
1038 679 1084 699 κα
1108 669 1160 700 εῖ-

77 712 177 747 σθαι.
203 708 368 753 ἐζητήθη
390 713 523 751 τοίνυν,
558 708 623 744 ἐάν
644 722 698 745 τις
721 712 761 743 ἐν
785 707 847 744 δύο
873 708 926 744 ὢν
949 713 1162 756 ἐπιτροπαῖς

76 757 152 791 εἶτα
188 755 236 791 εἰς
270 754 473 801 ἐπιτροπὴν
502 758 630 801 τρίτην
663 753 888 800 προβληθεὶς
928 754 1162 799 ἐκκαλέσηται

75 803 135 836 καὶ
158 803 214 835 ἔτι
234 798 418 845 μετεώρου
443 797 547 842 οὔσης
565 802 626 842 τῆς
640 797 739 842 δίκης
761 802 826 842 τῆς
850 802 910 834 ἐπὶ
933 802 977 847 τῇ
1002 799 1159 844 ἐκκλήτῳ

74 847 121 881 εἰς
141 843 272 891 τετάρτ
297 858 320 878 ν
349 844 551 890 ἐπιτροπὴν
579 843 786 891 προβληθῇ,
821 844 982 891 πότερον
1016 847 1063 881 εἰς
1094 845 1162 889 τὴν

73 889 249 935 τετάρτην
272 857 609 936 δικαιολογούμενος
628 889 883 934 μνησθήσεται
896 893 957 924 καὶ
968 892 1030 933 τῆς
1040 894 1162 937 τρίτης

73 935 93 978 ἢ
116 932 352 971 παντάπασιν
374 933 616 981 παραλείψει5
640 937 790 978 ἐκείνην.
816 938 877 968 καὶ
902 932 1053 982 εὑρίσκω
1089 933 1160 971 ὑπὸ

70 983 146 1015 τῶν
168 978 376 1014 θειοτάτων
386 978 555 1026 Σεβήρου
577 982 639 1013 καὶ
651 975 868 1014 Ἀντωνίνσυ
881 978 1162 1028 διατεταγμένον

71 1026 119 1070 μὴ
154 1024 231 1059 δεῖν
268 1025 315 1060 εἰς
348 1023 526 1070 τετάρτην
559 1024 859 1070 προχειρίζεσθαι
892 1024 959 1060 τὸν
994 1021 1067 1060 άπὸ
1098 1027 1160 1069 τῆς

70 1074 191 1115 τρίτης
223 1068 397 1112 ἔκκλητον
426 1073 681 1114 πεποιημένον,
717 1067 807 1104 ἀλλὰ
836 1069 1021 1116 μετεώρου
1054 1070 1161 1114 οὔσης

71 1118 130 1158 τῆς
152 1117 211 1150 ἐπὶ
234 1116 277 1161 τῇ
300 1117 402 1162 τρίτῃ
430 1119 642 1167 χειροτονία
675 1113 918 1158 δικαιολογίας
947 1116 990 1150 τὸ
1026 1118 1161 1159 ἐκείνης

69 1159 168 1195 τέλος
191 1163 395 1205 περιμένειν
419 1157 509 1206 ὅρον
531 1158 706 1205 ἐσόμενον
716 1162 761 1207 τῇ
773 1159 926 1208 τετάρτῃ
938 1165 1157 1207 χειροτονίᾳ,

70 1203 178 1251 ὀρθῷ
202 1207 258 1249 τῷ
281 1203 396 1252 λόγον
432 1207 463 1239 εἰ
491 1204 560 1261 γὰρ
584 1205 652 1248 τὴν
673 1206 717 1251 τῇ
740 1204 843 1245 τάξει
864 1204 1044 1252 τετάρτην
1066 1205 1158 1241 ὑπο-

70 1249 211 1290 δέξεταί
229 1263 283 1285 τις
315 1248 363 1285 ὥς
392 1251 437 1295 τῇ
463 1248 613 1295 δυνάμει
635 1253 769 1296 τρίτην,
797 1246 924 1286 ἀδίκου
946 1253 1009 1294 τῆς
1032 1254 1092 1286 ἐπὶ
1114 1253 1159 1298 τῇ

68 1299 169 1342 τρίτῃ
194 1293 366 1338 ἐκκλήτου
391 1290 668 1342 άποφανθείσης
690 1298 859 1342 τέσσαρσι
881 1300 1016 1341 χρείαις
1050 1299 1158 1343 ἐγκα-

73 1345 83 1376 1
135 1339 403 1383 τασχεθὴσεται
431 1340 534 1386 παρὰ
563 1340 645 1375 τοὺς
667 1340 808 1385 νόμους.
864 1336 955 1375 Ἐὰν
977 1341 1096 1387 πατὴρ
1120 1344 1161 1376 ἐν

68 1388 186 1441 τρισὶν
215 1379 238 1432 ᾗ
271 1388 466 1431 φροντίσιν
497 1384 518 1428 ἢ
552 1387 761 1431 ἐπιτροπῶν
790 1384 813 1429 ἢ
844 1389 1105 1432 κουρατοριῶν,
1139 1384 1159 1421 ὁ

68 1430 142 1466 υιός
165 1426 275 1465 αὐτοῦ
299 1427 363 1465 οὐκ
387 1429 680 1473 ἐνοχληθήσεται,
708 1434 769 1465 καὶ
791 1432 900 1465 τοῦτο
926 1428 1021 1466 οὕτω
1036 1431 1158 1466 διατέ-

68 1489 199 1511 τακται
220 1472 290 1510 ὑπὸ
313 1477 390 1510 τῶν
413 1474 626 1509 θειοτάτων
647 1475 817 1522 Σεβήρου
849 1479 910 1510 καὶ
929 1472 1157 1512 Ἀντωνίνου.

67 1523 174 1555 τοῦτο
201 1518 240 1555 δὲ
263 1523 324 1554 καὶ
347 1523 386 1554 ἐκ
409 1522 474 1555 τοῦ
497 1523 662 1555 ἐναντίου
685 1524 794 1562 ἐστίν,
814 1518 862 1557 ὥς
886 1520 987 1556 δεῖν6
1009 1522 1073 1557 τὰς
1095 1524 1160 1557 τοῦ

68 1566 146 1601 υἱοῦ
169 1566 367 1612 ἐπιτροπὰς
391 1563 538 1600 ἇνεσινΊ
561 1568 616 1609 τῷ
640 1569 752 1612 πατρὶ
777 1564 924 1601 διδόναι
957 1570 1018 1601 καὶ
1048 1566 1160 1602 πάλιν

70 1607 291 1657 ἀμφοτέροις
314 1610 376 1646 τὰς
399 1609 531 1652 κοινάς,
553 1606 650 1645 τοῦτ’
676 1613 775 1646 ἔστιν
797 1615 886 1656 μίαν
907 1614 973 1646 τοῦ
996 1611 1075 1647 υἱοῦ
1098 1615 1159 1646 καὶ

70 1655 133 1691 δύο
169 1658 234 1691 τοῦ
270 1655 407 1702 πατρὸς
440 1654 462 1699 ἢ
495 1657 541 1691 εἰς
572 1655 616 1690 τὸ
650 1655 816 1700 ἔμπαλιν.
858 1656 942 1691 τότε
974 1655 1013 1691 δὲ
1043 1659 1158 1692 ταῦτα

69 1698 181 1737 οὕτως
213 1703 293 1744 ἔχει,
328 1699 476 1735 ἐπειδὰν
505 1700 548 1735 τὸ
578 1700 691 1747 βάρος
723 1702 776 1735 ἑνὶ
809 1702 906 1745 οἴκῳ,
935 1698 1010 1745 οὐχὶ
1034 1701 1158 1737 διακε-

67 1748 300 1803 χωρισμένσις
330 1744 506 1812 διαφέρῃ.
553 1745 688 1793 γράφει
722 1744 761 1781 δὲ
805 1750 865 1780 καὶ
903 1743 1103 1783 Οὐλπιανὸς
1139 1745 1159 1782 ὃ

69 1806 89 1825 κ
114 1804 257 1827 ατιστος
279 1805 392 1825 ταυτα
420 1817 427 1824 .

90 1806 167 1874 ⁰5⁹
196 1836 392 1872 ULPJANUS
419 1837 510 1872 libro
542 1837 729 1883 sinqulari
758 1837 803 1872 de
827 1837 953 1883 officio
971 1839 1160 1884 praetoris

68 1881 232 1918 tutelarz’s
277 1881 363 1917 Tria
375 1883 403 1903 ¹⁰
427 1892 538 1917 onera
560 1882 598 1916 in
622 1882 726 1917 domo
751 1884 864 1917 una¹¹
898 1893 976 1918 esse
1009 1882 1155 1918 sufficit.

67 1926 218 1980 proinde
241 1927 271 1962 si
294 1931 399 1972 pater
423 1927 575 1962 alicuius
599 1928 653 1962 vel
676 1927 771 1962 filius
794 1927 851 1963 vel
873 1927 987 1963 frater
1019 1929 1081 1973 qui
1106 1932 1160 1964 est

67 1984 105 2008 m
136 1972 293 2008 eiusdem
324 1976 503 2018 potestate
533 1972 604 2007 tria
637 1983 749 2008 onera
784 1973 971 2016 sustineat,
998 1984 1090 2019 quae
1113 1974 1160 2009 ad

68 2018 267 2064 periculum
298 2018 411 2063 patris
436 2018 493 2052 sui
516 2021 690 2063 spectent,
726 2018 851 2063 quia¹²
874 2018 1058 2054 voluntate
1083 2019 1159 2055 eius

68 2063 335 2105 administrant,
368 2063 533 2099 omnibus
567 2064 750 2098 excusatio
784 2074 807 2098 a
837 2064 951 2099 tutela
975 2075 1054 2100 com
1084 2065 1157 2099 etit.

68 2108 131 2144 sed
155 2109 186 2144 si
208 2119 281 2144 non
300 2109 414 2160 patris
427 2109 609 2143 voluntate
630 2108 892 2152 administrent,
905 2120 977 2144 non
988 2120 1053 2154 pro
1082 2120 1160 2145 esse

69 2164 129 2189 sae
157 2164 175 2189 e
198 2157 411 2199 rescriptum
436 2157 500 2188 est.

117 2165 153 2236 GP
166 2198 425 2234 Movsssrmos
447 2199 538 2234 libro
562 2199 721 2234 secundo
746 2200 1023 2235 excusationum
1070 2194 1161 2234 Ἐὰν

70 2242 132 2279 δύο
159 2247 278 2286 ἔχοντι
302 2243 501 2289 ἐπιτροπὰς
526 2242 630 2277 ἄλλαι
654 2241 719 2278 δύο
753 2242 843 2288 ὁμοῦ
875 2245 1108 2286 ἐπαχθῶσιν,
1135 2242 1158 2288 ἡ

67 2290 110 2336 τῇ
141 2287 245 2328 τάξει
274 2292 378 2335 τρίτη
408 2287 593 2342 βοηθήσει
625 2285 723 2343 αἶζτῳῖ
756 2290 804 2325 εἰς
834 2288 904 2332 τὴν
936 2288 1072 2334 ἄφεσιν
1100 2292 1161 2333 τῆς

68 2333 248 2380 τετάρτης,
283 2332 352 2368 κᾶν
383 2332 618 2380 αυτοκράτωρ
650 2347 671 2380 ῃ
705 2347 725 2368 ο
756 2334 824 2378 τὴν
845 2333 1025 2382 τετάρτην
1048 2334 1160 2382 ἔγχει-

69 2382 184 2425 ρίσας,
220 2377 242 2422 ἢ
276 2378 344 2422 τὴν
373 2383 517 2425 τρίτην,
559 2382 647 2426 πρὶν
685 2382 811 2424 μέντοι
843 2381 983 2427 γνῶναι
1016 2380 1062 2414 τὰ
1096 2382 1161 2415 τοῦ

70 2419 337 2471 αὐτοκράτορος
350 2425 377 2446 ¹³
401 2423 531 2471 φθάσῃ
557 2423 781 2470 προβληθεὶς
813 2426 860 2460 εἰς
885 2423 1006 2468 ἄλλην.
1033 2425 1098 2460 ἐὰν
1122 2423 1162 2460 δὲ

69 2467 90 2508 ἡ
113 2468 216 2509 τάξις
238 2470 287 2514 μὴ
314 2473 502 2514 φαίνηται,
531 2465 620 2504 ἀλλὰ
643 2472 684 2503 ἐν
705 2472 772 2514 μιᾷ
798 2468 912 2515 ἡμέρᾳ
938 2470 979 2504 αἱ
1001 2469 1065 2505 δύο
1087 2484 1159 2513 χει-

70 2518 234 2560 ροτονίαι
268 2515 507 2560 προτεθῶσιν
540 2517 580 2548 ἐν
615 2513 805 2561 διαφόροις
836 2516 1001 2561 χάρταις,
1045 2512 1107 2558 οὐχ
1142 2515 1162 2550 ὃ

70 2560 347 2614 χειροτονηθείς,
376 2555 463 2594 άλλὰ
489 2557 508 2594 ὁ
529 2561 785 2606 χειροτονήσας
803 2560 1011 2602 ἐπιλέξεται,
1030 2559 1163 2596 ὁποίαν

73 2608 87 2640 1
137 2603 194 2639 δεῖ
216 2604 325 2639 αυτὸν
335 2602 597 2644 ὑποδέξασθαι.
621 2608 882 2651 Γραμματικσί,
907 2609 1077 2651 σοφισταὶ
1101 2605 1162 2653 ῥή-

70 2651 219 2695 τορεςῙᾸ,
247 2651 366 2696 ἰατροὶ
391 2650 427 2684 οἱ
447 2648 678 2696 περισδευταὶ
701 2650 918 2696 καλούμενοι
941 2650 1063 2697 ὥσπερ
1086 2653 1164 2686 τῶν

71 2694 208 2730 λοιπῶν
231 2694 463 2742 λειτουργιῶν
487 2693 620 2730 οὑτωσὶ
655 2694 695 2729 δὲ
726 2699 787 2729 καὶ
820 2692 934 2731 άπὸ1ξὶ
966 2699 1163 2743 ἐπιτροπῆς

73 2744 92 2785 2
139 2744 199 2774 καὶ
224 2744 460 2785 κουρατσρίας
484 2739 690 2775 ἀνάπαυσιν
701 2744 850 2783 ἔχουσιν.
885 2740 1014 2776 Ἐστιν
1037 2740 1078 2776 δὲ
1101 2746 1162 2776 καὶ

73 2788 91 2819 ο
116 2781 274 2833 ἀριθμὸς
296 2784 467 2832 ῥητόρων
489 2788 529 2819 ἐν
552 2784 682 2833 ἑκάστῃ
707 2785 813 2821 πόλει
834 2789 912 2820 τῶν
926 2788 954 2809 ¹⁰
976 2787 1044 2830 τὴν
1068 2783 1161 2821 ἀλει-

71 2834 286 2878 τουργησίαν
309 2829 475 2872 ἐχόντων,
503 2833 563 2864 καὶ
600 2830 751 2876 αἱρέσεις
780 2834 873 2867 τινὲς
903 2836 1163 2877 προσκείμεναι

71 2877 125 2919 τῷ
149 2875 261 2920 νόμῳ,
290 2872 378 2922 ὅπερ
405 2874 575 2919 δηλοῦται
599 2875 638 2916 ἐξ
657 2876 845 2919 ἐπιστολῆς
856 2872 1074 2912 ᾍντωνίνσυ
1097 2879 1161 2912 τοῦ

74 2916 250 2966 Εὐσεβοῦς
272 2925 471 2968 γραφείσης
501 2924 569 2966 μὲν
599 2923 654 2965 τῷ
684 2923 798 2966 κοινῷ
822 2924 884 2965 τῆς
895 2918 1023 2964 Ἀσίας,
1051 2926 1162 2958 παντὶ

67 2963 113 2999 ’δὲ
134 2969 189 3010 τῷ
226 2964 349 3011 κόσμῳ
386 2964 640 3012 διαφερούσης,
679 2959 719 3009 ἧς
753 2970 850 3002 ἐστὶν
883 2967 926 3002 τὸ
959 2966 1163 3013 κεφάλαιον

75 3076 113 3119 (1)
136 3080 264 3113 =Vat.
277 3087 330 3115 186
401 3083 443 3122 (2)
470 3081 563 3121 [Tria
575 3091 678 3113 onera
690 3081 872 3113 tutelarum
894 3083 1161 3124 excusatione1m

76 3123 229 3157 tribuunt
248 3126 322 3159 Vat.
405 3127 447 3167 (3)
472 3125 599 3158 habent
619 3127 691 3159 Vat.
777 3129 818 3168 (4)
842 3125 924 3161 τοὺς
937 3130 996 3161 ins.
1011 3129 1161 3162 Hercker

74 3172 117 3209 (ὃ)
139 3168 363 3215 παραλειψεη
376 3171 441 3210 Fa,
456 3168 664 3216 παραλειψη
677 3170 729 3204 F⁶
783 3173 826 3213 (6)
853 3169 909 3205 δεῖ
919 3174 1070 3207 Hercher
1117 3174 1160 3215 (ἵ)

77 3212 205 3257 ἄφεσιν
215 3228 279 3248 van
291 3217 422 3259 Alphen
496 3220 539 3258 (8)
566 3218 603 3250 id
614 3224 678 3250 est:
692 3218 848 3250 Diximus
862 3219 920 3260 qui
934 3219 1082 3251 habeant
1094 3222 1161 3251 tres

76 3259 196 3292 tutelas
217 3260 258 3293 ad
280 3265 433 3302 quartam
453 3272 522 3294 non
542 3263 666 3294 vocari.
709 3264 897 3305 quaesitum
922 3266 973 3296 est
992 3264 1111 3305 igitur,
1132 3264 1162 3296 si

75 3303 151 3343 quis
162 3304 244 3338 duas
257 3306 380 3339 tutelas
393 3308 575 3348 sustinens,
593 3307 713 3340 deinde
727 3309 769 3340 ad
783 3309 918 3340 tertiam
939 3309 1080 3341 tutelam
1101 3320 1162 3342 no—

76 3351 221 3383 minatus
242 3351 464 3394 appellaverit
483 3355 517 3384 et
537 3352 704 3394 pendente
727 3354 836 3386 adhuc
860 3354 989 3386 iudicio
1010 3354 1162 3397 appella-

76 3394 180 3426 tionis
202 3396 239 3427 in
260 3400 413 3438 quartam
436 3397 582 3429 tutelam
595 3399 798 3438 nominetur,
819 3410 899 3431 num
921 3400 957 3431 in
972 3399 1163 3432 excusando

76 3449 112 3470 se
129 3449 149 3471 a
173 3445 293 3481 quarta
316 3442 417 3474 etiam
438 3443 572 3474 tertiam
596 3443 803 3485 allegaturus
825 3445 870 3476 sit
892 3455 934 3476 an
953 3445 1040 3477 hanc
1061 3445 1163 3486 plane

77 3484 267 3518 omissurus.
292 3490 326 3518 et
341 3488 472 3528 reperio
483 3488 706 3520 constitutum
718 3500 788 3521 esse
798 3500 818 3521 a
827 3490 914 3522 divis
924 3490 1044 3522 Severo
1055 3494 1089 3522 et
1096 3491 1164 3521 An-

77 3529 195 3562 tonino
203 3540 271 3563 non
282 3531 401 3564 debere
411 3532 453 3564 ad
464 3536 615 3574 quartam
626 3533 765 3566 tutelam
776 3535 859 3576 eligi
868 3545 953 3574 eum,
965 3535 1024 3577 qui
1033 3546 1053 3567 a
1063 3535 1165 3567 tertia

76 3574 267 3615 appellarit,
280 3576 338 3608 sed
350 3578 516 3618 pendente
530 3579 569 3610 de
579 3579 680 3610 tertia
693 3579 830 3612 datione
842 3580 971 3612 iudicio
985 3584 1164 3622 expectan-

78 3617 156 3650 dum
176 3629 246 3652 esse
266 3621 338 3653 eius
358 3622 467 3662 finem,
493 3626 526 3654 et
546 3623 625 3655 inde
645 3625 790 3666 pendere
809 3628 961 3667 quartam
983 3625 1164 3666 dationem,

78 3666 184 3696 recte:
216 3675 295 3697 nam
318 3666 348 3697 si
368 3667 444 3708 quis
463 3668 580 3700 ordine
604 3672 756 3710 quartam
770 3670 936 3713 suscipiat
948 3673 1118 3712 tamquam
1130 3681 1165 3702 re

78 3709 222 3749 tertiam,
232 3710 360 3742 iniusta
370 3712 441 3743 eius
451 3712 490 3744 de
500 3713 600 3744 tertia
609 3714 837 3754 appellatione
846 3716 997 3747 iudicata
1007 3719 1167 3757 quattuor

81 3754 97 3784 1
126 3754 239 3786 tutelis
252 3755 446 3788 onerabitur
458 3761 575 3789 contra
587 3760 673 3790 iura.
700 3760 736 3791 Si
753 3763 849 3801 pater
868 3761 934 3792 tria
948 3771 1050 3792 onera
1063 3761 1165 3792 susti—

1146 133 1233 182 353

2097 140 2263 182 XXVII
2297 146 2315 183 1

1232 261 1339 293 τοῦτο
1363 258 1669 306 ὑποτεταγμένον·
1683 257 1738 294 Ὰὶ
1758 263 1825 304 μὲν
1848 260 2013 296 ἐλάττους
2044 260 2163 297 πόλεις
2187 259 2321 295 δύναν-

1231 301 1307 338 “tac
1336 308 1443 338 πέντε
1479 304 1622 350 ἰατροὺς
1647 299 1779 340 ἀτελεῖς
1803 308 1896 347 ἐχειν
1930 309 1991 340 καὶ
2022 311 2115 352 τρεῖς
2149 306 2322 352 σοφιστὰς

1229 345 1304 383 ’καὶ
1334 349 1599 403 γραμματικοὺς
1636 348 1718 384 τοὺς
1749 351 1863 386 ἴσους·
1900 351 1940 385 αἱ
1962 349 2002 385 δὲ
2031 352 2172 404 μείζους
2201 350 2323 387 πόλεις

1229 391 1334 429 (ἑπτὰ
1356 407 1437 430 τους
1454 393 1735 440 θεραπεύοντας,
1759 398 1932 441 τέσσαρας
1945 398 1972 418 ¹⁷
1985 409 2067 432 τους
2082 394 2322 431 παιδεύοντας

1229 435 1419 485 εἑκατέραν
1441 438 1630 474 παιδείαν·
1656 438 1697 473 αἱ
1711 437 1750 473 δὲ
1770 443 1934 486 με’γισται
1945 439 2066 477 πόλεις
2079 439 2165 475 δέκα
2178 441 2321 487 ἰατροὺς

1229 481 1303 517 ‘nai
1338 486 1495 531 ῤ’τορας
1537 487 1644 519 πέντε
1687 486 1747 518 καὶ
1788 486 2056 538 γραμματικοὺς
2097 487 2178 522 τοὺς
2213 487 2321 522 ἴσους.

1228 525 1330 576 (ὑπὲρ
1387 532 1404 563 ἐ
1433 532 1567 565 τοῦτον
1596 529 1663 564 τὸν
1694 525 1858 576 ἄριθμον
1889 526 1972 564 οὐδὲ
2003 529 2024 574 ἡ
2047 535 2196 588 μεγίστη
2219 530 2323 567 πόλις

1228 570 1309 616 (τὴν
1344 569 1509 608 οἷτέλειαν
1543 569 1711 622 παρέχει’.
1771 574 1863 610 εἰκὸς
1899 573 1938 608 δὲ
1971 578 2026 619 τῷ
2060 591 2126 621 μεν
2159 580 2319 623 μεγίστῳ

1231 616 1382 665 ἀριθμῷ
1404 619 1616 665 χρήσασθαι
1638 619 1700 654 τὰς
1723 618 1961 666 μητροπόλεις
1991 623 2066 654 τῶν
2096 622 2241 663 ἐθνῶν,
2266 622 2320 664 τῷ

1230 661 1270 698 δὲ
1295 661 1448 709 δευτέρῳ
1473 663 1538 700 τὰς
1561 663 1709 706 ἐχούσας
1734 660 1868 718 ἀγορὰς
1902 663 2023 705 δικῶν,
2049 668 2103 709 τῷ
2138 665 2178 700 δι’·
2206 669 2323 712 τρίτῳ

1229 711 1249 744 3
1295 709 1358 745 τὰς
1381 708 1520 745 λοιπάς.
1572 712 1705 744 Τοῦτον
1726 723 1792 744 τον
1816 706 1982 755 ἀριθμὸν
2004 708 2236 756 ὑπερβαίνειν
2257 716 2324 756 μὲν

1230 750 1294 788 οὐκ
1329 753 1468 794 ἔξεστιν
1503 752 1585 788 οὔτε
1619 766 1672 801 ψη
1703 758 1828 799 ίσματι
1860 753 1992 799 βουλῆς
2027 754 2108 789 οὔτε
2142 754 2226 803 ἄλλῃ
2251 759 2323 790 τινὶ

1227 811 1280 834 πα
1307 801 1448 846 ευρέσει,
1475 798 1647 833 ἐλαττοῦν
1694 803 1710 833 ἑ
1734 799 1881 841 ἔξεστιν,
1909 798 2102 846 ἐπειδήπερ
2127 798 2214 846 ὑπὲρ
2247 803 2324 835 τῶν

1227 812 1428 879 πολιτικῶν
1450 843 1685 891 λειτουργιῶν
1707 849 1877 890 φαίνεται
1891 843 1934 879 τὸ
1958 848 2100 879 τοιοῦτο
2117 845 2322 892 γινόμενον.

1228 892 1249 924 4
1295 892 1367 923 Καὶ
1389 892 1513 934 μέντοι
1537 885 1601 924 οὐκ
1626 888 1739 925 ἄλλως
1762 889 1830 933 τὴν
1864 884 2159 937 άλειτουργησίαν
2188 890 2325 934 ταύτην

1228 933 1497 979 καρπώσονται,
1526 934 1592 969 ἐὰν
1613 934 1663 979 μὴ
1697 933 1852 982 δόγματι
1881 934 2011 980 βουλῆς
2035 934 2325 983 ἐγκαταλεγῶσιν

1227 982 1282 1023 τῷ
1317 975 1471 1026 ἀριθμῷ
1502 982 1558 1024 τῷ
1596 983 1897 1027 συγκεχωρημένα)
1931 984 1992 1014 καὶ
2028 983 2111 1026 περὶ
2141 980 2185 1015 τὸ
2218 984 2325 1036 ἔργον

1228 1028 1248 1060 5
1297 1020 1482 1070 ὀλιγώρως
1510 1024 1561 1069 μὴ
1592 1027 1733 1067 ἔχωσιν.
1789 1028 1860 1059 Καὶ
1897 1024 2119 1072 φιλοσόφους
2152 1024 2192 1060 δὲ
2228 1039 2323 1059 απο-

1228 1068 1382 1104 λύεσθαι
1405 1071 1617 1116 έπιτροπῶν
1639 1069 1779 1106 Παῦλος
1799 1069 1935 1123 γράφει
1959 1067 2083 1106 οὕτως·
2116 1070 2326 1115 Philosophi

1229 1119 1392 1151 oratores
1415 1115 1658 1160 grammatici,
1715 1116 1752 1150 ui
1783 1116 1926 1161 pubhce
1949 1116 2137 1151 iuvenibus
2162 1120 2325 1161 prosunt,

1229 1164 1249 1195 6
1297 1164 1516 1195 excusantur
1551 1171 1574 1195 a
1617 1127 1750 1196 tuteffis.
1821 1160 1916 1196 Nam
1953 1165 1988 1196 et
2023 1161 2198 1207 Ulpianus
2234 1160 2325 1196 libro

1229 1209 1355 1251 quarto
1381 1205 1425 1240 de
1456 1205 1577 1241 officio
1608 1206 1834 1251 proconsulis
1865 1207 1917 1241 ita
1940 1206 2083 1242 scribit:
2123 1206 2187 1241 sed
2212 1209 2247 1241 et
2271 1216 2325 1241 re-

1227 1251 1374 1296 probari
1405 1250 1583 1286 medicum
1616 1261 1723 1296 posse
1755 1261 1777 1286 a
1808 1251 2006 1297 republica,
2032 1251 2193 1298 quamvis
2219 1251 2327 1287 semel

1227 1296 1403 1341 probatus
1439 1296 1486 1331 sit
1500 1322 1509 1338 ‚
1545 1296 1741 1341 imperator
1775 1301 1898 1332 noster
1941 1307 2023 1332 cum
2062 1300 2165 1342 patre
2200 1296 2326 1332 Laelio

1229 1344 1247 1375 7
1295 1341 1410 1376 Basso
1445 1341 1681 1386 rescripsitffl.
1752 1344 1845 1388 Περὶ
1881 1340 1919 1376 δὲ
1953 1343 2031 1376 τῶν
2054 1339 2270 1388 φιλοσόφων
2305 1339 2326 1384 ἡ

1229 1382 1318 1428 αὐτὴ
1343 1384 1506 1425 διάταξις
1529 1388 1595 1420 τοῦ
1618 1389 1711 1420 Πίου
1738 1382 1834 1421 οὕτω
1858 1385 1967 1432 λέγει·
2012 1384 2255 1443 “Φιλοσόφων
2288 1384 2327 1420 δὲ

1225 1428 1303 1465 ὀὐκ
1326 1429 1466 1474 ἐτάχθη
1491 1426 1650 1476 ἀριθμὸς
1675 1429 1736 1465 διὰ
1761 1431 1804 1466 τὸ
1829 1435 1999 1467 σπανίους
2013 1431 2106 1466 εἶναι
2122 1444 2207 1467 τους
2251 1430 2326 1466 ιλο-

1223 1474 1452 1522 “σοφσῦντας·
1499 1477 1603 1521 οἶμαι
1636 1474 1675 1510 δὲ
1707 1472 1765 1511 ὅτι
1796 1476 1835 1511 οἱ
1861 1476 2009 1521 πλούτῳ
2043 1474 2205 1524 ὑπερβάλ
2227 1489 2327 1513 οντες

1223 1519 1432 1556 ιἐθελονταὶ
1455 1520 1673 1568 παρέξουσιν
1683 1522 1747 1558 τὰς
1767 1517 1840 1556 άπὸ
1856 1524 1934 1557 τῶν
1940 1520 2140 1569 χρημάτων
2152 1517 2327 1568 ὠφελείας

1225 1564 1317 1602 “ταῖς
1332 1570 1523 1612 πατρίσιν·
1551 1567 1582 1600 εἰ
1606 1565 1646 1600 δὲ
1671 1562 1969 1615 άκριβολογοῖντο
1995 1570 2078 1613 περὶ
2101 1567 2167 1603 τὰς
2191 1563 2326 1610 σύσίας,

1223 1607 1404 1646 ἀὐτόθεν
1426 1609 1496 1655 ἥδη
1522 1614 1675 1658 φανεροὶ
1704 1611 1922 1659 γενήσονται
1943 1613 1994 1657 μὴ
2017 1607 2325 1659 φιλοσοφοῦντεέ.

1228 1660 1248 1692 8
1292 1656 1421 1691 ’Ἐστιν
1445 1655 1484 1691 δὲ
1508 1660 1569 1691 καὶ
1592 1660 1632 1691 ἐν
1652 1662 1731 1693 ταῖς
1748 1659 1815 1692 τοῦ
1828 1656 2004 1702 βασιλέως
2022 1655 2220 1703 Κομμόδου
2246 1655 2325 1691 δια-

1225 1701 1372 1742 τάξεσιν
1378 1704 1663 1748 ἐγγεγραμμένον
1672 1701 1872 1747 κεφάλαιον
1879 1701 1918 1743 ἐξ
1925 1698 2327 1746 ἐπιστολῆςᾍντωνίνου

1226 1749 1290 1782 τοῦ
1302 1743 1487 1791 Εὐσεβοῦς,
1515 1750 1555 1782 ἐν
1573 1741 1604 1790 ᾦ
1621 1745 1792 1790 δηλοῦται
1816 1751 1878 1781 καὶ
1896 1746 2115 1794 φιλοσόφους
2144 1743 2324 1794 ἀλειτουρ-

1226 1796 1357 1840 γησίαν
1387 1793 1481 1834 ἔχειν
1513 1788 1586 1827 άπὸ
1619 1794 1838 1839 ἐπιτροπῶν.
1896 1795 1997 1828 ἔστιν
2030 1792 2070 1828 δὲ
2099 1792 2145 1827 τὰ
2180 1792 2327 1840 ῥήματα

1226 1839 1353 1872 ταῦτα·
1378 1834 1538 1882 “Ομοίως
1558 1835 1598 1872 δὲ
1617 1837 1759 1873 τούτοις
1784 1834 1921 1873 ἅπασιν
1944 1836 1963 1872 ὁ
1988 1837 2185 1874 θειότατος
2204 1837 2327 1883 πατήρ

1225 1880 1307 1928 ςμου
1330 1882 1533 1940 παρελθὼν
1556 1880 1664 1918 εὗθὺς
1697 1886 1756 1918 ἐπὶ
1779 1882 1847 1926 τὴν
1871 1879 1984 1929 ἀρχὴν
2015 1881 2236 1931 διατάγματι
2265 1882 2328 1919 τὰς

1225 1925 1467 1974 ’ὑπαρχουσας
1497 1927 1602 1973 τιμὰς
1633 1930 1694 1962 καὶ
1727 1924 1885 1964 ἀτελείας
1917 1932 2150 1986 ἐβεβαίωσεν,
2185 1927 2329 1976 γράψας

1223 1972 1460 2028 ἶφιλοσόφους
1507 1970 1684 2029 ῥήτορας,
1702 1986 1970 2030 γραμματιυκους
2017 1986 2160 2021 ιατρους
2194 1970 2329 2009 ἀτελεῖς

1242 2018 1335 2053 εἶναι
1346 2032 1641 2065 γυμνασιαρχιων
1662 2032 1920 2065 αγορανομιων
1928 2019 2136 2065 ιερωσυνῶν
2146 2019 2325 2054 ἐπισταθ-

1226 2061 1335 2108 (μιῶν
1359 2068 1527 2099 σιτωνίας
1551 2063 1742 2099 ἐλαιωνίας
1760 2067 1821 2097 καὶ
1843 2062 1936 2108 μήτε
1955 2078 1976 2097 κ
2000 2067 2090 2098 ίνειν
2111 2062 2203 2109 μήτε
2219 2077 2324 2112 πρεσ-

1226 2106 1360 2153 ’βεύειν
1382 2107 1473 2153 μήτε
1497 2110 1546 2145 εἰς
1570 2112 1763 2154 στρατείαν
1779 2108 1976 2156 καταλέγεσ
2010 2123 2049 2143 αι
2066 2107 2222 2146 ἄκοντας
2227 2107 2329 2164 μήτε

1226 2151 1290 2190 “εἰς
1322 2152 1432 2197 ἄλλην
1464 2152 1589 2190 αὐτοὺς
1619 2152 1818 2200 ὑπηρεσίαν
1850 2153 2006 2198 ἐθνικὴν
2039 2153 2062 2198 ἦ
2096 2168 2182 2189 τινα
2220 2153 2330 2197 αλλην

1229 2204 1249 2236 9
1295 2194 1380 2233 <οἷνα
1405 2195 1609 2240 κάζεσθαῖ.
1653 2198 1739 2234 'En
1771 2194 1916 2234 κάκεῖνο
1949 2198 2084 2234 εἰδέναι
2110 2197 2188 2247 χρή,
2227 2196 2284 2234 ὅτι
2309 2199 2328 2234 ὁ

1229 2248 1269 2280 ἐν
1290 2246 1336 2291 τῇ
1360 2245 1374 2278 ἰ
1399 2248 1437 2287 ίᾳ
1461 2244 1612 2302 πατρίδι
1638 2242 1825 2279 διδάσκων
1847 2243 1869 2287 ἢ
1894 2243 2117 2291 θεραπεύων
2137 2243 2207 2288 τὴν
2229 2239 2327 2279 ἄλει-

1228 2294 1448 2337 τουργησίαν
1481 2302 1620 2333 ταυτην
1654 2292 1736 2332 ἔχει·
1781 2289 1846 2324 ἐὰν
1878 2289 1947 2336 γὰρ
1983 2288 2167 2335 Κομανεὺς
2202 2288 2257 2324 ὢν
2290 2292 2329 2324 ἐν

1230 2339 1500 2382 Νεοκαισαρείᾳ
1525 2335 1718 2383 σοφιστεύῃ
1744 2332 1766 2378 ἢ
1787 2333 1976 2382 θεραπεύῃ
1997 2333 2019 2377 ἢ
2040 2333 2203 2382 διδάσκῃ,
2224 2333 2326 2384 otger}

1229 2383 1458 2426 Κομανεῦσιν
1481 2376 1780 2427 άλειτουργησίαν
1803 2376 1867 2414 οὐκ
1890 2383 1972 2423 ἔχει.
2011 2383 2072 2413 καὶ
2093 2382 2202 2414 τοῦτο
2227 2392 2325 2414 ουτω

1230 2427 1521 2469 νενομοθέτηται
1544 2424 1614 2461 ὑπὸ
1637 2428 1714 2460 τῶν
1736 2425 1948 2460 θειοτάτων
1971 2425 2140 2471 Σεβήρσυ
2164 2427 2226 2458 καὶ
2245 2422 2328 2459 Av-

1234 2475 1274 2506 10
1320 2475 1486 2506 τωνίνου.
1560 2471 1644 2507 Τοὺς
1684 2474 1810 2516 μέντοι
1853 2469 1949 2516 ἄγαν
1990 2469 2233 2515 ἐπιστήμονας
2268 2472 2328 2503 καὶ

1230 2514 1319 2561 ὺπέρ
1342 2516 1409 2552 τὸν
1432 2512 1597 2562 ἀριθμὸν
1619 2518 1680 2550 καὶ
1704 2518 1743 2550 ἐν
1767 2511 1938 2561 ἀλλοτρία
1961 2513 2112 2561 πατρίδι
2142 2514 2208 2550 τὰς
2242 2513 2326 2549 δια-

1230 2561 1356 2606 τριβὰς
1374 2565 1611 2606 ποιουμένους
1640 2561 1733 2595 εἶναι
1761 2557 2052 2607 ἀλειτουργήτους
2075 2558 2216 2596 Παῦλος
2234 2559 2327 2615 χρά-

1231 2620 1303 2653 φει,
1328 2606 1443 2654 λέγων
1463 2606 1531 2642 τὸν
1549 2607 1749 2641 θειότατον
1758 2602 1978 2640 ᾍντωνῖνον
1993 2604 2061 2640 τὸν
2071 2601 2212 2650 Εὐσεβῆ
2224 2619 2319 2639 ουτω

1234 2656 1272 2687 11
1323 2651 1574 2686 κεκελευκέναι.
1626 2651 1694 2686 Τὸν
1717 2653 1757 2685 ἐν
1778 2649 1887 2698 Ῥώμῃ
1913 2649 2176 2695 σοφιστεύοντα
2208 2649 2230 2693 ἢ
2258 2664 2325 2685 σα-

1231 2696 1390 2744 λαρίῳ19
1412 2696 1434 2752 ᾗ
1470 2700 1531 2731 καὶ
1559 2700 1668 2743 χωρὶς
1691 2695 1863 2744 σαλαρίου
1896 2695 2026 2752 ἄφεσιν
2057 2698 2151 2738 ἐχειν
2171 2709 2326 2740 νενομο-

1231 2743 1387 2785 θέτηται
1409 2741 1480 2778 υπὸ
1504 2744 1580 2776 τῶν
1595 2742 1806 2776 θειοτάτων
1828 2744 1997 2787 Σεβηρου
2022 2744 2083 2774 καὶ
2095 2736 2323 2782 Ἅντωνίνσυ,

1231 2784 1345 2824 οὕτως
1368 2785 1416 2823 ὡς
1441 2787 1487 2822 ἂν
1503 2789 1534 2821 εἰ
1558 2789 1679 2829 ἔτυχεν
1701 2790 1741 2820 ἐν
1764 2785 1841 2829 ἰδία
1864 2784 2016 2832 πατρίδι
2040 2784 2236 2822 διδάσκων.
2272 2785 2326 2821 αἶς

1230 2834 1469 2878 νομοθεσίαις
1506 2832 1663 2867 δύναταί
1702 2845 1760 2868 τις
1797 2834 1937 2865 ἐκεῖνον
1969 2835 2217 2879 προσαγαγεῖν
2261 2830 2326 2865 τὸν

1230 2877 1347 2925 λόγον,
1375 2874 1432 2913 ὅτι
1456 2880 1577 2921 κοινῆς
1602 2876 1706 2919 οὔσης
1728 2890 1769 2910 τε
1793 2879 1854 2910 καὶ
1884 2876 2120 2931 νομιζομένης
2150 2875 2326 2922 πατρίδος

1228 2925 1290 2966 τῆς
1320 2922 1577 2967 βασιλευούσης
1601 2921 1748 2957 εἰκότως
1781 2920 1868 2956 ἂν20
1911 2934 1960 2957 ως
1993 2924 2033 2956 ἐν
2067 2920 2143 2965 ἰδία
2177 2920 2326 2968 πατρίδι

1227 2967 1405 3015 χρήσιμον
1416 2968 1545 3003 ἑαυτὸν
1555 2966 1754 3014 παρασχὼν
1774 2963 2069 3014 ἀλειτουργησίαν
2082 2966 2324 3013 καρπώσεται.

1229 3088 1309 3116 neat
1333 3084 1403 3115 sive
1428 3081 1611 3114 tutelarum
1635 3082 1705 3113 sive
1730 3091 1896 3122 curarum,
1921 3081 2013 3114 filius
2038 3082 2112 3114 eius
2124 3092 2193 3114 non
2206 3091 2324 3113 onera-

1228 3129 1342 3168 bitur,
1368 3128 1470 3169 idque
1495 3127 1546 3159 ita
1569 3127 1792 3159 constitutum
1817 3130 1868 3159 est
1892 3137 1912 3159 a
1936 3127 2025 3160 divis
2051 3127 2172 3159 Severo
2198 3129 2231 3159 et
2254 3127 2324 3158 An-

1230 3174 1360 3206 tonino.
1408 3172 1444 3204 id
1469 3172 1571 3204 etiam
1595 3183 1612 3204 e
1632 3172 1802 3204 contrario
1826 3172 1933 3204 valet:
1958 3171 2091 3205 scilicet
2115 3172 2236 3204 debent
2260 3170 2323 3202 filii

1231 3219 1356 3251 tutelae
1374 3218 1464 3259 patri
1482 3217 1719 3249 liberationem
1738 3228 1869 3259 parare,
1890 3220 1924 3250 et
1943 3228 2058 3249 rursus
2078 3217 2214 3257 utrique
2234 3226 2322 3247 com-

1231 3274 1359 3303 munes,
1380 3263 1416 3295 id
1437 3266 1488 3295 est
1506 3273 1574 3294 una
1597 3262 1661 3295 filii
1682 3262 1832 3305 duaeque
1856 3263 1964 3306 patris
1983 3263 2035 3295 vel
2055 3262 2091 3294 in
2105 3260 2321 3293 contrarium.

1231 3313 1303 3342 tum
1314 3312 1425 3341 autem
1438 3308 1520 3340 haec
1533 3308 1581 3340 ita
1595 3319 1630 3340 se
1642 3307 1777 3348 habent,
1787 3318 1863 3340 cum
1877 3318 1962 3340 onus
1975 3307 2017 3340 ad
2031 3306 2167 3339 eandem
2176 3306 2321 3345 domum,

1231 3366 1299 3386 non
1313 3354 1355 3386 ad
1371 3356 1543 3394 separatas
1556 3353 1717 3395 pertinet.
1742 3352 1864 3385 scribit
1884 3353 1985 3385 etiam
2009 3351 2321 3394 praestantissimus

1233 3400 1400 3441 Ulpianus
1413 3399 1507 3432 haec.
1589 3401 1634 3440 (9)
1657 3415 1703 3428 =
1722 3399 1795 3431 Vat.
1814 3406 1868 3432 190
1951 3399 2010 3438 (ιο)
2037 3400 2147 3428 autem
2162 3397 2221 3428 ins.
2244 3395 2317 3428 Vat.

1233 3452 1287 3483 (11)
1312 3454 1381 3476 una
1406 3456 1464 3476 om.
1487 3444 1559 3476 Vat.
1701 3446 1758 3482 (12)
1785 3444 1837 3475 sui
1860 3445 2015 3493 spectent²
2034 3442 2126 3482 quia]
2147 3440 2321 3491 pertinent

1234 3490 1392 3531 quoniam
1413 3489 1485 3522 Vat.
1592 3490 1649 3529 (13)
1673 3483 1695 3530 ἢ
1709 3486 1777 3530 τὴν
1787 3490 1913 3532 τρίτην
1974 3482 2249 3529 αυτοκράτορος]
2263 3495 2285 3525 η
2298 3495 2320 3524 η

1232 3531 1386 3577 τετάρτη
1401 3533 1447 3567 εἰς
1459 3532 1527 3576 τὴν
1540 3531 1669 3579 ἄφεσιν
1679 3534 1740 3575 τῆς
1752 3536 1880 3577 τρίτης,
1895 3530 1959 3564 ἐὰν
1969 3533 2101 3574 μέντοι,
2118 3532 2205 3574 πρίν
2217 3529 2320 3584 γνῶ-

1233 3592 1295 3611 ναι
1305 3577 1373 3620 τὴν
1382 3581 1518 3622 τρίτην,
1533 3575 1603 3614 ὑπὸ
1614 3580 1681 3612 τοῦ
1694 3574 1958 3623 αὐτοκράτορος
1969 3588 2031 3608 scr.
2126 3580 2190 3627 (14),
2207 3585 2319 3619 ρητο-

1234 3635 1290 3667 ρες
1303 3625 1363 3657 del·
1494 3625 1553 3667 (15)
1579 3619 1652 3658 άπὸ
1667 3623 1890 3657 del.Hercher
2016 3621 2075 3661 (16)
2102 3618 2191 3664 ῥητο
2217 3630 2271 3651 ων
2281 3619 2321 3671 ἐν

1234 3667 1362 3714 ἑκάστῃ
1376 3666 1481 3702 πόλει
1490 3672 1580 3711 τῶν]
1594 3667 1700 3715 ῥητὸς
1710 3668 1786 3702 τῶν
1798 3668 1837 3699 ἐν
1848 3666 1896 3699 ἑκ.
1911 3677 1948 3699 π.
1961 3678 2022 3698 scr.
2106 3667 2163 3703 (17)
2213 3664 2230 3695 ἑ
2239 3674 2320 3696 τους

1235 3712 1407 3758 σοφιστὰς
1419 3716 1479 3747 καὶ
1489 3717 1664 3759 τέσσαρας
1677 3717 1737 3747 ins.
1844 3713 1903 3753 (18)
1929 3712 1970 3754 cf.
1985 3709 2190 3743 Modestinus
2203 3710 2250 3742 D.
2263 3710 2317 3748 50,

1237 3768 1261 3797 4,
1278 3768 1316 3798 11,
1331 3767 1347 3793 3
1442 3762 1500 3801 (19)
1529 3758 1697 3804 σαλαρίου
1719 3757 1866 3791 Hercher
1947 3756 2008 3796 (20)
2036 3751 2081 3786 ἂν
2093 3755 2155 3787 del.
2171 3754 2319 3787 Hercher

2004 3812 2045 3843 45
