2528 3918
35 1773 38 1775 -
84 1747 121 1783 iu
148 1747 296 1789 'casset,
332 1749 595 1791 praestaretur:
632 1755 655 1780 a
691 1744 793 1780 cuius
829 1743 1006 1780 sententia

79 157 230 221 urm
256 187 350 219 m
376 182 547 219 msam

79 309 151 336 uno
183 308 229 335 ex
261 298 534 335 fideiussoribus
569 304 692 350 agere>
714 295 812 332 volo:
853 295 885 332 is
898 296 920 338 ¹,
962 294 1059 341 quod
1098 305 1164 375 p'ro

79 349 182 391 parte
205 345 280 380 eius
303 344 362 387 fit,
396 345 533 380 solvere
562 342 649 378 mihi
679 345 829 387 paratus
858 344 929 376 est:
964 351 1036 376 non
1059 339 1103 376 de
1130 343 1166 375 et

79 390 164 426 mihi
192 389 232 424 in
261 399 343 425 eum
374 389 454 425 dari
485 387 667 427 iudicium.
726 396 843 431 neque
880 387 973 421 enim
1012 396 1164 430 aequum

80 438 135 472 est
156 438 220 470 aut
242 434 372 470 iudicio
391 433 561 478 destringi
583 437 648 468 aut
671 431 718 467 ad
734 431 982 467 infitiationem
1002 430 1166 476 compelli

79 489 178 522 eum,
217 480 279 525 qui
317 479 394 515 sine
428 479 545 514 iudice
574 477 661 513 dare
697 481 846 522 paratus
878 481 951 519 est,
990 487 1062 521 quo
1093 485 1166 510 non

79 524 231 571 amplius
263 524 488 560 adversarius
519 524 596 559 eius
626 532 691 568 per
719 521 874 557 iudicem
902 522 948 557 ab
973 531 1015 557 eo
1040 530 1166 556 conse·

79 574 228 606 cuturus
252 574 318 606 est.

129 613 178 653 17
220 615 251 651 V
252 623 448 651 ENULEIUS
490 613 582 650 libro
624 616 730 649 sexto
773 612 1048 659 stipulationum
1108 609 1167 644 Ex

79 660 241 697 clausula
270 670 310 695 re
332 659 509 703 iudicata,
533 658 616 695 dolo
640 658 754 702 malo,
779 658 825 693 ob
850 668 926 693 rem
948 667 1021 692 non
1044 654 1166 708 defen-

80 717 157 744 sam
184 705 223 741 in
252 704 427 741 solidum²
464 703 696 740 committitur
728 703 932 748 stipulatio:
971 712 1044 737 non
1075 710 1168 736 emm

79 750 257 787 videbitur
286 750 435 786 defensa
463 760 522 785 res
553 749 638 785 boni
661 748 727 784 viri
750 749 946 790 arbitratu,
978 756 1071 791 quae
1095 756 1167 781 non

79 797 118 834 in
141 795 292 832 solidum
315 794 463 831 defensa
486 795 543 831 sit.

131 839 181 879 18
206 840 313 876 IDEM
332 841 423 876 libro
446 851 486 875 se
514 841 598 875 timo
617 838 923 886 disputationum³
962 837 1027 872 Vir
1050 836 1167 872 bonus

80 897 154 923 non
175 886 373 921 arbitratur
393 885 616 921 inde'ensam
641 894 719 920 esse
741 893 835 927 rem,
859 883 903 918 de
927 892 998 928 qua
1021 885 1168 927 praetor

80 931 249 968 iudicium
272 930 435 976 accipere
456 941 529 966 non
553 933 667 975 cogat.
1048 972 1055 979 ,
1099 971 1106 979 ,

130 975 181 1015 19
219 976 326 1012 IDEM
365 976 456 1011 libro
496 987 591 1011 nouo
629 974 903 1021 stipulationum
965 972 1167 1008 Novisslma

82 1021 245 1058 clausula
274 1021 471 1057 iudicatum
493 1020 583 1057 solvi
606 1019 846 1065 stipulationis
880 1018 1012 1055 ‘dolum
1035 1017 1167 1052 malum

82 1068 220 1104 ‘abesse
243 1067 427 1102 afuturum
452 1076 497 1101 ue
517 1066 606 1102 esse'
631 1069 668 1101 et
686 1065 724 1100 in
741 1064 901 1100 futurum
922 1068 992 1099 tem
1019 1073 1062 1098 us
1085 1072 1166 1107 per-

81 1121 230 1150 manens
261 1112 399 1148 factum
457 1114 664 1147 emonstrat.
710 1110 833 1155 itaque
863 1113 901 1145 et
929 1109 961 1145 si
1005 1113 1083 1144 orte
1106 1107 1167 1143 de-

83 1158 230 1198 cesserit
257 1158 304 1200 is,
341 1157 403 1202 qui
434 1156 516 1192 dolo
555 1156 698 1198 fecerit,
731 1155 911 1191 tenebitur
940 1154 1045 1190 heres
1069 1153 1166 1188 eius:

81 1204 228 1240 verbum
258 1203 352 1239 enim
376 1201 642 1247 ‘afuturumque
664 1201 754 1237 esse‘
812 1200 1032 1235 leuissimum
1055 1202 1110 1234 est
1134 1201 1169 1232 et

82 1249 130 1284 ad
152 1258 256 1284 omne
278 1252 421 1293 tempus
443 1247 609 1289 refertur,
633 1250 691 1289 ut,
715 1245 747 1282 si
808 1246 889 1291 'quo
912 1249 1074 1290 tempore
1097 1254 1169 1279 non

83 1293 214 1330 afuerit
236 1293 358 1336 dolus,
394 1293 563 1338 quoniam
584 1302 706 1328 verum
730 1291 776 1327 sit
798 1301 871 1327 non
894 1289 1046 1332 afuisse,
1071 1299 1168 1342 com-

87 1343 101 1374 1
149 1339 312 1374 mittatur
342 1338 432 1373 haec
461 1337 634 1373 clausula.
683 1336 722 1372 Si
752 1340 871 1372 autem
900 1335 1080 1371 adiectum
1104 1336 1166 1370 sit:

84 1384 126 1421 ‘si
148 1383 277 1420 huius⁴
299 1383 351 1419 rei
374 1383 478 1419 dolus
502 1383 617 1418 malus
642 1393 715 1418 non
738 1382 871 1425 aberit,
897 1380 1022 1426 quanti
1045 1390 1088 1415 ea
1111 1389 1168 1414 res

84 1433 159 1474 ‘est,
185 1428 264 1465 dari
287 1428 490 1474 spondes?',
515 1432 551 1464 et
574 1428 622 1463 ob
646 1427 807 1463 extranei
830 1426 952 1462 dolum
974 1425 1171 1477 promissor

84 1478 105 1512 2
150 1485 267 1520 poena
294 1474 483 1510 tenebitur.
525 1473 610 1509 Doli
632 1476 751 1508 autem
773 1472 858 1507 mali
880 1471 1054 1514 clausula,
1078 1473 1172 1506 sicut

83 1520 242 1566 reliquae
270 1519 536 1564 stipulationes,
570 1518 609 1554 in
641 1518 770 1563 quibus
799 1522 940 1563 tempus
964 1515 1171 1552 nominatim

84 1565 261 1602 adiectum
278 1575 352 1600 non
369 1568 435 1608 est,
454 1563 501 1599 ad
516 1563 730 1609 principium
746 1562 985 1608 stipulationis
1003 1561 1168 1597 refertur.

130 1608 183 1649 20
214 1610 418 1647 Sosrrom
460 1609 551 1645 libro
583 1609 774 1644 vicensimo
813 1608 1034 1654 diqestorum
1082 1606 1172 1642 Cum

85 1655 182 1702 apud
205 1655 453 1701 Sempronium
474 1654 628 1690 iudicem
652 1653 775 1689 datum
804 1663 887 1688 reus
911 1652 1170 1695 defenderetur,

85 1702 130 1738 sti
156 1701 314 1737 ulatione
338 1704 482 1736 cautum
507 1704 576 1742 est,
608 1703 666 1743 ut,
692 1698 788 1744 quod
812 1698 1041 1744 Sempronius
1064 1697 1172 1749 iudex

1067 1747 1172 1778 etitor

85 1803 131 1839 ap
158 1792 279 1827 ellavit
309 1795 363 1834 et,
401 1801 482 1826 cum
513 1789 609 1835 apud
649 1792 909 1835 competentem
939 1788 1046 1834 appel
1061 1787 1172 1839 ationi

84 1804 236 1873 iudicem
264 1847 322 1873 res
346 1839 526 1881 ageretur,
561 1834 749 1871 defensore
772 1834 1006 1871 condemnato
1031 1843 1170 1879 quaesi-

84 1887 161 1918 tum
196 1885 268 1924 est,
304 1891 352 1917 an
385 1880 569 1926 stipulatio
604 1881 794 1916 commissa
828 1883 934 1916 esset.
989 1878 1173 1924 respondit

85 1927 281 1964 secundum
305 1937 347 1962 ea
369 1937 461 1972 quae
479 1930 766 1972 proponerentur
783 1936 856 1962 non
881 1935 959 1961 esse
977 1924 1055 1960 iure
1076 1934 1171 1960 com-

86 1973 239 2009 missam.
277 1972 348 2008 CM
356 1981 486 2007 UDIUs:
508 1971 588 2007 ideo
609 1971 839 2016 stipulatione
859 1970 1030 2006 adicitur:
1058 1969 1172 2015 ‘quive

87 2019 135 2054 ‘in
157 2019 233 2054 eius
256 2018 374 2053 locum
397 2017 611 2053 substitutus
637 2017 726 2052 erit'.

133 2062 182 2101 22
210 2063 316 2099 IDEM
335 2062 426 2098 libro
449 2062 632 2108 sinqulari
648 2062 897 2108 quaestionum
913 2060 1060 2107 publice
1079 2063 1171 2095 trac·

87 2112 244 2145 tatarum
291 2107 329 2143 Si
352 2118 444 2143 unus
468 2117 512 2143 ex
542 2107 813 2143 fideiussoribus
837 2107 883 2142 ob
914 2116 989 2142 rem
1013 2116 1086 2141 non
1110 2105 1170 2140 de-

87 2154 222 2190 fensam
245 2157 440 2189 conventus
464 2153 528 2196 sit,
561 2152 687 2187 deinde
718 2157 844 2197 postea
868 2161 924 2187 res
948 2151 1171 2192 defendatur,

87 2200 179 2235 alter
198 2199 446 2234 fideiussorum
467 2199 514 2234 ob
533 2208 607 2233 rem
627 2197 819 2233 iudicatam
840 2196 1020 2232 conveniri
1041 2200 1170 2241 potest.

87 2249 124 2280 et
146 2244 178 2280 si
201 2254 284 2280 reus
338 2242 542 2279 romittendi
566 2242 706 2278 duobus
737 2242 929 2278 heredibus
954 2241 1087 2277 relictis
1111 2241 1172 2276 de-

88 2290 253 2332 cesserit,
284 2299 307 2324 a
321 2292 376 2324 ter
398 2298 473 2324 rem
496 2299 568 2323 non
593 2287 778 2332 defendat,
809 2288 900 2323 alter
923 2286 1109 2322 defendat:
1143 2287 1173 2322 is

88 2335 150 2380 qui
186 2345 259 2370 nou
290 2333 460 2369 defendat
489 2333 535 2369 ob
565 2343 640 2369 rem
676 2343 748 2368 non
780 2332 962 2368 defensam
993 2332 1175 2368 conveniri

87 2383 217 2433 potest,
241 2379 301 2415 ille
324 2379 385 2424 qui
409 2378 578 2414 defendat
602 2379 647 2414 ob
671 2388 746 2414 rem
768 2378 982 2420 iudicatam,
1007 2377 1174 2422 quoniam

87 2436 124 2460 in
154 2425 260 2460 unius
297 2424 524 2469 eiusdemque
558 2434 713 2469 persona
748 2434 821 2459 non
853 2433 965 2476 posse
1002 2422 1176 2458 committi

89 2471 155 2506 has
179 2470 268 2505 duas
293 2469 473 2505 clausulas
497 2470 655 2505 creditur
678 2473 714 2505 et
736 2479 802 2504 nos
827 2468 1002 2504 dicimus⁵
1036 2478 1176 2513 semper

89 2515 294 2596 praevaltteire
329 2515 381 2550 rei
416 2514 596 2550 iudicatae
637 2514 836 2550 clausulam
875 2523 1025 2559 eamque
1062 2514 1174 2549 solam

91 2566 233 2596 commit
263 2587 272 2596 .

564 2696 701 2737 V111⁶.

91 2764 247 2798 RATAM
277 2764 377 2797 REM
404 2764 583 2797 HABERI
613 2763 673 2797 ET
704 2764 767 2796 DE
799 2762 1176 2797 RATOEABITIONE.

141 2830 158 2867 1
190 2830 434 2866 Pspmmws
453 2829 544 2866 libro
568 2830 758 2866 vicensimo
778 2833 903 2866 octavo
927 2830 1177 2876 quaestionum

93 2876 181 2911 Cum
205 2875 284 2928 quis
314 2875 358 2910 de
388 2879 467 2911 rato
501 2876 749 2921 stipularetur:
786 2876 945 2920 quamvis
977 2886 1047 2911 non
1072 2875 1176 2918 idem,

93 2920 156 2956 sed
179 2920 270 2956 alius
294 2930 316 2955 a
340 2920 482 2956 domino
514 2922 777 2963 conveniretur,
811 2921 871 2965 qui
904 2921 1083 2956 conveniri
1106 2931 1178 2956 non

93 2971 230 3011 posset,
263 2965 293 3001 si
324 2969 442 3001 ratum
473 2966 675 3008 habuisset,
710 2965 882 3001 committi
911 2965 1178 3011 stipulationem

93 3011 248 3056 placuit,
279 3011 388 3046 veluti
419 3010 471 3046 si⁷
504 3022 585 3046 cum
613 3011 802 3046 fideiussor
832 3014 896 3045 aut
926 3011 1018 3047 alter
1042 3021 1085 3046 ex
1107 3011 1178 3046 reis

95 3055 331 3101 promittendi,
357 3056 418 3101 qui
441 3056 560 3091 socius
583 3060 648 3099 est,
673 3056 892 3091 convenitur.

141 3099 166 3138 2
195 3100 301 3136 IDEM
329 3101 419 3136 libro
452 3101 639 3136 undecimo
663 3111 918 3146 responsorum
964 3100 1007 3135 In
1030 3100 1178 3146 stipula-

94 3146 191 3182 tione
214 3145 259 3181 de
281 3150 361 3182 rato
385 3146 549 3181 habendo
580 3156 653 3180 non
683 3149 739 3181 est
762 3145 990 3191 cogitandum
1020 3146 1072 3180 rei
1095 3156 1178 3190 pro-

95 3190 256 3226 mittendi
280 3191 335 3226 vel
358 3191 552 3244 stipulandi
576 3190 842 3236 compendium,
874 3191 938 3226 sed
987 3191 1046 3226 uid
1069 3191 1178 3226 inter-

95 3235 202 3271 fuerit
236 3236 312 3271 eius
354 3246 415 3281 qui
451 3235 643 3280 stipulatus
683 3239 738 3271 est
772 3239 890 3271 ratum
920 3236 968 3272 ha
994 3235 1046 3271 eri
1084 3236 1180 3281 quod

94 3286 234 3325 gestum
256 3284 322 3316 est.
961 3291 964 3293 “

142 3322 167 3363 3
191 3324 298 3361 Imm
318 3325 408 3361 libro
429 3325 639 3361 duodecimo
659 3335 913 3371 responsorum
956 3325 1044 3361 Cum
1063 3325 1180 3360 minor

119 3370 128 3379 ⁰
155 3369 219 3406 ‘nti
250 3370 405 3416 quinque
437 3371 540 3406 annis
573 3371 730 3407 creditor
785 3370 947 3406 ecuniam
978 3370 1180 3415 reciperare

95 3381 218 3459 afflet,
250 3415 481 3460 interpositus
512 3420 726 3468 procurator
780 3415 910 3450 ebitori
940 3415 984 3450 de
1011 3419 1090 3451 rato
1115 3416 1179 3450 ha-

97 3460 211 3496 bendo
236 3459 349 3495 cavit:
375 3460 599 3496 restitutione
622 3462 660 3496 in
682 3462 859 3505 integrum
882 3459 967 3496 data
988 3470 1103 3505 neque
1126 3460 1179 3495 in-

97 3505 207 3540 debiti
239 3504 523 3540 condictionem*
556 3516 671 3551 neque
707 3504 970 3550 stipulationem
1008 3506 1180 3540 committi

98 3550 298 3586 constabat.
352 3549 515 3595 idemque
544 3552 720 3595 eveniret,
761 3550 791 3586 si
821 3549 905 3585 falsi
935 3551 1180 3594 procuratoris

1145 162 1227 218 761

1967 162 2203 218 XXXXVI
2235 175 2274 216 7.
2298 159 2323 214 is

1235 299 1357 330 actum
1381 294 1498 330 minor
1520 293 1624 330 annis
1648 297 1765 330 ratum
1788 296 1965 333 habuerit.
2013 300 2051 334 et
2078 297 2159 334 ideo
2188 297 2242 334 ita
2265 308 2325 334 ca-

1234 339 1387 375 vendum
1417 339 1484 375 erit
1514 339 1753 384 praecedente
1783 342 1971 378 mandato:
2005 343 2047 378 ‘si
2077 344 2138 379 ille
2169 344 2205 379 in
2234 344 2325 379 inte-

1239 387 1351 429 ‘grum
1375 384 1562 420 restitutus
1586 384 1697 420 fuerit
1720 385 1865 422 heresve
1890 387 1966 423 eius
1990 393 2054 423 aut
2076 388 2126 431 is,
2151 389 2198 424 ad
2221 399 2325 434 quem

1236 433 1291 465 ‘ea
1314 439 1383 474 res,
1409 440 1482 475 qua
1504 429 1549 482 de
1571 429 1711 482 agitur,·
1725 431 1927 474 pertinebit,
1951 434 2076 478 quanti
2098 444 2142 469 ea
2166 445 2223 470 res
2242 434 2320 478 erit,

1236 477 1385 509 ‘tantam
1415 485 1604 520 pecuniam
1635 474 1737 509 dari’.
1793 477 1960 512 mandato
1996 489 2077 514 vero
2111 490 2184 515 non
2215 479 2325 514 inter-

1235 520 1398 555 veniente
1436 520 1641 564 vulgaribus
1679 520 1796 556 verbis
1838 521 1881 556 de
1919 526 1998 558 rato
2037 524 2201 560 habendo
2235 524 2326 559 haec

1237 575 1380 616 quoque
1409 564 1621 610 prudentius
1650 564 1746 600 inter
1775 568 2037 603 consentientes
2073 570 2324 605 adstruentur:

1235 610 1395 654 alioqum
1424 610 1455 645 si
1486 620 1559 646 non
1591 610 1779 646 conveniat
1808 620 1875 646 nec
1908 613 2064 648 creditor
2092 615 2208 650 minus
2240 625 2324 650 con-

1241 659 1253 689 l
1304 655 1455 698 sentiat,
1492 655 1672 691 actionem
1703 655 1806 691 dari⁹
1841 666 1861 691 ο
1890 658 2032 692 ortebit.
2079 659 2209 695 Falsus
2241 670 2325 704 pro—

1237 703 1383 735 curator
1411 700 1456 736 de
1484 704 1564 736 rato
1593 701 1759 736 habendo
1793 706 1887 736 cavit
1911 706 2019 746 atque
2042 703 2092 738 ita
2116 705 2280 740 dominus
2305 715 2328 740 a

1237 745 1415 781 sententia
1449 745 1577 782 iudicis
1609 749 1846 791 procuratore
1878 746 1971 782 victo
2001 750 2223 792 provocavit:
2264 749 2327 785 sti·

1236 791 1431 835 pulationis
1462 791 1638 827 defecisse
1668 791 1915 827 condicionem
1947 801 1969 826 a
1994 793 2135 837 paruit,
2170 805 2249 829 cum
2281 794 2328 830 ad

1237 836 1409 870 auxilium
1443 845 1629 872 commune
1661 840 1854 881 superatus
1889 847 1957 873 con
1974 838 2116 882 ugisset.
2171 839 2265 884 quod
2299 840 2328 874 si

1237 880 1420 923 dominus,
1453 882 1515 926 qui
1537 885 1656 916 ratum
1679 892 1753 917 non
1775 881 1922 926 habuit,
1950 882 2139 927 pecuniam
2163 885 2328 929 exegerit,

1237 926 1422 971 stipulatio
1460 926 1505 962 de
1542 931 1622 963 rato
1662 927 1904 963 committetur
1940 927 1978 962 in
2013 937 2091 963 eam
2128 930 2327 973 pecuniam,

1237 982 1343 1016 quam
1382 971 1547 1008 dominus
1585 972 1743 1018 accepit,
1788 972 1948 1018 quamvis
1986 972 2077 1008 nihil
2116 979 2330 1018 procurator

1237 1027 1323 1052 acce
1349 1017 1430 1052 erit.

1283 1060 1309 1099 4
1324 1028 1536 1097 ΙίςσᾼΕνοιΑ
1557 1062 1648 1098 libro
1669 1063 1774 1098 tertio
1793 1062 1929 1098 decimo
1949 1063 2199 1115 quaestionum
2241 1062 2328 1098 Pro-

1241 1111 1388 1143 curator
1411 1107 1671 1152 quinquaginta
1691 1108 1799 1152 petit:
1825 1107 1856 1143 si
1874 1107 2038 1143 dominus
2058 1111 2200 1143 centum
2219 1112 2328 1153 petat,

1237 1153 1456 1188 tenebuntur
1484 1152 1731 1197 fideiussores,
1773 1153 1834 1198 qui
1865 1153 1910 1189 de
1941 1153 2196 1189 ratihabitione
2229 1163 2330 1188 cave-

1237 1201 1333 1240 runt,
1356 1197 1395 1233 in
1416 1197 1675 1243 quinquaginta
1695 1202 1732 1234 et
1750 1198 1876 1244 quanti
1895 1198 2057 1234 interfuit
2075 1198 2209 1234 differri
2229 1198 2330 1243 quin-

1239 1243 1411 1288 quaginta
1434 1244 1623 1279 actionem.

1285 1287 1309 1325 5
1334 1288 1440 1324 IDEM
1461 1289 1552 1324 libro
1578 1289 1705 1334 quinto
1729 1299 1987 1335 responsorum
2034 1288 2236 1334 Respondit
2259 1299 2333 1324 non

1237 1337 1380 1369 tantum
1410 1334 1527 1370 verbis
1559 1338 1678 1369 ratum
1701 1333 1827 1370 haberi
1850 1344 1976 1380 posse,
2011 1334 2074 1370 sed
2098 1333 2205 1369 etiam
2229 1338 2332 1369 actu:

1239 1379 1391 1424 denique
1420 1379 1451 1415 si
1480 1389 1560 1414 eam
1591 1379 1706 1422 litem,
1737 1389 1844 1423 quam
1874 1383 2091 1425 procurator
2115 1379 2333 1422 inchoasset,

1240 1425 1405 1460 dominus
1436 1425 1674 1470 comprobans
1706 1429 2000 1470 persequeretur,
2033 1435 2107 1460 non
2132 1435 2211 1460 esse
2238 1435 2333 1460 com-

1239 1470 1385 1506 missam
1408 1470 1689 1515 stipulationem.

1287 1513 1312 1552 6
1336 1515 1684 1551 Hsnuoomvmws
1711 1515 1802 1551 libro
1821 1516 1945 1562 primo
1975 1515 2067 1550 iuris
2096 1526 2115 1549 e
2144 1515 2333 1556 itomarum

1244 1560 1380 1596 Tutore
1411 1565 1580 1605 suspecto
1611 1561 1795 1606 postulato
1826 1560 1992 1596 defensor
2024 1560 2055 1596 si
2078 1570 2120 1595 ve
2136 1560 2164 1594 ‘t
2186 1570 2334 1606 respon-

1241 1606 1343 1648 dere,
1369 1606 1572 1641 cautionem
1597 1608 1714 1641 ratam
1737 1616 1812 1641 rem
1835 1606 2018 1642 dominum
2041 1605 2249 1641 habiturum
2274 1615 2333 1641 ca-

1240 1661 1323 1687 vere
1347 1651 1613 1696 compellendus
1638 1656 1704 1687 est.

1288 1694 1312 1733 7
1346 1696 1402 1731 Pa
1411 1706 1506 1731 ULUS
1540 1697 1632 1733 libro
1665 1697 1772 1732 tertio
1807 1697 2066 1732 sententiarum
2120 1695 2159 1731 Si
2188 1696 2239 1740 is,
2278 1695 2336 1731 cui

1240 1742 1419 1787 ignoranti
1449 1742 1564 1786 petita
1594 1746 1650 1778 est
1681 1743 1857 1778 bonorum
1887 1741 2089 1787 possessio,
2131 1740 2335 1785 decesserit,

1241 1788 1345 1823 heres
1369 1787 1446 1823 eius
1465 1787 1562 1823 intra
1581 1791 1743 1833 tempora
1762 1787 1946 1833 petitionis
1967 1790 2084 1822 ratam
2105 1796 2183 1822 eam
2203 1786 2338 1822 habere

1241 1843 1314 1868 non
1337 1834 1468 1877 potest.

1288 1875 1312 1915 8
1353 1878 1582 1914 Vfflvohsms
1610 1877 1700 1913 libro
1759 1878 1860 1914 uinto
1893 1877 2029 1914 decimo
2062 1876 2335 1924 stipulationum

1242 1923 1464 1959 Procurator
1495 1923 1542 1958 ad
1573 1923 1727 1959 exhiben
1753 1935 1814 1959 um
1845 1923 1917 1968 egit
1949 1927 1986 1959 et
2017 1922 2242 1959 adversarius
2272 1924 2336 1959 ab·

1241 1970 1382 2005 solutus
1407 1972 1478 2011 est,
1512 1969 1597 2014 quia
1629 1979 1702 2004 non
1724 1969 1952 2014 possidebat:
1986 1973 2026 2004 at
2038 1970 2066 1990 ¹⁰
2090 1979 2170 2004 cum
2194 1979 2335 2014 posses-

1242 2014 1378 2050 sionem
1402 2013 1560 2050 eiusdem
1583 2014 1635 2049 rei
1658 2019 1813 2050 nanctus
1838 2018 1949 2057 esset,
1983 2014 2057 2059 agit
2087 2025 2169 2050 cum
2197 2024 2240 2050 eo
2272 2014 2336 2049 do-

1241 2060 1357 2095 minus
1382 2059 1429 2094 ad
1453 2058 1702 2095 exhibendum.
1750 2059 1904 2095 Sabinus
1933 2059 1985 2094 ait
2008 2059 2236 2095 fideiussores
2263 2069 2336 2094 non

1241 2105 1365 2148 teneri,
1390 2105 1559 2150 quoniam
1583 2105 1672 2140 haec
1695 2105 1768 2140 alia
1791 2115 1848 2140 res
1873 2105 1938 2140 sit:
1964 2115 2047 2140 nam
2066 2109 2101 2140 et
2122 2104 2153 2140 si
2174 2104 2337 2140 dominus

1242 2151 1389 2195 egisset,
1425 2160 1527 2192 mox,
1567 2150 1734 2186 absoluto
1768 2150 1972 2186 adversario
2004 2150 2089 2195 quia
2118 2160 2192 2185 non
2221 2150 2336 2194 possi-

1243 2196 1360 2238 deret,
1385 2206 1429 2231 ex
1452 2195 1592 2240 integro
1617 2199 1754 2241 ageret,
1779 2206 1852 2231 non
1877 2196 2101 2232 obstaturam
2125 2195 2178 2230 rei
2200 2194 2335 2230 iudica·

1248 2245 1259 2276 1
1311 2245 1370 2276 tae
1393 2241 1650 2286 exceptionem.
1693 2241 1732 2276 Si
1755 2245 1971 2286 procurator
1994 2251 2016 2276 a
2042 2240 2203 2276 debitore
2226 2250 2335 2285 pecu-

1243 2286 1340 2321 niam
1377 2286 1534 2331 exegerit
1571 2289 1606 2321 et
1641 2285 1869 2322 satisdederit
1901 2285 2083 2322 dominum
2114 2289 2231 2321 ratam
2262 2295 2337 2320 rem

1243 2332 1377 2367 habere
1390 2333 1429 2373 ¹¹,
1468 2342 1552 2367 mox
1590 2331 1756 2367 dominus
1788 2331 1832 2367 de
1861 2331 1985 2367 eadem
2016 2331 2170 2376 pecunia
2201 2330 2272 2375 egit
2303 2334 2338 2365 et

1243 2377 1342 2412 litem
1371 2377 1546 2419 amiserit,
1577 2377 1749 2413 committi
1779 2377 1825 2413 sti
1852 2376 2065 2412 ulationem:
2105 2380 2158 2418 et,
2190 2376 2221 2411 si
2252 2386 2335 2421 pro·

1245 2426 1389 2458 curator
1420 2422 1571 2457 eandem
1601 2422 1790 2467 pecuniam
1844 2422 1963 2458 omino
1995 2421 2071 2457 sine
2112 2420 2230 2456 iudice
2266 2421 2336 2456 sol-

1244 2467 1352 2509 verit,
1390 2467 1649 2503 condicturum.
1705 2467 1768 2503 sed
1804 2477 1886 2503 cum
1919 2466 2059 2503 debitor
2088 2477 2133 2502 ex
2163 2466 2336 2511 stipulatu

1245 2523 1350 2557 agere
1374 2513 1550 2557 coeperit,
1575 2515 1696 2558 potest
1719 2512 1790 2548 dici
1813 2512 2013 2554 dominum,
2038 2512 2070 2548 si
2093 2510 2335 2547 defensionem

1245 2558 1491 2603 procuratoris
1524 2558 1714 2603 suscipiat,
1747 2568 1821 2593 non
1851 2557 2026 2593 inutiliter
2057 2556 2128 2592 doli
2159 2556 2244 2591 mali
2275 2566 2336 2590 ex-

1246 2604 1411 2649 ceptione
1433 2602 1610 2639 adversus
1633 2603 1830 2639 debitorem
1853 2603 1917 2645 uti,
1941 2602 2026 2648 quia
2049 2602 2213 2637 naturale
2236 2600 2333 2636 debi-

1246 2651 1265 2683 2
1313 2652 1389 2683 tum
1412 2652 1543 2684 manet.
1583 2648 1622 2684 Si
1645 2648 1724 2694 quis
1749 2659 1772 2684 a
1794 2652 2029 2700 procuratore
2053 2651 2168 2683 status
2193 2649 2335 2682 contro—

1245 2694 1397 2730 versiam
1420 2693 1588 2739 patiatur,
1615 2694 1702 2729 satis
1726 2703 1892 2738 accipere
1914 2692 2020 2729 debet
2044 2702 2067 2728 a
2089 2695 2335 2745 procuratore,

1245 2749 1291 2775 ne
1314 2739 1459 2784 impune
1482 2739 1626 2784 saepius
1651 2749 1717 2784 pro
1741 2749 1806 2775 suo
1831 2742 1930 2774 statu
1953 2740 2202 2773 convemretur
2227 2740 2279 2779 et,
2304 2735 2336 2771 si

1247 2784 1410 2820 dominus
1443 2783 1695 2828 venientesque
1735 2784 1781 2819 ab
1820 2794 1862 2819 eo
1899 2793 2072 2829 personae
2110 2786 2228 2817 ratum
2264 2791 2335 2816 non

1246 2829 1469 2873 habuerunt,
1502 2829 1598 2874 quod
1630 2832 1845 2874 procurator
1875 2838 1957 2864 eum
1984 2828 2023 2863 in
2046 2827 2251 2863 servitutem
2274 2836 2335 2870 pe-

1247 2875 1344 2910 tierit
1363 2875 1418 2910 vel
1438 2874 1608 2910 adversus
1627 2878 1898 2919 procuratorem
1918 2883 1962 2909 ex
1984 2872 2153 2908 servitute
2173 2872 2210 2906 in
2229 2871 2335 2905 liber-

1246 2924 1357 2955 tatem
1380 2920 1514 2965 petitus
1538 2919 1658 2961 fuerit,
1683 2919 1808 2964 quanti
1831 2929 1875 2954 ea
1897 2929 1955 2955 res
1980 2922 2045 2959 est,
2070 2918 2101 2952 ei
2121 2919 2334 2962 praestetur,

1248 2964 1385 3000 scilieet
1416 2975 1497 3000 cum
1532 2964 1576 2999 de
1615 2964 1781 2999 libertate
1815 2964 1891 2999 eius
1930 2962 2129 2999 constiterit
2141 2963 2178 3003 ¹²,
2214 2960 2251 2995 id
2282 2963 2336 3011 est

1248 3010 1372 3055 quanti
1394 3009 1598 3045 interfuerit
1620 3010 1696 3045 eius
1721 3009 1765 3045 de
1789 3012 1887 3045 statu
1911 3019 1976 3044 suo
2001 3017 2126 3043 rursus
2148 3016 2220 3041 non
2240 3015 2334 3056 peri-

1249 3055 1365 3090 clitari
1393 3059 1430 3090 et
1459 3058 1608 3100 propter
1636 3053 1834 3099 impendia,
1873 3064 1966 3099 quae
2000 3053 2038 3088 in
2068 3052 2166 3087 litem
2196 3050 2333 3102 fecerit.

1247 3100 1310 3136 sed
1328 3100 1451 3135 Labeo
1476 3103 1611 3135 certam
1631 3110 1804 3134 summam
1825 3095 2190 3144 comprehendendam
2212 3097 2333 3129 existi-

1248 3145 1380 3188 mabat,
1406 3145 1490 3189 quia
1513 3144 1714 3180 aestimatio
1738 3144 1914 3180 libertatis
1944 3143 1990 3178 ad
2012 3141 2188 3177 infinitum
2211 3141 2333 3189 exten-

1249 3190 1403 3225 deretur.
1440 3200 1485 3225 ex
1509 3199 1579 3234 quo
1603 3193 1723 3224 autem
1744 3189 1907 3224 dominus
1928 3191 2046 3223 ratum
2066 3196 2138 3221 non
2156 3184 2333 3234 habuerit,

1249 3234 1421 3270 committi
1451 3234 1590 3269 videtur
1619 3234 1821 3279 stipulatio,
1853 3234 1916 3269 sed
1940 3242 2012 3267 non
2036 3234 2118 3282 ante
2143 3239 2187 3263 ex
2209 3238 2253 3281 ea
2276 3237 2335 3279 agi

1248 3280 1397 3325 poterit,
1423 3289 1530 3325 quam
1553 3278 1598 3314 de
1621 3279 1787 3315 libertate
1808 3279 2003 3314 iudicatum
2026 3275 2151 3315 fuerit,
2177 3282 2279 3318 quia,
2303 3282 2335 3324 s}

1248 3335 1371 3361 servus
1397 3325 1443 3360 sit
1465 3324 1655 3368 iudicatus,
1680 3324 1814 3360 inutilis
1838 3323 1880 3358 fit
1902 3320 2094 3374 stipulatio,
2120 3329 2201 3370 cum
2224 3321 2270 3359 et,
2301 3326 2335 3351 si

1249 3380 1320 3415 qua
1344 3370 1391 3405 sit
1413 3370 1520 3412 actio,
1545 3378 1624 3404 eam
1647 3369 1790 3405 domino
1816 3369 1861 3403 ad
1887 3368 2014 3402 uisisse
2037 3363 2264 3407 intellegitur.

1295 3412 1320 3452 9
1358 3414 1554 3451 Uipsanas
1586 3413 1678 3450 libro
1710 3425 1805 3449 nono
1837 3380 1887 3449 ag
1916 3411 2070 3446 edictum
2084 3409 2112 3461 ’ζ’
2135 3452 2144 3461 ⁹
2168 3408 2282 3460 Actor
2312 3415 2335 3440 a

1248 3463 1368 3495 tutore
1398 3459 1504 3495 datus
1540 3459 1742 3495 omnimodo
1780 3461 1899 3493 cavet:
1939 3458 2042 3490 actor
2078 3455 2230 3488 civitatis
2267 3460 2335 3486 nec

1248 3506 1326 3549 ipse
1351 3508 1470 3547 cavet,
1502 3513 1569 3540 nec
1600 3504 1769 3549 magister
1800 3499 2057 3541 universitatis,
2090 3507 2157 3533 nec
2189 3499 2337 3532 curator

1249 3549 1353 3585 bonis
1378 3559 1556 3585 consensu
1580 3549 1797 3585 creditorum
1821 3546 1937 3581 datus.

99 3666 139 3706 (1)
163 3663 192 3696 is
211 3663 276 3697 del.
289 3664 338 3696 Ρ*
433 3663 476 3704 (2)
502 3673 542 3696 ex
559 3662 710 3696 clausula
726 3662 768 3695 ob
786 3673 856 3695 rem
873 3672 942 3695 non
960 3662 1127 3696 defensam
1144 3674 1180 3696 re

99 3719 167 3741 non
178 3708 311 3741 defensa
321 3708 360 3741 in
371 3706 513 3740 solidum
529 3721 589 3742 scr.
692 3710 734 3750 (3)
759 3707 1016 3750 stipulationum
1027 3709 1181 3742 Labittus

99 3757 142 3794 (4)
165 3753 246 3786 huic
258 3765 319 3789 scr.
413 3755 455 3793 (5)
482 3752 658 3786 didicimus
668 3766 731 3786 van
746 3754 784 3786 de
804 3753 912 3786 Water

145 3800 191 3840 (G)
214 3799 299 3841 Pap.
311 3805 388 3832 1...8.
402 3805 447 3837 u:
468 3798 531 3831 Ed.
543 3805 754 3837 9.10.12...1·1;
773 3799 988 3835 Sab.18...25;
1007 3799 1066 3831 inc.
1079 3806 1181 3832 26.-

1251 3662 1336 3696 Bas·
1352 3664 1384 3705 9,
1396 3670 1426 3697 11
1516 3664 1559 3703 (7)
1583 3662 1630 3695 sic
1641 3674 1704 3695 scr.
1795 3661 1839 3699 (8)
1866 3660 2049 3700 competere
2063 3658 2121 3689 ins.
2210 3655 2255 3693 (ο)
2279 3653 2335 3685 de-

1250 3707 1367 3749 negari
1376 3720 1439 3741 scr.
1510 3709 1570 3747 (ιο)
1595 3709 1629 3738 at
1642 3706 1701 3738 del.
1718 3705 1789 3737 edd.
1861 3705 1915 3743 (ιι)
1939 3701 2055 3734 haberi
2071 3702 2104 3733 F
2173 3702 2231 3737 (η)
2256 3708 2334 3730 con-

1249 3752 1397 3786 stituerit
1408 3753 1443 3785 F
1529 3759 1585 3791 (13)
1611 3749 1773 3793 praetoris
1785 3750 1862 3781 add.
1877 3749 1912 3780 F
1917 3747 1932 3767 ²

2020 3849 2066 3880 96
