2528 3918
4 2787 14 2797 ³
78 2742 211 2829 ‹11u01detp
213 2742 316 2819 tee'hi
339 2783 401 2829 qui
423 2793 595 2829 generare
619 2793 691 2819 non
721 2786 892 2829 possunt,
925 2784 1049 2829 quales
1082 2788 1169 2819 sunt

83 60 144 90 nn
173 59 247 90 ms
277 58 319 98 Q·
350 57 432 90 sm.
490 57 552 88 nn
580 57 745 89 Anorr.

81 169 175 205 idem
199 172 234 204 et
251 168 288 203 in
309 168 471 203 omuibus
492 171 546 202 est
565 166 784 219 parentibus,
810 165 870 211 qui
889 165 1022 201 habent
1041 165 1172 201 liberos

81 215 118 250 in
142 216 329 259 potestate.
365 222 447 248 nam
472 222 552 246 cum
575 221 630 246 lus
654 212 842 256 potestatis
865 211 1023 247 moribus
1047 211 1094 247 sit
1115 221 1171 246 re-

83 263 225 305 ceptum
256 268 322 294 nec
371 257 459 292 ossit
482 256 641 291 desinere
664 256 742 301 quis
766 256 899 292 habere
921 257 959 292 in
982 260 1171 301 potestate,

82 304 150 339 nisi
174 302 323 339 exierint
360 301 446 338 ’beri
470 301 599 347 quibus
625 301 770 336 casibus
794 301 921 343 solent,
946 311 1171 347 nequaquam

82 347 316 384 dubitandum
352 349 406 382 est
442 356 625 381 remanere
659 356 720 381 eos
754 346 793 380 in
823 350 1013 391 potestate.
1062 356 1172 391 quare

81 404 154 429 non
175 393 291 428 solum
310 402 371 427 eos
391 391 521 427 liberos
540 391 578 425 in
590 394 776 436 ,potestate
794 391 953 434 habebit,
978 401 1068 437 quos
1089 394 1173 426 ante

80 439 236 474 furorem
290 437 405 478 enuit,
435 446 557 471 verum
592 440 627 471 et
658 436 690 471 si
713 437 773 481 qui
797 439 880 471 ante
903 436 1062 472 furorem
1086 447 1171 472 con-

81 483 176 529 cepti
197 482 235 517 in
273 492 378 518 urore
402 481 488 516 editi
511 484 606 516 sunt.
644 481 706 517 sed
730 484 766 516 et
789 481 819 516 si
842 481 878 516 in
902 481 1023 518 furore
1047 484 1172 526 agente

81 539 122 564 eo
156 538 248 563 uxor
281 526 479 572 concipiat,
514 526 704 562 videndum
736 537 784 562 an
813 527 851 561 in
883 530 1065 571 potestate
1096 526 1171 562 eius

79 576 251 608 nascatur
283 571 397 607 filius:
433 582 516 606 nam
549 571 707 607 furiosus
741 571 825 607 licet
859 582 1007 607 uxorem
1043 571 1172 607 ducere

81 629 151 654 non
174 617 298 663 possit,
321 617 473 652 retinere
496 621 616 652 tamen
634 616 896 652 matrimonium
916 620 1051 662 potestz
1077 616 1173 662 quod

80 674 161 699 cum
183 663 235 698 ita
258 673 297 698 se
319 662 462 704 habeat,
486 662 524 697 in
546 665 726 707 potestate
749 662 859 697 filium
883 662 1040 698 habebit.
1087 672 1170 707 pro-

79 709 160 743 inde
184 711 220 743 et
242 708 272 743 si
293 707 431 742 furiosa
455 707 502 742 sit
523 717 632 749 uxor,
666 717 710 742 ex
742 717 785 742 ea
808 711 892 742 ante
917 710 1111 753 conceptus
1135 707 1172 741 in

79 756 258 799 potestate
289 756 476 787 nascetur:
510 752 573 787 sed
608 756 644 787 et
666 752 703 787 in
726 752 850 788 furore
874 753 949 788 eius
976 755 1171 797 conceptus

79 799 124 834 ab
149 808 190 834 eo
215 798 276 843 qui
299 808 371 832 non
393 797 538 832 furebat
561 797 638 833 sine
659 797 766 833 dubio
788 798 827 833 in
871 801 1024 833 otestate
1043 807 1170 833 nasce·

79 849 148 886 tur,
173 844 259 888 quia
281 843 455 878 retinetur
477 842 754 878 matrimonium.
802 853 841 878 se
891 846 926 879 et
949 843 980 878 si
1003 843 1108 878 ambo
1131 842 1169 876 in

79 889 200 924 furore
230 891 339 933 agant
370 891 405 923 et
438 898 530 923 uxor
561 891 596 923 et
627 888 776 923 maritus
809 891 844 923 et
867 891 954 923 tunc
980 887 1170 933 concipiat,

78 937 203 979 partus
226 933 264 968 in
287 936 464 978 potestate
487 932 601 978 patris
624 936 813 976 nascetur,
846 934 952 979 quasi
975 932 1171 969 voluntatis

78 979 234 1024 reliquiis
257 978 295 1013 in
317 977 461 1013 furiosis
491 978 736 1014 manentibus:
769 989 852 1013 nam
884 989 965 1013 cum
998 978 1173 1014 consistat

78 1023 337 1060 matrimonium
372 1023 484 1059 altero
518 1022 678 1066 furente,
710 1024 894 1059 consistet
936 1027 972 1059 et
1005 1027 1169 1068 utroque.

80 1073 95 1104 1
145 1069 246 1104 Adeo
273 1072 392 1103 autem
414 1068 543 1104 retinet
565 1068 621 1104 ius
671 1069 835 1104 otestatis
866 1073 969 1114 pater
999 1068 1170 1111 furiosus,

77 1118 176 1167 ut'et
193 1113 410 1167 ‚adquiratur
431 1113 483 1148 illi
506 1079 731 1150 commodum
755 1114 842 1158 eius,
867 1114 964 1160 quod
987 1113 1081 1149 filius
1106 1113 1169 1149 ad-

29 1179 43 1188 *
101 1164 229 1195 u1s1v1t.

78 1172 100 1205 q
123 1202 148 1242 9
173 1204 402 1240 POMPONIUS
420 1203 511 1239 libro
534 1207 640 1240 sexto
663 1204 799 1239 decimo
824 1204 874 1239 ad
896 1203 1065 1246 Quintum
1089 1203 1171 1239 Mu-

78 1250 171 1286 cium
217 1249 330 1284 Filius
365 1248 520 1284 familias
552 1249 590 1284 in
620 1249 774 1294 publicis
809 1249 927 1285 causis
951 1249 1030 1285 loco
1055 1249 1169 1294 patris

77 1295 230 1374 fami(llias
253 1294 418 1337 habetur,
442 1294 551 1329 veluti
574 1297 616 1329 ut
638 1294 886 1339 magistratum
908 1297 1021 1340 gerat,
1047 1298 1088 1329 ut
1110 1298 1168 1329 tu-

78 1345 134 1376 tor
182 1343 273 1375 etur.

126 1384 176 1423 10
207 1384 402 1421 Uzmzws
433 1383 523 1420 libro
559 1387 691 1430 quarto
726 1384 777 1420 ad
809 1384 922 1431 leqem
957 1383 1092 1420 Iuliam
1135 1388 1170 1419 et

77 1429 233 1476 Papiam
277 1429 315 1465 Si
337 1428 445 1464 iudex
469 1429 596 1464 nutriri
619 1430 674 1464 vel
697 1430 746 1465 ali
769 1434 934 1474 oportere
957 1430 1167 1475 pronuntia·

76 1477 174 1518 verit,
199 1474 389 1510 dicendum
412 1478 467 1510 est
490 1474 533 1509 de
555 1475 703 1510 veritate
727 1475 980 1520 quaerendum,
1005 1474 1098 1510 filius
1122 1475 1170 1510 sit

77 1531 124 1555 an
142 1530 237 1599 n'mdi
258 1529 372 1572 neque
396 1519 489 1555 enim
511 1519 760 1556 alimentorum
784 1530 895 1556 causa
916 1519 1058 1555 veritati
1080 1519 1169 1555 facit

101 1576 200 1601 raeiu
239 1575 343 1600 c1um.

76 1577 99 1611 p
125 1609 172 1648 11
200 1609 456 1646 Moosssmrvs
476 1609 568 1646 libro
595 1610 719 1663 primo
746 1609 1018 1656 pandectarum
1064 1610 1168 1645 Inviti

76 1655 139 1691 filii
171 1655 352 1691 naturales
383 1655 440 1690 vel
470 1655 684 1699 emancipati
715 1665 787 1690 non
811 1655 1020 1700 rediguntur
1043 1655 1080 1690 in
1102 1665 1167 1700 pa-

76 1701 180 1736 triam
202 1703 426 1746 potestatem.

559 1793 634 1832 VH
650 1793 674 1832 ¹.

78 1860 138 1892 DE
164 1858 496 1891 ADOPTIONIBUS
529 1859 589 1891 ET
620 1857 1075 1891 EMANCI'PATIONIBUS
1108 1858 1168 1891 ET

122 1904 244 1937 ALIIS
269 1904 409 1937 MODIS
435 1904 600 1940 QUIBUS
625 1904 852 1936 POTESTAS
878 1903 1113 1937 SOLVITUR.

124 1969 143 2007 1
172 1970 428 2006 Moosssmws
442 1970 533 2006 libro
553 1969 711 2006 secundo
731 1970 943 2017 reqularum
988 1970 1100 2006 Filios
1112 1970 1167 2006 fa-

74 2016 188 2051 milias
212 2026 285 2051 non
319 2015 434 2051 solum
464 2018 613 2058 natura,
648 2025 771 2051 verum
804 2019 840 2051 et
871 2015 1081 2068 adoptiones
1112 2016 1166 2051 fa-

79 2065 92 2096 1
144 2061 254 2097 ciunt.
302 2060 406 2105 Quod
437 2060 640 2106 adoptionis
664 2071 794 2096 nomen
819 2064 874 2096 est
897 2061 1040 2107 quidem
1061 2071 1167 2106 gene-

75 2106 159 2149 tale,
192 2107 230 2141 in
254 2105 343 2141 duas
367 2109 486 2141 autem
511 2106 647 2151 species
672 2105 848 2149 dividitur,
881 2117 1032 2158 quarum
1056 2107 1169 2142 altera

76 2152 219 2197 adoptio
244 2151 405 2186 similiter
429 2151 577 2194 dicitur,
609 2151 724 2186 altera
747 2151 943 2204 adrogatio.
992 2151 1167 2197 adoptan-

75 2201 134 2232 tur
156 2196 220 2231 filii
243 2195 408 2238 familias,
433 2196 651 2241 adrogantur
673 2196 734 2242 qui
758 2196 814 2231 sui
836 2196 923 2232 iuris
947 2199 1042 2232 sunt.

120 2239 170 2278 2²
197 2241 320 2278 GAIUs
329 2241 420 2277 libro
427 2242 551 2288 primo
563 2242 828 2277 institutionum
875 2241 1062 2277 Generalis
1075 2242 1168 2278 enim

77 2287 219 2332 adoptio
245 2286 385 2322 duobus
409 2286 523 2322 modis
556 2286 617 2329 fit,
655 2289 718 2321 aut
747 2286 920 2338 principis
953 2287 1168 2323 auctoritate

77 2335 140 2367 aut
162 2331 388 2376 magistratus
411 2331 571 2383 impen'o.
605 2331 775 2376 principis
796 2332 1035 2367 auctoritate³
1054 2332 1166 2378 adop-

75 2380 191 2412 tamus
217 2387 277 2412 eos
302 2377 362 2422 qui
386 2376 441 2412 sui
461 2376 547 2412 iuris
568 2380 671 2412 sunt:
697 2387 788 2422 quae
807 2377 945 2422 species
965 2376 1167 2422 adoptionis

76 2422 205 2458 dicitur
229 2421 432 2466 adrogatio,
465 2421 549 2467 quia
574 2425 609 2457 et
630 2422 661 2457 is
685 2422 747 2467 qui
770 2421 920 2467 adoptat
942 2426 1107 2468 rogatur,
1131 2423 1168 2457 id

77 2471 132 2503 est
153 2467 414 2512 interrogatur,
449 2477 496 2502 an
519 2466 604 2502 velit
627 2477 708 2502 eum
732 2477 837 2512 quem
861 2467 1098 2513 adoptaturus
1122 2468 1169 2503 sit

75 2513 207 2548 iustum
231 2513 299 2548 sibi
321 2512 434 2547 filium
465 2522 562 2554 esse,
597 2515 632 2547 et
654 2512 685 2547 is
709 2512 770 2557 qui
794 2511 988 2557 adoptatur
1010 2516 1167 2558 rogatur,

2 2599 7 2603 ,
76 2568 120 2593 an
144 2558 181 2593 id
204 2557 281 2593 fieri
303 2557 501 2603 patiatur⁴.
531 2557 679 2602 imperio
703 2557 932 2602 magistratus
956 2558 1168 2603 adoptamus

4 2606 9 2621 ²
78 2613 137 2639 eos
162 2602 223 2648 qui
244 2603 282 2638 in
298 2605 478 2648 potestate
496 2602 679 2647 parentis-'²
702 2605 797 2645 sunt,
822 2602 895 2638 sive
913 2603 1066 2648 primum
1085 2614 1167 2649 gra-

77 2648 160 2684 dum
182 2648 373 2684 liberorum
397 2648 603 2692 optineant,
628 2647 743 2692 qualis
767 2651 823 2683 est
845 2647 938 2684 filius
962 2647 1037 2684 filia
1046 2650 1071 2691 θ,
1097 2649 1169 2684 sive

75 2693 296 2737 inferiorem,
356 2693 447 2728 ualis
482 2696 537 2728 est
570 2703 681 2738 nepos
713 2693 848 2738 neptis,
883 2704 1062 2739 pronepos
1084 2705 1167 2739 pro-

361 2738 432 2773 ud⁷
454 2738 640 2784 utriusque
664 2737 866 2783 adoptionis
892 2749 1078 2775 commune
1103 2742 1166 2782 est,

78 2831 98 2863 2
145 2829 344 2874 spadones,
368 2828 541 2881 adoptare
563 2832 727 2874 possunt.
775 2828 855 2864 Hoc
878 2839 960 2864 vero
985 2830 1169 2874 proprium

6 2899 17 2903 ψ,
79 2876 132 2909 est
155 2874 230 2910 eius
254 2873 469 2919 adoptioms,
494 2884 586 2919 quae
609 2884 674 2919 per
695 2874 893 2919 principem
916 2873 958 2909 fit
967 2874 992 2917 ⁹,
1017 2874 1114 2919 quod
1136 2875 1167 2910 is

101 2929 138 2953 ui
166 2918 298 2955 liberos
328 2919 366 2954 in
388 2922 566 2964 potestate
587 2919 698 2954 habet
721 2920 751 2955 si
775 2929 814 2954 se
838 2919 1082 2972 adrogantium
1106 2920 1167 2955 de-

18 2998 21 3000 ·
78 2929 1166 3056 ΞᾼῗιὶέὃῆῑίἓῗέἛῖξῖἕοὲῗὲἑῗιξέῃθ(ὲὶοὲἓῗέἓὲεἲὲῂῖἰοὲἑὲῗ

79 3063 184 3098 quam
206 3057 366 3100 nepotes.

125 3094 149 3135 3
173 3098 333 3135 PAULUS
353 3099 443 3136 libro
491 3103 599 3135 uarto
623 3099 673 3135 ad
694 3098 867 3136 Sabinum
915 3100 953 3135 Si
969 3099 1095 3136 consul
1114 3101 1168 3135 vel

79 3152 222 3194 praeses
255 3144 350 3180 filius
383 3144 422 3180 fa
460 3145 467 3152 '
486 3145 537 3180 'as
568 3145 632 3187 sit,
667 3155 774 3190 posse
810 3155 891 3180 eum
926 3145 1023 3191 apud
1058 3149 1169 3181 semet

78 3197 194 3232 ipsum
216 3189 271 3224 vel
294 3189 509 3235 emancipari
531 3190 587 3226 vel
608 3190 646 3225 in
669 3189 897 3236 adoptionem
917 3191 994 3226 dari
1014 3194 1167 3226 constat.

126 3231 152 3270 4
175 3232 430 3270 Mooasmws
445 3235 536 3271 libro
556 3235 714 3271 secundo
726 3235 937 3283 reqularum
978 3236 1168 3281 Magistra-

125 3346 165 3388 (1)
189 3346 271 3380 Sab.
294 3354 321 3382 2.
335 3355 364 3382 3.
378 3355 406 3382 6.
421 3355 520 3383 9...12.
534 3356 575 3383 14.
590 3356 632 3383 15.
647 3356 689 3383 17.
703 3356 748 3383 19.
763 3356 873 3384 21...31.
888 3357 943 3389 333
966 3350 1052 3393 Pap.
1064 3357 1165 3384 13.32.

80 3395 204 3431 same-13
234 3392 297 3426 Ed.
311 3400 335 3428 1.
349 3401 375 3426 4.
389 3401 415 3427 5.
431 3401 457 3427 τ.
472 3401 500 3428 s.
515 3401 558 3428 16.
579 3401 622 3428 18.
646 3400 692 3428 20.
715 3401 895 3428 38...4e.—
915 3395 1001 3428 Bas.
1016 3396 1168 3438 33,1.—

85 3434 135 3478 Of.
152 3435 228 3470 Cod.
246 3438 275 3477 1,
288 3444 334 3472 48.
349 3439 497 3478 4931nst.
514 3446 543 3479 1,
557 3445 643 3473 11-12
714 3439 757 3482 (2)
781 3451 827 3468 =
843 3439 919 3474 Gai.
936 3441 965 3481 1,
980 3447 1028 3474 98.
1043 3447 1165 3474 99-103.

80 3485 133 3513 107
244 3482 286 3524 (3)
310 3482 458 3526 Adoptio
479 3486 590 3516 autem
611 3483 740 3516 duobus
759 3484 868 3517 modis
888 3484 944 3517 fit:
968 3487 1028 3517 aut
1047 3485 1168 3528 populi

82 3525 281 3573 auctoritate
294 3530 353 3560 aut
365 3528 500 3571 inperio
511 3529 740 3571 magistratus,
754 3529 846 3562 velut
858 3530 1034 3572 praetoris.
1048 3529 1168 3573 populi

82 3570 282 3604 auctoritate
299 3571 405 3606 Gaius
496 3573 538 3615 (4)
560 3576 594 3606 et
604 3573 750 3616 populus
762 3577 913 3618 rogatur,
926 3585 970 3607 an
982 3575 1018 3607 id
1029 3575 1102 3607 fieri
1115 3575 1167 3607 iu-

79 3611 157 3646 beat
169 3615 230 3650 ins.
247 3615 352 3650 Gaius
881 3621 925 3661 (6)
950 3619 1040 3652 filius
1053 3622 1086 3652 et
1097 3619 1168 3652 filia

422 3618 465 3659 (5)
488 3618 680 3661 parentium
697 3618 803 3653 Gaius

34 3676 51 3678 -ν
86 3657 168 3692 Gaii
180 3661 249 3693 cod.
806 3664 851 3706 (8)
877 3664 978 3706 quod]
993 3665 1072 3706 quia
1090 3664 1172 3698 Gaii

354 3661 397 3702 (¹1)
421 3672 499 3695 vero
512 3664 571 3696 ins.
589 3663 695 3697 Gaius

2206 47 2336 89 16.7

1242 169 1330 207 tum,
1355 166 1452 210 apud
1476 176 1580 211 quem
1604 166 1689 211 legis
1714 166 1807 202 actio
1834 169 1907 208 est,
1934 169 1969 202 et
1992 166 2220 211 emancipare
2243 166 2336 202 filios

1243 221 1328 246 suos
1364 214 1400 263 et
1429 211 1467 246 in
1499 211 1727 256 adoptionem
1758 211 1845 247 dare
1875 211 1973 257 apud
2005 221 2044 248 se
2067 221 2174 258 posse
2197 211 2337 248 Neratii

1242 259 1420 291 sententia
1445 259 1509 292 est.

1288 300 1312 338 5
1342 300 1488 337 CELSUS
1519 300 1610 336 libro
1644 301 1834 336 vicensimo
1869 306 1994 337 octavo
2027 302 2248 348 diyestorum
2294 301 2336 336 In

1242 345 1495 391 adoptionibus
1532 356 1655 381 eorum
1691 345 1894 388 dumtaxat,
1932 347 1992 391 qui
2026 357 2113 382 suae
2145 346 2336 392 potestatis

1242 395 1336 433 sunt,
1361 391 1527 427 voluntas
1553 390 1759 436 exploratur
1773 392 1817 425 ¹¹:
1854 391 1908 426 sin
1933 396 2051 427 autem
2076 402 2099 426 a
2120 396 2224 437 patre
2247 391 2336 427 dan-

1242 440 1301 471 tur
1320 436 1357 471 in
1379 436 1620 481 adoptionem,
1645 436 1683 470 in
1694 435 1748 470 his
1761 436 1948 481 utriusque
1961 437 2149 472 arbitrium
2168 447 2185 473 s
2213 439 2336 472 ectan-

1241 481 1326 517 dum
1351 485 1406 517 est
1427 482 1482 517 vel
1507 480 1761 517 consentiendo
1785 481 1840 516 vel
1864 492 1935 516 non
1961 482 2189 517 contradicen
2214 492 2247 517 o.

1287 523 1313 564 6
1337 526 1395 562 ΡΛ
1402 536 1446 562 σι
1453 536 1498 562 Us
1513 526 1604 562 libro
1626 526 1833 572 triqensimo
1847 527 1971 572 quinto
1986 528 2035 562 ad
2046 527 2200 563 edictum
2247 526 2337 562 Cum

1241 581 1353 616 nepos
1377 571 1445 607 ado
1473 574 1571 607 tatur
1594 571 1697 616 quasi
1721 581 1765 606 ex
1788 570 1860 606 filio
1885 575 2010 614 natus,
2046 582 2242 608 consensus
2273 572 2338 608 filii

1242 617 1297 652 exi
1323 617 1404 659 'tur,
1427 617 1439 651 i
1465 627 1534 662 que
1558 617 1665 652 etiam
1687 616 1846 652 Iulianus
1872 617 2005 652 scribit.

1341 661 1487 698 Celsos
1507 662 1599 698 libro
1625 662 1834 708 triqensimo
1859 673 1954 697 nono
1979 662 2199 708 diqestorum
2247 662 2337 697 Cum

1241 707 1388 752 adoptio
1422 707 1482 750 fit,
1519 717 1591 742 non
1616 710 1670 742 est
1693 707 1895 742 necessaria
1918 707 1955 741 in
1981 717 2058 742 eam
2081 718 2155 742 rem
2180 708 2335 743 auctori-

1240 757 1298 788 tas
1324 763 1456 795 eorum,
1481 753 1574 788 inter
1598 762 1687 798 quos
1710 752 1790 787 iura
1808 752 2032 832 affnationis
2055 763 2164 787 conse
2190 757 2334 788 uuntur.

1288 794 1312 835 8
1337 796 1595 833 Moosssmws
1615 798 1707 833 libro
1730 807 1840 833 secun
1867 809 1887 832 o
1911 798 2121 844 reqularum
2200 798 2271 833 uod
2291 808 2337 834 ne

1242 842 1417 879 curatoris
1450 843 1648 878 auctoritas
1681 842 1918 878 intercederet
1939 843 1976 878 in
2001 843 2230 887 adrogatione
2253 847 2337 879 ante

1241 891 1416 931 tenuerat,
1442 888 1509 924 sub
1535 887 1614 923 divo
1640 887 1789 923 Claudio
1812 891 1910 923 recte
1933 891 2109 923 mutatum
2135 892 2198 922 est.

1287 930 1313 971 9
1345 932 1541 969 Urpfflws
1561 933 1652 969 libro
1668 934 1793 980 primo
1817 933 1867 969 ad
1889 933 2063 970 Sabinum
2110 933 2231 968 Etiam
2255 944 2335 969 cae-

1242 989 1305 1014 cus
1330 978 1506 1023 adoptare
1528 979 1584 1014 vel
1607 978 1773 1024 adoptari
1795 982 1925 1024 potest.

1291 1022 1341 1062 10
1365 1023 1528 1059 Pavms
1558 1024 1649 1059 libro
1683 1024 1841 1060 secundo
1877 1024 1927 1059 act
1962 1022 2137 1059 Sabinum
2185 1023 2222 1059 Si
2282 1024 2336 1059 uis

1240 1072 1408 1115 nepotem
1440 1069 1544 1114 quasi
1569 1080 1612 1105 ex
1636 1069 1708 1104 filio
1732 1072 1856 1104 natum
1881 1079 1985 1113 quem
2008 1069 2044 1103 in
2094 1072 2247 1104 otestate
2297 1079 2334 1103 a-

1240 1115 1302 1149 bet
1326 1114 1571 1150 consentiente
1590 1114 1663 1150 filio
1684 1114 1917 1159 adoptaverit,
1942 1125 2014 1149 non
2027 1124 2049 1149 a
2074 1114 2258 1159 gnasci'tur
2270 1125 2335 1150 avo

1240 1170 1327 1195 suus
1361 1160 1486 1202 heres,
1523 1159 1654 1212 quippe
1687 1170 1769 1195 cum
1799 1163 1883 1204 post
1916 1162 2066 1195 mortem
2090 1160 2146 1195 avi
2171 1159 2274 1205 quasi
2296 1160 2334 1194 in

1239 1205 1352 1250 patris
1377 1204 1432 1240 sui
1454 1205 1645 1240 reco1dit¹²
1667 1208 1893 1250 potestatem.

1289 1248 1335 1286 11
1364 1249 1472 1285 IDEM
1491 1250 1582 1286 libro
1606 1255 1738 1296 quarto
1762 1250 1813 1285 ad
1835 1249 2010 1286 Sabinum
2057 1249 2095 1285 Si
2107 1250 2137 1285 is
2151 1249 2212 1295 qui
2224 1249 2336 1286 filium

1238 1294 1388 1331 haberet
1417 1295 1456 1330 in
1488 1296 1629 1340 nepotis
1664 1295 1782 1331 locum
1816 1295 2026 1340 adoptasset
2056 1295 2205 1340 perinde
2229 1298 2338 1340 atque

1238 1340 1268 1375 si
1294 1351 1336 1376 ex
1361 1351 1401 1375 eo
1426 1340 1499 1375 filio
1524 1343 1631 1376 natus
1656 1344 1769 1383 esset,
1805 1344 1840 1376 et
1868 1340 1899 1376 is
1930 1340 2024 1376 filius
2057 1344 2186 1376 auctor
2216 1339 2336 1376 factus

1238 1396 1311 1420 non
1347 1390 1460 1466 {islnsetz
1493 1390 1634 1422 mortuo
1660 1396 1725 1422 avo
1759 1396 1831 1422 non
1855 1396 1934 1421 esse
1965 1389 2132 1432 nepotem
2163 1385 2202 1421 in
2232 1390 2335 1431 pote-

1237 1434 1330 1466 state

1288 1474 1338 1512 12
1371 1476 1567 1512 ULPIANUS
1596 1475 1687 1512 libro
1720 1479 1853 1522 quarto
1885 1476 2022 1511 decimo
2047 1475 2098 1511 ad
2108 1476 2137 1497 ¹⁸
2160 1474 2336 1512 Sabinum

1237 1521 1306 1565 Qui
1327 1521 1500 1556 liberatus
1525 1524 1580 1556 est
1602 1521 1721 1566 patria
1744 1524 1942 1566 potestate,
1979 1521 2010 1556 is
2045 1524 2172 1574 postea
2202 1520 2240 1556 in
2270 1531 2335 1566 po-

1236 1569 1404 1601 testatem
1427 1567 1578 1601 honeste
1600 1567 1729 1601 reverti
1752 1577 1826 1601 non
1849 1569 1968 1611 potest
1991 1566 2059 1602 nisi
2083 1566 2288 1611 adoptione.

1287 1609 1336 1648 13
1362 1610 1611 1647 mmmm
1631 1611 1722 1647 libro
1736 1612 1945 1658 triqensimo
1958 1615 2063 1647 sexto
2084 1612 2335 1657 quaestionum

1237 1657 1279 1691 In
1302 1656 1398 1692 omni
1420 1656 1496 1692 fere
1519 1656 1597 1691 iure
1620 1656 1722 1691 finita
1744 1656 1858 1702 patris
1878 1656 2036 1702 adoptivi
2081 1659 2234 1692 otestate
2254 1656 2334 1691 nul-

1236 1701 1311 1736 lum
1335 1712 1379 1737 ex
1402 1702 1550 1746 pristino
1575 1702 1748 1737 retinetur
1761 1702 1787 1722 ¹⁴
1813 1701 2016 1746 vestigium:
2067 1701 2194 1746 enique
2216 1704 2250 1736 et
2269 1711 2334 1746 pa-

1236 1746 1307 1781 tria
1332 1746 1485 1791 dignitas
1510 1747 1674 1791 quaesita
1697 1757 1762 1792 per
1785 1747 2013 1792 adoptionem
2036 1746 2138 1781 finita
2159 1756 2202 1781 ea
2225 1746 2333 1791 depo-

1237 1792 1343 1826 nitur.

1287 1835 1337 1873 14
1363 1835 1595 1871 Poupomos
1615 1836 1706 1872 libro
1731 1837 1857 1882 quinto
1883 1836 1933 1871 ad
1954 1834 2129 1871 Sabinum
2177 1835 2248 1871 Sed
2282 1838 2329 1871 et⁴

1237 1882 1315 1916 iam
1341 1891 1454 1926 nepos
1491 1891 1535 1916 ex
1566 1881 1639 1917 filio
1674 1881 1772 1926 apud
1806 1881 2059 1926 adoptatum¹⁵
2082 1884 2223 1926 patrem
2248 1892 2333 1916 con-

1239 1931 1364 1972 ceptus
1378 1930 1414 1962 et
1426 1930 1532 1962 natus
1544 1937 1610 1972 per
1622 1926 1943 1971 emancipationem
1963 1926 2043 1961 iura
2063 1926 2182 1962 omnia
2203 1926 2332 1972 perdit.

1287 1971 1336 2009 15
1369 1971 1565 2008 Urmzws
1593 1972 1684 2008 libro
1715 1972 1907 2007 vicensimo
1939 1974 2045 2007 sexto
2077 1971 2129 2007 ad
2159 1971 2334 2008 Sabinum

1238 2017 1275 2052 Si
1298 2021 1403 2063 pater
1424 2016 1578 2052 familias
1602 2016 1794 2062 adoptatus
1819 2016 1876 2059 sit,
1902 2017 2021 2052 omnia
2044 2027 2136 2062 quae
2162 2016 2237 2052 eius
2255 2016 2334 2052 fue-

1237 2067 1322 2097 runt
1345 2065 1381 2098 et
1408 2062 1547 2108 adquiri
1575 2065 1728 2107 possunt
1746 2062 1856 2097 tacito
1878 2062 1955 2097 iure
1977 2062 2023 2097 ad
2044 2072 2124 2097 eum
2146 2065 2335 2097 transeunt

1237 2108 1299 2153 qui
1322 2107 1523 2153 adoptavit:
1556 2108 1626 2142 hoc
1650 2107 1801 2152 amplius
1825 2107 1928 2142 liberi
1959 2107 2034 2143 eius
2070 2107 2130 2160 qui
2153 2107 2191 2142 in
2214 2110 2332 2160 potes-

1236 2156 1313 2188 tate
1345 2156 1431 2188 sunt
1464 2163 1544 2187 eum
1569 2156 1787 2205 sequuntur:
1813 2152 1877 2187 sed
1901 2155 1936 2187 et
1959 2152 2007 2195 hi,
2032 2163 2094 2198 qui
2143 2152 2332 2188 osthminio

1237 2198 1408 2240 redeunt,
1445 2198 1500 2232 vel
1531 2198 1593 2243 qui
1624 2209 1662 2232 1n
1684 2201 1785 2233 utero
1810 2197 1957 2233 fuerunt
1982 2208 2063 2233 cum
2087 2208 2109 2232 a
2135 2201 2333 2242 rogaretur,

1237 2243 1342 2279 simili
1388 2243 1494 2279 modo
1531 2243 1568 2278 in
1602 2246 1817 2288 potestatem
1853 2243 2076 2288 adrogatoris
2111 2242 2331 2287 rediguntur.

1241 2292 1255 2323 1
1306 2288 1374 2333 Qui
1404 2288 1494 2324 duos
1525 2288 1617 2324 filios
1650 2292 1686 2324 et
1721 2299 1764 2323 ex
1795 2288 1907 2323 altero
1933 2298 2056 2323 eorum
2079 2291 2246 2333 nepotem
2269 2287 2333 2322 ha-

1237 2334 1316 2376 bet,
1350 2334 1380 2369 si
1403 2334 1479 2369 vult
1502 2337 1667 2379 nepotem
1692 2333 1796 2379 quasi
1819 2343 1863 2368 ex
1887 2333 1998 2368 altero
2023 2332 2222 2369 natum„sic
2246 2332 2333 2368 ado-

1237 2383 1359 2424 ptare,
1384 2382 1504 2424 potest
1536 2379 1605 2414 hoc
1639 2378 1802 2421 efficere,
1839 2378 1870 2413 si
1894 2389 1975 2414 eum
1999 2378 2136 2413 emanci
2164 2377 2275 2413 averit
2299 2381 2334 2412 et

1238 2424 1290 2459 sic
1325 2423 1550 2469 adoptaverit
1583 2424 1686 2469 quasi
1718 2435 1762 2459 ex
1797 2424 1909 2459 altero
1945 2426 2080 2458 natum.
2144 2422 2216 2458 acit
2240 2422 2334 2458 enim

1236 2469 1307 2504 hoc
1331 2469 1434 2514 quasi
1458 2469 1627 2514 quilibet,
1662 2480 1735 2504 non
1759 2468 1862 2514 quasi
1885 2479 1992 2511 avus,
2029 2471 2064 2503 et
2099 2478 2170 2513 qua
2193 2467 2333 2503 ratione

1238 2515 1340 2560 quasi
1365 2525 1408 2549 ex
1433 2514 1592 2559 quolibet
1614 2518 1739 2549 natum
1762 2516 1882 2558 potest
1906 2513 2097 2558 adoptare,
2129 2513 2181 2548 ita
2213 2516 2334 2558 potest

1237 2562 1258 2594 2
1306 2563 1341 2595 et
1365 2559 1468 2604 quasi
1493 2570 1537 2594 ex
1560 2559 1672 2594 altero
1697 2558 1780 2594 filio.
1829 2559 1871 2593 In
1895 2558 2187 2603 adrogationibus
2212 2558 2332 2603 cogni-

1236 2605 1286 2641 tio
1310 2604 1469 2647 vertitur,
1506 2615 1591 2639 num
1613 2603 1707 2639 forte
1730 2604 1845 2638 minor
1867 2604 2052 2649 sexaginta
2075 2603 2178 2638 annis
2203 2603 2249 2638 sit
2269 2603 2332 2683 gui

1238 2650 1405 2695 adrogat,
1443 2649 1527 2695 quia
1549 2650 1661 2694 magis
1684 2649 1876 2684 liberorum
1901 2648 2075 2684 creationi
2098 2647 2244 2684 studere
2295 2659 2330 2683 e-

1237 2695 1338 2730 beat:
1376 2695 1444 2730 nisi
1477 2694 1572 2730 forte
1602 2695 1746 2730 morbus
1781 2697 1845 2729 aut
1875 2693 2042 2730 valetudo
2073 2694 2111 2729 in
2143 2704 2254 2729 causa
2285 2694 2332 2729 sit

1237 2743 1302 2776 aut
1324 2740 1395 2775 alia
1417 2740 1514 2775 iusta
1538 2750 1650 2775 causa
1673 2739 1889 2784 adrogandi,
1914 2739 2023 2775 veluti
2047 2739 2078 2774 si
2102 2739 2331 2774 coniunctam

1238 2788 1257 2820 3
1306 2785 1374 2820 sibi
1408 2795 1597 2830 personam
1631 2785 1716 2820 velit
1750 2784 1932 2830 adoptare.
1992 2784 2082 2820 Item
2117 2794 2189 2819 non
2225 2784 2332 2820 debet

1237 2830 1316 2875 quis
1341 2830 1462 2875 plures
1487 2829 1660 2875 adrogare
1684 2829 1752 2865 nisi
1776 2840 1820 2865 ex
1842 2830 1938 2865 iusta
1962 2839 2084 2874 causa,
2109 2829 2173 2865 sed
2196 2839 2263 2865 nec
2287 2829 2329 2864 li-

1236 2876 1377 2910 bertum
1401 2874 1567 2918 alienum,
1591 2885 1658 2910 nec
1682 2875 1851 2910 maiorem
1873 2875 1999 2910 minor.

1286 2917 1337 2957 16
1361 2919 1408 2955 IA
1417 2929 1588 2955 VOLENUS
1598 2920 1689 2956 libro
1706 2923 1812 2956 sexto
1825 2931 1875 2956 εει·
1890 2919 2011 2956 Cassio
2057 2919 2215 2964 Adoptio
2238 2919 2331 2954 enim

1235 2965 1273 3000 in
1284 2964 1355 3045 thisz
1375 2965 1538 3048 Eesssonis
1561 2965 1680 3001 locum
1703 2965 1829 3009 habet,
1854 2965 1891 3001 in
1916 2965 2044 3011 quibus
2068 2965 2177 3000 etiam
2200 2967 2330 3000 natura

1235 3021 1282 3056 po
1302 3020 1337 3045 es
1403 3021 1424 3045 a
1451 3020 1519 3046 ere.

1285 3053 1335 3092 17
1368 3054 1563 3091 ULPJANzss
1592 3054 1683 3092 libro
1713 3056 1904 3092 vicensimo
1936 3058 2042 3091 sexto
2074 3054 2124 3090 ad
2154 3053 2328 3091 Sabinum

1235 3100 1313 3136 Nec
1338 3100 1370 3135 ei
1391 3101 1608 3146 permittitur
1631 3100 1821 3154 adrogare,
1853 3101 1914 3146 qui
1947 3100 2096 3136 tutelam
2126 3099 2183 3136 vel
2206 3109 2327 3151 curam

1237 3145 1388 3182 alicuius
1413 3145 1683 3189 administravit,
1709 3157 1739 3182 si
1762 3146 1878 3182 minor
1900 3146 2021 3191 viginti
2046 3145 2201 3190 quinque
2224 3154 2326 3179 annis

1238 3191 1285 3226 sit
1307 3191 1370 3236 qui
1392 3190 1594 3236 adrogatur,
1618 3201 1664 3227 ne
1685 3191 1779 3227 forte
1803 3202 1883 3227 eum
1906 3191 1987 3226 ideo
2012 3191 2098 3226 adro
2123 3194 2176 3232 et,
2201 3199 2246 3224 ne
2267 3199 2326 3224 ra-

1236 3236 1352 3272 tiones
1375 3235 1513 3272 reddat.
1559 3237 1644 3272 item
1665 3236 1915 3282 inquirendum
1938 3239 2004 3279 est,
2027 3246 2073 3271 ne
2112 3238 2190 3271 orte
2212 3233 2327 3279 turpis

1811 3352 1855 3393 (9)
1880 3351 1967 3383 illud
1988 3350 2163 3394 proprium
2184 3350 2234 3381 est
2252 3348 2324 3380 eius

1237 3351 1338 3383 codex
1358 3357 1471 3384 contra
1483 3351 1565 3395 Diy.
1587 3358 1618 3384 et
1636 3351 1716 3385 Inst.

2061 3396 2120 3437 (10)
2146 3393 2203 3426 sed
2222 3393 2325 3425 etiam

1237 3394 1430 3437 adoptionis
1443 3405 1527 3438 quae
1540 3406 1601 3439 per
1612 3396 1774 3439 populum
1786 3396 1824 3429 fit
1840 3396 1946 3430 Gaius

1239 3439 1346 3474 Gaius
1447 3442 1503 3483 (11)
1528 3451 1641 3474 eorum
1654 3442 1713 3484 qui
1726 3452 1804 3474 suae
1816 3445 1884 3485 pot.
1899 3443 1978 3474 sunt
1990 3441 2138 3483 ipsorum
2152 3438 2326 3470 dumtaxat

1235 3484 1390 3518 voluntas
1399 3485 1593 3528 exploratur
1600 3487 1697 3520 Ηαί..·
1714 3488 1774 3521 sed
1777 3487 1890 3530 potius
1899 3487 2089 3519 crediderim
2097 3496 2180 3527 quae
2186 3494 2325 3526 sequun-

1237 3537 1290 3563 tur
1298 3537 1375 3573 post
1386 3530 1581 3574 exploratur
1592 3532 1847 3566 Iustinianorum
1862 3543 1938 3572 esse,
1961 3531 2017 3574 qui
2024 3531 2142 3572 priora
2153 3541 2225 3561 vere
2238 3528 2325 3562 Celsi

1235 3575 1304 3608 suis
1318 3582 1434 3618 aptare
1446 3577 1647 3620 neylexerint
1737 3577 1794 3618 (12)
1820 3576 1967 3608 reccidat
1980 3576 2052 3608 edd.
2153 3574 2211 3614 (13)
2235 3583 2322 3605 mas-

1237 3619 1378 3663 surium,
1393 3622 1453 3654 sed
1472 3628 1672 3664 expunctum,
1687 3622 1745 3655 ins.
1759 3622 1794 3654 F
1870 3622 1927 3662 (14)
1952 3621 2000 3653 sic
2011 3618 2095 3661 F¹S‚
2116 3618 2321 3651 retineretur

1236 3663 1285 3696 172
1378 3666 1434 3706 (15)
1460 3666 1612 3708 adoptati
1625 3679 1687 3702 scr.

2030 3719 2051 3752 2
