2528 3918
137 120 196 151 DE
227 121 285 152 RE
314 121 522 154 MILITARI

137 233 253 270 redire
281 236 402 280 potest
433 236 470 270 et
498 234 653 270 honores
675 235 818 279 petere,
843 232 1011 268 militiae¹
1046 243 1118 269 non
1142 243 1225 278 pro-

137 282 157 314 5
203 278 357 315 hibetur.
392 278 490 315 Reus
514 278 678 324 capitalis
698 278 854 314 criminis
878 277 1102 314 voluntarius
1125 278 1225 314 miles

136 324 332 360 secundum
364 324 435 359 divi
458 324 605 359 Traiani
637 324 850 370 rescriptum
883 324 1000 369 capite
1024 323 1224 369 puniendus

137 374 201 413 est,
225 379 293 404 nec
317 369 550 405 remittendus
575 372 631 405 est
654 379 713 412 eo,
737 368 801 405 ubi
823 379 908 404 reus
930 370 1135 414 postulatus
1158 372 1224 410 est,

138 419 158 450 6
205 415 284 458 sed,
308 418 350 450 ut
373 414 566 450 accedente
590 415 725 450 causa²
748 414 910 458 militiae,
944 413 1162 449 audiendus:
1196 413 1227 449 si

137 459 234 495 dicta
257 470 366 495 causa
389 459 436 495 sit
457 459 513 494 vel
536 459 771 504 requirendus
796 459 1007 501 adnotatus,
1032 458 1226 504 ignominia

136 505 264 540 missus
295 504 342 540 ad
370 504 521 540 iudicem
552 515 657 540 suum
686 504 921 541 remittendus
951 508 1008 540 est
1036 514 1103 539 nec
1133 504 1225 540 reci-

136 549 287 595 piendus
310 553 438 596 postea
455 550 578 586 volens
601 549 765 592 militare,
789 550 874 585 licet
895 549 1006 584 fuerit
1024 548 1223 584 absolutus.

136 598 154 630 7
201 595 379 630 Adulterii
414 594 470 630 vel
508 595 654 641 aliquo-⁹·
701 595 833 631 iudicio
879 595 1025 640 publico
1066 594 1226 630 damnati

136 643 155 675 8
201 640 296 676 inter
319 640 447 676 milites
471 650 545 676 non
568 644 652 676 sunt
670 639 874 685 recipiendi.
911 639 994 675 Non
1015 640 1139 682 omnis,
1165 639 1225 684 qui

134 685 231 721 litem
249 685 377 720 habuit
400 689 437 721 et
458 685 538 722 ideo
559 686 770 730 militaverit,
795 685 1044 721 exauctorari⁴
1068 685 1224 727 iubetur,

134 731 198 766 sed
227 730 288 776 qui
311 740 354 766 eo
385 731 502 766 animo
533 731 680 767 militiae
711 741 750 767 se
773 730 887 774 dedit,
919 734 961 766 ut
983 731 1050 766 sub
1076 734 1224 776 optentu

133 775 279 811 militiae
316 776 584 821 pretiosiorem⁵
628 786 668 812 se
708 776 912 811 adversario
953 775 1100 811 faceret.
1158 785 1224 811 nec

134 825 253 856 tamen
281 820 387 857 facile
415 821 671 867 indulgendum
681 823 705 866 ⁶,
745 821 974 857 iudicationis
1014 821 1075 865 qui
1114 831 1223 874 nego-

133 866 223 901 tium
243 866 547 903 antehabuerunt:
572 867 635 903 sed
661 867 693 903 si
717 867 756 901 in
774 866 1019 903 transactione
1039 866 1189 902 reccidit
1198 867 1222 910 ⁷,

132 911 387 957 indulgendum
417 915 483 948 est.
532 915 787 948 exauctoratus
819 922 860 948 eo
885 912 1028 947 nomine
1056 923 1130 948 non
1152 912 1222 947 uti-

135 967 205 1002 que
227 956 370 993 infamis
403 958 472 993 erit
502 967 568 994 nec
591 957 836 1003 prohibendus
866 957 928 993 lite
950 957 1053 993 finita
1076 957 1224 993 militiae

134 1001 292 1038 eiusdem
322 1002 456 1038 ordinis
491 1013 531 1039 se
570 1002 674 1039 dare:
716 1002 874 1048 alioquin
912 1006 949 1039 et
983 1003 1015 1038 si
1045 1002 1224 1048 relinquat

134 1051 154 1082 9
201 1047 298 1083 litem
321 1047 377 1084 vel
400 1048 595 1093 transigat,
619 1048 826 1084 retinendus
851 1051 915 1084 est.
964 1047 1032 1093 Qui
1054 1052 1139 1093 post
1161 1048 1222 1083 de-

133 1092 326 1128 sertionem
357 1093 395 1128 in
426 1093 534 1129 aliam
562 1093 724 1129 militiam
753 1103 882 1129 nomen
914 1093 1090 1129 dederunt
1111 1093 1223 1138 legivo

133 1137 230 1183 passi
253 1141 348 1181 sunt,
372 1138 568 1184 imperator
589 1142 712 1174 noster
735 1139 920 1185 rescripsit
944 1142 981 1175 et
1003 1139 1070 1175 lios
1094 1139 1223 1174 milita-

136 1187 176 1218 10
222 1183 310 1219 riter
343 1183 556 1229 puniendos.
614 1184 766 1220 Gravius
804 1188 924 1220 autem
961 1184 1130 1219 delictum
1168 1188 1224 1219 est

132 1228 334 1264 detrectare
370 1240 500 1265 munus
538 1229 686 1265 militiae
717 1240 825 1274 quam
854 1229 899 1265 ad
928 1233 1038 1265 etere:
1072 1240 1156 1265 nam
1187 1233 1224 1264 et

132 1274 193 1355 ffiii
216 1274 263 1309 ad
286 1274 454 1310 dilectum
484 1275 568 1311 olim
599 1276 696 1310 n0n⁸
725 1275 903 1320 responde
930 1278 1010 1319 ant,
1043 1275 1107 1310 ⁹ut
1137 1286 1221 1320 pro-

158 1319 265 1355 'tores
302 1319 476 1356 libertatis
513 1320 551 1356 in
590 1320 796 1356 servitutem
832 1320 1096 1365 redigebantur.
1159 1320 1223 1356 sed

131 1369 270 1400 mutato
302 1368 400 1401 statu
431 1365 578 1401 militiae
609 1375 790 1402 recessum
812 1376 834 1401 a
858 1366 990 1411 capitis*
1015 1376 1133 1418 poena
1157 1369 1221 1409 est,

132 1410 215 1455 quia
244 1410 454 1464 plerumque
482 1411 684 1447 voluntario
709 1411 819 1446 milite
833 1413 861 1433 ¹⁰
889 1421 1028 1446 numeri
1051 1411 1221 1457 supplen-

135 1459 171 1490 11
222 1460 293 1491 tur.
342 1456 412 1500 Qui
443 1455 557 1491 filium
596 1467 701 1492 suum
737 1456 918 1492 subtrahit
955 1456 1104 1492 militiae
1139 1456 1223 1492 belli

131 1504 307 1546 tempore,
340 1501 445 1536 exilio
470 1505 507 1537 et
529 1502 704 1538 bonorum
727 1505 831 1547 parte
855 1501 1061 1538 multandus
1086 1505 1157 1538 est:
1192 1501 1223 1537 si

130 1546 168 1581 in
191 1556 301 1591 pace,
333 1546 491 1582 fustibus
516 1547 618 1583 caedi
639 1547 784 1583 iubetur
806 1550 844 1583 et
866 1547 1061 1592 requisitus
1084 1547 1222 1583 iuvenis

131 1591 186 1627 vel
218 1601 241 1627 a
271 1595 374 1637 patre
403 1595 531 1637 postea
553 1592 733 1629 exhibitus
757 1593 795 1628 in
826 1592 1039 1628 deteriorem
1061 1592 1221 1627 militiam

131 1636 269 1673 dandus
294 1640 364 1673 est:
390 1637 452 1681 qui
471 1638 564 1673 enim
583 1648 622 1674 se
642 1638 848 1674 sollicitavit
861 1639 886 1659 ¹¹
911 1639 957 1673 ab
976 1638 1058 1681 alio,
1083 1638 1222 1673 veniam

136 1685 174 1717 12
220 1692 293 1718 non
316 1686 481 1718 meretur.
520 1683 626 1726 Eum,
652 1683 714 1728 qui
735 1683 849 1718 filium
875 1683 1071 1719 debilitavit
1091 1683 1222 1719 dilectu

132 1738 195 1773 per
216 1727 350 1763 bellum
372 1727 518 1772 indicto,
542 1732 584 1763 ut
606 1728 775 1764 inhabilis
799 1728 945 1764 militiae
967 1728 1024 1771 sit,
1048 1739 1220 1782 praecep-

137 1774 174 1808 13
222 1776 297 1808 tum
329 1773 400 1808 divi
430 1774 577 1809 Traiani
601 1774 814 1819 deportavit.
861 1773 993 1809 Edicta
1018 1773 1222 1810 Germamci

131 1818 295 1854 Caesaris
319 1818 465 1854 militem
483 1818 702 1855 desertorem
723 1819 918 1862 faciebant,
943 1819 1005 1865 qui
1028 1819 1090 1855 diu
1108 1819 1219 1855 afuis-

131 1867 196 1907 set,
226 1865 254 1885 ¹²
263 1868 304 1899 ut
325 1864 356 1899 is
380 1864 473 1900 inter
496 1875 700 1901 emansores
724 1865 931 1901 haberetur.
980 1865 1044 1901 sed
1067 1865 1142 1901 sive
1164 1876 1221 1900 re-

130 1909 215 1944 deat
244 1909 324 1954 quis
357 1913 392 1945 et
424 1909 550 1945 offerat
580 1920 638 1953 se,
672 1910 745 1946 sive
769 1910 1013 1955 deprehensus
1038 1910 1220 1954 offeratur,

129 1965 282 2000 poenam
300 1954 511 1991 desertionis
535 1955 660 1991 evitat:
685 1965 753 1991 nec
772 1956 932 1998 interest,
958 1956 1019 1991 cui
1035 1966 1074 1992 se
1095 1955 1222 1992 offerat

133 2003 174 2034 14
220 1999 277 2035 vel
308 2010 331 2036 a
359 2010 431 2045 quo
464 2000 760 2046 deprehendatur.
808 2001 938 2037 Levius
969 2001 1091 2046 itaque
1114 2001 1220 2037 delic-

131 2049 207 2080 tum
229 2045 444 2081 emansionis
468 2046 632 2090 habetur,
658 2050 700 2081 ut
723 2046 861 2082 erronis
885 2047 924 2082 in
947 2047 1075 2090 servis,
1101 2047 1220 2083 deser-

138 2093 173 2125 .5
220 2090 328 2127 tionis
366 2091 529 2136 gravius,
573 2095 615 2127 ut
651 2091 690 2127 in
732 2091 899 2137 fugitivis.
956 2092 1221 2127 Examinantur

129 2139 251 2172 autem
274 2146 406 2172 causae
430 2146 569 2181 semper
585 2136 802 2173 emansionis
827 2140 863 2172 et
883 2148 947 2172 cur
970 2141 1008 2173 et
1031 2137 1094 2173 ubi
1111 2137 1221 2173 fuerit

129 2185 166 2217 et
197 2181 283 2226 quid
305 2181 432 2227 egerit:
470 2186 507 2217 et
530 2181 638 2217 datur
660 2182 763 2218 venia
786 2182 1001 2225 valetudini,
1038 2183 1221 2219 affectioni

129 2226 332 2272 parentium
356 2230 393 2262 et
415 2226 602 2271 adfinium,
635 2231 672 2263 et
701 2227 733 2263 si
756 2238 897 2263 servum
920 2227 1115 2273 fugientem
1165 2239 1219 2264 er-

129 2276 275 2308 secutus
307 2275 363 2308 est
384 2272 440 2308 vel
463 2272 495 2308 si
523 2283 595 2318 qua
624 2272 828 2309 huiusmodi
859 2283 970 2309 causa
992 2273 1050 2309 sit.
1098 2284 1136 2310 se
1185 2277 1221 2309 et

128 2317 309 2363 ignoranti
332 2317 451 2353 adhuc
475 2317 699 2364 disciplinam
722 2318 831 2354 tironi
853 2318 864 2353 i
915 2319 1062 2355 oscitur.

176 2361 241 2400 5¹³
263 2361 370 2398 Iesu
390 2362 481 2399 libro
504 2363 662 2399 secundo
682 2363 727 2399 de
749 2375 790 2399 re
813 2365 864 2399 mi
877 2365 964 2400 itari
995 2364 1079 2400 Non
1097 2375 1219 2400 omnes

129 2407 328 2444 desertores
361 2407 521 2444 similiter
551 2408 724 2454 puniendi
760 2412 866 2452 sunt,
904 2409 967 2445 sed
997 2410 1153 2445 habetur
1184 2414 1220 2445 et

129 2453 264 2489 ordinis
277 2453 305 2476 ¹⁴
328 2453 586 2500 stipendiorum
609 2454 714 2497 ratio,
780 2454 871 2490 adus
894 2455 1041 2491 militiae
1057 2455 1113 2491 vel
1136 2455 1218 2499 loci,

127 2498 284 2534 muneris
308 2497 440 2534 deserti
457 2502 493 2534 et
512 2502 700 2535 anteactae
718 2503 829 2535 vitae:
854 2499 918 2535 sed
941 2504 978 2536 et
1000 2511 1168 2536 numerus
1179 2502 1217 2543 ¹⁵,

128 2543 159 2580 si
190 2544 288 2580 solus
317 2544 373 2579 vel
402 2554 484 2579 cum
515 2544 629 2580 altero
660 2545 716 2580 vel
746 2555 828 2581 cum
857 2545 1020 2590 pluribus
1050 2545 1216 2589 deseruit,

127 2588 269 2625 aliudve
292 2588 379 2635 quid
402 2589 537 2625 crimen
561 2589 753 2625 desertioni
775 2590 995 2626 adiunxerit:
1019 2592 1105 2626 item
1127 2594 1217 2626 tem-

127 2634 237 2680 poris,
258 2645 329 2679 quo
349 2634 388 2669 in
407 2634 607 2670 desertione
628 2634 752 2670 fuerit:
780 2639 816 2671 et
832 2646 967 2679 eorum,
988 2647 1080 2682 quae
1091 2641 1219 2682 postea

127 2683 227 2724 gesta
249 2679 394 2715 fuerint.
441 2679 506 2715 sed
529 2683 566 2715 et
587 2680 619 2716 si
641 2680 752 2716 fuerit
774 2681 869 2717 ultro
892 2691 1076 2726 reversus,
1106 2683 1218 2717 ιιοιι16

131 2728 146 2759 1
198 2735 280 2760 cum
303 2724 586 2768 necessitudine,
611 2735 684 2761 non
708 2726 777 2761 erit
799 2726 958 2762 eiusdem
981 2727 1101 2763 sortis.
1149 2727 1218 2808 gui

126 2770 165 2804 in
191 2779 286 2822 pace
317 2769 488 2814 deseruit,
518 2780 628 2815 eques
650 2771 765 2816 gradu
792 2772 980 2817 pellendus
1005 2776 1075 2816 est,
1107 2782 1153 2819 pe
1178 2783 1216 2809 es

127 2814 288 2850 militiam
310 2818 436 2850 mutat.
483 2815 520 2851 in
543 2816 638 2852 bello
661 2816 755 2852 idem
783 2817 977 2854 admissum
1009 2818 1126 2863 capite
1149 2829 1216 2864 pu-

129 2863 149 2895 2
195 2859 366 2896 niendum
396 2863 462 2896 est.
516 2861 585 2906 Qui
622 2862 815 2898 desertioni
850 2863 949 2898 aliud
979 2863 1112 2899 crimen
1152 2864 1215 2899 ad-

127 2905 259 2951 iungit,
290 2905 434 2951 gravius
465 2906 668 2951 puniendus
698 2911 769 2943 est:
803 2911 840 2943 et
862 2908 893 2944 si
921 2908 1057 2944 furtum
1079 2909 1216 2944 factum

128 2951 191 2995 sit,
227 2950 338 2987 veluti
373 2950 446 2986 alia
477 2951 630 2988 desertio
669 2952 879 2989 habebitur:
919 2957 960 2989 ut
992 2954 1022 2989 si
1084 2954 1216 2999 lagium

126 2996 264 3032 factum
299 2996 355 3032 vel
395 2995 442 3032 ad
485 3007 611 3032 essura
643 2998 828 3043 abigeatus
840 2999 866 3021 ¹⁷
898 2999 954 3034 vel
985 2965 1082 3044 quid)
1101 2999 1215 3035 simile

128 3045 148 3077 3
196 3041 401 3078 accesserit.
473 3045 610 3078 esertor
632 3043 663 3078 si
686 3043 724 3078 iii
747 3044 837 3079 urbe
860 3044 1072 3088 inveniatur,
1098 3045 1216 3090 capite

127 3086 246 3132 puniri
268 3086 378 3123 solet:
411 3086 497 3122 alibi
519 3087 763 3132 adprehensus
793 3099 838 3124 ex
871 3090 987 3134 prima
1016 3089 1215 3126 desertione

127 3131 268 3167 restitui
298 3135 434 3178 potest,
468 3132 599 3168 iterum
630 3133 824 3170 deserendo
858 3135 976 3180 capite
1012 3135 1215 3180 puniendus

128 3179 149 3212 4
195 3180 261 3213 est.
310 3177 379 3222 Qui
410 3177 448 3212 in
479 3177 678 3214 desertione
707 3178 794 3222 fuit,
826 3179 858 3216 si
887 3190 927 3216 se
952 3180 1138 3226 optulerit,
1170 3191 1215 3216 ex

126 3221 346 3268 indulgentia
376 3222 601 3268 imperatoris
629 3224 744 3259 nostri
766 3224 804 3260 in
827 3225 982 3261 insulam
1005 3225 1214 3270 deportatus

128 3270 148 3301 5
195 3271 261 3303 est.
307 3267 377 3348 {ui
400 3271 547 3313 captus,
573 3278 654 3304 cum
676 3272 819 3314 poterat
840 3270 976 3314 redire,
1001 3281 1074 3306 non
1096 3270 1213 3314 rediit,

127 3322 193 3357 pro
217 3315 319 3348 trans
336 3323 405 3358 uga
427 3313 592 3349 habetur.
638 3314 723 3349 item
751 3325 843 3358 eum,
875 3315 936 3360 qui
966 3316 1004 3351 in
1034 3315 1213 3361 praesidio

127 3359 256 3402 captus
278 3361 350 3402 est,
374 3357 412 3393 in
436 3358 560 3394 eadem
584 3358 793 3395 condicione
816 3370 895 3396 esse
919 3365 1055 3397 certum
1079 3364 1151 3397 est:
1184 3361 1214 3396 si

126 3405 246 3438 tamen
275 3412 319 3438 ex
349 3403 563 3448 improviso,
602 3403 687 3439 dum
716 3404 786 3440 iter
814 3405 903 3441 facit
931 3410 996 3442 aut
1024 3406 1214 3452 epistulam

126 3517 171 3559 (1)
193 3514 317 3549 militia
326 3528 389 3550 scr.
429 3536 431 3538 -
474 3519 517 3559 (2)
542 3517 707 3550 oausaeF
786 3518 832 3561 (3)
856 3518 924 3552 alio
935 3532 998 3554 scr.
1089 3521 1133 3562 (4)
1159 3530 1213 3553 ex-

126 3561 258 3594 auctori
270 3560 306 3594 F
391 3561 436 3604 (5)
458 3562 689 3605 gratiosiorem
701 3562 889 3597 Salmasius
984 3566 1029 3607 (6)
1054 3567 1104 3599 est
1120 3567 1214 3599 extra

127 3605 279 3640 ordinem
295 3607 357 3641 im.
371 3606 424 3640 Γ*
514 3608 558 3650 (7)
581 3608 638 3641 sed
655 3607 684 3640 si
700 3607 738 3641 id
754 3609 978 3644 transactione
993 3610 1119 3644 decidit
1135 3611 1213 3644 Sal-

127 3652 251 3685 masius
347 3651 392 3693 (8)
416 3652 540 3685 namF
626 3654 670 3695 (9)
694 3652 753 3687 sed
767 3655 828 3688 ins.
843 3654 896 3688 F2

127 3698 185 3738 (ιι)
208 3707 243 3730 se
254 3695 428 3730 sollicitari
439 3697 600 3731 sustinuit
609 3711 671 3732 scr.
765 3699 825 3741 (12)
848 3699 906 3732 sed
922 3702 1036 3743 postea
1050 3700 1212 3733 constitu-

128 3743 200 3775 tum
219 3744 286 3785 est,
309 3742 338 3775 si
355 3742 504 3776 animum
522 3743 711 3777 revertendi
730 3742 912 3786 aliquando
931 3745 1102 3779 habuisset
1124 3746 1212 3780 simi-

1214 105 1300 154 837

986 3657 1046 3698 (ιο)
1070 3655 1173 3688 militi
1185 3655 1219 3687 F

2002 117 2296 160 xxxxviiii
2330 121 2378 161 16
2428 183 2431 186 ἦ

1296 235 1316 267 6
1363 232 1444 285 fert,
1471 232 1635 285 capiatur
1659 236 1754 279 quis,
1788 238 1923 273 veniam
1948 242 2113 275 meretur.
2160 241 2193 276 A
2217 242 2381 278 barbaris

1294 287 1463 313 remissos
1492 278 1622 313 mihtes
1651 280 1702 314 ita
1730 283 1871 318 restitui
1902 288 2066 329 oportere
2089 286 2295 323 Hadrianus
2323 299 2379 324 re-

1295 323 1450 375 scripsit,
1475 323 1506 358 si
1529 324 1737 403 Ειοῦεὼιιιιι
1758 338 1796 362 se
1822 333 1945 380 captos
1971 331 2136 374 evasisse,
2165 343 2237 368 non
2262 337 2377 369 trans-

1294 367 1439 413 fugisse.
1483 378 1526 420 ·se
1582 368 1651 404 hoc
1682 370 1765 406 licet
1795 373 1927 417 liquido
1961 381 2125 412 constare
2153 387 2225 412 non
2253 380 2379 424 possit,

1294 417 1511 458 argumentis
1549 417 1668 450 tamen
1708 419 1989 462 cognoscendum
2028 424 2092 456 est.
2140 426 2176 457 et
2204 422 2236 459 si
2265 424 2379 459 bonus

1294 458 1394 494 miles
1419 462 1526 494 antea
1549 459 1758 497 aestimatus
1783 462 1866 505 fuit,
1897 475 2008 509 prope
2041 470 2109 510 est,
2142 471 2183 502 ut
2213 468 2379 504 adfirma-

1294 503 1383 539 tioni
1406 504 1483 539 eius
1508 504 1693 557 credatur:
1728 507 1758 541 si
1787 518 1969 544 remansor
1998 515 2061 545 aut
2084 512 2271 558 neglegens
2296 525 2379 550 suo-

1294 560 1373 584 rum
1404 553 1469 584 aut
1498 559 1617 594 segnis
1643 554 1706 585 aut
1729 556 1830 587 extra
1855 555 2124 591 contubernium
2148 568 2274 603 agens,
2307 570 2379 595 non

1294 597 1312 628 7
1362 594 1527 630 credetur
1550 595 1594 630 ei.
1644 595 1682 630 Si
1713 601 1796 641 post
1825 599 1975 633 multum
2007 603 2174 646 temporis
2203 604 2297 639 redit
2320 605 2380 650 qui

1293 639 1339 674 ab
1359 640 1536 692 ‘hostibus
1560 644 1695 693 ‘cap-tus
1726 645 1780 677 est
1805 646 1839 677 et
1863 648 2007 688 captum
2030 656 2127 690 eum,
2161 658 2233 683 non
2261 652 2377 686 trans-

1293 685 1428 729 fugisse
1452 689 1673 721 constiterit:
1704 690 1744 721 ut
1773 691 1961 724 veteranus
1991 690 2058 725 erit
2081 692 2320 730 restituendus
2344 699 2380 730 et

1294 732 1314 765 8
1360 730 1520 775 praemia
1555 734 1592 766 et
1631 732 1817 767 emeritum
1854 734 1959 779 capit.
2015 735 2082 779 Qui
2119 738 2310 784 transfugit
2345 745 2380 775 et

1292 780 1419 856 gostea
1456 775 1588 828 multos
1631 776 1790 812 latrones
1832 778 2067 823 adprehendit
2103 786 2139 817 et
2177 783 2380 829 transfugas

1317 825 1566 865 emonstravit,
1607 832 1714 867 posse
1734 826 1736 830 ’
1754 823 1787 858 ei
1822 824 1922 868 parci
1957 824 2057 861 divus
2088 822 2292 864 Ha‘drianus
2323 840 2379 865 re-

1292 866 1454 946 scripsit:
1481 867 1513 902 ei
1536 871 1657 903 tamen
1680 867 1864 913 pollicenti
1887 879 1930 904 ea
1950 870 2037 905 nihil
2058 873 2214 916 permitti
2225 874 2253 895 ¹⁸
2276 885 2380 920 opor-

1309 922 1380 947 ere.

1339 954 1364 994 6
1388 956 1495 992 IDEM
1515 957 1607 994 libro
1632 959 1737 994 tertio
1761 958 1806 994 de
1828 970 1868 994 re
1888 960 2039 995 militari
2083 961 2194 998 Omne
2214 963 2382 1000 delictum

1293 1005 1349 1038 est
1377 1002 1516 1047 militis,
1549 1003 1646 1048 quod
1676 1003 1796 1046 aliter,
1829 1014 1936 1049 quam
1968 1004 2156 1051 disciplina
2186 1010 2381 1046 communis

1293 1047 1420 1093 exigit,
1453 1048 1703 1084 committitur:
1735 1049 1844 1085 veluti
1867 1050 2040 1094 segnitiae
2065 1052 2197 1088 crimen
2218 1054 2274 1090 vel
2297 1065 2381 1090 con-

1295 1096 1311 1128 1
1361 1093 1538 1129 tumaciae
1567 1094 1624 1129 vel
1655 1094 1824 1130 desidiae.
1873 1095 1941 1139 Qui
1971 1106 2097 1132 manus
2126 1098 2247 1133 intulit
2278 1110 2382 1144 prae-

1292 1139 1426 1183 posito,
1462 1139 1580 1184 capite
1611 1139 1813 1184 puniendus
1847 1144 1913 1175 est.
1962 1145 2113 1186 augetur
2138 1146 2256 1179 autem
2279 1149 2382 1189 petu-

1292 1187 1312 1218 2
1359 1183 1493 1219 lantiae
1523 1184 1657 1220 crimen
1687 1184 1861 1230 dignitate
1891 1187 2097 1230 praepositi.
2150 1188 2383 1225 Contumacia

1293 1230 1406 1265 omnis
1437 1229 1608 1266 adversus
1639 1229 1767 1265 ducem
1799 1230 1855 1266 vel
1883 1231 2086 1276 praesidem
2115 1233 2235 1270 militis
2267 1235 2383 1280 capite

1294 1278 1312 1310 3
1360 1275 1542 1319 punienda
1580 1279 1645 1310 est.
1702 1275 1771 1320 Qui
1805 1276 1844 1310 in
1880 1276 1958 1312 acie
1995 1277 2094 1321 prior
2130 1278 2251 1324 fugam
2287 1280 2382 1323 fecit,

1290 1320 1539 1365 spectantibus
1570 1320 1743 1356 militibus
1772 1324 1922 1366 propter
1952 1323 2152 1367 exemplum
2178 1324 2294 1369 capite
2316 1337 2383 1370 pu-

1292 1369 1313 1400 4
1360 1365 1512 1401 niendus
1536 1366 1643 1401 est¹⁹.
1692 1366 1788 1401 ²⁰Ex
1814 1367 2008 1410 loratores,
2041 1368 2102 1412 qui
2130 1373 2270 1405 secreta
2293 1381 2381 1405 nun-

1290 1411 1472 1446 tiaverunt
1495 1411 1676 1454 hostibus,
1702 1378 1903 1457 proditores
1928 1416 2013 1448 sunt
2038 1417 2074 1448 et
2098 1414 2226 1459 capitis
2249 1426 2383 1460 poenas

1291 1460 1311 1491 5
1359 1456 1475 1492 luunt.
1524 1456 1594 1492 Sed
1624 1461 1661 1492 et
1692 1457 1883 1502 caligatus,
1917 1458 1977 1503 qui
2006 1462 2103 1494 metu
2126 1459 2284 1496 hostium
2305 1461 2382 1496 lan-

1291 1505 1312 1537 6
1359 1512 1508 1547 guorem
1531 1501 1719 1546 simulavit,
1744 1503 1782 1537 in
1802 1502 1881 1548 pari
1901 1513 2011 1538 causa
2030 1504 2081 1539 eis
2101 1505 2207 1540 est20.
2247 1505 2285 1541 Si
2328 1507 2384 1542 uis

1292 1547 1567 1583 commilitonem
1598 1548 1814 1591 vulneravit,
1854 1548 1885 1583 si
1917 1549 2058 1593 quidem
2087 1550 2222 1595 lapide,
2259 1548 2307 1586 ini
2321 1551 2384 1587 itia

1292 1596 1310 1627 7
1359 1592 1517 1635 reicitur,
1544 1593 1574 1628 si
1594 1593 1724 1637 gladio,
1751 1593 1885 1638 capital
1909 1594 2116 1630 admittit2¹.
2153 1595 2221 1640 Qui
2245 1606 2284 1632 se
2307 1597 2379 1632 vul-

1291 1637 1429 1673 neravit
1456 1638 1514 1674 vel
1544 1638 1635 1674 alias
1667 1642 1818 1674 mortem
1853 1639 1922 1675 sibi
1959 1640 2150 1683 conscivit,
2190 1641 2380 1687 imperato}

1289 1683 1496 1719 Hadrianus
1520 1684 1723 1729 rescripsit,
1753 1689 1794 1719 ut
1816 1684 1944 1721 modus
1969 1685 2044 1721 eius
2068 1686 2120 1721 rei
2145 1689 2301 1723 statutus
2325 1687 2383 1730 sit,

1291 1732 1341 1771 ut,
1367 1728 1400 1764 si
1420 1728 1648 1774 impatientia
1673 1729 1806 1765 doloris
1830 1733 1894 1765 aut
1916 1730 2034 1766 taedio
2059 1731 2152 1767 vitae
2177 1735 2241 1767 aut
2259 1733 2383 1769 morbo

1291 1777 1356 1808 aut
1377 1773 1501 1809 furore
1525 1778 1589 1809 aut
1612 1774 1750 1820 pudore
1773 1775 1864 1810 mori
1887 1775 2031 1819 maluit,
2065 1787 2138 1812 non
2161 1777 2382 1814 animadver-

1290 1822 1390 1854 tatur
1412 1819 1449 1854 in
1473 1830 1573 1863 eum,
1607 1820 1670 1855 sed
1700 1820 1893 1865 ignominia
1921 1821 2101 1864 mittatur,
2134 1822 2164 1858 si
2194 1822 2282 1858 nihil
2311 1823 2384 1859 tale

1289 1865 1521 1910 praetendat,
1557 1865 1675 1910 capite
1704 1866 1888 1911 puniatur.
1934 1877 2000 1911 per
2031 1865 2151 1902 vinum
2183 1871 2247 1903 aut
2275 1868 2382 1904 lasci-

1290 1910 1384 1945 viam
1408 1910 1520 1955 lapsis
1546 1911 1710 1956 capitalis
1733 1921 1851 1956 poena
1873 1912 2086 1947 remittenda
2110 1916 2166 1948 est
2184 1916 2219 1948 et
2238 1913 2383 1950 militiae

1291 1958 1310 1991 8
1357 1956 1507 1991 mutatio
1532 1956 1776 2001 irroganda²¹.
1822 1956 1891 2001 Qui
1914 1957 2160 2002 praepositum
2184 1969 2289 1993 suum
2311 1970 2383 1995 non

1288 2001 1458 2046 protexit,
1484 2012 1565 2037 cum
1589 2005 1722 2047 posset,
1747 2001 1784 2036 in
1807 2002 1888 2047 pari
1912 2013 2023 2038 causa
2045 2003 2175 2038 factori
2195 2004 2381 2040 habendus

1291 2050 1311 2081 9
1359 2050 1432 2082 est:
1464 2047 1496 2082 si
1518 2047 1686 2083 resistere
1708 2057 1781 2083 non
1804 2048 1941 2092 potuit,
1973 2048 2195 2093 parcendum
2218 2049 2262 2084 ei.
2311 2049 2381 2085 Sed

1274 2094 1328 2127 ·et
1350 2091 1388 2127 in
1412 2102 1492 2136 eos,
1525 2092 1588 2138 qui
1619 2092 1844 2138 praefectum
1874 2093 2057 2129 centuriae
2067 2094 2098 2115 ²²
2129 2104 2152 2129 a
2182 2094 2379 2131 latronibus

1290 2137 1571 2173 circumventum
1595 2137 1843 2181 deseruerunt,
1867 2138 2102 2174 animadverti
2124 2139 2273 2184 placuit.

1337 2180 1361 2219 7
1394 2183 1681 2219 TARRUNPENUS
1708 2183 1920 2219 PATERNUS
1950 2185 2042 2220 libro
2075 2185 2233 2220 secundo
2265 2185 2310 2220 de
2341 2196 2379 2220 re

1289 2228 1443 2264 militari
1491 2228 1698 2264 Proditores
1709 2229 1740 2249 ²³
1779 2228 1988 2274 transfugae
2024 2229 2233 2276 plerumque
2264 2230 2382 2276 capite

1289 2274 1490 2320 puniuntur
1512 2277 1550 2309 et
1572 2274 1797 2310 exauctorati
1820 2278 2050 2320 torquentur:
2075 2285 2158 2310 nam
2180 2286 2247 2321 pro
2266 2275 2379 2320 hoste,

1288 2330 1361 2355 non
1384 2329 1450 2364 pro
1474 2319 1585 2355 milite
1608 2319 1799 2355 habentur.

1335 2361 1360 2402 8
1392 2364 1590 2401 ULPJAst'
1617 2365 1709 2401 libro
1734 2368 1859 2400 octavo
1884 2365 2168 2411 disputationum
2215 2366 2283 2410 Qui
2305 2369 2378 2402 sta-

1287 2413 1348 2446 tus
1373 2410 1652 2446 controversiam
1675 2410 1873 2455 patiuntur,
1898 2410 1983 2446 licet
2001 2421 2041 2446 re
2060 2421 2144 2446 vera
2162 2410 2266 2446 liberi
2283 2414 2378 2454 sunt,

1288 2466 1361 2491 non
1402 2455 1535 2491 debent
1571 2466 1637 2500 per
1674 2455 1713 2490 id
1750 2459 1893 2500 tempus
1930 2466 2060 2491 nomen
2098 2456 2242 2491 militiae
2281 2456 2378 2500 dare,

1287 2501 1440 2536 maxime
1463 2500 1526 2536 lite
1550 2501 1725 2544 ordinata,
1754 2501 1828 2536 sive
1852 2512 1898 2536 ex
1922 2501 2089 2537 libertate
2111 2501 2149 2536 in
2173 2501 2377 2537 servitutem

1287 2546 1362 2582 sive
1392 2549 1519 2581 contra
1547 2549 1730 2592 petantur.
1784 2557 1849 2581 nec
1879 2546 1918 2581 hi
1947 2546 2103 2590 quidem,
2146 2547 2206 2591 qui
2235 2546 2375 2591 ingenui

1287 2592 1384 2627 bona
1406 2590 1477 2626 fide
1502 2591 1679 2627 serviunt:
1705 2591 1769 2628 sed
1788 2602 1855 2627 nec
1876 2591 1937 2637 qui
1955 2591 2000 2626 ab
2021 2592 2185 2628 hostibus
2205 2591 2379 2638 redempti

1287 2641 1381 2680 sunt,
1431 2636 1618 2682 riusquam
1642 2647 1682 2672 se
1704 2637 1817 2672 luant.

1333 2680 1359 2720 9
1430 2692 1626 2717 ARGIANUS
1660 2682 1752 2718 libro
1787 2682 1890 2716 tertio
1927 2682 2190 2717 institutionum
2243 2681 2377 2717 Milites

1285 2727 1522 2773 prohibentur
1552 2727 1702 2773 praedia
1732 2737 1941 2772 comparare
1963 2727 2000 2761 in
2024 2727 2080 2762 his
2103 2727 2309 2772 provinciis,
2340 2727 2377 2761 in

1311 2773 1414 2808 uibus
1454 2773 1609 2807 militant
1618 2773 1660 2815 2⁴,
1704 2776 1956 2817 praeterquam
1996 2772 2026 2807 si
2091 2776 2215 2807 aterna
2253 2781 2376 2808 eorum

1313 2829 1396 2854 scus
1421 2818 1616 2853 distrahat:
1648 2828 1733 2853 nam
1761 2818 1856 2853 hanc
1888 2818 2042 2871 speciem
2093 2827 2218 2853 everus
2242 2820 2278 2853 et
2300 2818 2375 2851 An-

1285 2864 1430 2899 toninus
1454 2864 1677 2899 remiserunt.
1726 2863 1789 2899 sed
1812 2866 1849 2898 et
1873 2863 2058 2915 stipendiis
2082 2862 2234 2914 impletis
2255 2872 2378 2914 ‘eme-re

1285 2909 1552 2954 permittuntur.
1588 2908 1676 2944 fisco
1696 2911 1815 2943 autem
1832 2908 2033 2943 vindicatur
2076 2907 2234 2942 raedium
2253 2907 2375 2941 ilhcite

1286 2957 1551 2999 comparatum,
1590 2953 1622 2989 si
1654 2953 1795 2989 delatus
1826 2953 1946 2988 fuerit.
1999 2963 2036 2988 se
2092 2956 2129 2987 et
2157 2953 2187 2987 si
2217 2951 2374 2987 nondum

1285 2999 1405 3035 delata
1437 3009 1548 3034 causa
1579 2998 1759 3044 stipendia
1785 2998 1933 3043 impleta
1966 2997 2037 3033 sint
2065 2998 2120 3032 vel
2143 2996 2263 3032 missio
2288 3006 2373 3031 con-

1290 3048 1302 3079 1
1352 3044 1482 3088 tigerit,
1507 3043 1678 3079 delationi
1698 3044 1799 3079 locus
1820 3054 1893 3079 non
1913 3046 1977 3079 est.
2013 3042 2147 3078 Milites
2172 3042 2202 3076 si
2225 3041 2372 3076 heredes

1286 3089 1477 3131 extiterint,
1502 3088 1687 3134 possidere
1710 3088 1761 3124 ibi
1783 3089 1932 3134 praedia
1954 3098 2026 3123 non
2075 3086 2295 3139 rohibentur.

1335 3133 1385 3172 10
1417 3134 1526 3169 Pata
1534 3143 1578 3169 σε
1613 3134 1706 3170 libro
1738 3134 1921 3180 sinqulari
1948 3143 2037 3179 requ
2053 3142 2157 3167 arum
2210 3130 2280 3175 Qui
2311 3140 2372 3165 ex-

1289 3183 1299 3214 1
1354 3179 1478 3215 cubias
1502 3178 1630 3224 palatii
1653 3179 1860 3222 deseruerit,
1886 3178 2002 3223 capite
2026 3175 2183 3229 punitur.
2231 3175 2313 3228 Sed·
2327 3186 2371 3211 ex

1285 3235 1396 3260 causa
1434 3223 1645 3260 desertionis
1684 3223 1870 3260 restitutus
1907 3223 1945 3258 in
1975 3222 2136 3257 militiam
2164 3231 2236 3255 non
2267 3220 2371 3255 ahter

1284 3270 1390 3305 medii
1421 3273 1491 3304 tem
1519 3269 1591 3305 oris
1624 3269 1840 3315 stipendium
1871 3271 1908 3303 et
1931 3267 2097 3303 donativa
2120 3265 2197 3301 acci
2222 3265 2251 3300 it
2259 3291 2279 3317 ‚⁸
2302 3265 2370 3301 nisi

1283 3316 1353 3350 hoc
1376 3314 1490 3349 libera
1504 3314 1573 3350 itas
1596 3314 1806 3360 principalis
1830 3313 1862 3349 ei
1885 3312 2089 3357 specialiter
2110 3310 2172 3346 ind
2231 3312 2307 3345 erit.
2359 3355 2366 3361 .

1333 3359 1380 3396 11
1404 3359 1642 3395 Manomws
1662 3359 1752 3395 libro
1770 3358 1926 3394 secundo
1945 3356 2154 3409 (mularum
2197 3355 2255 3408 Ab
2273 3365 2368 3390 omni

1282 3405 1409 3440 militia
1433 3404 1524 3439 servi
1546 3404 1799 3450 prohibentur:
1833 3403 1992 3447 alioquin
2017 3403 2134 3446 capite
2156 3402 2365 3445 pumuntur.

1284 3520 1369 3553 liave
1381 3520 1443 3552 ins.
1502 3519 1563 3561 (13)
1588 3519 1663 3557 ad§
1679 3523 1696 3550 4
1708 3518 1751 3559 cf.
1766 3516 1785 3548 l.
1801 3523 1831 3549 13
1847 3520 1863 3554 ξ
1879 3522 1895 3549 6
1910 3516 1940 3547 h.
1955 3522 1976 3548 t.
2039 3515 2098 3555 (ιιι)
2121 3512 2250 3546 ordinis
2260 3514 2294 3546 et
2304 3525 2366 3546 scr.

1283 3566 1341 3605 (15)
1368 3563 1500 3596 numeri
1512 3565 1585 3597 edd.
1651 3563 1709 3603 (18)
1735 3560 1813 3602 non]
1827 3559 1880 3592 vel
1891 3572 1952 3592 scr.
1968 3559 2128 3602 Krueyer,
2143 3565 2278 3591 autnon
2290 3567 2366 3590 oum

1282 3608 1526 3642 necessitudine
1544 3608 1605 3641 del.
1721 3607 1779 3648 (ιτ)
1803 3604 2014 3646 abigeatusve
2031 3615 2094 3636 scr.
2205 3603 2266 3644 (18)
2288 3612 2366 3646 pro-

1280 3653 1373 3686 mitti
1385 3654 1458 3687 edd.
1519 3654 1580 3694 (1⁹)
1601 3661 1635 3685 es
1646 3650 1682 3683 F
1738 3651 1802 3691 (20)
1821 3651 1869 3682 sic
1882 3650 2020 3682 ordina.-
2034 3655 2060 3682 3.
2074 3655 2101 3681 5.
2115 3654 2143 3681 4.
2156 3654 2174 3682 θ
2189 3647 2364 3691 (Krueyer)

1281 3699 1341 3742 (21)
1360 3706 1439 3742 post
1450 3696 1624 3735 admittit§
1638 3696 1723 3738 ofin.
1735 3696 1795 3729 ins.
1805 3705 1864 3737 pei·
1879 3694 1993 3727 vinum
2006 3717 2013 3725 .
2022 3717 2029 3725 .
2039 3717 2047 3725 .
2060 3692 2240 3743 irroganda
2251 3697 2268 3743 Q
2279 3700 2294 3726 ἰ
2299 3694 2363 3735 fin.

1283 3745 1345 3786 (22)
1370 3743 1638 3777 centurionemve
1649 3752 1711 3774 scr.
1813 3739 1875 3781 (23)
1900 3741 1933 3772 et
1945 3739 2003 3772 ins.
2082 3739 2143 3780 (24)
2170 3737 2326 3770 militiam
2339 3738 2371 3770 F
