2528 3918
91 197 93 199 ,
159 160 325 190 mains

159 268 230 306 scri
255 271 305 311 to,
330 267 392 302 sed
417 268 501 313 quia
525 267 569 303 de
591 268 751 314 paternis
775 268 899 304 testari
923 269 1065 304 volebat
1086 272 1122 305 et
1142 268 1251 304 alium

162 318 175 349 1
254 312 393 349 eredem
417 312 584 348 scribere.
629 313 699 349 Sed
723 313 754 349 si
776 313 848 349 iam
871 318 1059 350 veteranus
1085 314 1250 358 decessit,

158 358 324 395 universa
355 358 450 394 bona
483 358 589 393 etiam
646 362 769 393 aterna
801 358 848 394 ad
878 359 1044 395 heredem
1071 360 1251 405 pertinere

159 403 393 440 castrensium
408 403 602 439 Marcellus
639 404 716 439 ibro
742 404 877 440 decimo
891 405 901 425 ¹
928 404 1145 449 digestorum
1160 404 1248 441 scri-

157 449 227 485 bit:
253 459 277 483 11
323 458 369 484 118
392 448 483 484 8111111
504 449 575 483 18111
595 449 713 494 potuit
733 448 778 484 de
795 453 899 495 parte
918 449 1094 485 bonorum
1112 449 1249 486 testari.

159 497 178 529 2
225 493 275 528 Et
323 494 476 539 eportati
500 498 535 529 et
557 493 633 529 fere
656 504 789 537 omnes,
814 495 875 540 qui
898 495 1103 531 testamenti
1122 494 1249 531 factio-

157 550 236 575 nem
268 548 341 574 non
372 539 524 581 habent,
556 549 579 574 a
609 539 719 575 milite
749 540 898 576 heredes
925 540 1063 576 institui
1085 542 1248 586 possunt.

157 584 220 620 sed
243 583 274 619 si
297 593 438 620 servum
461 594 599 629 poenae
622 584 788 620 heredem
807 585 954 628 scribat,
978 586 1157 621 institutio
1177 595 1250 621 non

155 628 305 665 valebit:
335 629 399 665 sed
423 629 453 665 si
477 629 600 665 mortis
625 633 785 675 tempore
807 630 845 666 in
870 630 1014 667 civitate
1036 631 1249 674 inveniatur,

155 673 332 710 institutio
363 674 491 720 incipit
515 675 763 711 convalescere
787 675 890 722 quasi
913 687 1010 711 nunc
1036 676 1122 712 data
1145 677 1249 712 here-

157 719 279 755 ditate.
327 723 362 755 et
384 719 596 764 generaliter
616 721 653 756 in
674 721 839 756 omnibus
858 720 895 756 id
915 722 1049 767 poterit
1069 721 1139 757 dici
1160 730 1250 767 quos

156 765 255 800 miles
279 765 404 801 scribit
426 765 595 809 heredes,
628 769 669 801 ut
695 765 871 802 institutio
896 766 1046 812 incipiat
1068 767 1160 802 vires
1184 767 1249 802 ha-

155 810 259 853 bere,
291 809 322 846 si
344 810 470 846 mortis
493 814 655 856 tempore
677 811 759 847 talis
783 811 1001 855 inveniatur,
1030 816 1071 847 ut
1095 823 1116 847 a
1139 812 1251 848 milite

156 858 176 891 3
222 855 362 892 institui
395 856 554 902 potuerit
563 857 589 891 ².
646 856 683 892 Si
720 867 861 893 servum
926 858 1104 903 roprium,
1145 867 1250 903 quem

155 900 307 936 liberum
330 910 410 937 esse
434 900 653 945 credidisset,
678 902 779 938 miles
803 902 888 937 here
915 914 970 938 em
990 902 1066 938 sine
1085 903 1251 938 libertate

154 945 320 989 instituit,
340 946 378 982 in
399 956 441 982 ea
462 946 672 983 condicione
692 951 757 990 est,
778 950 819 983 ut
837 948 1014 984 institutio
1032 958 1104 984 non
1120 948 1249 984 valeat.

155 994 177 1026 4
225 990 313 1027 Cum
347 991 447 1027 miles
485 992 522 1027 in
562 995 774 1028 testamento
811 1003 876 1029 suo
914 1004 1014 1029 servo
1049 993 1250 1029 libertatem

156 1036 294 1072 dederit
324 1036 507 1090 eidemque
538 1041 574 1073 et
604 1048 626 1073 a
656 1039 769 1084 primo
806 1042 842 1074 et
877 1049 899 1074 a
930 1038 1088 1075 secundo
1120 1037 1251 1074 herede

154 1091 220 1128 per
242 1081 556 1118 fideicommissum
579 1083 813 1119 hereditatem
839 1084 1022 1129 reliquerit
1031 1085 1056 1127 ³,
1089 1083 1249 1130 quamvis

156 1131 191 1163 et
221 1127 356 1173 primus
387 1128 489 1164 heres
521 1131 558 1163 et
588 1129 823 1171 substitutus,
855 1129 1066 1174 priusquam
1094 1128 1249 1164 adierint

154 1172 406 1216 hereditatem,
437 1177 585 1209 mortem
609 1174 791 1216 obierunt,
825 1185 897 1210 non
929 1174 1059 1210 debere
1090 1173 1250 1210 intestati

156 1218 290 1253 exitum
328 1217 449 1254 facere
487 1219 682 1264 imperator
720 1223 843 1255 noster
880 1230 960 1255 cum
1002 1219 1081 1256 divo
1118 1220 1248 1255 Severo

155 1263 357 1309 rescripsit:
390 1263 452 1299 sed
485 1264 633 1317 perinde
663 1265 868 1300 habendum
900 1269 974 1307 est,
1008 1275 1051 1300 ac
1079 1265 1110 1301 si
1134 1264 1249 1300 eidem

155 1318 257 1344 servo
287 1309 434 1344 libertas
467 1310 572 1345 simul
604 1314 639 1345 et
667 1310 846 1346 hereditas
872 1310 1007 1346 directo
1032 1310 1118 1346 data
1143 1313 1248 1352 esset,

156 1363 249 1399 quae
279 1356 432 1399 utraque
462 1355 509 1390 ad
541 1365 620 1391 eum
651 1355 836 1402 pervenire
863 1359 1070 1392 testatorem
1094 1355 1249 1391 voluisse

155 1410 179 1435 n
225 1398 278 1434 ari
301 1409 374 1435 non
397 1402 529 1444 potest.

230 1443 255 1481 4
298 1444 533 1480 MAECIANUS
576 1445 667 1481 libro
713 1448 847 1498 quarto

155 1489 417 1532 Tractabatur,
446 1500 493 1525 an
517 1490 589 1526 tale
614 1490 747 1537 aliqu1d
772 1494 808 1527 et
829 1491 868 1526 in
891 1501 1113 1537 paganorum
1136 1494 1248 1527 testa-

153 1534 281 1570 mentis
312 1534 566 1580 indulgendum
599 1540 711 1572 esset:
745 1540 781 1572 et
810 1537 931 1582 placet
961 1547 1035 1573 non
1067 1537 1145 1572 sine
1177 1536 1248 1572 dis-

153 1579 326 1615 tinctione
349 1580 419 1616 hoc
442 1580 537 1624 fieri,
569 1581 651 1624 sed,
687 1582 718 1617 si
747 1581 889 1627 quidem
912 1582 990 1618 vivo
1015 1586 1190 1618 testatore
1213 1585 1250 1617 et

154 1625 290 1661 sciente
314 1625 561 1668 decessissent,
586 1627 674 1662 nihil
698 1627 781 1663 novi
805 1627 1046 1670 statuendum,
1075 1627 1105 1663 si
1129 1630 1249 1663 autem

153 1671 341 1716 ignorante
380 1674 444 1706 aut
481 1675 564 1717 post
602 1675 750 1707 mortem
786 1672 883 1715 eius,
924 1673 1126 1709 omnimodo
1163 1672 1247 1708 sub-

154 1715 375 1752 veniendum.

203 1759 253 1799 15
286 1760 482 1797 Urpmos
502 1761 592 1796 libro
617 1761 897 1809 quadraqesimo
922 1763 1048 1809 quinto
1080 1762 1130 1798 ad
1152 1762 1247 1799 edic-

154 1810 227 1842 tum
274 1807 317 1842 In
338 1805 501 1842 fraudem
525 1806 632 1850 plane
652 1807 867 1843 creditorum
886 1818 953 1844 nec
972 1808 1074 1844 miles
1094 1808 1247 1853 amplius

157 1856 171 1887 1
222 1862 329 1898 quam
363 1862 475 1887 unum
512 1853 754 1887 necessarium
793 1852 914 1889 facere
948 1854 1090 1898 poterit.
1148 1853 1249 1889 Sicut

154 1901 274 1933 autem
297 1897 532 1933 hereditatem
556 1897 656 1932 miles
680 1897 778 1933 nuda
800 1899 985 1934 voluntate
1009 1898 1095 1934 dare
1116 1902 1246 1943 potest,

153 1943 204 1978 ita
229 1946 263 1978 et
287 1942 444 1978 adimere
467 1945 598 1987 potest.
636 1942 787 1989 denique
810 1943 840 1978 si
865 1943 1113 1979 cancellaverit
1135 1947 1246 1979 testa-

153 1992 311 2023 mentum
335 1998 440 2023 suum
463 1987 518 2023 vel
540 1987 723 2030 inciderit,
748 1988 880 2024 nullius
905 1989 972 2024 erit
994 1989 1181 2024 momenti:
1217 1988 1247 2024 si

888 1445 1248 1492 fideicommissorum

153 2037 272 2068 tamen
303 2036 557 2068 testamentum
589 2034 840 2069 cancellaverit
870 2037 906 2069 et
936 2044 1020 2069 mox
1042 2034 1162 2070 valere
1184 2044 1246 2069 vo-

152 2079 276 2121 luerit,
309 2078 441 2113 valebit
474 2088 517 2113 ex
546 2080 735 2123 suprema⁴
759 2079 953 2115 voluntate.
1002 2082 1038 2115 et
1060 2079 1140 2115 ideo
1166 2090 1247 2115 cum

153 2124 252 2159 miles
276 2123 476 2158 induxisset
498 2126 750 2159 testamentum
774 2134 896 2167 suum,
929 2135 1012 2160 mox
1044 2125 1151 2160 anulo
1180 2135 1245 2160 suo

154 2169 341 2214 signasset,
364 2168 425 2213 qui
440 2179 483 2203 su
511 2178 549 2203 er
566 2179 608 2203 ea
625 2180 665 2204 re
685 2169 892 2214 cogniturus
909 2170 976 2204 erit
994 2170 1245 2212 considerabit,

155 2225 224 2260 quo
249 2214 433 2259 proposito
458 2213 470 2249 i
517 2212 660 2249 fecerit:
694 2225 777 2249 nam
808 2215 838 2250 si
869 2218 1029 2250 mutatae
1051 2215 1246 2251 voluntatis

155 2270 235 2294 eum
255 2259 496 2304 paenituisse-'³
519 2259 741 2304 probabitur,
765 2264 973 2296 renovatum
992 2263 1246 2297 testamentum

153 2304 393 2349 intellegetur:
420 2303 516 2349 quod
540 2304 570 2339 si
593 2304 685 2347 ideo,
710 2315 756 2340 ne
781 2315 823 2340 ea
840 2315 933 2350 quae
950 2306 1086 2351 scripta
1101 2305 1247 2342 fuerant

152 2350 220 2395 legi
243 2349 392 2394 possint,
418 2359 530 2384 causa
552 2350 642 2384 irriti
665 2350 754 2386 facti
777 2350 898 2386 iudicii
921 2351 1041 2396 potior
1064 2351 1244 2388 existima-

154 2397 174 2430 2
222 2395 328 2430 bitur.
365 2393 633 2430 Testamentum
653 2399 737 2431 ante
755 2396 915 2431 militiam
931 2396 1068 2432 factum
1085 2407 1107 2432 a
1123 2397 1245 2439 milite,

154 2440 184 2476 si
207 2440 245 2475 in
268 2439 393 2475 militia
417 2439 619 2484 decesserit,
643 2441 721 2476 iure
744 2441 888 2477 militari
911 2442 1038 2484 valere,
1071 2442 1102 2478 si
1125 2442 1246 2478 militis

152 2485 318 2521 voluntas
359 2486 539 2521 contraria
577 2497 650 2522 non
690 2486 753 2529 sit,
794 2487 894 2522 divus
926 2487 1013 2522 Pius
1047 2488 1160 2523 rescri
1187 2487 1244 2523 sit.

154 2533 174 2566 3
223 2530 260 2565 Si
284 2530 362 2576 quis
387 2540 425 2565 se
450 2530 584 2566 scribat
605 2531 772 2567 heredem
803 2531 841 2567 in
871 2536 1085 2568 testamento
1111 2533 1156 2568 111·
1175 2533 1243 2576 ’tis,

153 2578 174 2610 4
222 2586 295 2611 non
324 2575 516 2611 remittitur
547 2576 579 2611 ei
610 2581 755 2612 senatus
789 2578 942 2613 consulti
969 2587 1096 2622 poena.
1144 2578 1244 2614 Miles

154 2624 189 2656 et
220 2621 266 2655 ad
297 2625 437 2666 tempus
469 2620 634 2657 heredem
663 2622 784 2657 facere
814 2626 934 2668 potest
969 2627 1004 2658 et
1030 2623 1140 2659 alium
1190 2627 1247 2660 ost

153 2669 172 2700 5
221 2670 361 2711 tempus
382 2666 438 2701 vel
458 2677 502 2702 ex
522 2667 731 2702 condicione
750 2667 805 2702 vel
823 2668 859 2703 in
878 2668 1132 2704 condicionem.
1175 2672 1246 2704 tem

153 2715 227 2746 tam
251 2711 318 2746 sibi
342 2722 449 2757 quam
472 2711 546 2747 filio
569 2712 647 2748 iure
670 2712 813 2747 militari
844 2716 1098 2749 testamentum
1125 2713 1246 2750 facere

153 2759 290 2801 potest:
323 2760 359 2791 et
390 2757 456 2792 soli
487 2756 579 2800 filio,
611 2758 753 2793 tametsi
785 2757 852 2793 sibi
876 2769 948 2793 non
972 2758 1116 2794 fecerit:
1149 2759 1245 2804 quod

155 2804 409 2836 testamentum
432 2802 583 2845 valebit,
609 2803 639 2838 si
662 2803 755 2838 forte
778 2807 882 2848 pater
904 2804 959 2839 vel
983 2804 1020 2838 in
1043 2804 1168 2839 militia
1190 2806 1246 2840 vel

156 2849 175 2881 6
221 2846 317 2881 intra
348 2857 481 2882 annum
512 2848 657 2883 militiae
682 2848 844 2883 decessit.
893 2848 1077 2884 Bonorum
1101 2860 1244 2894 posses-

154 2891 289 2927 sionem
320 2892 416 2927 ultra
447 2896 609 2938 tempora
632 2893 749 2929 edicto
774 2893 1010 2929 determinata
1034 2904 1100 2930 nec
1124 2894 1245 2931 militis

154 2946 261 2981 posse
277 2936 448 2982 adgnosci
463 2937 683 2983 Papinianus
701 2939 792 2974 libro
809 2943 937 2984 quarto
959 2939 1095 2975 decimo
1117 2950 1244 2985 quaes-

154 2981 291 3016 tionum
315 2982 450 3025 scribit,
500 2983 559 3018 uia
581 2984 755 3029 generalis
780 2988 834 3019 est
856 2984 927 3020 ista
951 2984 1209 3021 determinatio.

204 3024 254 3063 16
278 3026 439 3063 PAULUS
459 2994 549 3063 Zzffiro
574 3029 852 3075 quadraqesimo
877 3030 981 3065 tertio
1015 3030 1066 3065 ad
1090 3030 1244 3066 edictum

155 3070 319 3106 Dotalem
351 3072 502 3108 fundum
534 3074 565 3108 si
594 3074 761 3119 legaverit
791 3074 907 3118 miles,
939 3085 1012 3110 non
1038 3074 1104 3110 erit
1127 3079 1245 3111 ratum

155 3115 311 3160 legatum
334 3122 480 3162 propter
502 3118 616 3163 legem
638 3119 775 3155 Iuliam.

185 3159 254 3213 ‚17
292 3161 415 3198 Gaws
445 3163 535 3199 libro
568 3165 693 3209 quinto
726 3165 862 3200 decimo
895 3165 944 3200 ad
974 3165 1128 3201 edictum
1153 3176 1243 3212 pro-

156 3206 308 3241 vmciale
342 3206 380 3242 Si
403 3211 578 3243 certarum
602 3219 720 3244 rerum
744 3209 893 3245 heredes
917 3210 1110 3245 instituerit
1131 3211 1243 3253 miles,

157 3250 265 3301 veluti
279 3251 385 3286 alium
399 3253 619 3288 urbanorum
636 3254 874 3299 praediorum,
892 3255 1002 3290 alium
1017 3256 1242 3299 rusticorum,

157 3294 487 3346 ahumsseterarum
509 3309 647 3341 rerum,
672 3300 803 3334 valebit
826 3300 1003 3336 institutio
1027 3301 1244 3347 perindeque

157 3339 366 3390 habebitur,
398 3346 505 3387 atque
539 3344 570 3379 si
601 3344 678 3379 sine
701 3345 863 3389 partibus
886 3345 1035 3381 heredes
1060 3356 1120 3381 eos
1144 3346 1244 3382 insti-

156 3387 284 3419 tu1sset
306 3395 433 3430 resque
456 3398 578 3423 omnes
602 3399 686 3424 suas
711 3400 775 3434 per
797 3391 1087 3435 praeceptionem
1116 3392 1244 3436 cuique

162 3431 202 3480 1.
225 3428 374 3474 legando
399 3430 646 3483 distribuisset.
693 3435 851 3470 Iulianus
877 3435 983 3470 etiam
1007 3436 1076 3479 ait,
1110 3437 1141 3471 si
1164 3436 1243 3481 quis

158 3473 266 3526 ahum
286 3477 518 3511 castrensium
537 3488 666 3522 rerum,
691 3480 799 3515 alium
817 3483 1014 3515 ceterarum
1031 3481 1242 3526 scripsisset,

158 3528 259 3569 quasi
283 3518 433 3571 duorum
454 3520 636 3558 hominum
661 3523 749 3559 duas
773 3525 989 3561 hereditates
1012 3525 1178 3571 intellegi,
1203 3530 1243 3561 ut

158 3567 264 3598 etlam
294 3575 332 3599 111
363 3574 424 3600 888
455 3565 627 3610 alienum,
663 3569 759 3614 quod
790 3570 826 3604 in
858 3570 985 3605 castris
1018 3575 1242 3606 contractum

159 3678 197 3718 (1)
223 3677 399 3710 undecimo
411 3678 465 3711 1⁴³⁶

159 3723 202 3763 (4)
227 3722 374 3764 supraF

161 3770 202 3806 (8)
228 3769 334 3799 totum
347 3779 407 3801 scr.

581 3680 622 3720 (2)
647 3682 772 3722 poterit
784 3683 819 3715 F

432 3726 473 3764 (5)
497 3724 634 3766 penitus
647 3736 681 3757 se
693 3726 725 3758 F
783 3728 826 3767 (6)
851 3728 921 3760 aeri
931 3740 995 3763 scr.

472 3769 515 3810 (9)
541 3768 610 3801 sola
623 3770 876 3804 exheredatione
889 3773 1057 3806 hereditas
1071 3775 1240 3807 Muelzlen-

1238 142 1325 191 397

935 3685 976 3725 (3)
1001 3683 1202 3727 pleriquerit
1214 3684 1249 3717 F

1059 3732 1101 3770 (7)
1127 3740 1201 3762 aere
1216 3730 1251 3762 F

2149 150 2361 192 XXVIIII
2394 154 2413 193 1

1320 272 1425 311 esset,
1450 268 1549 304 solus
1572 268 1603 304 is
1627 271 1803 310 teneatur,
1830 270 1890 314 qui
1914 272 2151 308 castrensium
2170 282 2289 308 rerum
2312 273 2416 310 heres

1318 313 1505 350 institutus
1538 317 1649 355 esset,
1683 316 1786 349 extra
1810 318 1931 350 castra
1955 320 2139 353 contracto
2165 319 2275 354 aere*⁵
2298 318 2415 356 alieno

1318 358 1349 395 is
1373 359 1472 395 solus
1497 359 1684 404 obligetur,
1709 358 1771 404 qui
1791 362 1988 396 ceterarum
2005 372 2124 398 rerum
2140 363 2243 399 heres
2260 363 2416 409 scriptus

1320 407 1425 440 esset.
1471 403 1530 440 cui
1553 403 1691 440 scilicet
1715 404 1926 441 conveniens
1950 406 2088 443 videtur
2111 408 2351 454 respondisse,
2375 412 2417 446 ut

1320 459 1366 485 ex
1390 459 1535 502 quaqua
1559 459 1670 485 causa
1694 448 1868 485 debeatur
1888 450 2001 494 militi,
2025 453 2081 488 vel
2104 453 2188 489 huic
2213 454 2337 490 heredi
2360 454 2414 491 vel

1318 494 1370 530 illi
1402 504 1480 540 ipso
1513 494 1590 530 iure
1623 494 1806 530 debeatur.
1855 495 1951 540 quod
1984 496 2014 531 si
2045 498 2218 534 alterutra
2241 510 2326 545 pars
2349 500 2414 536 bo-

1319 550 1447 575 norum
1471 540 1571 575 aeri⁷
1594 539 1722 582 alieno,
1772 539 1845 575 uod
1869 550 1913 575 ex
1937 551 1980 576 ea
2005 552 2115 578 causa
2138 544 2317 589 pendebit,
2342 555 2416 581 non

1320 584 1479 621 sufficiat
1512 589 1549 621 et
1582 588 1729 631 propter
1790 595 1834 620 oc
1868 585 1899 621 is
1931 585 1993 631 qui
2025 597 2069 622 ex
2103 598 2145 623 ea
2175 594 2280 634 parte
2311 591 2415 627 heres

1318 629 1506 666 institutus
1530 633 1586 666 est
1609 640 1681 666 11011
1705 629 1850 673 adierit,
1884 630 2036 667 alterum
2068 633 2129 678 qui
2161 634 2294 671 adisset
2319 646 2415 671 com-

1319 675 1525 720 pellendum
1550 685 1628 711 esse
1651 678 1715 711 aut
1738 674 1931 711 defendere
1954 679 2067 713 totam
2090 677 2323 715 hereditatem
2351 683 2416 716 aut

1320 723 1340 755 2
1387 721 1528 756 totam⁸
1551 720 1789 756 creditoribus
1810 721 1957 757 solvere.
1996 721 2034 757 Si
2057 722 2182 759 eodem
2201 728 2414 762 testamento

1319 765 1420 801 miles
1446 765 1598 802 eundem
1622 765 1808 809 heredem,
1833 765 1962 803 deinde
1984 767 2196 804 exheredem
2221 771 2414 816 scripserit,

1320 810 1489 857 adempta
1511 810 1652 846 videtur
1674 810 1866 854 hereditas,
1893 821 1974 847 cum
1997 812 2035 848 in
2058 823 2280 866 paganorum
2304 819 2415 852 testa-

1317 860 1438 892 mento
1456 855 1535 892 sola
1548 855 1730 891 hereditas
1748 856 2049 894 exheredatione⁹
2069 858 2177 894 adimi
2197 870 2268 895 non
2288 861 2414 905 possit.

1319 904 1339 937 3
1387 901 1426 937 Si
1448 905 1554 954 pater
1578 911 1600 936 a
1623 900 1696 936 filio
1721 900 1875 938 familias
1891 902 2002 939 milite
2020 913 2064 939 ex
2081 906 2256 941 castrensi
2274 906 2414 950 peculio

1318 946 1422 982 heres
1456 946 1644 982 mstitutus
1678 946 1811 982 omissa
1843 957 1954 983 causa
1985 949 2190 985 testamenti
2213 950 2347 996 aliquid
2371 962 2416 988 ex

1318 991 1460 1037 peculio
1522 991 1695 1028 ossidebit
1726 991 1851 1028 dolove
1882 992 1976 1029 malo
2008 993 2154 1038 fecerit,
2196 1006 2265 1040 quo
2298 996 2415 1033 minus

1319 1040 1340 1072 4
1387 1036 1486 1082 possi
1514 1040 1606 1080 eret,
1647 1036 1756 1072 datur
1789 1037 1827 1073 in
1864 1047 1945 1073 eum
1982 1039 2180 1084 legatorum
2216 1041 2321 1076 actio.
2377 1041 2416 1078 Si

1318 1082 1419 1117 miles
1451 1085 1706 1119 testamentum
1729 1082 1768 1118 in
1791 1082 1916 1118 militia
1939 1083 2083 1127 fecerit,
2118 1085 2300 1122 codicillos
2333 1090 2417 1132 post

1318 1127 1481 1163 militiam
1515 1130 1551 1164 et
1580 1127 1676 1164 intra
1704 1138 1838 1163 annum
1861 1128 2041 1165 missionis
2064 1130 2258 1174 moriatur,
2289 1132 2416 1176 pleris-

1319 1182 1389 1254 que
1420 1173 1541 1219 placet
1566 1172 1605 1208 in
1630 1171 1803 1209 codicillis
1826 1173 1914 1210 iuris
1939 1173 2050 1210 civilis
2074 1176 2233 1220 regulam
2258 1177 2415 1222 spectari

1345 1219 1469 1262 ebere,
1503 1217 1589 1264 quia
1620 1228 1693 1254 non
1724 1222 1809 1254 sunt
1840 1229 1862 1254 a
1893 1219 2003 1255 milite
2032 1220 2139 1264 facti,
2174 1231 2240 1257 nec
2272 1222 2318 1257 ad
2342 1233 2416 1258 rem

1317 1264 1510 1316 pertinere,
1535 1263 1631 1309 quod
1654 1266 1868 1300 testamento
1894 1264 2097 1301 confirmati
2119 1270 2214 1302 sunt.
2263 1267 2343 1304 ideo
2371 1279 2416 1304 ue

1318 1320 1355 1344 111
1379 1309 1435 1344 his
1458 1309 1604 1355 legatis,
1637 1319 1730 1355 quae
1752 1313 1966 1346 testamento
1993 1310 2078 1347 data
2103 1316 2206 1356 sunt,
2239 1312 2307 1358 legi
2363 1313 2415 1349 al-

1319 1354 1433 1390 cidiae
1449 1355 1569 1391 locum
1585 1364 1658 1390 non
1676 1365 1764 1398 esse,
1785 1358 1824 1390 at
1839 1355 1878 1390 in
1895 1355 1963 1399 his,
1982 1366 2075 1402 quae
2091 1357 2263 1393 codicillis
2281 1358 2417 1404 scripta

1319 1404 1403 1436 sunt
1439 1400 1559 1436 locum
1584 1410 1673 1436 esse.

1367 1426 1418 1484 1&
1445 1445 1726 1482 TRYPHONJNUS
1753 1444 1845 1482 libro
1877 1449 2003 1482 octavo
2036 1446 2174 1483 decimo
2199 1448 2415 1495 disputatio-

1317 1501 1403 1526 num
1452 1490 1490 1526 Si
1520 1500 1603 1527 vero
1637 1490 1837 1536 composita
1867 1494 2022 1537 utraque
2044 1492 2181 1538 legata,
2216 1498 2289 1529 tam
2323 1505 2416 1540 quae

1317 1539 1534 1572 testamento
1558 1546 1667 1582 quam
1690 1546 1783 1581 quae
1808 1536 1978 1572 codicillis
2004 1537 2090 1572 data
2110 1543 2205 1581 sunt,
2231 1539 2327 1575 ultra
2351 1540 2414 1576 do-

1320 1581 1482 1617 drantem
1506 1581 1597 1624 sint,
1630 1581 1831 1627 quaeritur,
1862 1585 2038 1626 quatenus
2063 1583 2269 1620 minuantur
2294 1595 2354 1625 ea,
2377 1585 2415 1621 in

1345 1627 1451 1663 uibus
1476 1626 1640 1662 Falcidia
1671 1627 1791 1662 locum
1818 1627 1938 1662 habet.
1988 1629 2271 1665 commodissime
2295 1637 2415 1666 autem

1317 1672 1329 1707 i
1378 1675 1578 1715 statuetur,
1610 1674 1652 1707 ut
1676 1682 1720 1708 ex
1744 1671 1975 1707 universitate
1999 1673 2176 1709 bonorum
2200 1675 2237 1709 in
2261 1675 2414 1711 solidum

1318 1717 1444 1753 solutis
1458 1719 1486 1738 ¹⁰
1520 1717 1646 1762 legatis
1683 1727 1775 1762 quae
1809 1720 2024 1754 testamento
2062 1719 2160 1755 miles
2197 1719 2344 1756 dederat
2377 1721 2415 1757 id

1318 1762 1415 1808 quod
1446 1762 1622 1808 supererit
1652 1773 1718 1807 pro
1752 1762 1928 1798 dodrante
1952 1767 1988 1798 et
2036 1764 2212 1800 uadrante
2235 1765 2415 1802 dividatur

1316 1808 1411 1843 inter
1440 1807 1589 1843 heredes
1622 1810 1659 1842 et
1691 1817 1771 1850 808,
1812 1807 1941 1853 quibus
1975 1819 2017 1845 co
2046 1809 2147 1846 ‘cillis
2179 1810 2296 1856 legata
2328 1811 2415 1848 data

1321 1856 1336 1888 1
1385 1857 1481 1888 sunt.
1522 1852 1614 1897 Quid
1639 1863 1721 1898 ergo
1746 1853 1777 1888 si
1802 1857 2015 1888 consumant
2033 1854 2280 1892 universorum
2299 1856 2413 1893 bono-

1316 1909 1396 1934 rum
1428 1899 1665 1943 quantitatem
1696 1898 1814 1943 legata
1845 1908 1938 1943 quae
1968 1902 2182 1936 testamento
2208 1900 2294 1936 data
2318 1905 2413 1945 sunt,

1317 1947 1436 1979 utrum
1453 1943 1541 1978 nihil
1555 1942 1674 1978 ferent
1688 1942 1737 1985 hi,
1763 1942 1891 1988 quibus
1910 1943 2081 1980 codicillis
2100 1945 2256 1990 legatum
2277 1950 2341 1989 est,
2366 1957 2414 1983 an

1316 1987 1476 2034 aliquid?
1517 1991 1553 2024 et
1584 1987 1771 2033 quoniam,
1805 1987 1835 2023 si
1867 1987 1987 2024 adhuc
2017 1989 2117 2025 miles
2149 1990 2240 2027 haec
2272 2002 2415 2038 quoque

1315 2034 1349 2069 18
1373 2036 1488 2076 asset,
1522 2033 1844 2069 contribuebantur
1873 2034 1992 2069 omnia
2016 2038 2052 2070 et
2073 2045 2140 2080 pro
2164 2040 2244 2072 rata
2269 2047 2314 2073 ex
2337 2047 2409 2073 om-

1315 2045 1422 2114 11ὶὶ118
1448 2078 1644 2114 decedebat
1669 2088 1711 2114 ea
1735 2078 1873 2124 portio,
1909 2089 2016 2124 quam
2048 2080 2203 2126 amplius
2234 2082 2410 2128 legaverat

1340 2134 1422 2160 uam
1452 2124 1490 2159 in
1520 2123 1625 2159 bonis
1660 2124 1856 2167 habuerat,
1896 2135 1993 2160 nunc
2029 2136 2171 2172 quoque
2205 2126 2299 2163 idem
2330 2127 2412 2164 fiet:

1316 2135 1443 2205 deinde
1468 2169 1665 2205 constituta
1689 2170 1888 2215 quantitate
1912 2170 2108 2216 legatorum
2129 2182 2221 2217 quae
2241 2172 2413 2210 codicillis

1316 2215 1402 2251 data
1426 2216 1550 2250 sunt¹¹
1583 2225 1627 2250 ex
1654 2225 1810 2257 summa,
1845 2225 1938 2260 quae
1961 2215 2187 2252 efficiebatur
2211 2218 2349 2261 debita,
2381 2218 2412 2255 si

1315 2270 1429 2306 aequo
1461 2260 1540 2296 iure
1571 2259 1691 2295 omnia
1723 2259 1956 2303 deberentur,
1989 2265 2155 2306 quartam
2180 2262 2333 2299 deducet
2356 2263 2411 2300 his

1315 2308 1335 2341 2
1384 2305 1488 2348 solis,
1529 2305 1657 2351 quibus
1694 2305 1866 2341 codicillis
1901 2306 2020 2351 legata
2033 2307 2061 2328 ¹2
2094 2311 2188 2343 sunt.
2243 2308 2347 2353 Quod
2381 2309 2411 2344 si

1314 2354 1399 2397 post
1429 2354 1583 2396 utraque
1613 2350 1731 2395 legata
1755 2350 1870 2387 solida
1895 2355 2104 2397 computata
2128 2352 2409 2398 deprehendere-

1314 2400 1385 2440 tur,
1411 2396 1507 2442 quod
1530 2400 1714 2431 remaneat
1737 2395 1834 2442 apud
1856 2396 2035 2440 heredem,
2067 2408 2141 2433 non
2165 2402 2285 2434 tamen
2308 2399 2409 2435 suffi-

1316 2442 1413 2478 ciens
1427 2445 1578 2487 quartae
1590 2441 1784 2477 eorundem
1802 2442 2019 2486 legatorum:
2046 2443 2142 2488 quod
2162 2443 2194 2479 ei
2216 2443 2326 2487 deest,
2348 2444 2409 2480 de-

1313 2487 1481 2523 trahatur
1503 2487 1560 2522 his
1585 2486 1688 2529 solis,
1714 2487 1842 2532 quibus
1868 2486 2039 2523 codicillis
2063 2488 2181 2533 legata
2205 2488 2291 2524 data
2314 2493 2409 2525 sunt.

1364 2530 1415 2570 19
1447 2531 1643 2568 [sapum
1671 2532 1762 2568 libro
1794 2535 1926 2578 quarto
1959 2532 2244 2579 disputationum
2291 2534 2407 2579 Quae-

1314 2578 1473 2620 rebatur,
1499 2577 1530 2613 si
1553 2577 1666 2620 miles,
1700 2577 1760 2623 qui
1783 2577 1940 2612 habebat
1962 2577 2032 2612 iam
2055 2577 2192 2614 factum
2214 2582 2408 2616 testamen·

1313 2626 1410 2667 tum,
1450 2622 1549 2659 aliud
1582 2622 1729 2658 fecisset
1760 2626 1795 2658 et
1827 2622 1865 2657 in
1897 2632 1937 2658 eo
1971 2624 2299 2668 comprehendisset
2329 2635 2369 2661 se
2381 2626 2409 2647 ²³

1313 2668 1398 2704 fidei
1420 2667 1562 2704 heredis
1588 2667 1819 2710 committere,
1843 2670 1884 2703 ut
1906 2667 2044 2713 priores
2069 2669 2214 2705 tabulae
2237 2670 2408 2714 valerent,

1315 2714 1400 2759 quid
1431 2713 1519 2749 iuris
1552 2716 1654 2749 esset.
1711 2712 1891 2748 dicebam:
1924 2713 2026 2748 militi
2057 2713 2142 2749 licet
2168 2715 2273 2760 plura
2296 2719 2408 2751 testa-

1314 2762 1435 2794 menta
1457 2758 1596 2801 facere,
1621 2757 1722 2794 sed¹⁴
1747 2757 1824 2793 sive
1847 2758 1952 2793 simul
1964 2759 1993 2780 ¹⁵
2015 2758 2141 2795 fecerit
2164 2760 2237 2795 sive
2261 2771 2407 2806 separa·

1314 2804 1395 2847 tim,
1428 2804 1552 2849 utique
1582 2804 1771 2846 valebunt,
1804 2803 1834 2838 si
1860 2803 1930 2838 hoc
1955 2804 2159 2849 specialiter
2182 2806 2407 2850 expresserit,

1313 2860 1380 2884 1180
1405 2849 1568 2894 superius
1592 2859 1657 2893 per
1680 2847 1829 2883 inferius
1848 2852 2046 2894 rumpetur,
2072 2860 2153 2885 cum
2177 2854 2213 2885 et
2237 2860 2281 2886 ex
2303 2855 2408 2897 parte

1313 2894 1480 2930 heredem
1503 2894 1690 2929 instituere
1739 2893 1846 2936 ossit,
1878 2893 1948 2929 hoc
1981 2897 2035 2929 est
2066 2904 2110 2930 ex
2133 2899 2237 2940 parte
2261 2899 2406 2939 testato,

1314 2950 1358 2975 ex
1382 2942 1485 2984 parte
1507 2939 1676 2974 intestato
1728 2937 1885 2974 ecedere.
1935 2939 2020 2984 quin
2051 2940 2157 2976 immo
2190 2944 2226 2976 et
2253 2941 2284 2977 si
2309 2941 2405 2978 codi-

1315 2985 1414 3020 cillos
1438 2987 1523 3019 ante
1546 2983 1699 3026 fecerat,
1732 2983 1865 3028 poterit
1896 2994 1957 3020 eos
1985 2995 2050 3029 per
2073 2988 2325 3021 testamentum
2350 2996 2404 3022 se-

1314 3040 1427 3074 quens
1453 3028 1610 3064 cavendo
1635 3029 1672 3063 in
1692 3032 1908 3080 potestatem
1930 3029 2164 3066 institutionis
2188 3031 2346 3076 redigere
2371 3035 2405 3067 et

1314 3074 1457 3110 efficere
1488 3074 1659 3109 directam
1690 3074 1969 3117 institutionem,
2001 3086 2093 3120 quae
2123 3079 2199 3111 erat
2229 3076 2403 3120 precaria.

1314 3119 1511 3155 secundum
1534 3118 1626 3154 11880
1648 3118 1685 3153 111
1708 3119 1893 3164 proposito
1913 3119 2123 3164 referebam,
2147 3121 2178 3156 si
2197 3121 2265 3156 hoc
2285 3121 2404 3156 animo

1312 3165 1421 3200 fuerit
1440 3164 1553 3207 miles,
1577 3166 1619 3199 ut
1641 3164 1776 3200 valeret
1799 3165 1898 3210 prius
1922 3165 2058 3201 factum
2083 3169 2344 3208 testamentum,
2366 3165 2403 3201 id

1314 3209 1409 3255 quod
1433 3209 1527 3244 cavit
1549 3209 1666 3244 valere
1689 3213 1854 3254 oportere
1878 3220 1921 3245 80
1944 3221 2010 3256 per
2032 3211 2101 3245 hoc
2126 3210 2239 3252 effici,
2266 3214 2307 3245 ut
2330 3209 2402 3246 duo

1312 3257 1528 3290 testamenta
1559 3254 1642 3289 sint.
1690 3254 1754 3290 sed
1776 3254 1813 3290 in
1837 3256 2022 3300 proposito
2050 3266 2129 3291 cum
2153 3255 2236 3290 fidei
2251 3256 2277 3276 ¹⁵
2300 3255 2402 3291 here-

1313 3300 1367 3335 dis
1385 3300 1637 3341 committatur,
1661 3303 1702 3334 ut
1717 3300 1834 3335 valeat
1849 3300 1948 3345 prius
1964 3304 2227 3342 testamentum,
2252 3303 2402 3351 apparet

1314 3356 1394 3380 eum
1425 3355 1497 3380 non
1527 3344 1605 3390 ipso
1636 3344 1715 3380 iure
1744 3344 1863 3380 valere
1894 3346 2068 3387 voluisse,
2101 3344 2164 3380 sed
2195 3354 2307 3396 magis
2338 3354 2401 3390 per

1312 3389 1634 3432 fideicommissum,
1654 3389 1692 3424 id
1707 3394 1762 3426 est
1780 3391 1817 3425 in
1837 3400 1983 3426 causam
2003 3390 2265 3425 fideicomm1ss1
2285 3392 2321 3424 et
2340 3399 2402 3429 co-

1315 3439 1330 3470 1
1373 3434 1570 3470 dicillorum
1582 3434 1653 3469 vim
1666 3435 1795 3480 prioris
1808 3435 2011 3471 testamenti
2024 3434 2249 3470 convertisse.
2274 3433 2401 3470 Utrum

1311 3484 1430 3516 autem
1453 3483 1570 3515 totum
1593 3483 1845 3516 testamentum
1866 3480 1905 3515 in
1926 3490 2003 3515 eam
2026 3489 2171 3515 causam
2191 3488 2401 3514 conversum

1311 3525 1369 3567 sit,
1393 3525 1463 3560 hoc
1488 3528 1543 3560 est
1567 3528 1602 3561 et
1624 3525 1765 3561 heredis
1788 3525 1976 3567 institutio,
2004 3534 2051 3559 an
2074 3534 2156 3559 vero
2179 3523 2297 3567 legata
2319 3527 2399 3559 tan-

1310 3574 1387 3605 tum
1419 3574 1455 3605 et
1485 3569 1759 3606 fideicommissa
1789 3574 1825 3606 et
1855 3570 2056 3612 libertates,
2096 3568 2289 3614 quaeritur.
2337 3567 2400 3604 sed

1313 3685 1411 3718 bruch
1481 3687 1539 3724 (10)
1566 3684 1685 3717 solitus
1699 3686 1735 3718 F
1793 3686 1847 3726 (11)
1873 3693 1957 3725 quae
1970 3681 2137 3715 codicillis
2150 3684 2228 3715 data
2241 3684 2322 3715 sunt
2335 3682 2396 3716 dol.

1312 3732 1370 3771 (12)
1396 3729 1475 3762 data
1488 3731 1547 3764 ins.
1570 3731 1703 3763 Voorda
1784 3731 1841 3770 (13)
1867 3727 2203 3770 comprehendisseF
2282 3728 2339 3769 (14)
2364 3728 2399 3760 et

1311 3787 1372 3808 scr.
1468 3775 1526 3817 (15)
1552 3774 1647 3807 simel
1660 3775 1694 3807 F
1781 3776 1839 3815 (16)
1864 3773 1927 3806 fide
1940 3773 1974 3806 F
