2528 3918
99 96 452 136 QUEMADMODUM
479 94 655 126 CAVEA'r
1187 76 1256 125 111

98 209 215 242 fructu
231 207 469 242 restituendo.
496 216 645 251 quarum
670 204 767 250 prior
790 203 910 238 statim
936 202 1183 243 committetur,

99 264 203 298 quam
229 253 331 286 aliter
354 251 461 286 fuerit
485 261 589 291 usus,
623 254 658 284 et
681 249 824 293 saepius
850 249 1101 290 committetur,
1129 258 1183 283 se-

100 302 115 331 ῑ
166 308 278 342 quens
304 296 541 331 committetur
571 295 671 329 finito
704 304 772 329 usu
803 294 935 328 fructu.
984 293 1054 328 Sed
1090 292 1185 338 quod

98 343 250 377 diximus
274 342 311 376 id
335 341 430 385 quod
454 340 534 374 inde
559 340 714 374 exstabit
737 339 906 374 restitutu
928 338 989 381 iri,
1026 350 1099 374 non
1130 338 1183 382 ip-

98 399 172 423 sam
197 398 270 423 rem
294 386 485 430 stipulatur
507 384 763 429 proprietarius
790 384 972 425 (inutiliter
996 385 1086 418 enim
1110 394 1184 417 rem

98 443 199 468 suam
223 432 268 467 sti
294 430 384 466 ulari
407 430 610 472 videretur),
635 429 698 464 sed
722 429 913 474 stipulatur
930 429 1098 464 restitutu
1118 428 1183 462 iri¹

98 478 190 523 quod
220 477 257 512 in
284 486 303 511 e
335 475 500 510 exstabit.
536 474 712 509 interdum
744 479 863 509 autem
894 474 1001 508 inerit
1023 473 1183 519 proprie-

96 523 180 558 tatis
205 521 414 562 aestimatio,
439 520 468 555 si
492 519 586 555 forte
608 519 838 561 fructuarius,
861 530 940 554 cum
963 519 1077 564 possit
1100 529 1183 553 usu-

98 568 282 613 capionem
293 565 530 611 interpellare,
546 565 717 610 neglexit:
740 574 880 599 omnem
893 564 985 599 enim
997 564 1048 599 rei
1062 574 1184 599 curam

97 613 190 649 susci
216 613 254 646 it.

143 656 167 694 2
191 624 247 692 Ι1)),4
256 665 352 692 ULUS
379 655 470 691 libro
492 655 783 701 septuaqensimo
808 654 934 700 quinto
959 654 1010 689 ad
1031 654 1183 690 edictum

95 703 187 738 Nam
211 700 429 736 fructuarius
455 699 653 735 custodiam
676 703 862 745 praestare
886 699 1000 734 debet.

141 746 164 785 3
198 747 393 783 ULPJANUS
413 746 503 781 libro
526 746 819 792 septuaqensimo
843 756 939 780 nono
964 745 1014 780 ad
1031 744 1184 781 edictum

96 793 225 829 Omnes
261 795 379 827 autem
415 801 520 826 casus
557 790 786 825 continentur
826 790 908 825 huic
951 790 1184 835 stipulationi,

98 842 110 873 1
164 838 290 883 quibus
315 847 401 872 usus
424 835 564 871 fructus
588 835 773 870 amittitur.
821 835 995 871 Desinere
1006 835 1185 880 pertinere

94 895 198 919 usum
229 882 387 917 fructum
418 881 634 926 accipiemus
667 881 806 916 etiamsi
830 891 897 916 nec
922 881 1081 926 coeperit
1103 891 1183 926 per-

94 930 217 969 tinere,
242 927 400 973 quamvis
424 926 562 971 legatus
587 926 642 968 sit,
669 930 704 961 et
728 926 967 961 committetur
991 926 1100 961 nihilo
1119 926 1183 960 mi-

94 985 162 1009 nus
186 973 379 1018 stipulatio,
405 971 505 1016 quasi
525 971 666 1006 desinat
684 971 873 1016 pertinere,
899 971 993 1016 quod
1014 982 1080 1007 nec
1102 982 1183 1006 coe-

94 1022 114 1054 2
162 1019 225 1063 pit.
274 1017 312 1052 Si
335 1027 421 1052 usus
452 1016 590 1052 fructus
622 1017 795 1061 repetitus
827 1017 894 1051 erit
925 1017 1062 1069 legato,
1097 1027 1183 1061 quo-

93 1065 254 1109 tiensque
287 1063 438 1097 amissus
469 1061 575 1097 fuerit
612 1061 689 1103 (nisi
721 1062 857 1097 utiliter
879 1062 988 1097 fuent
1013 1065 1184 1104 cautum),

95 1109 335 1145 committetur
354 1107 424 1142 ista
443 1107 646 1152 stipulatio:
671 1107 735 1142 sed
755 1107 964 1151 exceptione
976 1108 1093 1152 opus²
1106 1107 1182 1142 erit.

94 1158 113 1189 3
162 1154 232 1189 Sed
257 1157 292 1188 et
315 1153 346 1188 si
372 1153 450 1198 quis
474 1163 579 1187 usum
602 1151 759 1187 fructum
782 1152 848 1187 tibi
872 1153 1042 1197 legaverit
1062 1156 1098 1187 et
1117 1152 1183 1187 sub

95 1199 303 1235 condicione
328 1198 370 1233 ‘si
393 1198 526 1233 liberos
550 1197 730 1232 habueris'
754 1197 1029 1243 proprietatem,
1054 1197 1184 1232 amisso

93 1256 161 1280 usu
183 1244 305 1279 fructu
329 1243 567 1279 committetur
591 1242 730 1287 quidem
752 1243 947 1288 stipulatio,
973 1243 1036 1278 sed
1056 1252 1183 1287 excep-

93 1295 112 1325 4
161 1290 209 1325 tio
235 1289 353 1324 locum
377 1288 533 1323 habebit.
583 1287 619 1323 Si
650 1288 754 1323 heres
786 1288 992 1323 alienaverit
1023 1288 1183 1333 proprie-

92 1339 204 1370 tatem
228 1338 264 1369 et
286 1338 413 1378 postea
437 1334 621 1368 amittatur
643 1344 730 1369 usus
754 1333 906 1376 fructus,
932 1344 978 1368 an
1004 1344 1048 1369 ex
1071 1334 1184 1378 stipu-

92 1382 168 1416 latu
192 1390 297 1425 agere
327 1378 460 1424 possit,
496 1378 689 1413 videamus.
737 1382 773 1414 et
801 1379 931 1414 fortius
965 1379 1035 1414 dici
1065 1381 1186 1423 potest

92 1427 169 1471 ipso
194 1426 270 1459 iure
294 1435 366 1459 non
391 1423 563 1458 committi
583 1424 858 1468 stipulationem,
885 1424 969 1469 quia
988 1433 1103 1469 neque
1121 1423 1184 1459 he-

92 1471 168 1506 redi
191 1469 499 1505 successoribusve
523 1469 598 1504 eius
623 1470 763 1504 restitui
786 1474 907 1515 potest
930 1479 1046 1514 neque
1069 1469 1098 1504 is
1125 1468 1183 1504 cui

92 1519 229 1561 potest,
261 1515 297 1549 id
323 1518 376 1549 est
398 1514 444 1548 ad
468 1524 570 1559 quem
594 1515 755 1558 pervenit
778 1515 997 1559 proprietas,
1030 1514 1186 1559 pertinet

93 1561 139 1596 ad
164 1560 446 1604 stipulationem:
480 1559 543 1594 sed
574 1559 604 1594 is
637 1559 682 1594 ad
714 1571 818 1604 quem
841 1560 1003 1605 pervenit
1025 1564 1097 1595 tem
1123 1569 1185 1594 ore

93 1606 244 1651 quaesiti
276 1605 419 1639 dominii
452 1604 518 1639 sibi
542 1605 748 1649 prospicere
772 1605 843 1640 alia
868 1605 1035 1640 cautione
1059 1605 1103 1639 de
1131 1608 1183 1639 et:

93 1651 188 1696 quod
212 1650 279 1685 etsi
302 1660 374 1684 non
398 1650 542 1691 fecerit,
575 1649 684 1685 nihilo
717 1650 834 1685 minus
865 1651 902 1685 in
934 1660 1009 1685 rem
1041 1651 1184 1685 actione

93 1697 146 1731 uti
196 1699 300 1730 otest.

141 1707 420 1777 4pVENULE1Us
452 1740 542 1775 libro
575 1739 786 1775 duodecimo
824 1740 1100 1786 stipulationum
1148 1740 1185 1776 Si

90 1785 309 1821 fructuarius
333 1786 587 1831 proprietatem
605 1784 795 1820 adsecutus
813 1784 934 1828 fuerit,
960 1786 1090 1821 desinit
1107 1787 1183 1830 qui-

95 1832 173 1867 dem
198 1841 283 1866 usus
307 1829 446 1866 fructus
470 1830 516 1865 ad
541 1840 620 1864 eum
643 1830 823 1874 pertinere
838 1834 987 1876 propter
1003 1830 1183 1867 confusio-

96 1888 191 1912 nem:
225 1876 287 1911 sed
319 1876 349 1911 si
373 1887 416 1911 ex
440 1875 613 1920 stipulatu
638 1886 718 1909 cum
744 1886 784 1910 eo
811 1877 980 1920 agatur³,
1013 1879 1077 1911 aut
1106 1877 1184 1922 ipso

94 1924 170 1958 iure
202 1920 373 1956 inutiliter
398 1921 454 1966 agi
486 1920 675 1956 dicendum
708 1924 781 1963 est,
815 1921 844 1956 si
875 1921 940 1956 viri
971 1921 1057 1956 boni
1088 1923 1184 1956 arbi-

93 1968 199 2002 trium
223 1967 294 2000 huc
319 1977 432 2011 usque
455 1966 667 2012 porrigitur,
699 1969 763 2000 aut
793 1966 830 2000 in
861 1965 997 2002 factum
1022 1967 1185 2012 excipere

94 2012 247 2047 debebit.

140 2056 164 2094 5
197 2056 387 2092 ULpJANUs
410 2056 500 2091 libro
524 2056 814 2102 septuaqensimo
839 2067 934 2091 nono
959 2056 1010 2091 ad
1031 2056 1184 2092 edictum

94 2102 187 2138 Huic
219 2101 440 2146 stipulationi
473 2101 604 2137 ‘dolum
636 2101 792 2135 malum⁴
826 2102 951 2137 abesse
983 2102 1183 2137 afuturum-

95 2158 162 2192 que
195 2147 289 2181 esse'
324 2146 542 2181 continetur:
577 2150 612 2181 et
644 2157 723 2180 cum
755 2146 792 2180 in
822 2157 897 2182 rem
929 2148 976 2182 sit
1007 2147 1078 2182 doli
1102 2149 1186 2183 mali

95 2192 226 2227 mentio
241 2195 426 2236 concepta,
450 2191 605 2226 omnium
626 2191 745 2225 dolum
768 2193 1067 2236 comprehendere
1088 2193 1184 2228 vide-

97 2242 109 2272 1
162 2242 220 2271 tur
244 2246 491 2272 successorum
517 2241 551 2271 et
575 2236 732 2280 adoptivi
756 2238 881 2281 patris.
931 2237 1003 2273 Sed
1035 2238 1065 2273 si
1097 2249 1184 2274 usus

94 2284 170 2318 sine
192 2282 313 2316 fructu
338 2281 474 2326 legatus
500 2282 576 2323 erit,
602 2281 768 2326 adempta
788 2281 928 2317 fructus
949 2293 1060 2318 causa
1078 2284 1184 2319 satis-

95 2328 173 2363 dari
196 2328 296 2361 iubet
318 2332 481 2371 praetor:
508 2327 576 2362 hoc
601 2326 747 2369 merito,
772 2332 813 2361 ut
837 2327 880 2362 de
906 2328 981 2363 solo
1007 2338 1086 2371 usu,
1112 2339 1184 2364 non

95 2376 114 2408 2
163 2372 268 2408 etiam
301 2372 343 2406 de
366 2371 511 2406 fructu⁵
536 2376 702 2407 caveatur
713 2372 737 2406 ὃ.
785 2372 882 2417 Ergo
915 2376 951 2408 et
982 2373 1012 2408 si
1041 2373 1183 2409 fructus

96 2421 115 2453 3
164 2418 238 2452 sine
262 2428 330 2451 usu
356 2417 538 2462 optigerit,
572 2417 754 2462 stipulatio
786 2417 904 2453 locum
928 2418 1087 2453 habebit.
1134 2419 1185 2454 Et

95 2464 124 2498 si
147 2463 321 2497 habitatio
346 2462 401 2496 vel
421 2472 550 2506 operae
570 2462 722 2497 hominis
742 2463 797 2497 vel
817 2463 919 2498 cuius
940 2464 1086 2499 alterius
1108 2464 1183 2499 ani-

95 2508 195 2542 malis
219 2507 364 2542 relictae
387 2506 538 2548 fuerint,
564 2506 745 2552 stipulatio
770 2507 889 2542 locum
912 2509 1078 2552 habebit,
1102 2509 1186 2545 licet

95 2564 158 2598 per
183 2553 302 2587 omnia
325 2552 414 2587 haec
439 2563 543 2586 usum
566 2551 723 2587 fructum
748 2562 820 2587 non
843 2553 1038 2589 imitantur.

142 2596 166 2635 6
192 2597 350 2632 PAULUS
381 2598 471 2632 libro
495 2598 783 2643 septuaqensimo
808 2599 934 2642 quinto
958 2599 1008 2634 ad
1030 2599 1183 2635 edictum

95 2643 192 2677 Idem
218 2646 272 2677 est
297 2645 331 2676 et
353 2642 390 2676 in
414 2642 529 2677 reditu
552 2642 708 2687 praedii,
741 2642 847 2677 sicuti
880 2643 910 2678 si
932 2643 1108 2679 vindemia
1131 2645 1181 2679 le-

95 2692 178 2732 gata
203 2691 296 2722 esset
319 2688 372 2722 vel
397 2687 532 2729 messis,
558 2688 716 2731 quamvis
741 2697 785 2722 ex
809 2698 876 2722 usu
899 2688 1020 2723 fructu
1042 2700 1084 2724 ea
1103 2700 1182 2734 per-

97 2733 290 2812 cipliantun
324 2743 415 2777 quae
446 2733 587 2777 legat0⁷
611 2736 725 2767 morte
756 2732 917 2776 legatarii
949 2733 994 2768 ad
1017 2734 1184 2769 heredem

99 2789 134 2812 re
163 2782 258 2812 eunt.

144 2821 194 2858 7⁸
225 2822 419 2858 ULPIANUS
447 2822 536 2857 libro
568 2823 858 2868 septuaqensz'mo
890 2834 986 2857 nono
1019 2823 1069 2858 ad
1091 2823 1184 2859 edic-

98 2871 170 2902 tum
218 2867 279 2902 Si⁹
302 2878 388 2902 usus
412 2867 550 2902 fructus
575 2868 716 2902 nomine
738 2877 777 2902 re
810 2867 943 2902 tradita
975 2868 1185 2903 satisdatum

98 2924 169 2948 non
200 2912 325 2954 fuerit,
358 2912 532 2947 Proculus
565 2913 616 2946 ait
647 2923 753 2957 posse
784 2912 950 2948 heredem
974 2924 1047 2948 rem
1073 2913 1184 2948 vindi-

98 2968 192 3000 care,
219 2961 254 2992 et
278 2957 307 2992 si
331 2957 506 2992 obiciatur
531 2958 691 3002 exceptio
717 2958 761 2993 de
783 2967 822 2992 re
845 2968 933 2993 usus
956 2957 1095 2993 fructus
1120 2969 1184 2993 no-

98 3003 190 3037 mine
213 3002 357 3044 tradita,
382 3013 420 3036 re
446 3002 624 3037 licandum
649 3002 724 3038 erit.
762 3013 854 3048 quae
877 3003 1053 3038 sententia
1077 3004 1187 3038 habet

101 3051 114 3081 1
164 3048 407 3082 rationemzse
445 3051 480 3082 et
492 3048 570 3092 ipsa
581 3047 763 3092 stipulatio
778 3047 916 3083 condici
928 3048 1069 3093 poterit.
1096 3048 1186 3083 Cum

102 3165 141 3199 (ι)
166 3160 328 3193 restituiri
339 3160 374 3192 F
439 3161 480 3202 (2)
507 3161 699 3203 exceptioni
710 3161 805 3194 locus
817 3175 879 3195 scr.
944 3162 986 3201 (3)
1011 3162 1125 3204 agitur
1134 3161 1177 3194 F¹

102 3208 143 3244 (4)
168 3204 372 3237 dolumalum
382 3206 417 3238 F
519 3207 562 3247 (5)
585 3207 634 3239 sic
641 3206 676 3238 F
679 3205 694 3226 ²
705 3219 773 3240 cum
787 3207 934 3250 Graecis,
946 3207 986 3240 dc
996 3218 1058 3239 usu
1068 3208 1181 3239 fructu

102 3248 143 3280 F¹
266 3251 311 3292 (6)
336 3253 473 3283 cavetur
484 3251 519 3283 F
642 3252 685 3292 (7)
710 3252 879 3294 quamvis.
892 3277 899 3284 .
910 3277 917 3284 .
928 3254 1013 3295 q'uae
1022 3253 1134 3295 legato
1142 3253 1182 3293 F,

101 3295 253 3334 quamvis
263 3320 270 3328 .
283 3318 290 3326 .
300 3320 308 3328 .
319 3305 403 3337 quae
411 3295 524 3337 legata
534 3296 571 3336 S,
589 3297 686 3338 quasi
702 3307 741 3329 ex
751 3308 813 3329 usu
823 3297 935 3330 fructu
945 3309 983 3330 ea
993 3297 1183 3340 percipian-

2212 79 2348 124 V119

1254 213 1341 237 usus
1368 200 1508 236 fructus
1532 202 1706 247 pecuniae
1729 203 1866 246 legatus
1892 205 2002 244 esset,
2037 201 2184 254 exprimi
2217 202 2349 238 debent

1254 247 1290 281 hi
1315 247 1388 282 duo
1413 256 1519 281 casus
1542 247 1579 281 in
1604 247 1849 291 stipulatione·
1884 251 1976 283 ‘cum
2008 247 2168 283 morieris
2201 252 2264 282 aut
2289 258 2348 282 ca-

1253 293 1327 337 pite
1354 291 1541 333 minueris,
1567 291 1675 327 dari':
1700 292 1833 327 idcirco
1859 292 1895 327 hi
1920 293 1989 327 duo
2015 293 2081 328 soli
2109 302 2234 335 casus,
2260 304 2348 337 quo-

1255 337 1348 371 niam
1376 337 1549 379 pecuniae
1563 338 1589 358 ¹⁰
1612 347 1699 372 usus
1724 337 1826 371 aliter
1850 337 1963 371 amitti
1987 348 2059 373 non
2091 341 2211 383 potest
2243 348 2349 383 quam

1253 382 1308 417 his
1332 382 1490 417 casibus.

1302 423 1325 464 8
1351 427 1410 461 ΡΑ
1419 436 1514 462 ULUS
1542 427 1632 462 libro
1657 428 1947 473 septuaqenszmo
1973 428 2098 472 quinto
2123 427 2174 463 ad
2195 428 2348 464 edictum

1255 471 1291 507 Si
1323 472 1388 506 tibi
1422 483 1510 507 usus
1547 472 1686 507 fructus
1720 476 1756 507 et
1786 471 1871 506 mihi
1904 473 2104 516 proprietas
2139 473 2257 518 legata
2291 475 2349 516 sit,

1253 517 1338 552 mihi
1364 517 1562 552 cavendum
1587 521 1658 552 est:
1692 517 1755 552 sed
1779 517 1808 551 si
1833 516 1918 551 mihi
1942 518 2006 551 sub
2032 518 2242 554 condicione
2290 530 2347 555 ro-

1253 562 1390 607 prietas
1413 562 1531 607 legata
1555 562 1619 604 sit,
1655 562 1798 607 quidam
1824 566 1859 597 et
1882 562 2088 597 Marcianus
2113 567 2148 598 et
2170 564 2254 599 here
2280 565 2291 599 i
2316 568 2350 599 et

1253 608 1338 642 mihi
1364 608 1561 644 cavendum
1587 618 1664 643 esse
1687 610 1834 660 putant:
1861 617 1952 652 quae
1977 608 2152 643 sententia
2175 620 2258 644 vera
2282 614 2347 645 est.

1253 652 1338 687 item
1362 653 1394 688 si
1418 653 1503 688 mihi
1527 653 1644 705 legata
1668 657 1714 688 Slt
1739 657 1790 695 et,
1825 662 1906 687 cum
1931 652 1976 686 ad
2001 663 2057 687 me
2081 654 2259 697 pertinere
2285 655 2342 691 de-

1255 698 1362 740 sierit,
1391 698 1460 740 alii,
1486 701 1521 733 et
1544 698 1603 734 luc
1628 699 1787 743 utrisque
1805 697 2001 732 cavendum
2017 701 2058 732 ut
2075 708 2181 743 supra
2201 700 2347 744 placuit.

1256 743 1352 788 quod
1384 743 1413 778 si
1447 743 1587 779 duobus
1613 744 1831 779 coniunctim
1855 753 1942 777 usus
1966 742 2106 778 fructus
2130 744 2267 796 legatus
2291 746 2348 788 sit,

1255 792 1290 824 et
1313 788 1463 823 invicem
1489 789 1556 823 sibi
1581 799 1706 824 cavere
1727 787 1909 824 debebunt
1922 789 1948 808 ¹¹
1974 792 2010 822 et
2029 788 2150 823 heredi
2170 801 2206 823 1n
2227 801 2349 826 casum

1253 834 1372 869 illum:
1401 834 1442 868 ‘si
1467 834 1514 868 ad
1538 835 1675 869 socium
1700 845 1773 869 non
1796 833 1975 877 pertineat
1998 843 2086 868 usus
2110 833 2261 878 fructus,
2286 836 2348 871 he·

1253 879 1330 914 redi
1354 879 1477 914 reddi'.

1301 922 1326 961 9
1348 923 1545 960 ULPIANUS
1555 924 1646 960 libro
1662 924 1988 970 quinquaqensimo
1995 924 2119 969 primo
2133 924 2183 959 ad
2193 925 2347 961 edictum

1256 969 1293 1004 Si
1325 980 1412 1005 usus
1436 969 1576 1005 fructus
1601 970 1686 1004 mihi
1711 969 1849 1014 legatus
1865 971 1891 991 ¹²
1916 969 1962 1004 sit
1986 979 2138 1015 eumque
2162 970 2350 1006 restituere

1255 1015 1320 1050 sim
1345 1015 1440 1050 Titio
1465 1018 1611 1059 rogatus
1628 1016 1664 1057 ¹³,
1701 1015 1890 1050 videndum
1915 1020 1988 1057 est,
2023 1015 2101 1060 quis
2136 1015 2265 1050 debeat
2289 1027 2348 1051 ca-

1254 1070 1354 1102 vere,
1386 1064 1507 1095 utrum
1532 1060 1648 1095 Titius
1674 1071 1720 1095 an
1753 1071 1817 1105 ego
1851 1060 1912 1106 qui
1942 1060 2136 1105 legatarius
2168 1071 2268 1095 sum:
2303 1072 2350 1096 an

1252 1105 1340 1140 illud
1365 1105 1515 1141 dicimus
1547 1116 1685 1141 mecum
1716 1106 1882 1140 heredem
1915 1109 2101 1147 acturum,
2136 1116 2217 1141 cum
2249 1106 2349 1142 fidei-

1255 1151 1497 1186 commissario
1523 1161 1578 1186 me
1603 1161 1707 1195 agere
1731 1151 1886 1186 debere?
1918 1154 1954 1185 et
1979 1154 2033 1185 est
2057 1151 2256 1196 expeditius
2279 1152 2349 1187 hoc

1255 1195 1391 1231 dicere:
1429 1196 1458 1231 si
1491 1196 1576 1230 mihi
1608 1206 1690 1241 spes
1721 1197 1842 1241 aliqua
1874 1196 1980 1231 durat
2011 1207 2097 1231 usus
2129 1196 2270 1231 fructus
2303 1201 2349 1239 et,

1255 1252 1335 1276 cum
1359 1245 1399 1276 tu
1424 1241 1595 1284 amiseris,
1620 1245 1741 1286 potest
1765 1242 1810 1276 ad
1834 1252 1890 1277 me
1914 1241 2105 1284 reccidere,
2129 1242 2199 1277 hoc
2224 1246 2279 1277 est
2303 1242 2350 1277 ad

1254 1286 1475 1330 legatarium,
1500 1287 1552 1322 ita
1575 1297 1650 1322 rem
1675 1287 1846 1332 expediri,
1871 1290 1912 1321 ut
1934 1290 1974 1321 tu
1999 1287 2095 1329 mihi,
2121 1298 2184 1332 ego
2206 1286 2350 1323 domino

1255 1332 1485 1377 proprietatis
1519 1343 1674 1368 caveam.
1724 1332 1818 1378 quod
1844 1333 1873 1367 si
1897 1332 2215 1367 fideicommissarii
2239 1343 2350 1368 causa

1254 1387 1341 1412 usus
1372 1376 1513 1413 fructus
1545 1378 1632 1412 mihi
1664 1378 1809 1413 relictus
1842 1382 1896 1413 est
1928 1388 1994 1412 nec
2019 1381 2073 1412 est
2097 1378 2170 1412 ulla
2195 1388 2277 1423 spes
2302 1378 2350 1413 ad

1254 1432 1310 1457 me
1341 1423 1541 1458 revertendi
1571 1423 1734 1462 fructus.
1767 1427 1866 1458 recta
1896 1423 1953 1457 via
1985 1422 2350 1459 fideicommissarium

1258 1470 1271 1501 1
1324 1478 1451 1503 cavere
1475 1472 1618 1512 oportet
1642 1468 1783 1503 domino
1817 1468 2060 1513 proprietatis.
2108 1468 2202 1503 Illud
2233 1469 2348 1504 scien-

1255 1513 1339 1548 dum
1363 1517 1418 1548 est
1442 1513 1515 1548 sive
1538 1514 1616 1549 iure
1639 1514 1716 1559 ipso
1742 1513 1820 1559 quis
1845 1524 1948 1548 usum
1969 1513 2128 1548 fructum
2147 1514 2256 1548 habet
2277 1514 2352 1550 sive

1255 1559 1363 1594 etiam
1385 1568 1450 1603 per
1480 1559 1668 1594 tuitionem
1699 1559 1895 1604 praetoris,
1928 1559 2038 1594 nihilo
2070 1559 2186 1593 minus
2220 1569 2348 1604 cogen-

1256 1604 1339 1638 dum
1365 1614 1442 1639 esse
1465 1602 1704 1639 fructuarium
1730 1614 1854 1640 cavere
1879 1607 1943 1638 aut
1967 1604 2127 1639 actiones
2153 1604 2348 1649 suscipere.

1255 1653 1274 1684 2
1322 1649 1434 1684 Plane
1458 1649 1489 1684 si
1513 1660 1556 1684 ex
1581 1649 1637 1684 die
1687 1650 1862 1694 roprietas
1890 1649 1997 1684 alicui
2020 1649 2138 1694 legata
2162 1649 2226 1692 sit,
2260 1661 2349 1686 usus

1253 1694 1395 1729 fructus
1419 1704 1519 1739 pure,
1545 1695 1647 1730 dicen
1675 1706 1734 1729 um
1759 1704 1836 1730 esse
1855 1694 2075 1739 Pomponius
2096 1694 2147 1728 ait
2165 1694 2348 1731 remitten-

1255 1739 1336 1774 dam
1362 1749 1438 1774 esse
1461 1740 1556 1774 hanc
1582 1740 1783 1775 cautionem
1807 1739 2016 1781 fructuario,
2042 1740 2125 1784 quia
2147 1743 2283 1775 certum
2303 1741 2351 1776 sit

1255 1784 1300 1819 ad
1326 1794 1405 1819 eum
1429 1785 1682 1829 proprietatem
1705 1785 1759 1820 vel
1784 1785 1830 1819 ad
1852 1784 2019 1819 heredem
2052 1785 2126 1819 eius
2158 1790 2344 1830 perventu·

1255 1833 1274 1865 3
1323 1840 1410 1864 ram.
1461 1829 1497 1864 Si
1520 1831 1628 1865 vestis
1652 1841 1739 1865 usus
1764 1830 1903 1864 fructus
1935 1829 1968 1864 16
1993 1833 2072 1865 atus
2106 1830 2172 1872 sit,
2204 1831 2351 1876 scripsit

1254 1875 1485 1920 Pomponius,
1512 1886 1617 1920 quam
1643 1886 1725 1910 uam
1749 1875 1851 1910 heres
1877 1874 1972 1919 stipu
1988 1878 2068 1910 atus
2093 1875 2139 1909 sit
2158 1875 2259 1911 finito
2280 1887 2348 1912 usu

1253 1920 1376 1955 fructu
1400 1924 1534 1955 vestem
1558 1921 1621 1955 red
1647 1921 1676 1963 i,
1702 1924 1861 1955 attamen
1884 1930 1956 1954 non
1981 1919 2132 1965 obligari
2155 1921 2347 1965 promisso-

1254 1969 1275 2000 4
1322 1975 1407 2008 rem,
1427 1965 1457 2000 si
1478 1976 1555 2000 eam
1576 1966 1652 2000 sine
1674 1965 1755 2001 dolo
1777 1965 1870 2000 malo
1892 1965 2058 2000 adtritam
2071 1965 2273 2001 reddiderit.
2312 1967 2348 2002 Si

1253 2011 1374 2056 plures
1400 2010 1531 2045 domini
1556 2011 1627 2045 sint
1650 2011 1898 2056 proprietatis,
1923 2010 2167 2055 unusquisque
2190 2022 2256 2056 pro
2282 2022 2350 2047 sua

1253 2060 1356 2101 parte
1379 2055 1620 2100 stipulabitur.

1304 2099 1353 2138 10
1379 2100 1540 2136 Panos
1570 2101 1661 2136 libro
1695 2101 2002 2147 quadraqensz'mo
2036 2101 2087 2136 ad
2108 2101 2262 2136 edictum
2310 2102 2349 2138 Si

1254 2146 1363 2188 servi,
1389 2146 1449 2191 qui
1472 2146 1575 2181 nobis
1602 2146 1797 2182 communis
1831 2150 1927 2188 erat,
1960 2156 2064 2180 usum
2094 2146 2251 2182 fructum
2283 2147 2349 2183 tibi

1253 2192 1434 2236 legavero,
1471 2192 1674 2227 necessaria
1709 2192 1775 2227 erit
1809 2191 1899 2226 haec
1936 2191 2054 2226 cautio
2090 2191 2212 2227 heredi
2246 2203 2345 2228 meo:

1276 2237 1412 2272 uamvis
1449 2237 1542 2271 enim
1579 2236 1623 2271 de
1654 2236 1874 2282 proprietate
1905 2237 2019 2281 possit
2052 2237 2229 2271 communi
2261 2237 2347 2273 divi-

1253 2248 1373 2317 dundo
1399 2282 1570 2326 experiri,
1603 2286 1723 2317 tamen
1749 2292 1860 2316 causa
1882 2292 1969 2316 usus
1993 2281 2153 2323 fructus,
2178 2283 2239 2327 qui
2263 2287 2347 2318 tuus

1253 2327 1418 2372 proprius
1444 2330 1517 2369 est,
1543 2327 1590 2362 ad
1614 2327 1773 2362 officium
1800 2326 1978 2362 communi
2003 2326 2195 2362 dividundo
2218 2327 2349 2363 iudicis

1254 2384 1325 2408 non
1349 2372 1551 2418 pertinebit.

1303 2416 1349 2454 11
1379 2417 1627 2453 PAPJNIANUS
1656 2417 1747 2453 libro
1780 2418 1931 2462 septimo
1965 2427 2222 2464 responsorum
2269 2417 2345 2453 Usu

1254 2473 1393 2509 quoque
1418 2462 1543 2498 domus
1575 2463 1700 2498 relicto
1725 2462 1790 2496 viri
1821 2462 1905 2497 boni
1938 2463 2113 2496 arbitratu
2145 2462 2347 2498 cautionem

1253 2509 1345 2543 inter
1371 2508 1430 2543 oni
1455 2511 1615 2553 oportet:
1650 2519 1716 2543 nec
1740 2511 1874 2548 mutat,
1901 2508 1929 2541 si
1953 2511 2056 2551 pater
2079 2506 2228 2542 heredes
2253 2508 2346 2544 filios

1254 2554 1344 2589 simu
1381 2553 1544 2588 habitare
1569 2564 1649 2588 cum
1673 2563 1785 2588 uxore
1808 2552 1979 2597 legataria
2001 2552 2122 2586 voluit.

1303 2596 1353 2635 12
1385 2598 1581 2634 ULPJANUS
1600 2598 1691 2633 libro
1716 2601 1840 2633 octavo
1865 2597 2001 2631 decimo
2026 2597 2076 2631 ad
2098 2596 2272 2632 Sabinum
2309 2597 2346 2633 Si

1252 2654 1419 2679 vasorum
1442 2643 1603 2688 ipsorum
1626 2653 1713 2678 usus
1737 2643 1876 2677 fructus
1900 2642 2044 2676 relictus
2077 2642 2142 2684 sit,
2173 2653 2246 2677 non
2278 2644 2345 2678 erit

1255 2689 1374 2724 cautio
1400 2692 1545 2724 senatus
1572 2688 1725 2723 consulti
1749 2686 1962 2728 necessaria,
1989 2686 2051 2721 sed
2075 2687 2136 2721 illa
2150 2687 2228 2722 sola
2249 2688 2347 2723 ‘boni

1253 2734 1317 2768 viri
1331 2733 1508 2768 arbitratu
1521 2744 1669 2768 usurum
1681 2733 1895 2767 fruiturum'.
1934 2732 1964 2766 si
1982 2732 2089 2776 igitur
2108 2732 2242 2767 tradita
2262 2737 2346 2768 sunt

1253 2778 1395 2814 fruendi
1419 2788 1549 2820 causa,
1584 2787 1687 2812 nemo
1722 2777 1863 2812 dubitat
1894 2787 1966 2811 non
1998 2777 2074 2811 fieri
2099 2777 2174 2812 eius
2199 2778 2260 2823 qui
2283 2788 2344 2813 ac-

1255 2824 1367 2868 cepit:
1393 2834 1466 2858 non
1488 2823 1580 2858 enim
1599 2822 1679 2857 ideo
1700 2822 1903 2864 traduntur,
1927 2825 1968 2856 ut
1988 2822 2182 2857 dominium
2202 2824 2348 2858 recedat

1254 2869 1299 2903 ab
1325 2878 1366 2903 eo
1401 2868 1461 2912 qui
1491 2868 1619 2910 tradit,
1652 2867 1715 2902 sed
1744 2870 1785 2901 ut
1814 2870 1938 2902 utatur
1966 2867 2109 2902 fruatur
2139 2868 2343 2912 legatarius.

1255 2924 1337 2957 ergo
1364 2924 1445 2948 cum
1469 2923 1542 2948 non
1566 2913 1655 2948 fiant
1677 2911 1867 2947 fructuarii
1889 2923 1995 2955 vasa,
2020 2912 2192 2947 vindicari
2217 2923 2237 2948 a
2261 2924 2343 2959 pro-

1255 2959 1423 3004 prietario
1456 2961 1610 3002 possunt
1644 2957 1808 2992 cautione
1840 2968 1912 2992 non
1944 2958 2039 2992 data.
2076 2958 2265 2993 videndum
2291 2963 2346 2994 est

1255 3003 1298 3038 de
1324 3003 1548 3038 condictione
1563 3003 1600 3044 ¹¹¹,
1635 3013 1682 3037 an
1704 3002 1818 3048 possit
1840 3003 1957 3038 locum
1980 3003 2130 3038 habere:
2166 3007 2201 3038 et
2223 3004 2344 3049 prodi-

1254 3052 1330 3083 tum
1355 3052 1409 3083 est
1432 3048 1606 3083 neminem
1624 3058 1699 3082 rem
1719 3058 1821 3083 suam
1841 3048 1909 3082 nisi
1926 3047 1998 3083 furi
2017 3048 2206 3083 condicere
2224 3059 2343 3093 posse.

1251 3166 1307 3193 tur
1316 3161 1441 3204 legato,
1451 3171 1535 3203 quae
1544 3173 1606 3194 scr.
1663 3163 1706 3202 (8)
1734 3162 1951 3203 §ifin.=D.
1965 3163 2137 3204 7‚5,10pr.
2209 3163 2253 3202 (9)
2280 3162 2341 3193 etsi

1251 3207 1286 3240 F
1294 3207 1303 3226 ¹
1398 3210 1458 3246 (1ο)
1482 3206 1659 3248 pecuniae]
1671 3207 1689 3238 l.
1698 3207 1853 3250 yeminus,
1865 3217 1903 3238 ex
1913 3207 2119 3249 pecuniaeF
2207 3208 2261 3247 (11)
2287 3207 2343 3238 de-

1252 3251 1435 3329 ldssiffiteFF
1492 3253 1551 3294 (12)
1574 3250 1767 3293 legatumF
1832 3252 1889 3293 (13)
1913 3252 2109 3294 rogatumF
2180 3252 2239 3293 (14)
2263 3261 2342 3283 con-
