2528 3918
127 106 185 136 DE
215 106 291 137 REI
319 105 643 136 VINDICA'I'IONE

1227 89 1282 136 89
1302 157 1316 159 ἡ
1351 158 1381 159 Π

2261 99 2368 139 V11

125 227 216 252 unus
239 216 275 251 in
298 215 386 251 Asia
410 217 503 250 erate
530 215 604 250 eius
628 217 841 259 procurator
864 213 1100 249 venditionem
1125 213 1211 248 fecit
1241 220 1245 224 ’

124 266 159 297 et
181 261 368 306 pecuniam
398 270 463 306 pro
495 263 597 305 parte
629 259 703 294 eius
736 258 952 294 abstulerat:
985 262 1112 303 postea
1145 269 1208 304 ap-

122 306 303 353 paruerit¹
327 316 406 341 eum
436 305 496 350 qui
526 304 563 339 in
594 304 682 339 Asia
706 307 782 339 erat
805 307 913 339 antea
936 305 1132 340 decessisse
1155 305 1209 339 in-

123 352 246 388 stituto
279 360 321 386 ex
350 353 453 402 parte
485 349 630 384 dimidia
660 349 791 384 herede
820 353 1053 394 procuratore
1083 360 1149 385 suo
1175 352 1211 385 et

123 407 166 432 ex
214 399 290 432 arte
313 395 394 430 aho.
431 395 629 440 quaesitum
650 398 714 437 est,
740 394 1038 439 quemadmodum
1057 395 1210 440 pecunia

122 452 167 477 ex
188 408 394 476 Iiiiereditate
422 439 577 485 petenda
607 443 711 475 esset.
749 450 958 485 responsum
989 444 1044 476 est
1075 440 1120 476 ab
1153 450 1206 482 eo,

122 487 182 532 qui
200 488 412 531 procurator
431 485 506 520 eius
525 484 663 527 fuisset,
688 488 802 520 totam
829 485 1063 520 hereditatem
1073 486 1098 528 2,
1124 485 1208 530 quia

122 543 166 567 ex
188 530 384 566 hereditate
408 540 450 565 ea
473 531 626 575 pecunia
649 530 777 565 fuisset
801 541 891 575 quae
915 530 962 565 ad
993 534 1205 576 procurato-

119 587 193 611 rem
218 586 261 611 ex
283 574 484 610 venditione
508 575 743 621 pervenisset,
776 579 898 620 petere
930 586 990 611 eos
1023 580 1205 621 oportere:

121 626 155 656 et
185 621 293 655 nihilo
318 620 433 655 minus
457 625 596 665 partem
621 620 799 655 dimidiam
823 621 1029 656 hereditatis
1055 632 1076 656 a
1100 621 1206 657 cohe-

120 666 262 701 redibus
287 665 372 700 eius.
409 665 461 700 ita
490 665 585 708 fore,
619 666 692 701 sive
716 666 830 701 omnis
856 676 898 701 ea
920 666 1074 711 pecunia
1097 677 1206 712 penes

120 722 200 746 eum
224 711 284 755 qui
332 714 520 746 rocurator
543 711 671 746 fuisset
693 711 881 754 resideret,
913 715 955 746 ut
979 722 1118 747 omnem
1142 721 1206 756 per

116 756 270 792 iudicem
294 766 316 790 a
365 756 487 791 eodem
511 767 596 791 recu
623 759 774 799 erarent,
801 756 873 791 sive
895 757 926 792 is
947 760 1085 802 partem
1106 756 1207 792 dimi-

118 801 213 836 diam
248 801 416 836 coheredi
450 811 515 836 suo
550 768 780 844 reddidisset,
825 802 942 847 ipsum
985 812 1029 838 ex
1064 802 1208 837 dimidia

118 850 219 892 parte
244 850 279 880 et
304 856 348 880 ex
371 846 515 881 dimidia
539 847 730 882 coheredes
756 847 830 882 eius
856 847 1144 883 condemnarent.

167 890 216 929 10
242 891 488 927 PAPJNIANUS
509 891 600 927 libro
623 895 728 928 sexto
753 894 1002 938 quaestionum
1039 892 1127 928 Cum
1143 893 1205 928 he-

116 937 210 972 redis
235 947 279 972 ex
302 940 404 981 parte
427 937 580 972 instituti
603 936 709 979 filius,
734 938 794 982 qui
817 941 955 983 patrem
979 949 1083 974 suum
1107 938 1205 983 igno-

117 982 223 1017 rabat
255 982 333 1017 vivo
370 985 541 1018 testatore
577 982 788 1025 decessisse,
824 987 963 1028 partem
997 983 1205 1019 hereditatis

117 1028 259 1062 nomine
289 1026 403 1072 patris
435 1030 476 1062 ut
499 1027 656 1063 absentis
682 1028 1005 1064 administraverit³
1030 1032 1065 1064 et
1095 1039 1205 1074 pecu-

116 1073 195 1108 nias
220 1072 401 1108 distractis
425 1073 532 1108 rebus
557 1074 755 1118 acceperit,
788 1074 968 1109 hereditas
993 1074 1038 1109 ab
1066 1084 1107 1110 eo
1131 1074 1207 1119 peti

117 1129 188 1153 non
218 1121 360 1163 potest,
386 1118 470 1162 quia
493 1129 607 1163 neque
631 1129 695 1163 pro
719 1119 850 1154 herede
874 1130 989 1165 neque
1022 1130 1087 1165 pro
1121 1130 1204 1164 pos-

116 1173 256 1199 sessore
278 1162 394 1208 pretia
416 1164 593 1208 possidet,
619 1164 682 1199 sed
705 1168 746 1199 ut
767 1164 862 1200 filius
886 1166 999 1210 patris
1024 1165 1205 1210 negotium

117 1208 262 1244 curavit.
299 1209 521 1253 negotiorum
541 1212 660 1244 autem
702 1213 858 1245 estorum
878 1211 972 1246 actio
995 1211 1122 1246 ceteris
1145 1220 1204 1246 co-

115 1253 324 1296 heredibu8‚
350 1253 397 1288 ad
422 1264 510 1299 quos
534 1254 650 1299 portio
702 1254 835 1290 efuncti
857 1256 1022 1301 pertinet,
1049 1255 1203 1291 dabitur.

115 1299 203 1334 illud
227 1299 319 1334 enim
342 1299 465 1343 utique
488 1310 561 1335 non
585 1303 640 1335 est
662 1301 908 1344 metuendum,
941 1312 986 1337 ne
1010 1301 1116 1336 etiam
1138 1311 1203 1346 pa-

114 1344 191 1387 tris,
216 1354 238 1379 a
262 1354 332 1390 quo
356 1343 450 1380 forte
474 1345 710 1381 exheredatus
734 1349 798 1389 est,
825 1350 990 1382 teneatur
1002 1346 1204 1389 heredibus,

115 1389 216 1435 quasi
239 1389 381 1435 negotia
404 1390 618 1425 hereditaria
640 1391 808 1436 gesserit,
842 1402 922 1427 cum
952 1392 990 1427 id
1020 1391 1116 1438 quod
1140 1391 1204 1426 ad-

114 1435 325 1470 ministravit
348 1445 421 1470 non
443 1434 551 1470 fuerit
573 1440 745 1481 paternae
768 1437 986 1473 hereditatis.
1021 1448 1105 1472 nam
1137 1436 1204 1472 etsi

115 1481 333 1525 negotiorum
355 1483 533 1525 gestorum
557 1481 651 1517 actio
676 1482 723 1517 sit
746 1482 797 1525 ei,
832 1483 933 1519 cuius
957 1483 1099 1518 nomine
1121 1493 1202 1528 per-

115 1529 258 1571 ceptum
282 1529 353 1561 est:
392 1525 425 1560 ei
449 1527 548 1562 cuius
573 1527 714 1562 nomine
737 1532 945 1574 perceptum
969 1531 1023 1563 est
1054 1538 1202 1573 percep-

114 1575 190 1606 tum
215 1571 330 1606 alieno
355 1571 518 1606 nomine‘¹
542 1572 682 1607 restitui
707 1583 859 1618 aequum
883 1576 949 1609 est.
985 1573 1049 1609 sed
1067 1573 1104 1608 in
1119 1583 1202 1618 pro-

115 1617 229 1662 posito
251 1626 366 1661 neque
385 1617 496 1661 patris
517 1618 660 1662 negotia
678 1617 834 1661 fuerunt,
860 1619 921 1664 qui
940 1629 1018 1654 esse
1037 1618 1202 1661 desierat,

116 1671 228 1706 neque
259 1666 431 1707 paternae
462 1663 716 1705 successionis,
758 1674 848 1709 quae
879 1664 1025 1700 fuerunt
1056 1663 1203 1699 alterius

114 1707 331 1742 hereditatis.
369 1707 465 1751 quod
489 1708 542 1742 si⁵
565 1708 657 1743 filius
681 1709 749 1744 iste
772 1709 867 1754 patri
883 1720 948 1745 suo
965 1710 1069 1744 heres
1087 1710 1204 1744 extitit

115 1756 150 1787 et
172 1755 290 1787 movet
314 1752 609 1796 controversiam,
643 1754 738 1799 quod
761 1758 863 1799 pater
888 1755 982 1798 eius,
1014 1758 1203 1801 postquam

114 1797 216 1832 heres
242 1797 375 1839 extitit,
408 1802 557 1834 mortem
581 1799 725 1842 obierit,
757 1800 816 1835 ille
839 1804 1017 1836 tractatus
1040 1800 1202 1843 incurrit,

114 1853 161 1877 an
195 1843 272 1888 ipse
307 1843 374 1877 sibi
409 1854 555 1879 causam
588 1845 824 1889 possessionis
859 1850 998 1881 mutare
1028 1845 1201 1881 videatur.

115 1889 281 1933 quoniam
312 1891 430 1924 tamen
462 1889 522 1934 qui
545 1891 686 1935 negotia
708 1890 926 1927 hereditaria
947 1891 1058 1937 gessit
1081 1894 1117 1927 et
1141 1891 1201 1927 de-

1279 214 1372 249 bitor
1402 225 1480 250 esse
1505 215 1632 260 coepit,
1658 218 1784 260 postea
1807 216 1943 253 faciens
1970 218 2246 254 controversiam
2270 219 2371 255 here-

1279 259 1399 294 ditatis
1424 265 1464 295 ut
1486 260 1572 295 iuris
1597 271 1784 305 possessor
1816 263 2042 307 convenitur,
2074 264 2166 300 idem
2196 266 2304 300 etiam
2335 266 2372 300 in

1279 304 1346 340 hoc
1371 305 1443 341 filio
1467 306 1754 351 respondendum
1778 308 1854 342 crit.

1795 421 1862 462 V⁶.

1320 486 1380 519 DE
1406 488 1706 521 POSSESSORIA
1730 489 2040 522 HEREDITATIS
2066 492 2327 526 PETITIONE.

1327 551 1344 590 1
1381 553 1576 591 Uzmzws
1592 555 1682 591 libro
1730 555 1831 590 uinta
1852 555 1986 591 decimo
2008 557 2057 592 ad
2077 559 2229 594 edictum
2266 559 2369 595 Ordi-

1277 598 1416 634 narium
1439 599 1509 635 fuit
1532 603 1614 646 post
1639 599 1702 636 civ'
1720 610 1758 635 es
1783 600 1942 636 actiones
1958 601 2149 638 heredibus
2166 605 2369 650 propositas

1277 644 1451 680 rationem
1482 646 1615 681 habere
1646 649 1848 690 praetorem
1881 647 1985 681 etiam
2019 658 2141 683 eorum
2174 661 2261 694 quos
2294 651 2370 696 ipse

1277 689 1374 724 velut
1396 691 1545 726 heredes
1569 691 1667 733 facit,
1692 691 1761 726 hoc
1794 695 1848 726 est
1880 701 2002 727 eorum
2034 694 2161 738 quibus
2195 695 2369 731 bonorum

1277 736 1454 779 possessio
1480 736 1565 771 data
1589 740 1662 772 est:

1323 777 1348 816 2
1377 780 1499 816 GAIUS
1527 782 1618 817 libro
1651 784 1756 817 seoeto
1782 781 1832 817 ad
1853 782 2006 818 edictum
2058 785 2255 819 rovincz'ale
2301 796 2366 831 per

1277 836 1383 870 quam
1415 826 1625 862 hereditatis
1657 827 1864 872 petitionem
1895 831 2025 863 tantun
2051 839 2105 863 em
2140 832 2368 875 consequitur

1276 871 1452 906 bonorum
1487 883 1691 917 possessor,
1725 876 1897 917 quantum
1929 874 2174 919 superioribus
2207 876 2368 912 civilibus

1276 916 1480 952 actionibus
1505 917 1608 953 heres
1634 918 1805 963 consequi
1828 922 1958 963 potest.

1776 1032 1865 1073 V1⁷.

1390 1099 1451 1131 DE
1476 1099 1916 1132 FIDEICOMMISSARIA
1939 1100 2252 1135 HEREDITATIS

1685 1145 1944 1178 PETITIONE.

1325 1209 1342 1247 1
1379 1209 1575 1247 Urmm
1603 1211 1695 1248 libro
1727 1214 1832 1247 sexto
1866 1211 2002 1248 decimo
2036 1213 2087 1248 ad
2109 1213 2262 1250 edictum
2309 1215 2367 1251 Ex

1274 1255 1398 1291 ordine
1422 1257 1581 1292 occurrit
1605 1257 1699 1293 actio
1725 1267 1815 1302 quae
1836 1258 2049 1302 proponitur
2069 1259 2134 1302 his,
2161 1260 2289 1304 quibus
2312 1271 2367 1296 re-

1274 1301 1401 1336 stituta
1425 1305 1479 1337 est
1501 1302 1692 1338 hereditas.
1729 1313 1811 1338 nam
1835 1303 1993 1348 quisquis
2018 1305 2200 1350 suscepit⁸
2223 1306 2367 1341 restitu-

1273 1349 1347 1381 tam
1372 1346 1606 1383 hereditatem
1631 1358 1674 1383 ex
1699 1352 1846 1383 senatus
1872 1349 2055 1392 consulto,
2089 1359 2133 1385 ex
2157 1361 2227 1396 quo
2253 1352 2365 1387 actio-

1274 1402 1336 1427 nes
1371 1395 1576 1436 transeunt,
1609 1393 1939 1429 fideicommissaria
1962 1394 2172 1431 hereditatis
2196 1397 2368 1442 petitione

1274 1437 1327 1473 uti
1349 1438 1490 1482 poterit,

1320 1480 1345 1519 2
1369 1482 1427 1518 ΡΑ
1435 1493 1531 1519 Ubus
1551 1484 1642 1520 libro
1666 1485 1856 1520 vicensimo
1882 1485 1932 1520 ad
1954 1485 2108 1522 edictum
2155 1497 2246 1532 quae
2271 1488 2365 1523 actio

1274 1528 1398 1563 eadem
1421 1529 1559 1574 recipit,
1585 1540 1677 1575 quae
1700 1530 1909 1566 hereditatis
1933 1531 2057 1576 petitio
2084 1531 2204 1567 civilis.

1319 1570 1343 1611 3
1377 1573 1573 1610 ULPIANUS
1601 1575 1692 1610 libro
1724 1578 1829 1610 sexto
1854 1576 1992 1611 decimo
2017 1577 2067 1612 ad
2088 1578 2242 1613 edictum
2290 1578 2366 1614 Nec

1272 1618 1430 1662 interest,
1455 1619 1542 1654 mihi
1566 1621 1644 1665 quis
1668 1623 1814 1665 rogatus
1839 1619 1947 1655 fuerit
1970 1622 2157 1658 restituere
2181 1633 2228 1657 an
2252 1623 2284 1658 ei
2309 1625 2366 1659 cui

1272 1664 1375 1700 heres
1401 1665 1512 1699 extiti.
1575 1665 1637 1701 sed
1661 1669 1697 1701 et
1722 1666 1778 1700 si⁹
1803 1666 1980 1701 bonorum
2004 1678 2192 1712 possessor
2206 1668 2272 1704 sim
2290 1669 2365 1704 eius

1273 1710 1331 1745 cui
1365 1709 1693 1746 fideicommissaria
1727 1710 1907 1746 hereditas
1943 1712 2068 1748 relicta
2103 1717 2158 1748 est
2188 1714 2243 1749 vel
2275 1715 2364 1750 alius

1276 1758 1289 1790 1
1343 1765 1540 1798 successor,
1550 1767 1615 1801 per
1623 1757 1717 1791 hanc
1727 1756 1903 1792 actionem
1913 1758 2066 1803 experiri
2073 1759 2236 1804 poterim.
2261 1759 2365 1794 Hanc

1272 1800 1449 1836 actionem
1481 1801 1665 1837 sciendum
1697 1805 1751 1837 est
1785 1802 1954 1838 adversus
1987 1813 2086 1846 eum,
2119 1804 2178 1849 qui
2209 1805 2366 1840 restituit

1272 1849 1291 1880 2
1340 1846 1583 1889 hereditatem,
1609 1858 1681 1882 non
1707 1851 1919 1892 competere.
1961 1849 2039 1884 Hae
2063 1853 2182 1884 autem
2206 1850 2365 1886 actiones

1272 1891 1357 1926 mihi
1389 1891 1537 1935 dantur,
1571 1903 1663 1938 quae
1686 1893 1810 1928 heredi
1834 1896 1870 1928 et
1892 1893 1928 1928 in
1952 1894 2119 1930 heredem
2144 1899 2362 1941 competunt.

1008 2283 1188 2334 LIBER
1218 2284 1457 2334 SEXTUS.

601 2400 621 2439 Ι
632 2399 672 2439 ¹⁰.

392 2464 454 2497 DE
478 2465 559 2498 REI
584 2466 925 2499 VINmoA'rIONE.

161 2529 180 2567 1
215 2529 410 2566 Urmmss
437 2531 527 2567 libro
551 2536 656 2568 sexto
681 2533 816 2568 decimo
841 2533 891 2568 ad
912 2533 1066 2569 edictum
1111 2533 1201 2568 Post

113 2576 290 2618 actiones,
315 2586 406 2621 quae
429 2576 473 2611 de
496 2577 724 2612 universitate
748 2578 953 2623 propositae
977 2582 1079 2621 sunt,
1113 2579 1198 2613 sub-

118 2623 131 2655 l
179 2621 286 2656 icitur
321 2621 415 2656 actio
451 2622 670 2667 singularum
704 2633 823 2658 rerum
858 2624 1050 2668 petitionis.
1100 2624 1199 2668 Quae

113 2666 276 2710 specialis
299 2666 337 2701 in
360 2677 434 2701 rem
458 2668 551 2702 actio
575 2668 694 2702 locum
717 2669 827 2703 habet
849 2669 886 2703 in
907 2669 1070 2704 omnibus
1091 2670 1198 2704 rebus

112 2711 311 2754 mobilibus,
336 2715 410 2746 tam
434 2713 645 2748 animalibus
670 2724 777 2758 quam
800 2714 854 2749 his
880 2724 971 2759 quae
995 2714 1114 2749 anima
1139 2725 1197 2749 ca-

113 2758 132 2790 2
179 2760 277 2799 rent,
313 2760 348 2791 et
370 2757 407 2791 in
430 2757 485 2792 his
510 2768 602 2802 quae
626 2759 701 2793 solo
728 2759 964 2794 continentur.
1011 2759 1082 2794 Per
1104 2759 1198 2795 hanc

113 2804 230 2836 autem
265 2802 441 2837 actionem
473 2803 605 2838 liberae
636 2814 830 2848 personae,
867 2814 959 2849 quae
994 2807 1078 2839 sunt
1111 2805 1198 2840 iuris

113 2847 242 2889 nostri,
267 2850 308 2881 ut
331 2850 420 2891 puta
441 2847 544 2883 liberi
568 2849 629 2894 qui
652 2853 736 2884 sunt
758 2850 795 2884 in
818 2853 1014 2894 potestate,
1039 2860 1112 2885 non
1135 2860 1197 2894 pe-

113 2894 252 2926 tuntur:
278 2896 449 2936 petuntur
467 2893 573 2937 igitur
592 2897 654 2928 aut
673 2894 898 2939 praeiudiciis
919 2898 982 2929 aut
1002 2894 1198 2930 interdictis

113 2939 176 2970 aut
199 2937 398 2981 cognitione
420 2939 619 2983 praetoria,
645 2943 680 2974 et
702 2940 754 2974 ita
776 2940 995 2985 Pomponius
1019 2940 1108 2975 libro
1134 2940 1197 2974 tri-

113 2982 267 3025 gensimo
300 2983 467 3027 septimo:
505 2984 571 3018 nisi
603 2984 714 3026 forte,
749 2985 883 3029 inquit,
916 2985 1056 3020 adiecta
1088 2995 1199 3020 causa

114 3026 191 3071 quis
209 3026 380 3062 vindicet:
405 3028 474 3062 si¹¹
523 3029 577 3064 uis
601 3029 651 3064 ita
674 3030 762 3074 petit
787 3030 909 3065 ‘filium
933 3031 1047 3065 suum’
1071 3031 1127 3065 vel
1151 3031 1198 3065 ‘in

114 3074 301 3115 ‘potestate
325 3083 369 3107 ex
391 3073 468 3107 iure
490 3040 677 3117 Romanoa
709 3075 847 3110 videtur
877 3076 962 3110 mihi
986 3079 1022 3111 et
1044 3075 1198 3120 Pompo-

114 3116 192 3151 nius
216 3118 415 3153 consentire
446 3123 544 3153 recte
577 3130 656 3154 eum
688 3121 815 3164 egisse:
853 3121 903 3156 ait
934 3121 1026 3156 enim
1057 3121 1199 3156 adiecta

114 3162 134 3194 3
181 3171 291 3197 eausa
325 3172 370 3197 ex
402 3163 479 3208 lege
514 3164 701 3207 Quiritium
742 3166 922 3201 vindicare
963 3176 1080 3211 posse.
1128 3167 1198 3201 Per

114 3205 206 3241 hanc
230 3210 348 3242 autem
372 3209 547 3243 actionem
571 3220 643 3244 non
667 3210 782 3245 solum
805 3212 964 3256 singulae
995 3221 1051 3246 res
1083 3211 1196 3246 vindi-

115 3250 307 3294 cabuntur,
340 3253 404 3288 sed
425 3263 532 3299 posse
556 3255 662 3290 etiam
683 3266 824 3301 gregem
846 3256 1018 3292 vindicari
1041 3257 1195 3302 Pompo-

117 3364 154 3404 (ι)
180 3365 337 3406 apparuit
353 3367 428 3400 dett.
578 3370 620 3411 (2)
646 3370 795 3403 videntur
812 3372 853 3403 ab
870 3371 1102 3414 interpolatore
1114 3384 1193 3414 pro—

106 3409 222 3449 ficisci
235 3410 323 3442 intra
334 3413 544 3453 parentheses
556 3415 688 3457 posita:
710 3417 814 3447 totam
831 3415 1094 3458 (hereditatem),
1113 3417 1192 3458 quia

115 3463 153 3484 ex
170 3453 354 3487 hereditate
371 3466 409 3488 ea
424 3459 568 3498 pecunia
585 3459 717 3499 (fuisset
726 3462 823 3502 quae)
840 3461 882 3492 ad
894 3464 1144 3503 procuratorem
1154 3472 1193 3493 ex

114 3498 308 3531 venditione
324 3502 540 3543 pervenisset,
558 3506 670 3545 petere
686 3514 741 3537 eos
758 3508 912 3547 oportere
922 3509 955 3538 et
962 3507 1071 3539 nihilo
1080 3507 1193 3538 minus

115 3545 243 3594 partem
251 3543 425 3577 dimidiam
435 3547 655 3591 (hereditatis)
666 3559 685 3580 a
694 3550 911 3583 coheredibus
921 3551 993 3584 eius
1075 3553 1118 3593 (3)
1135 3552 1193 3583 ad·

115 3589 430 3639 ministraveruntF
527 3594 568 3635 (4)
593 3597 787 3637 perceptum
803 3598 854 3628 est
869 3599 1065 3639 perceptum
1081 3597 1193 3629 alieno

115 3641 250 3665 nomine
264 3634 416 3676 suppleta
430 3644 504 3669 sunt
518 3640 690 3672 secundum
702 3639 846 3673 Graecos
854 3654 911 3674 nec
919 3649 1023 3675 tamen
1040 3643 1089 3676 sic
1107 3643 1194 3675 locus

115 3688 224 3728 equus.
237 3679 419 3721 fueritsic:
436 3681 525 3712 aetio
545 3683 591 3714 sit
603 3684 635 3715 ei
650 3684 747 3717 cuius
766 3686 902 3718 nomine
918 3689 1114 3728 perceptum
1132 3690 1192 3726 est,

117 3730 148 3753 ei
170 3722 267 3754 cuius
289 3732 329 3754 ea
343 3733 394 3755 res
409 3727 460 3757 est
472 3730 664 3769 perceptum
676 3729 786 3761 alieno
798 3731 933 3763 nomine
1096 3733 1138 3773 (5)
1164 3731 1192 3763 si

1268 2399 1348 2434 nius
1373 2399 1463 2435 libro
1496 2399 1689 2435 lectionum
1720 2399 1910 2436 vicensimo
1942 2401 2065 2445 quinto
2097 2401 2230 2437 scribit.
2267 2402 2360 2438 idem

1269 2448 1305 2480 et
1328 2444 1372 2480 de
1392 2448 1552 2480 armento
1574 2449 1610 2480 et
1629 2445 1673 2480 de
1694 2445 1824 2491 equitio
1847 2446 2054 2491 ceterisque,
2081 2457 2171 2491 quae
2190 2458 2250 2491 gre
2274 2448 2359 2483 atim

1267 2490 1464 2533 habentur,
1500 2490 1689 2525 dicendum
1722 2495 1785 2526 est.
1824 2491 1886 2526 sed
1911 2491 2002 2526 enim
2033 2502 2174 2536 gregem
2206 2503 2247 2527 su
2266 2493 2360 2528 ficiet

1267 2535 1384 2580 ipsum
1409 2539 1571 2570 nostrum
1596 2546 1692 2578 esse,
1725 2537 1809 2571 licet
1833 2536 1972 2580 singula
1996 2537 2115 2582 capita
2138 2541 2262 2572 nostra
2286 2550 2358 2573 non

1268 2581 1358 2616 sint:
1391 2591 1477 2625 grex
1502 2582 1611 2623 enim,
1636 2592 1709 2617 non
1733 2582 1872 2625 singula
1897 2592 2048 2626 corpora
2071 2582 2356 2618 vindicabuntur.

1314 2624 1339 2662 2
1365 2626 1524 2661 PAULUS
1544 2627 1634 2662 libro
1659 2627 1849 2661 vicensimo
1866 2627 1990 2672 primo
2016 2627 2065 2662 ad
2086 2628 2240 2663 edictum
2288 2628 2359 2663 Sed

1267 2671 1298 2706 si
1321 2681 1388 2716 par
1411 2682 1580 2706 numerus
1612 2671 1764 2706 duorum
1795 2671 2015 2714 interfuerit,
2048 2677 2174 2708 neuter
2205 2674 2356 2709 solidum

1266 2726 1416 2761 gregem,
1442 2716 1505 2752 sed
1529 2727 1574 2751 ne
1596 2721 1735 2761 partem
1760 2716 1939 2751 dimidiam
1963 2718 2073 2752 totius
2099 2718 2174 2753 eius
2198 2719 2356 2754 vindica-

1268 2762 1330 2796 bit.
1368 2761 1431 2797 sed
1456 2762 1485 2796 si
1509 2762 1676 2797 maiorem
1700 2772 1886 2797 numerum
1917 2762 2008 2797 alter
2040 2763 2191 2807 habeat,
2224 2768 2265 2799 ut
2297 2765 2356 2800 de-

1267 2809 1384 2842 tracto
1417 2807 1533 2842 alieno
1566 2807 1675 2843 nihilo
1707 2807 1824 2842 minus
1856 2817 1997 2852 gregem
2026 2809 2272 2845 vindicaturus
2297 2810 2354 2853 sit,

1266 2851 1303 2885 in
1327 2852 1588 2887 restitutionem
1612 2863 1684 2887 non
1707 2853 1854 2887 veniunt
1877 2852 1993 2888 aliena
2019 2854 2148 2899 capita.

1313 2894 1337 2933 3
1372 2896 1567 2932 ULPIANUS
1587 2897 1677 2933 libro
1701 2902 1805 2933 sexto
1830 2898 1966 2933 decimo
1992 2899 2041 2933 ad
2063 2899 2217 2935 edictum
2256 2900 2354 2934 Mar-

1268 2942 1377 2976 cellus
1411 2942 1503 2977 libro
1536 2946 1664 2987 quarto
1697 2942 1912 2987 digestorum
1943 2944 2084 2979 scribit:
2122 2946 2182 2990 qui
2215 2956 2356 2990 gregem

1266 2987 1423 3021 habebat
1447 2987 1604 3032 capitum
1634 2991 1892 3031 trecentorum,
1930 2989 2067 3025 amissis
2100 2994 2243 3025 centum
2275 2991 2354 3025 red-

1267 3032 1350 3066 emit
1381 3032 1528 3067 totidem
1563 3033 1682 3077 capita
1716 3033 1873 3068 aliena¹²
1903 3034 1948 3068 ab
1981 3045 2041 3077 eo,
2078 3036 2138 3080 qui
2162 3035 2355 3071 dominium

1267 3086 1390 3112 eorum
1413 3078 1579 3119 habebat,
1605 3079 1659 3113 vel
1683 3079 1800 3113 aliena
1833 3079 1878 3113 ab
1912 3089 1972 3122 eo,
2006 3080 2066 3124 qui
2100 3081 2194 3116 bona
2217 3081 2287 3115 fide
2312 3092 2355 3116 ea

1266 3122 1489 3167 possidebat:
1517 3126 1552 3157 et
1569 3124 1659 3158 haec
1680 3124 1802 3169 utique
1821 3125 1947 3169 gregis,
1968 3125 2093 3170 inquit,
2117 3126 2353 3161 vindicatione

1266 3167 1554 3203 continebuntur.
1599 3169 1663 3203 sed
1694 3172 1729 3203 et
1760 3170 1791 3204 si
1821 3179 1863 3204 ea
1898 3170 1976 3205 sola
2011 3171 2192 3215 supersint
2222 3171 2351 3216 capita,

1266 3223 1357 3257 quae
1379 3213 1563 3258 redempta
1587 3218 1681 3256 sunt,
1707 3214 1824 3249 adhuc
1850 3225 1929 3250 eum
1952 3226 2058 3259 posse
2080 3227 2220 3261 gregem
2239 3217 2351 3251 vindi-

1267 3261 1282 3292 1
1333 3268 1425 3293 care.
1462 3259 1693 3294 Armamenta
1716 3260 1814 3295 navis
1840 3260 1978 3305 singula
1998 3265 2102 3296 erunt
2122 3261 2350 3297 vindicanda:

1263 3370 1388 3405 del.F²

1309 3417 1351 3457 (c)
1378 3417 1658 3459 Ed.—Bas.42,
1671 3427 1737 3459 2,11

1307 3463 1350 3502 (7)
1367 3462 1581 3496 Eat—Bas.
1593 3465 1646 3504 42,
1658 3472 1797 3505 2,12...14
1865 3466 1908 3507 (8)
1926 3465 2113 3507 susceperit
2123 3464 2174 3496 F2
2241 3465 2285 3505 (9)
2305 3474 2347 3495 an

1263 3506 1307 3546 (ei
1317 3507 1376 3583 inis-7.
1386 3507 1450 3549 Fb)
1467 3507 1563 3540 heres
1581 3510 1636 3541 cui
1654 3511 1722 3551 (cui
1732 3511 1827 3543 heres
1836 3510 1900 3552 ΙΝ)
1919 3511 2034 3543 extitis
2051 3510 2108 3542 sed
2127 3509 2196 3551 (sed
2207 3509 2269 3542 del.
2280 3509 2314 3541 F
2319 3508 2345 3550 ²)

1262 3551 1333 3583 etsi

1307 3597 1366 3638 (ιο)
1391 3597 1456 3630 Ed.
1466 3604 1692 3633 1...33.35...45.
1704 3607 1749 3633 47.
1760 3608 1805 3634 49.
1818 3609 1865 3634 50.
1876 3607 2000 3639 72...77;
2018 3600 2100 3633 Sal).
2115 3606 2161 3632 34.
2172 3605 2220 3632 46.
2231 3605 2343 3632 51...61.

1261 3648 1386 3681 68-··'113
1403 3642 1487 3686 Pap.
1505 3651 1694 3684 48.62...673
1712 3647 1799 3689 App.
1819 3653 1928 3679 78...80
2018 3645 2101 3676 Bas.
2124 3645 2209 3684 15,1.
2227 3662 2271 3667 -—
2294 3644 2344 3686 Cfi

1265 3686 1343 3719 Cod.
1354 3687 1384 3726 3,
1395 3693 1430 3720 32
1523 3689 1578 3731 (ιι)
1603 3690 1646 3730 si]
1657 3690 1797 3723 etsiscr,
1893 3692 1950 3731 (12)
1977 3689 2087 3720 aliena
2097 3689 2158 3721 del.
2170 3690 2253 3722 edd.-

2033 3791 2072 3823 12
