2528 3918
181 101 437 146 XXXXIIII
467 102 492 142 2

229 221 253 260 7
267 224 280 247 ¹
309 222 503 259 Uffunvs
526 220 617 258 libro
639 222 930 269 scptuayensimo
955 221 1081 268 quinio
1103 221 1154 256 ad
1176 221 1269 257 edio-

183 274 257 304 aeum
303 267 342 304 Si
365 267 457 322 quis,
481 277 564 303 cum
584 270 701 303 totum
722 267 883 314 petisset,
909 270 1049 313 partem
1070 271 1183 312 petat,
1207 277 1267 301 ex-

183 313 301 394 cegtio
331 323 385 349 rei
414 311 594 349 iudicatae
621 317 746 356 nocet,
784 322 869 348 nam
901 322 988 358 pars
1017 312 1057 346 in
1086 315 1163 347 toto
1196 316 1268 347 est:

182 369 226 395 ea
251 369 307 394 0111
337 358 431 394 0111111
459 367 517 394 res
547 357 725 404 accipitur
759 361 796 394 et
829 357 861 393 si
891 363 976 402 pars
1006 359 1152 402 petatur
1181 357 1268 399 eius,

182 403 279 449 quod
313 407 430 439 totum
464 402 615 448 petitum
647 406 716 439 est.
769 413 837 439 nec
870 403 1037 445 interest,
1074 405 1195 437 utrum
1232 402 1269 436 in

182 458 335 501 corpore
356 448 428 502 hoc
451 451 645 500 quaeratur
667 457 716 483 an
735 446 773 484 in
802 447 1002 500 quantitate
1029 446 1085 482 vel
1111 447 1149 482 in
1178 446 1268 482 iure.

181 493 333 585 &3⁰¹3ss
351 491 1271 583 ffivii‘ssffivgiss‘iiminffiffifff’dissssiini'agt‘rituzi'cegssff

181 583 316 620 tionem
340 583 494 619 obstare.
533 582 684 629 proinde
707 587 743 618 et
766 583 797 618 si
820 592 1002 627 proponas
1024 582 1110 617 mihi
1133 588 1270 617 certum

181 629 301 665 locum
318 639 376 664 me
393 632 515 674 petere
535 638 579 664 ex
595 638 637 663 eo
655 628 778 671 fundo,
800 638 903 672 quem
923 627 1009 671 peti,
1031 627 1190 663 obstabit
1208 637 1269 662 ex-

183 674 314 720 ceptio.
347 673 442 709 idem
457 673 527 709 erit
541 673 765 718 probandum
783 677 820 708 et
835 672 866 708 si
880 672 950 707 duo
966 682 1119 718 corpora
1137 671 1271 707 fuerint

182 719 312 764 petita,
336 729 420 755 mox
443 718 656 754 alterutrum
680 728 743 753 cor
769 728 811 752 us
834 720 997 762 petatur:
1021 727 1107 753 nam
1127 717 1272 752 nocebit

182 764 357 810 exceptio.
392 763 503 799 1101115ι
525 763 557 799 si
578 763 657 809 quis
678 763 742 797 fun
770 773 829 797 um
846 762 1000 807 petierit,
1020 773 1104 798 mox
1123 763 1270 798 arbores

182 809 322 846 excisas
338 819 385 845 ex
402 819 445 845 eo
462 808 575 844 fundo
592 812 702 853 petat,
722 812 786 842 aut
802 807 956 843 insulam
971 806 1126 853 petierit,
1145 807 1271 843 deinde

182 865 306 891 aream
315 857 432 907 petat,
448 854 504 890 vel
519 854 618 899 tigna
632 853 687 888 vel
704 852 840 898 lapides
855 856 973 898 petat:
998 852 1083 888 item
1099 852 1130 888 si
1144 862 1270 888 navem

187 903 202 934 1
251 903 399 946 petiero,
423 903 550 945 postea
573 898 731 943 singulas
750 898 894 933 tabulas
913 897 1105 933 vindicem:
1131 898 1183 933 ³si
1206 907 1270 932 an-

183 944 303 980 cillam
325 948 556 990 praegnatem
578 943 715 988 petiero
746 947 783 979 et
803 945 889 988 post
909 942 1010 978 litem
1032 946 1270 979 contestatam

183 989 389 1035 conceperit
419 989 480 1025 et⁴
511 988 707 1034 pepererit,
736 998 821 1023 mox
851 991 995 1033 partum
1024 988 1102 1024 eius
1129 991 1268 1033 petam:

184 1039 306 1070 utrum
328 1033 423 1070 idem
441 1038 564 1080 petere
580 1033 704 1069 videor
720 1043 768 1068 an
785 1033 896 1075 aliud,
919 1043 1071 1078 magnae
1090 1033 1269 1078 quaestio-

182 1080 238 1116 nis
261 1083 328 1116 est.
376 1084 414 1115 et
434 1078 576 1125 quidem
595 1079 647 1113 ita
668 1077 808 1113 definiri
828 1081 950 1124 potest
968 1078 1102 1114 totiens
1122 1077 1269 1114 eandem

182 1135 258 1161 rem
281 1124 350 1169 agi,
375 1124 540 1171 quotiens
560 1134 582 1159 a
608 1123 657 1159 ud
675 1123 831 1158 iudicem
849 1123 1083 1168 posteriorem
1103 1123 1141 1158 id
1161 1133 1269 1168 quae-

183 1174 204 1206 2
251 1171 361 1214 titur,
394 1169 489 1215 quod
512 1135 610 1214 apag
631 1168 788 1214 priorem
811 1168 1012 1213 quaesitum
1036 1172 1102 1204 est.
1149 1168 1192 1203 In
1214 1168 1270 1203 his

183 1215 293 1261 igitur
315 1214 391 1251 fere
413 1214 577 1250 omnibus
600 1213 764 1259 exceptio
788 1218 913 1249 nocet:
945 1213 1009 1249 sed
1038 1213 1077 1248 in
1101 1213 1270 1249 cementis

183 1265 220 1296 et
242 1261 349 1305 tignis
373 1260 551 1295 diversum
575 1262 648 1295 est:
672 1268 756 1294 nam
778 1258 821 1301 is,
846 1258 907 1303 qui
929 1258 1083 1294 insulam
1107 1258 1216 1304 petit,
1241 1259 1271 1294 si

183 1309 346 1342 cementa
368 1305 423 1341 vel
445 1305 546 1350 tigna
568 1304 625 1340 vel
647 1304 732 1349 quid
757 1303 880 1339 aliud⁶
903 1314 1008 1339 suum
1029 1307 1139 1349 petat,
1166 1303 1205 1338 in
1229 1313 1271 1338 ea

183 1350 393 1387 condicione
416 1354 482 1392 est,
507 1353 550 1384 ut
571 1349 736 1385 videatur
759 1348 858 1384 aliud
879 1353 1021 1394 petere:
1052 1349 1184 1384 etenim
1208 1360 1269 1384 cu-

159 1436 163 1438 ,
183 1396 239 1431 ius
261 1395 381 1431 insula
405 1399 470 1437 est,
495 1405 568 1430 non
591 1395 715 1439 utique
738 1398 774 1430 et
799 1399 961 1430 cementa
984 1398 1086 1430 sunt:
1119 1394 1271 1440 denique

183 1452 238 1484 ea,
262 1451 354 1486 quae
376 1440 502 1475 iuncta
524 1443 611 1476 sunt
633 1439 782 1475 aedibus
807 1439 944 1481 alienis,
969 1443 1137 1484 separata
1160 1440 1269 1475 domi-

184 1490 204 1520 3
250 1496 319 1522 nus
335 1485 519 1521 vindicare
533 1489 665 1531 potest.
699 1485 756 1520 De
771 1484 948 1520 fructibus
966 1484 1091 1520 eadem
1110 1485 1270 1530 quaestio

183 1535 239 1567 est
266 1534 304 1566 et
332 1530 377 1567 de
405 1534 532 1576 partu:
565 1530 656 1566 haec
679 1530 773 1566 enim
795 1530 954 1566 nondum
978 1534 1082 1565 erant
1103 1530 1141 1565 in
1163 1530 1271 1565 rebus

183 1576 362 1619 humanis,
386 1575 451 1611 sed
473 1586 518 1612 ex
541 1585 586 1611 ea
608 1585 648 1611 re
671 1579 765 1618 sunt,
790 1585 882 1620 quae
905 1575 1019 1620 petita
1043 1579 1115 1612 est:
1141 1575 1271 1619 magis-

183 1632 252 1667 que
275 1624 348 1665 est,
379 1624 422 1656 ut
449 1620 521 1657 ista
551 1621 716 1666 exceptio
744 1631 819 1656 non
841 1624 970 1656 noceat
979 1621 1005 1656 ⁶.
1052 1620 1159 1666 plane
1183 1621 1213 1655 si
1235 1620 1273 1655 in

182 1666 444 1703 restitutionem
476 1666 534 1702 vel
563 1665 704 1702 fructus
733 1666 790 1701 vel
821 1665 929 1701 etiam
977 1668 1077 1701 artus
1100 1669 1273 1701 venerunt

183 1711 362 1749 aestimati
386 1722 433 1748 ue
461 1714 564 1755 sunt,
595 1721 817 1757 consequens
847 1711 913 1746 erit
970 1710 1062 1746 ‘cere
1091 1711 1271 1756 exceptio-

184 1761 206 1792 4
252 1767 334 1793 nem
356 1767 378 1793 o
404 1756 592 1792 iciendam.
638 1756 690 1791 Et
711 1756 941 1801 generaliter,
965 1760 1007 1791 ut
1027 1756 1186 1791 Iulianus
1211 1756 1271 1791 de-

183 1802 282 1846 finit,
323 1802 486 1847 exceptio
515 1802 568 1837 rei
598 1801 778 1837 iudicatae
809 1802 949 1844 obstat,
985 1801 1149 1847 quotiens
1179 1801 1273 1836 inter

183 1847 328 1884 easdem
355 1857 529 1893 personas
559 1847 684 1883 eadem
713 1847 875 1892 quaestio
904 1850 1094 1883 revocatur
1123 1846 1179 1882 vel
1202 1846 1272 1881 alio

184 1903 314 1938 genere
336 1892 470 1928 iudicii.
515 1895 553 1928 et
581 1891 663 1928 ideo
693 1892 725 1928 si
755 1891 956 1928 hereditate
977 1892 1092 1937 petita
1115 1891 1273 1936 singulas

184 1948 242 1974 res
265 1941 367 1983 petat
389 1937 444 1973 vel
468 1937 616 1983 singulis
640 1937 747 1973 rebus
769 1937 891 1983 petitis
910 1937 1145 1973 hereditatem
1161 1940 1273 1982 petat,

184 1987 204 2018 5
253 1983 463 2028 exceptione
486 1982 775 2018 summovebitur.
823 1982 922 2018 Idem
951 1982 1020 2018 erit
1074 1981 1275 2017 robandum

185 2033 223 2064 et
255 2028 288 2064 si
341 2028 398 2064 uis
430 2027 589 2063 debitum
624 2027 768 2073 petierit
801 2037 825 2063 a
855 2027 1016 2063 debitore
1046 1993 1272 2069 Hereditarim

185 2073 314 2110 deinde
362 2073 570 2109 ereditatem
591 2076 712 2119 petat,
743 2073 799 2108 vel
823 2077 950 2109 contra
973 2072 1004 2107 si
1027 2076 1111 2108 ante
1134 2071 1274 2108 heredi-

184 2122 296 2155 tatem
317 2118 462 2171 petierit
484 2121 522 2154 et
543 2121 671 2164 postea
695 2117 853 2153 debitum
884 2122 1002 2163 petat:
1033 2127 1118 2152 nam
1148 2121 1186 2153 et
1216 2117 1275 2152 hic

184 2164 345 2200 obstabit
381 2163 563 2209 exceptio:
603 2173 688 2198 nam
720 2173 800 2199 cum
830 2163 1065 2198 hereditatem
1095 2166 1200 2208 peto,
1239 2166 1276 2198 et

186 2219 340 2254 corpora
364 2212 400 2244 et
422 2208 583 2244 actiones
607 2218 750 2251 omnes,
781 2218 873 2260 quae
895 2208 933 2243 in
955 2208 1154 2244 hereditate
1178 2211 1274 2247 sunt.

186 2254 352 2291 videntur
373 2254 412 2289 in
433 2253 642 2300 petitionem
666 2253 805 2289 deduci.

233 2296 259 2337 8
283 2298 478 2335 IULIANUS
503 2298 595 2335 libro
645 2298 945 2344 uinquaqensimo
964 2298 1088 2350 primo
1121 2297 1275 2350 digesto-

186 2356 267 2380 rum
313 2343 403 2380 Item
426 2348 531 2390 parte
553 2309 656 2379 fungi
679 2343 793 2388 petita
816 2343 871 2379 si⁷
893 2342 1050 2379 familiae
1069 2343 1274 2378 herciscun-

186 2390 254 2425 dae
284 2389 340 2425 vel
369 2388 548 2425 communi
579 2387 769 2425 dividundo
799 2388 892 2434 8311,
923 2397 1037 2434 aeque
1066 2388 1276 2433 exceptione

187 2434 466 2472 submovebitur.

233 2478 259 2517 9
290 2479 487 2516 [sumnus
512 2479 603 2515 libro
634 2479 925 2526 septuaqensimo
953 2480 1078 2525 quinto
1110 2478 1161 2514 ad
1182 2478 1275 2514 edio-

188 2529 262 2560 tum
309 2524 347 2560 Si
377 2534 401 2560 a
431 2527 468 2559 te
497 2524 731 2559 hereditatem
761 2528 898 2569 petam,
931 2535 1012 2560 cum
1041 2523 1130 2559 nihil
1160 2523 1275 2568 possi-

187 2570 303 2611 deres,
327 2569 466 2612 deinde,
490 2569 554 2605 ubi
577 2569 739 2614 coeperis
762 2569 895 2614 aliquid
919 2568 1113 2616 possidere,
1136 2568 1276 2604 heredi-

188 2620 299 2651 tatem
327 2618 467 2667 petam,
503 2625 550 2650 an
581 2617 710 2650 noceat
739 2614 902 2661 exceptio
934 2614 1030 2650 ista?
1075 2617 1113 2650 et
1136 2617 1275 2666 putem,

188 2661 262 2697 sive
284 2660 355 2695 fuit
376 2659 574 2696 iudicatum
596 2659 830 2695 hereditatem
852 2670 968 2695 meam
991 2669 1085 2703 esse,
1116 2668 1189 2694 slve
1212 2658 1275 2694 ad-

189 2705 366 2741 versarius
378 2705 402 2749 ⁸,
427 2705 512 2751 quia
535 2704 623 2740 nihil
645 2704 872 2750 possidebat,
896 2704 1084 2741 absolutus
1108 2707 1178 2746 est,
1203 2714 1277 2739 non

193 2754 207 2785 1
258 2760 389 2786 nocere
412 2750 667 2796 exceptionem.
716 2749 754 2785 Si
778 2749 857 2795 quis
880 2749 1050 2792 fundum,
1081 2759 1185 2794 quem
1209 2760 1275 2794 pu-

189 2795 294 2831 tabat
311 2805 350 2830 se
362 2795 564 2846 possidere,
590 2794 799 2838 defenderit,
822 2805 907 2831 mox
924 2795 1065 2830 emerit:
1089 2804 1129 2830 re
1147 2805 1275 2830 secun-

190 2840 276 2876 dum
298 2844 486 2892 pentorem
509 2839 668 2876 iudicata
691 2850 739 2875 an
758 2841 946 2876 restituere
968 2839 1141 2885 cogatur?
1173 2843 1209 2875 et
1227 2839 1278 2874 ait

189 2885 379 2927 Neratius,
411 2885 442 2920 si
464 2885 580 2921 actori
602 2885 731 2920 iterum
754 2885 890 2931 petenti
913 2885 1091 2920 obiciatur
1114 2884 1275 2931 exceptio

190 2930 243 2966 rei
271 2929 469 2972 iudicatae,
499 2930 673 2976 replicare
701 2940 783 2966 eum
815 2934 979 2976 oportere
1011 2930 1056 2965 de
1087 2940 1125 2964 re
1149 2939 1275 2965 secun-

191 2978 211 3010 2
259 2974 342 3011 dum
366 2985 405 3011 se
427 2974 595 3010 iudicata.
635 2975 798 3011 Iulianus
818 2975 943 3011 scribit
963 2975 1206 3020 exceptionem
1225 2975 1277 3010 rei

189 3019 369 3057 iudicatae
397 3030 420 3055 a
451 3030 605 3065 persona
634 3020 794 3057 auctoris
825 3020 873 3056 ad
904 3024 1099 3066 emptorem
1121 3020 1276 3056 transire

190 3065 322 3109 solere,
351 3069 446 3101 retro
477 3069 596 3100 autem
619 3066 665 3101 ab
690 3070 848 3111 emptore
872 3065 919 3101 ad
941 3069 1125 3102 auctorem
1148 3065 1276 3100 reverti

190 3122 263 3147 non
293 3110 435 3146 debere.
507 3120 593 3145 uare
623 3110 654 3145 si
682 3110 931 3146 hereditariam
959 3120 1035 3146 rem
1063 3109 1274 3152 vendideris,

234 3167 255 3191 0
287 3154 436 3191 eandem
464 3165 487 3191 a
544 3159 702 3200 emptore
730 3156 866 3201 petiero
900 3158 937 3192 et
964 3155 1103 3198 vicero,
1141 3154 1277 3200 petenti

190 3202 218 3236 ti
244 3201 257 3236 i
279 3211 353 3236 non
374 3210 555 3246 opponam
578 3200 822 3245 exceptionem
847 3203 897 3236 ‘at
919 3200 950 3236 si
973 3210 1017 3236 ea
1039 3210 1098 3237 res
1117 3200 1276 3237 iudicata

191 3248 276 3281 ‘non
297 3246 346 3283 sit
366 3246 462 3281 inter
484 3255 542 3281 me
565 3248 601 3280 et
623 3255 714 3287 eum,
739 3246 798 3281 cui
820 3244 1031 3282 vendidisti’.

242 3289 291 3328 10
319 3290 509 3327 IULIANUS
529 3289 619 3326 libro
640 3291 964 3338 quinquaqensimo
976 3290 1101 3337 primo
1121 3290 1276 3337 diqesto-

192 3347 272 3370 rum
311 3335 400 3371 Item
425 3335 455 3371 si
477 3335 594 3371 victus
615 3334 732 3378 fuero,
755 3339 797 3371 tu
819 3335 992 3372 adversus
1013 3345 1071 3372 me
1093 3335 1275 3382 exceptio-

192 3390 271 3416 nem
295 3391 368 3416 non
390 3380 550 3417 habebis.

241 3423 288 3463 11
322 3425 518 3462 Uhmwvs
536 3425 629 3462 libro
650 3426 940 3472 septuaqensimo
963 3425 1090 3472 quinto
1112 3425 1165 3462 ad
1181 3425 1276 3462 edio-

191 3538 958 3583 (¹›adpr.‹.·stl.³12.e.:aducfi1.sh.e.
1052 3538 1276 3580 (nitemdel.

192 3587 235 3619 13)
254 3584 332 3616 item
354 3585 414 3617 ins.
535 3585 579 3626 (4)
604 3582 794 3627 conceperit
810 3583 844 3615 et
862 3583 924 3616 dol.
1048 3586 1090 3625 (11)
1115 3583 1194 3617 inde
1214 3584 1275 3617 ins.

193 3635 237 3666 10)
262 3630 381 3662 ordina
397 3630 463 3663 nic:
487 3628 527 3663 de
538 3628 704 3662 fructibus
715 3627 828 3662 eadem
840 3627 989 3670 quaestio
1001 3630 1050 3661 est
1061 3630 1095 3661 et
1106 3627 1146 3661 de
1156 3630 1275 3671 partu:

193 3673 362 3716 magisque
382 3676 441 3716 eet,
458 3675 499 3707 ut
512 3673 577 3707 ista
590 3673 740 3726 exceptio
755 3683 824 3707 non
837 3674 966 3707 noceat.
990 3673 1070 3706 haec
1086 3673 1175 3706 enim
1192 3683 1275 3705 non-

1251 96 1336 144 708
1558 110 1597 131 ‘x

1488 0 1493 22 l

1497 21 1559 76 ἡ

1548 80 1551 99 l

2042 113 2104 145 DE
2132 113 2416 146 Excnmoim

1338 226 1412 256 tum
1458 220 1498 256 Si
1533 224 1648 258 mater
1684 221 1749 258 filii
1784 222 1976 275 impuberis
2007 221 2167 258 defuncti
2197 232 2242 258 ex
2272 226 2418 259 senatus

1338 265 1614 319 consulto-bona
1627 267 1860 304 vindicaverit
1875 266 2020 310 idcirco,
2044 267 2129 313 quia
2143 268 2295 314 putabat
2309 273 2416 314 rupto

1336 315 1449 356 patris
1483 321 1561 347 eius
1596 315 1810 349 testamento
1847 312 2022 348 neminem
2057 322 2137 348 esse
2174 312 2417 356 substitutum,

1336 357 1499 401 victaque
1521 356 1639 398 fuerit,
1665 358 1747 402 quia
1770 361 2020 394 testamentum
2043 357 2157 402 patris
2179 361 2324 403 ruptum
2346 369 2418 394 non

1338 406 1425 443 erat,
1449 406 1577 446 postea
1600 406 1719 438 autem
1743 403 1875 448 apertis
1899 402 2136 449 pupillaribus
2155 402 2287 438 tabulis
2307 413 2417 449 appa-

1336 447 1409 481 ruit
1431 457 1504 482 non
1529 457 1607 482 esse
1630 447 1662 482 ei
1685 447 1935 484 substitutum:
1959 448 1990 483 si
2013 451 2151 493 peteret
2172 458 2297 483 rursus
2316 447 2417 484 here-

1338 491 1503 534 ditatem,
1535 492 1782 528 obstaturam⁹
1804 493 2049 538 exceptionem
2072 492 2125 528 rei
2147 492 2325 529 iudicatae
2346 492 2417 529 Ne-

1336 537 1451 572 ratius
1473 537 1534 588 ait.
1570 546 1635 582 ego
1659 537 1901 583 exceptionem
1926 538 2052 574 obesse
2077 538 2109 572 ei
2121 539 2149 559 ¹⁰
2171 538 2223 573 rei
2241 538 2419 574 iudicatae

1339 592 1412 618 non
1435 581 1577 617 dubito:
1603 582 1666 617 sed
1688 593 1734 618 ex
1753 593 1864 618 causa
1879 582 2160 619 succurrendum
2176 582 2244 618 erit
2259 583 2304 625 ei,
2353 593 2420 618 uae

1341 630 1356 661 1
1405 637 1514 662 unam
1542 631 1682 662 tantum
1706 637 1851 663 causam
1873 629 1944 673 egit
1965 628 2063 681 rupti
2086 628 2300 663 testamenti.
2383 639 2419 663 e-

1339 671 1445 716 nique
1475 676 1512 706 et
1535 671 1657 708 Celsus
1690 672 1832 715 scribit,
1864 673 1895 709 si
1923 673 2101 709 homnem
2132 673 2286 718 petiero,
2317 683 2421 718 quem

1339 717 1385 751 ob
1411 727 1489 752 eam
1511 727 1587 752 rem
1609 727 1726 752 meum
1749 728 1828 754 esse
1850 718 2058 762 existimavi,
2083 718 2178 763 quod
2201 718 2287 753 mihi
2308 718 2419 753 tradi-

1339 765 1399 797 tus
1422 762 1468 797 ab
1493 762 1565 798 alio
1588 766 1661 806 est,
1692 773 1772 798 cum
1803 763 1833 798 is
1863 773 1908 799 ex
1937 763 2153 799 hereditaria
2183 773 2294 799 causa
2321 773 2421 798 meus

1339 811 1452 851 esset,
1483 818 1610 843 rursus
1639 808 1775 852 petenti
1805 808 1890 843 mihi
1919 809 2143 844 obstaturam
2166 808 2419 853 exceptionem.

1340 855 1359 886 2
1407 851 1445 887 Si
1468 852 1546 898 quis
1569 856 1690 888 autem
1711 858 1813 898 petat
1834 853 1984 888 fundum
2007 864 2113 889 suum
2134 863 2214 890 esse
2237 864 2299 896 eo,
2327 853 2422 898 quod

1340 897 1455 933 Titius
1486 908 1567 933 eum
1597 898 1667 933 sibi
1694 898 1898 942 tradiderit,
1932 898 1963 934 si
1990 903 2118 943 postea
2145 898 2217 934 alia
2244 908 2290 934 ex
2313 908 2422 934 causa

1338 946 1439 987 petat
1468 952 1580 978 causa
1610 942 1768 986 adiecta,
1805 954 1878 979 non
1915 943 2022 979 debet
2054 943 2265 979 summoveri
2292 954 2421 989 excep-

1340 991 1360 1021 3
1406 988 1514 1023 tione.
1561 987 1650 1024 Item
1672 988 1833 1024 Iulianus
1857 989 2001 1025 scribit:
2034 999 2115 1024 cum
2189 999 2210 1024 o
2238 991 2275 1024 et
2295 992 2337 1024 tu
2360 989 2421 1023 he-

1340 1032 1443 1069 redes
1468 1033 1563 1068 Titio
1588 1033 1861 1076 exstitissemus,
1892 1034 1924 1069 si
1946 1038 1987 1068 tu
2009 1038 2148 1079 partem
2236 1033 2288 1076 di,
2319 1043 2423 1087 quem

1340 1082 1456 1130 totum
1478 1077 1732 1114 hereditarium
1754 1079 1913 1122 dicebas,
1939 1089 1962 1114 a
1985 1078 2194 1159 Semgronio
2218 1079 2364 1124 petiens
2387 1083 2424 1114 et

1340 1127 1454 1158 victus
1470 1122 1593 1166 fueris,
1617 1134 1700 1159 mox
1717 1124 1865 1159 eandem
1880 1128 2019 1169 partem
2031 1134 2054 1159 a
2095 1123 2276 1169 empronio
2293 1133 2423 1166 emero,

1341 1169 1461 1212 agenti
1483 1169 1549 1204 tibi
1571 1179 1709 1204 mecum
1733 1169 1890 1205 familiae
1913 1169 2144 1205 erciscundae
2172 1168 2334 1213 exceptio
2358 1169 2422 1204 ob-

1341 1213 1469 1256 stabit,
1500 1213 1584 1259 quia
1613 1224 1672 1250 res
1701 1214 1863 1250 iudicata
1891 1214 1938 1249 sit
1967 1214 2061 1250 inter
2088 1219 2125 1250 te
2147 1218 2184 1249 et
2205 1213 2423 1249 venditorem

1340 1269 1476 1294 meum:
1501 1269 1584 1293 nam
1606 1263 1645 1294 et
1667 1260 1697 1295 si
1720 1264 1802 1295 ante
1816 1261 1840 1281 ¹¹
1867 1259 2016 1295 eandem
2039 1264 2177 1304 partem
2197 1259 2363 1304 petissem
2388 1263 2424 1294 et

1340 1314 1481 1349 agerem
1503 1303 1659 1340 familiae
1683 1304 1924 1347 erciscundae,
1949 1305 2109 1341 obstaret
2131 1304 2294 1349 exceptio
2318 1303 2425 1349 ‘quod

1342 1352 1363 1383 4
1410 1351 1478 1385 ‘res
1502 1349 1660 1385 iudicata
1684 1350 1731 1386 sit
1753 1350 1848 1384 inter
1870 1360 1927 1385 me
1946 1354 1982 1385 et
2003 1350 2062 1385 te'.
2097 1349 2260 1385 Eandem
2278 1359 2424 1385 causam

1340 1394 1429 1429 facit
1451 1394 1559 1430 etiam
1583 1394 1681 1439 origo
1712 1395 1892 1440 petitionis
1906 1396 1947 1430 ¹².
1995 1399 2153 1431 ceterum
2180 1394 2212 1430 si
2239 1394 2333 1430 forte
2360 1404 2423 1439 pe-

1339 1440 1430 1475 tiero
1453 1439 1605 1475 fundum
1627 1439 1682 1475 vel
1698 1440 1887 1483 hominem,
1911 1451 1995 1475 mox
2012 1440 2083 1475 alia
2101 1450 2212 1475 causa
2229 1449 2321 1474 nova
2341 1443 2425 1485 post

1340 1485 1547 1565 Betitionem
1569 1485 1656 1520 mihi
1679 1485 1889 1528 accesserit,
1918 1495 2010 1530 quae
2033 1484 2121 1520 mihi
2144 1484 2337 1520 dominium
2360 1484 2423 1519 tri-

1366 1533 1438 1574 uat,
1463 1540 1536 1565 non
1557 1540 1614 1565 me
1636 1530 1785 1575 repellet
1807 1531 1878 1566 ista
1901 1530 2076 1575 exceptio,
2107 1530 2176 1565 nisi
2198 1529 2292 1565 forte
2314 1529 2424 1564 inter-

1341 1575 1487 1610 missum
1519 1575 1712 1610 dominium
1742 1576 1780 1610 in
1809 1575 1925 1611 medio
1954 1579 2114 1621 tempore
2141 1574 2248 1611 rediit
2269 1574 2423 1620 quodam

1340 1620 1569 1665 postliminio.
1615 1620 1699 1673 quid
1722 1621 1826 1663 enim,
1850 1621 1880 1656 si
1902 1621 2021 1662 homo,
2069 1630 2150 1656 uem
2172 1619 2355 1665 petieram,
2379 1619 2423 1654 ab

1340 1665 1505 1701 hostibus
1539 1665 1649 1700 fuerit
1678 1670 1825 1710 captus,
1863 1676 1946 1701 mox
1979 1666 2085 1711 post'
2126 1665 2195 1700 'nio
2233 1666 2425 1710 receptus?

1341 1710 1400 1745 hic
1440 1711 1650 1755 exceptione
1683 1711 1949 1753 summovebor,
1987 1710 2071 1755 quia
2103 1710 2226 1746 eadem
2256 1720 2315 1746 res
2346 1719 2426 1745 esse

1340 1755 1568 1801 intellegitur.
1616 1760 1655 1790 at
1691 1756 1721 1791 si
1759 1766 1804 1792 ex
1835 1756 1906 1791 alia
1935 1766 2046 1791 causa
2076 1755 2268 1791 dominium
2298 1754 2425 1791 fuerim

1341 1804 1487 1844 nactus,
1519 1811 1593 1836 non
1620 1801 1765 1837 nocebit
1794 1801 1974 1847 exceptio:
2006 1805 2043 1836 et
2071 1800 2150 1836 ideo
2182 1800 2214 1836 si
2241 1799 2336 1836 forte
2358 1800 2425 1836 sub

1343 1845 1552 1881 condicione
1575 1856 1633 1882 res
1657 1846 1776 1891 legata
1798 1846 1885 1881 mihi
1907 1845 2027 1891 fuerit,
2052 1845 2178 1881 deinde
2201 1845 2316 1881 medio
2337 1849 2426 1881 tem-

1369 1901 1430 1926 ore
1460 1891 1639 1936 adquisito
1670 1891 1824 1927 dominio
1855 1895 1991 1936 petam,
2028 1901 2112 1927 mox
2140 1890 2312 1927 existente
2340 1901 2425 1927 con-

1369 1936 1482 1972 'cione
1504 1936 1613 1981 legati
1634 1947 1760 1973 rursus
1783 1940 1915 1982 petam,
1942 1940 2066 1982 putem
2088 1936 2332 1982 exceptionem
2354 1946 2427 1971 non

1343 1982 1507 2017 obstare:
1539 1981 1611 2017 alia
1639 1981 1734 2018 enim
1763 1992 1873 2018 causa
1895 1981 1966 2017 fuit
1987 1982 2118 2027 prioris
2142 1981 2305 2023 dominii,
2336 1980 2427 2016 haec

1343 2030 1363 2061 5
1411 2037 1504 2063 nova
1534 2037 1630 2062 nunc
1661 2027 1825 2063 accessit.
1877 2027 2006 2072 Itaque
2036 2026 2251 2072 adquisitum
2287 2025 2427 2072 quidem

1342 2075 1470 2118 postea
1493 2071 1687 2107 dominium
1712 2072 1817 2108 aliam
1842 2082 1989 2108 causam
2010 2071 2110 2107 facit.
2147 2075 2286 2107 mutata
2308 2075 2428 2107 autem

1344 2117 1464 2162 opinio
1493 2117 1656 2162 petitoris
1688 2128 1762 2153 non
1788 2117 1888 2154 facit.
1935 2122 1977 2152 ut
2012 2121 2102 2163 puta
2135 2116 2350 2163 opinabatur
2384 2127 2427 2152 ex

1344 2172 1455 2198 causa
1477 2161 1693 2198 hereditaria
1716 2172 1755 2198 se
1778 2162 1970 2199 dominium
1993 2162 2144 2198 habere:
2176 2162 2326 2197 mutavit
2351 2162 2427 2207 opi-

1343 2208 1486 2243 nionem
1517 2212 1554 2243 et
1584 2207 1703 2253 coepit
1733 2212 1862 2261 putare
1885 2218 1930 2243 ex
1953 2217 2064 2244 causa
2088 2206 2308 2243 donationis:
2338 2206 2427 2242 haec

1343 2263 1402 2288 res
1425 2263 1498 2288 non
1521 2252 1618 2298 parit
1644 2253 1852 2299 petitionem
1879 2263 2026 2289 novam:
2059 2263 2144 2288 nam
2198 2251 2428 2297 ualecumque

1345 2301 1381 2333 et
1404 2297 1653 2343 undecumque
1677 2298 1871 2334 dominium
1900 2298 2116 2343 adquisitum
2145 2297 2193 2333 ha
2219 2298 2289 2340 uit,
2317 2297 2428 2332 vindi-

1345 2347 1365 2378 6
1413 2343 1554 2378 catione
1583 2343 1698 2395 prima
1727 2343 1765 2378 in
1788 2342 1966 2379 'iudicium
1990 2342 2149 2378 deduxit.
2197 2342 2235 2378 Si
2258 2342 2339 2387 quis
2361 2342 2429 2377 iter

1371 2387 1504 2429 etierit‚
1537 2387 1664 2423 demde
1687 2392 1809 2423 actum
1831 2392 1950 2434 petat,
1973 2392 2061 2433 puto
2085 2387 2213 2423 fortius
2237 2386 2428 2423 defenden-

1343 2399 1429 2468 gum
1460 2432 1558 2467 aliud
1585 2433 1698 2468 videri
1725 2437 1813 2468 tunc
1843 2434 2012 2478 petitum,
2046 2432 2144 2468 aliud
2171 2443 2283 2476 nunc,
2321 2436 2429 2477 atque

1345 2481 1363 2512 7
1412 2477 1492 2513 ideo
1516 2478 1762 2523 exceptionem
1783 2478 1836 2514 rei
1857 2478 2035 2514 iudicatae
2058 2487 2211 2513 cessare.
2249 2477 2330 2513 Hoc
2351 2477 2429 2512 iure

1344 2523 1494 2567 utimur,
1528 2526 1570 2558 ut
1598 2533 1643 2559 ex
1671 2527 1775 2569 parte
1806 2523 1939 2559 actoris
1967 2523 2006 2558 in
2029 2522 2238 2568 exceptione
2260 2522 2314 2558 rei
2335 2521 2429 2558 iudi-

1346 2572 1450 2604 catae
1472 2568 1542 2603 hae
1564 2578 1741 2613 personae
1765 2568 2042 2610 continerentur,
2066 2577 2158 2613 quae
2180 2577 2257 2603 rem
2277 2566 2316 2603 in
2337 2567 2428 2603 iudi-

1346 2613 1440 2648 cium
1471 2612 1669 2649 deducunt:
1713 2613 1840 2650 ¹³inter
1869 2613 1937 2649 hos
1968 2617 2073 2648 erunt
2103 2615 2334 2658 procurator,
2371 2612 2429 2648 cui

1344 2658 1553 2694 mandatum
1577 2662 1642 2701 est,
1666 2662 1776 2702 tutor,
1801 2662 1947 2695 curator
1959 2657 2087 2694 furiosi
2098 2657 2155 2693 vel
2173 2657 2308 2703 pupilli,
2327 2661 2430 2693 actor

1345 2703 1582 2749 municipum:
1623 2714 1668 2739 ex
1698 2714 1853 2749 persona
1883 2708 2002 2739 autem
2039 2703 2092 2738 rei
2123 2702 2230 2738 etiam
2265 2701 2430 2739 defensor

1344 2749 1600 2791 numerabitur,
1625 2749 1709 2794 quia
1725 2748 1893 2785 adversus
1910 2748 2132 2784 defensorem
2148 2748 2210 2793 qui
2225 2748 2308 2792 agit,
2332 2747 2430 2783 litem

1346 2796 1365 2829 8
1412 2794 1450 2829 111
1473 2793 1643 2829 iudicium
1666 2794 1820 2830 deducit.
1859 2794 1897 2830 Si
1912 2795 1990 2839 quis
2004 2793 2182 2829 hominem
2198 2803 2221 2828 a
2236 2792 2309 2829 filio
2326 2792 2429 2828 fami-

1344 2838 1413 2875 lias
1443 2839 1602 2884 petierit,
1638 2839 1765 2875 deinde
1794 2839 1945 2875 eundem
1975 2849 1998 2875 a
2028 2843 2132 2884 patre
2159 2842 2278 2883 petat,
2308 2837 2428 2873 locum

1346 2888 1367 2919 9
1413 2884 1524 2920 habet
1546 2884 1636 2919 haec
1660 2884 1834 2930 exceptio.
1882 2884 1920 2920 Si
1943 2894 2048 2929 egero
2073 2894 2153 2919 cum
2175 2883 2291 2918 vicino
2361 2892 2429 2918 uae

1346 2929 1486 2975 pluviae
1509 2929 1698 2972 arcendae,
1722 2929 1849 2964 deinde
1869 2929 2043 2965 alteruter
2063 2932 2225 2964 nostrum
2243 2939 2267 2973 p
2369 2938 2429 2963 um

1347 2973 1546 3010 vendiderit
1567 2978 1605 3010 et
1627 2978 1766 3020 emptor
1789 2978 1873 3020 agat
1893 2974 1950 3010 vel
1979 2985 2060 3010 cum
2090 2983 2133 3009 eo
2162 2977 2308 3019 agatur,
2337 2972 2429 3008 haec

1345 3020 1512 3065 exceptio
1535 3023 1651 3061 nocet,
1677 3019 1740 3055 sed
1763 3019 1808 3055 de
1830 3029 1873 3056 eo
1897 3029 2016 3065 opere,
2040 3017 2137 3065 quod
2157 3018 2230 3053 iam
2252 3022 2331 3053 erat
2351 3017 2428 3053 fac-

1349 3068 1390 3100 10
1437 3069 1533 3106 tum,
1565 3074 1646 3099 cum
1675 3064 1845 3102 iudicium
1874 3065 2108 3109 acciperetur.
2160 3063 2250 3099 Item
2280 3063 2312 3099 si
2340 3072 2427 3105 rem,

1370 3119 1452 3145 uam
1469 3119 1492 3145 a
1507 3112 1543 3144 te
1559 3110 1720 3154 petierat,
1745 3110 1861 3146 Titius
1877 3109 2017 3156 pignori
2033 3108 2112 3145 Seio
2130 3107 2278 3151 dederit,
2302 3107 2429 3144 deinde

1346 3120 1449 3191 §eius
1471 3154 1704 3199 pigneraticia
1726 3155 1895 3191 adversus
1918 3159 1955 3190 te
1975 3158 2118 3196 utatur,
2143 3152 2427 3198 distinguendum

1345 3199 1423 3243 erit,
1448 3198 1590 3245 quando
1614 3200 1754 3245 pignori
1778 3200 1876 3235 dedit
1898 3199 2032 3235 Titius:
2056 3202 2094 3234 et
2113 3198 2144 3234 si
2164 3198 2306 3244 quidem
2325 3202 2427 3233 ante-

1345 3254 1452 3290 quam
1480 3247 1636 3290 peteret,
1668 3256 1741 3281 non
1771 3256 1792 3281 ο
1819 3249 1913 3280 ortet
1943 3245 1976 3280 ei
2003 3253 2134 3280 nocere
2165 3253 2251 3279 exce
2276 3243 2426 3278 tionem:

1344 3300 1428 3326 nam
1456 3292 1495 3325 et
1522 3289 1582 3324 ille
1612 3295 1733 3335 petere
1761 3290 1804 3326 de
1829 3290 1883 3325 uit
1904 3294 1941 3325 et
1962 3299 2028 3334 ego
2052 3289 2187 3324 salvam
2209 3287 2257 3323 ha
2282 3297 2343 3323 ere
2366 3286 2427 3323 de

1345 3335 1412 3372 beo
1435 3333 1703 3380 pigneraticiam
1726 3335 1915 3371 actionem.
1962 3334 2026 3370 sed
2054 3334 2085 3370 si
2107 3337 2340 3379 posteaquam
2362 3343 2425 3378 pe-

1344 3379 1390 3416 tit
1437 3379 1577 3425 pignori
1600 3379 1708 3424 dedit,
1732 3380 1844 3426 magis
1866 3383 1937 3423 est,
1969 3384 2011 3415 ut
2038 3382 2169 3416 noceat
2189 3377 2352 3424 exceptio
2375 3377 2428 3414 rei

1343 3425 1383 3461 iu
1407 3423 1534 3461 ’eatae

1346 3539 1404 3570 eet.
1460 3540 1503 3579 (τ)
1522 3538 1551 3570 ni
1564 3550 1623 3572 om.
1635 3539 1671 3572 F
1715 3539 1761 3579 (8)
1780 3538 1808 3571 si
1821 3537 1886 3570 fuit
1898 3538 2082 3571 iudicatum
2094 3536 2311 3571 hereditatem
2320 3545 2427 3569 meam

1345 3581 1682 3624 uestiemur-arius
1691 3595 1754 3618 cer.
1811 3585 1856 3624 (9)
1875 3582 2081 3616 obstaturam
2095 3583 2130 3616 F
2175 3585 2234 3623 (ιο)
2255 3582 2286 3614 01
2298 3581 2361 3614 del.
2376 3580 2426 3614 1⁵⁷²

1345 3629 1399 3668 (11)
1423 3626 1512 3670 ante]
1530 3637 1551 3660 a
1568 3630 1601 3662 te
1618 3628 1649 3662 S
1738 3629 1798 3670 (¹2)
1822 3627 1917 3669 origo
1933 3627 2117 3670 petitionis]
2138 3627 2232 3669 origo
2248 3629 2325 3659 ante
2341 3626 2424 3668 peti-

1344 3673 1468 3705 tionem
1478 3685 1540 3705 scr.
1635 3674 1694 3715 (ts)
1718 3675 1758 3706 ut
1769 3673 1806 3705 in
1818 3672 2256 3715 exceptione...dedueunt.
2281 3674 2423 3712 exparte

192 3717 270 3750 dum
283 3720 379 3751 erant
390 3718 427 3751 in
439 3718 537 3753 rebus
547 3719 712 3763 humanu,
729 3718 788 3752 sed
804 3727 845 3752 ex
860 3726 900 3752 ec
910 3727 947 3752 re
957 3720 1048 3760 eunt,
1067 3727 1153 3761 quse
1171 3718 1276 3763 petita
1344 3717 1467 3751 actoris
1476 3729 1538 3751 ια.
