2528 3918
93 112 178 144 VEL
209 113 386 144 CONTRA

91 226 164 269 lege
187 223 350 269 deposita
373 223 430 264 sit,
454 225 495 256 ut
517 221 548 257 si
570 221 741 256 voluisses
766 220 928 262 utereris,
953 222 1051 266 prius
1074 231 1180 266 quam

91 274 132 306 35
180 269 293 304 utaris
318 268 467 313 depositi
498 266 687 302 teneberis.
738 266 852 311 Saepe
886 267 1020 309 evenit,
1053 271 1092 302 ut
1122 277 1180 301 res

91 315 253 360 deposita
277 314 331 349 vel
362 312 494 348 nummi
524 312 684 357 periculo
717 311 788 346 sint
820 311 913 353 eius,
948 312 1044 356 apud
1076 322 1180 357 quem

91 361 332 405 deponuntur:
358 362 398 393 ut
420 362 508 402 puta
532 357 561 392 si
585 357 653 392 hoc
676 357 884 391 nominatim
905 357 1080 392 convenit.
1117 357 1180 392 sed

92 410 126 441 et
149 406 179 440 si
203 415 241 440 se
265 404 342 449 quis
368 403 527 448 deposito
562 402 706 444 obtulit,
739 402 831 437 idem
864 402 1023 438 Iulianus
1056 402 1181 437 scribit

117 451 247 486 ericulo
273 459 311 484 se
335 448 485 492 depositi
509 447 680 492 illigasse,
712 447 764 482 ita
787 451 928 489 tamen,
961 452 1001 482 ut
1024 459 1096 483 non
1121 458 1179 483 so-

90 463 162 531 fum
186 495 315 535 dolum,
341 493 404 528 sed
429 493 533 528 etiam
559 493 700 537 culpam
726 496 760 527 et
785 493 985 527 custodiam
1009 497 1178 539 praestet,

91 545 132 576 36
181 551 251 575 11011
275 543 393 574 tamen
421 549 525 573 casus
550 538 728 573 fortuitos.
778 537 815 572 Si
846 539 1000 582 pecunia
1031 538 1068 573 in
1100 549 1178 573 sac-

91 587 171 622 culo
196 585 357 630 signato¹
385 583 549 628 deposita
573 584 619 618 sit
643 587 678 617 et
705 593 794 618 unus
820 593 863 618 ex
888 584 1078 619 heredibus
1104 584 1179 618 eius

115 631 150 666 ui
174 630 337 675 deposuit
359 629 477 664 veniat
500 633 677 673 repetens,
703 628 1001 673 quemadmodum
1023 630 1054 664 ei
1074 629 1179 664 satis-

90 644 163 718 fiat,
187 674 376 710 videndum
401 679 464 709 est.
502 674 699 719 promenda
722 674 876 719 pecunia
901 679 955 709 est
978 674 1034 709 vel
1059 684 1180 709 coram

90 725 252 768 praetore
274 720 329 755 vel
352 720 666 755 intervenientibus
691 719 851 754 honestis
879 720 1041 765 personis
1061 724 1097 755 et
1118 730 1179 755 ex-

90 766 257 803 solvenda
279 776 345 811 pro
370 769 473 810 parte
496 765 729 800 hereditaria:
762 764 826 800 sed
858 769 894 800 et
917 765 947 800 si
970 765 1179 810 resignetur,

90 823 161 848 non
196 814 321 846 contra
354 811 466 855 legem
500 810 651 856 depositi
685 810 764 852 fiet,
810 820 891 845 cum
925 810 980 845 vel
1014 814 1180 855 praetore

90 860 236 893 auctore
276 856 331 892 vel
366 856 525 899 honestis
561 856 723 901 personis
758 855 1075 892 intervenientibus
1110 857 1179 891 hoc

91 903 242 939 eveniet:
266 902 407 937 residuo
432 902 487 936 vel
512 901 608 946 apud
633 911 712 936 eum
735 905 951 943 remanente,
978 902 1008 936 si
1027 902 1096 937 hoc
1117 912 1178 936 vo-

90 948 194 983 luerit
218 947 352 992 (sigillis
377 947 541 982 videlicet
563 947 663 992 prius
689 946 721 982 ei
744 947 926 991 impressis
950 947 1004 982 vel
1029 957 1051 981 a
1074 957 1177 992 prae-

90 998 166 1029 tore
190 993 243 1028 vel
267 993 312 1027 ab
337 993 403 1035 his,
429 993 558 1037 quibus
584 1002 704 1027 coram
722 992 906 1036 signacula
926 996 1064 1027 remota
1083 995 1179 1032 sunt)

89 1039 160 1082 vel,
193 1038 223 1074 si
254 1039 323 1074 hoc
354 1038 588 1080 recusaverit,
621 1038 659 1072 in
690 1037 778 1072 aede
803 1037 1025 1082 deponendo.
1063 1037 1125 1073 sed
1150 1037 1180 1072 si

88 1095 144 1120 res
178 1087 283 1126 sunt,
319 1094 411 1128 quae
435 1083 542 1118 dividi
573 1094 645 1118 non
676 1087 847 1128 possunt,
881 1093 1004 1118 omnes
1037 1083 1180 1119 debebit

88 1129 228 1165 tradere
260 1129 494 1165 satisdatione
524 1128 654 1164 idonea
686 1138 708 1163 a
731 1129 883 1173 petitore
907 1129 939 1163 ei
987 1128 1180 1164 raestanda

88 1175 124 1210 in
147 1175 227 1217 hoc,
253 1174 347 1220 quod
371 1185 481 1219 supra
505 1175 579 1209 eius
604 1177 743 1219 partem
763 1177 836 1209 est:
861 1174 948 1209 satis
976 1174 1096 1209 atione
1115 1185 1179 1209 au-

88 1224 159 1256 tem
191 1231 263 1256 non
286 1220 542 1255 interveniente
564 1230 639 1254 rem
662 1219 700 1254 in
724 1219 847 1254 aedem
872 1220 1001 1265 deponi
1026 1224 1062 1254 et
1085 1219 1180 1255 omni

91 1269 131 1301 37
182 1265 323 1301 actione
368 1265 622 1310 depositarium
657 1264 812 1300 liberari.
859 1265 968 1310 Apud
1002 1265 1179 1300 Iulianum

89 1312 178 1347 libro
213 1311 317 1346 tertio
355 1311 492 1346 decimo
525 1310 741 1355 digestorum
776 1310 858 1345 talis
895 1310 1031 1356 species
1066 1311 1181 1346 relata

90 1359 159 1393 est:
186 1357 237 1392 ait
261 1357 364 1399 enim,
389 1356 419 1391 si
444 1356 624 1401 depositor
649 1356 841 1391 decesserit
865 1359 900 1390 et
920 1356 991 1391 duo
1012 1357 1179 1399 existant,

90 1403 148 1448 qui
178 1402 270 1437 inter
301 1412 340 1437 se
364 1401 582 1437 contendant
605 1401 850 1446 unusquisque
875 1401 991 1436 solum
1015 1411 1054 1437 se
1078 1402 1179 1436 here-

90 1449 167 1484 dem
192 1448 331 1489 dicens,
364 1448 396 1483 ei
419 1447 629 1482 tradendam
652 1457 747 1490 rem,
781 1447 841 1491 qui
864 1450 1013 1492 paratus
1038 1451 1093 1482 est
1117 1447 1179 1482 ad-

88 1503 209 1529 versus
234 1493 384 1528 alterum
408 1503 507 1528 reum
533 1492 732 1534 defendere,
757 1492 825 1527 hoc
850 1496 904 1527 est
928 1503 1008 1527 eum
1033 1493 1094 1538 qui
1119 1493 1179 1527 de-

89 1539 243 1584 positum
267 1538 441 1584 suscepit:
468 1538 563 1583 quod
588 1538 620 1574 si
642 1542 768 1573 neuter
791 1538 860 1573 hoc
882 1548 973 1573 onus
995 1538 1179 1583 suscipiat,

90 1584 371 1619 commodissime
403 1584 471 1618 dici
503 1584 554 1618 ait
585 1594 657 1619 non
688 1593 767 1618 esse
800 1583 997 1627 cogendum
1030 1594 1052 1618 a
1076 1593 1179 1628 prae-

89 1634 166 1665 tore
189 1629 357 1664 iudicium
381 1629 580 1674 suscipere:
615 1640 635 1664 o
664 1633 780 1664 ortere
811 1629 918 1672 igitur
949 1639 1025 1664 rem
1049 1628 1180 1673 deponi

91 1678 131 1711 38
177 1675 215 1710 in
234 1675 320 1710 aede
340 1675 470 1720 aliqua,
491 1674 604 1710 donec
651 1685 669 1709 e
690 1674 888 1709 hereditate
909 1674 1094 1709 iudicetur.
1143 1673 1180 1709 Si

90 1720 168 1766 quis
199 1720 343 1756 tabulas
374 1720 579 1755 testamenti
611 1720 708 1764 apud
740 1730 779 1755 se
811 1719 993 1764 depositas
1018 1719 1180 1765 pluribus

89 1766 337 1812 praesentibus
367 1765 470 1810 legit,
503 1765 554 1800 ait
577 1765 700 1800 Labeo
726 1765 878 1810 depositi
910 1766 1051 1800 actione
1083 1770 1181 1800 recte

89 1811 140 1847 dev
156 1811 287 1846 tabulis
311 1811 367 1855 agi
391 1821 507 1856 posse.
547 1821 609 1855 ego
636 1811 791 1845 arbitror
816 1813 851 1845 et
881 1810 1092 1845 iniuriarum
1124 1811 1180 1855 agi

88 1867 213 1937 posse,
246 1857 277 1891 si
299 1857 369 1891 1100
394 1857 509 1891 animo
535 1857 725 1891 recitatum
748 1859 1000 1890 testamentum
1025 1860 1079 1890 est
1103 1856 1179 1900 qui-

114 1901 238 1937 usdam
269 1902 536 1947 praesentibus,
573 1906 614 1936 ut
643 1901 801 1936 111(11010.2
836 1905 977 1936 secreta
1010 1901 1084 1936 eius
1142 1901 1178 1935 ui

90 1950 131 1983 39
177 1950 329 1982 testatus
355 1951 409 1982 est
433 1946 706 1991 divulgarentur.
756 1946 793 1981 Si
812 1946 945 1991 praedo
965 1946 1021 1981 vel
1039 1946 1099 1981 fur
1118 1912 1179 1981 (de-

89 1993 290 2038 posuerint,
324 1996 359 2027 et
390 1993 456 2027 hos
481 1992 674 2027 Marcellus
706 1992 795 2027 libro
830 1996 931 2027 sexto
964 1991 1180 2036 digestorum

89 2041 192 2084 putat
215 2043 312 2073 recte
337 2038 489 2083 depositi
514 2041 679 2072 acturos:
705 2047 788 2071 nam
811 2037 960 2072 interest
981 2047 1103 2072 eorum
1125 2047 1178 2079 eo,

89 2087 132 2118 40
179 2083 273 2128 quod
312 2087 514 2118 teneantur.
564 2082 600 2117 Si
633 2083 710 2127 quis
743 2087 928 2127 argentum
964 2083 1018 2117 vel
1053 2093 1180 2117 aurum

89 2129 289 2173 depositum
313 2132 431 2173 petat,
464 2132 584 2163 utrum
608 2128 762 2173 speciem
787 2138 833 2162 an
859 2131 894 2162 et
917 2127 1058 2172 pondus
1084 2139 1178 2162 com-

89 2174 196 2220 plecti
221 2174 374 2209 debeat?
409 2178 445 2208 et
467 2174 578 2218 magis
606 2177 676 2215 est,
709 2178 749 2207 ut
780 2177 971 2217 utrumque
1003 2174 1178 2218 complec-

89 2223 194 2262 tatur,
221 2220 394 2265 scyphum
417 2219 511 2254 forte
535 2219 589 2254 vel
614 2219 752 2253 lancem
773 2219 828 2253 vel
847 2222 1011 2263 pateram
1030 2218 1179 2253 dicendo

89 2269 125 2300 et
154 2265 340 2300 materiam
372 2268 407 2299 et
437 2265 578 2309 pondus
604 2264 780 2298 addendo.
818 2263 881 2298 sed
907 2267 942 2298 et
966 2263 996 2298 si
1019 2274 1180 2308 purpura

89 2311 135 2346 sit
157 2311 292 2345 infecta
307 2311 361 2345 vel
381 2310 475 2352 lana,
499 2310 639 2355 pondus
660 2309 818 2344 similiter
838 2309 1061 2343 adiciendum
1081 2309 1178 2344 salvo

89 2366 143 2398 eo,
168 2360 219 2398 ut,
245 2356 274 2390 si
295 2355 338 2391 de
359 2356 558 2400 quantitate
577 2354 744 2400 ponderis
763 2354 939 2389 incertum
960 2358 1024 2396 est,
1046 2354 1181 2389 iuranti

90 2404 130 2436 41
179 2405 421 2436 succurratur.
470 2400 507 2435 Si
529 2401 619 2435 cista
638 2400 778 2444 signata
798 2399 961 2444 deposita
981 2400 1037 2441 sit,
1058 2404 1178 2434 utrum

92 2447 183 2481 cista
206 2450 345 2481 tantum
368 2449 512 2491 petatur
536 2456 582 2480 an
607 2450 642 2480 et
666 2445 800 2490 species
827 2445 1180 2490 comprehendendae

90 2492 184 2527 sint?
216 2495 251 2526 et
264 2492 314 2526 ait
326 2492 516 2526 Trebatius
531 2491 655 2526 cistam
669 2490 908 2535 repetendam,
931 2501 1004 2525 non
1023 2490 1179 2535 singula-

90 2548 168 2571 rum
187 2548 305 2572 rerum
325 2537 476 2581 depositi
489 2537 683 2581 agendum:
705 2535 801 2580 quod
822 2539 858 2570 et
871 2535 924 2570 si³
944 2546 1001 2570 res
1015 2539 1181 2571 ostensae

91 2586 174 2617 sunt
193 2586 228 2617 et
246 2582 298 2617 sic
319 2582 502 2626 depositae
513 2609 521 2624 ,
536 2581 744 2616 adiciendae
757 2584 841 2615 sunt
855 2584 890 2615 et
903 2581 1040 2625 species
1058 2581 1178 2616 vestis.

90 2627 211 2662 Labeo
233 2631 351 2662 autem
372 2627 422 2661 ait
443 2638 523 2662 eum
543 2627 604 2672 qui
625 2627 750 2661 cistam
764 2626 909 2670 deponit
921 2626 1078 2670 singulas
1092 2637 1179 2671 quo-

92 2683 159 2717 que
181 2683 239 2708 res
262 2672 372 2707 videri
397 2672 592 2717 deponere:
620 2682 701 2716 ergo
728 2677 764 2706 et
784 2671 827 2706 de
846 2671 954 2706 rebus
976 2681 1080 2715 agere
1101 2682 1181 2706 eum

92 2722 244 2762 oportet.
282 2718 365 2762 quid
390 2728 471 2762 ergo
497 2718 527 2752 si
557 2717 775 2762 ignoraverit
804 2717 854 2758 is,
888 2716 948 2761 qui
981 2716 1181 2761 depositum

92 2763 325 2808 suscipiebat,
358 2773 414 2798 res
439 2763 488 2797 ibi
513 2763 615 2797 esse?
649 2773 722 2796 non
745 2761 895 2796 multum
927 2761 1067 2804 facere,
1100 2772 1181 2796 cum

92 2808 248 2853 suscepit
272 2808 482 2853 depositum.
521 2818 602 2852 ergo
628 2811 664 2842 et
687 2818 803 2842 rerum
829 2806 981 2851 depositi
1000 2807 1056 2851 agi
1075 2818 1181 2851 posse

93 2856 134 2887 42
184 2854 357 2895 existimo,
382 2853 541 2898 quamvis
562 2853 701 2897 signata
722 2853 811 2887 cista
831 2851 994 2896 deposita
1015 2852 1071 2886 sit.
1121 2852 1180 2886 Fi-

91 2898 176 2933 lium
200 2898 352 2933 familias
377 2899 489 2933 teneri
513 2898 665 2942 depositi
690 2901 851 2939 constat,
886 2897 970 2941 quia
995 2901 1029 2931 et
1054 2897 1180 2932 ceteris

92 2944 291 2978 actionibus
315 2948 472 2978 tenetur:
506 2943 569 2978 sed
594 2947 629 2978 et
653 2954 733 2977 cum
756 2946 859 2987 patre
884 2943 958 2976 eius
984 2942 1039 2987 agi
1062 2946 1183 2986 potest

93 2988 281 3023 dumtaxat
312 2989 356 3024 de
378 2989 530 3033 peculio.
568 2988 661 3023 idem
694 2992 729 3022 et
759 2988 796 3022 in
830 2998 948 3022 servo:
985 2998 1067 3021 nam
1100 2998 1181 3022 cum

94 3033 234 3068 domino
268 3038 402 3078 agetur.
438 3034 543 3078 plane
578 3037 613 3068 et
645 3033 801 3068 Iulianus
834 3033 980 3077 scripsit
1013 3037 1047 3066 et
1078 3033 1180 3067 nobis

92 3078 248 3121 videtur,
282 3080 312 3114 si
336 3090 457 3114 eorum
480 3079 620 3114 nomine
645 3079 705 3123 qui
729 3082 813 3112 sunt
835 3078 871 3112 in
896 3081 1074 3123 potestate
1098 3088 1180 3122 aga-

93 3127 162 3166 tur,
186 3124 327 3159 veniat‘¹
350 3124 387 3159 in
410 3124 581 3159 iudicium
606 3127 640 3158 et
663 3124 693 3158 si
717 3123 802 3168 quid
826 3133 890 3167 per
914 3134 994 3157 eum
1017 3123 1054 3157 in
1079 3123 1180 3158 cuius

93 3169 168 3204 iure
192 3174 276 3204 sunt
301 3173 427 3214 captus
451 3168 683 3204 fraudatusve
708 3173 781 3210 est,
806 3173 846 3203 ut
871 3172 906 3202 et
930 3168 1033 3202 dolus
1059 3178 1181 3203 eorum

94 3214 231 3257 veniat,
255 3225 327 3250 non
350 3219 490 3249 tantum
514 3215 673 3258 ipsorum
698 3225 778 3249 cum
803 3214 931 3258 quibus
957 3217 1181 3248 contractum

95 3262 136 3294 43
185 3263 249 3294 631.
297 3259 335 3294 Si
370 3259 467 3304 apud
499 3259 588 3294 duos
621 3259 668 3294 sit
702 3259 864 3304 deposita
899 3268 975 3299 res,
1012 3258 1180 3293 adversus

95 3315 377 3349 unumquemque
396 3315 518 3339 eorum
538 3305 594 3349 agi
613 3304 744 3348 poterit
764 3315 829 3338 nec
850 3304 1059 3338 liberabitur
1080 3304 1180 3344 alter,

95 3350 124 3383 si
149 3360 228 3383 cum
252 3350 363 3385 altero
389 3354 534 3394 agatur:
569 3361 641 3384 non
666 3350 758 3384 enim
782 3349 973 3390 electione,
999 3349 1062 3383 sed
1086 3349 1180 3383 solu-

94 3394 190 3429 tione
222 3395 428 3429 liberantur.
466 3395 614 3440 proinde
646 3394 677 3429 si
709 3395 813 3428 ambo
846 3394 926 3428 dolo
958 3393 1123 3428 fecerunt
1147 3397 1182 3428 et

96 3439 184 3473 alter
208 3439 302 3483 quod
324 3440 474 3475 interest
497 3439 724 3484 praestiterit,
749 3439 838 3473 alter
862 3449 934 3473 11011
955 3438 1183 3473 convenietur

97 3484 255 3528 exemplo
281 3484 430 3519 duorum
452 3489 627 3519 tutorum:
654 3484 749 3529 quod
773 3485 802 3518 si
827 3484 917 3518 alter
939 3483 993 3517 vel
1017 3483 1104 3518 nihil
1127 3483 1183 3517 vel

96 3529 211 3563 minus
234 3528 354 3563 facere
377 3530 508 3573 possit,
541 3529 588 3564 ad
610 3529 718 3564 alium
741 3529 986 3574 pervenietur:
1018 3528 1182 3572 idemque

97 3578 132 3607 et
156 3574 185 3608 si
209 3573 299 3608 alter
322 3573 403 3608 dolo
427 3585 500 3609 non
522 3574 648 3609 fecerit
673 3578 708 3609 et
737 3574 871 3609 idcirco
904 3573 951 3608 sit
982 3573 1180 3613 absolutus,

1172 94 1246 142 211

2189 102 2289 144 XVI
2322 108 2345 147 3

1253 225 1296 256 44
1344 232 1427 256 nam
1459 222 1505 257 ad
1541 222 1648 256 alium
1680 224 1915 267 pervenietur.
1964 224 2034 260 Sed
2067 225 2097 261 si
2133 225 2204 261 duo
2237 225 2346 271 depo-

1253 267 1390 302 suerint
1415 271 1451 302 et
1474 268 1579 302 ambo
1613 272 1741 312 agant,
1774 269 1803 303 si
1835 269 1976 314 quidem
2009 270 2060 305 sic
2093 270 2347 316 deposuerunt,

1252 316 1294 364 ut
1317 312 1373 347 vel
1398 324 1489 348 unus
1512 313 1618 348 tollat
1641 317 1776 355 totum,
1808 316 1939 358 poterit
1970 316 2006 350 in
2039 315 2191 351 solidum
2223 327 2345 361 agere:

1252 368 1306 392 sm
1330 368 1412 393 vero
1438 369 1503 403 pro
1527 362 1643 410 parte,
1669 368 1733 402 pro
1760 370 1831 403 qua
1855 370 1975 395 eorum
2000 361 2157 403 interest,
2183 366 2269 397 tunc
2294 362 2346 397 di-

1253 403 1404 437 cendum
1440 407 1494 438 est
1524 415 1561 438 1n
1593 407 1732 449 partem
1768 405 2097 442 condemnationem
2132 406 2345 443 faciendam.

1251 451 1293 482 45
1344 448 1381 483 Si
1418 448 1617 494 deposuero
1655 448 1752 493 apud
1783 453 1837 491 te,
1875 454 1915 484 ut
1950 456 2033 495 post
2066 456 2215 487 mortem
2248 457 2346 487 tuam

1251 493 1391 536 reddas,
1418 498 1454 529 et
1476 498 1595 529 tecum
1621 497 1656 528 et
1681 504 1761 528 cum
1785 494 1914 530 herede
1938 499 1999 530 tuo
2024 508 2169 541 possum
2195 498 2347 543 depositi

1251 549 1375 583 agere:
1400 549 1547 584 possum
1572 539 1663 574 enim
1690 543 1829 574 mutare
1852 540 2070 576 voluntatem
2096 547 2131 577 et
2149 547 2232 578 ante
2252 554 2346 579 mor-

1250 587 1294 619 46
1342 588 1413 619 tem
1438 588 1536 620 tuam
1561 584 1761 629 depositum
1786 589 1959 630 repetere.
2007 587 2161 623 Proinde
2185 592 2220 622 et
2245 589 2275 623 si
2296 589 2347 624 sic

1251 629 1470 674 deposuero,
1503 634 1544 665 ut
1576 633 1660 675 post
1683 633 1832 665 mortem
1857 641 1970 665 meam
1995 632 2185 675 reddatur,
2216 637 2343 678 potero

1251 678 1287 709 et
1310 686 1374 720 ego
1400 679 1436 710 et
1459 676 1564 711 heres
1589 685 1690 710 meus
1716 685 1820 719 agere
1845 675 2007 720 depositi,
2034 687 2096 721 ego
2123 682 2261 713 mutata
2285 690 2345 714 vo-

1251 723 1292 754 47
1340 721 1490 756 luntate.
1539 721 1632 765 Quia
1663 724 1783 756 autem
1818 720 1921 755 dolus
1959 721 2145 757 dumtaxat
2179 724 2215 758 in
2251 724 2346 759 hanc

1250 765 1427 800 actionem
1458 766 1572 809 venit,
1606 766 1807 811 quaesitum
1840 770 1911 809 est,
1945 766 1973 801 si
2006 767 2107 802 heres
2140 779 2214 803 rem
2250 770 2345 814 apud

1249 814 1458 846 testatorem
1471 811 1670 857 depositam
1682 811 1737 846 vel
1758 811 2042 847 commodatam⁵
2063 812 2227 848 distraxit
2246 814 2345 859 igna-

1249 867 1310 891 rus
1348 856 1547 901 depositam
1583 857 1638 892 vel
1671 857 1974 899 commodatam⁵,
2011 868 2058 892 an
2090 862 2266 894 teneatur.
2311 864 2347 895 et

1250 902 1334 947 quia
1358 902 1439 937 dolo
1465 913 1537 938 non
1561 902 1665 945 fecit,
1691 913 1764 938 non
1788 902 1967 938 tenebitur
1991 902 2035 938 de
2057 913 2113 938 re:
2147 914 2194 939 an
2227 908 2346 939 tamen

1250 948 1303 983 vel
1336 946 1380 983 de
1411 948 1526 992 pretio
1551 951 1737 990 teneatur,
1771 947 1867 993 quod
1900 948 1947 983 ad
1979 958 2059 983 eum
2090 950 2275 993 pervenit?
2311 955 2347 985 et

1249 993 1365 1028 verius
1390 997 1445 1028 est
1464 993 1578 1028 teneri
1596 1003 1695 1028 eum:
1721 994 1790 1028 hoc
1810 993 1903 1028 enim
1923 994 2002 1038 ipso
2024 993 2105 1029 dolo
2126 993 2225 1036 facit,
2252 996 2345 1040 quod

1249 1039 1284 1074 id
1308 1038 1405 1083 quod
1429 1039 1475 1073 ad
1499 1049 1538 1074 se
1561 1039 1722 1084 pervenit
1745 1049 1817 1073 non
1841 1038 1968 1074 reddit.

1296 1082 1320 1121 2
1341 1083 1398 1119 ΡΑ
1407 1094 1502 1119 ULUS
1519 1084 1610 1119 libro
1632 1085 1841 1131 triqensz'mo
1855 1085 1980 1130 primo
2002 1084 2053 1119 ad
2063 1084 2217 1120 edictum
2254 1085 2344 1129 Quid

1250 1141 1351 1174 ergo,
1386 1130 1415 1165 si
1447 1130 1601 1175 pretium
1634 1129 1793 1165 nondum
1828 1129 1944 1174 exegit
1975 1134 2038 1164 aut
2069 1130 2214 1165 minoris
2240 1142 2345 1175 quam

1251 1175 1374 1256 debbuit
1407 1175 1589 1210 vendidit?
1637 1175 1796 1210 actiones
1833 1185 1917 1210 suas
1953 1175 2202 1211 tantummodo
2238 1186 2342 1221 prae-

1250 1226 1306 1256 sta
1332 1221 1370 1256 it.

1297 1264 1321 1304 3
1355 1266 1551 1302 ULPIANUS
1578 1266 1668 1302 libro
1703 1266 1910 1346 traqensz'mo
1938 1266 2088 1313 prim0⁶
2111 1266 2162 1301 ad
2191 1266 2346 1302 edictum

1251 1313 1362 1347 Plane
1394 1312 1424 1347 si
1455 1312 1571 1357 possit
1601 1322 1675 1347 rem
1700 1322 1737 1347 re
1763 1312 1871 1346 imere
1896 1315 1931 1346 et
1953 1315 2138 1356 praestare
2162 1323 2229 1347 nec
2253 1313 2347 1354 velit,

1250 1369 1323 1393 non
1356 1362 1454 1393 caret
1490 1358 1615 1402 culpa,
1649 1356 1946 1437 quemadmodum
1979 1357 2009 1392 si
2039 1357 2262 1402 redemptam
2293 1358 2346 1392 vel

1250 1404 1320 1439 alia
1352 1404 1493 1438 ratione
1525 1413 1626 1438 suam
1674 1407 1792 1437 actam
1816 1402 1930 1438 noluit
1953 1406 2139 1447 praestare
2164 1406 2346 1445 causatus,

1251 1448 1347 1495 quod
1371 1449 1478 1483 semel
1502 1448 1646 1493 ignarus
1671 1448 1878 1483 vendiderit.

1297 1493 1322 1531 4
1344 1494 1400 1530 ΡΑ
1411 1504 1505 1529 ULUS
1522 1494 1615 1529 libro
1636 1494 1761 1539 quinto
1783 1494 1832 1529 ad
1843 1493 2028 1529 Plautium
2077 1492 2147 1528 Sed
2170 1496 2205 1528 et
2225 1493 2255 1529 si
2274 1503 2346 1528 non

1251 1540 1297 1575 sit
1320 1540 1442 1582 heres,
1468 1539 1531 1574 sed
1555 1539 1696 1584 putavit
1719 1549 1757 1574 se
1781 1539 1947 1574 heredem
1973 1542 2009 1573 et
2031 1538 2208 1581 vendidit,
2244 1539 2346 1573 simili

1250 1586 1355 1620 modo
1380 1586 1521 1620 lucrum
1545 1584 1576 1619 ei
1601 1585 1880 1629 extorquebitur.

1297 1630 1320 1668 5
1351 1630 1547 1666 ULPJANUS
1564 1630 1655 1666 libro
1677 1631 1886 1676 trz'qensz'mo
1908 1629 1958 1664 ad
1976 1628 2130 1665 edictum
2166 1628 2224 1671 Ei,
2250 1628 2347 1673 apud

1251 1687 1355 1721 quem
1388 1675 1589 1721 depositum
1625 1685 1704 1710 esse
1737 1675 1894 1717 dicetur,
1929 1674 2147 1709 contrarium
2178 1674 2347 1709 iudicium

1252 1721 1402 1767 depositi
1435 1721 1558 1763 datur,
1590 1721 1627 1755 in
1660 1731 1728 1765 quo
1760 1720 1891 1755 iudicio
1925 1720 2051 1755 merito
2083 1719 2120 1754 in
2152 1719 2250 1755 litem
2275 1730 2346 1754 non

1249 1768 1406 1802 iuratur:
1440 1777 1511 1802 non
1546 1766 1637 1801 enim
1663 1766 1706 1801 de
1729 1765 1800 1801 fide
1823 1768 1931 1810 rupta
1955 1765 2088 1809 agitur,
2122 1765 2186 1800 sed
2217 1765 2261 1799 de
2292 1765 2346 1799 in-

1254 1817 1266 1847 1
1319 1812 1512 1847 demnitate
1548 1811 1623 1846 eius
1660 1811 1721 1856 qui
1757 1811 1958 1855 depositum
1994 1810 2165 1855 suscepit.
2213 1810 2255 1845 In
2290 1820 2345 1845 se-

1251 1859 1454 1903 questrem⁷
1479 1857 1631 1901 depositi
1655 1856 1748 1891 actio
1776 1856 1956 1900 competit.
1993 1856 2024 1890 si
2047 1859 2168 1890 tamen
2188 1865 2270 1890 cum
2291 1865 2346 1890 se-

1251 1907 1394 1948 questre
1425 1902 1608 1944 convenit,
1641 1906 1682 1936 ut
1715 1906 1811 1936 certo
1844 1901 1924 1936 loco
1957 1911 2030 1935 rem
2063 1900 2261 1945 depositam
2287 1911 2346 1935 ex-

1251 1949 1399 1990 hiberet,
1425 1958 1491 1982 nec
1512 1948 1561 1982 ibi
1583 1948 1760 1989 exhibeat,
1781 1947 1895 1981 teneri
1915 1957 1993 1981 eum
2014 1946 2133 1991 palam
2154 1949 2225 1981 est:
2252 1946 2347 1991 quod

1250 1995 1279 2029 si
1304 1994 1347 2029 de
1371 1994 1533 2038 pluribus
1557 1993 1645 2027 10013
1666 1993 1841 2034 convenit,
1866 1992 1902 2026 in
1923 1991 2070 2026 arbitrio
2092 1992 2167 2026 eius
2189 1995 2254 2032 est,
2277 2001 2346 2035 quo

1250 2039 1319 2074 loci
1353 2039 1537 2074 exhibeat:
1572 2038 1636 2073 sed
1668 2037 1699 2073 si
1731 2037 1818 2072 nihil
1852 2036 2035 2079 convenit,
2067 2036 2347 2071 denuntiandum

1251 2089 1269 2120 2
1319 2088 1373 2119 est
1398 2085 1447 2126 ei,
1478 2088 1519 2118 ut
1543 2083 1640 2128 apud
1663 2086 1865 2128 praetorem
1890 2082 2066 2117 exhibeat.
2117 2081 2154 2116 Si
2185 2082 2269 2116 velit
2292 2092 2346 2116 se-

1250 2134 1392 2175 quester
1416 2129 1574 2164 officium
1600 2129 1789 2173 deponere,
1815 2127 1901 2173 quid
1926 2127 1957 2162 ei
1979 2126 2184 2162 faciendum
2209 2127 2280 2162 sit?
2313 2130 2348 2161 et

1250 2176 1301 2210 ait
1323 2175 1544 2219 Pomponius
1569 2174 1668 2209 adire
1693 2184 1773 2208 eum
1804 2176 2006 2218 praetorem
2038 2176 2204 2217 oportere
2237 2176 2272 2207 et
2305 2182 2348 2206 ex

1251 2221 1326 2256 eius
1351 2221 1567 2255 auctoritate
1592 2219 1861 2254 denuntiatione
1885 2218 1984 2252 facta
2007 2217 2062 2252 his
2087 2217 2147 2262 qui
2172 2227 2253 2252 eum
2278 2217 2346 2251 ele-

1248 2270 1385 2311 gerant,
1412 2266 1443 2300 ei
1467 2276 1541 2300 rem
1565 2264 1821 2300 restituendam
1847 2263 1908 2308 qui
1930 2273 2103 2307 praesens
2127 2262 2246 2298 fuerit.
2284 2261 2347 2297 sed

1249 2312 1319 2346 hoc
1351 2322 1423 2346 non
1455 2320 1595 2354 semper
1625 2320 1748 2345 verum
1772 2313 1879 2354 puto:
1916 2319 1999 2343 nam
2032 2308 2243 2353 plerumque
2274 2318 2346 2342 non

1251 2362 1305 2391 est
1339 2355 1640 2401 permittendum⁸
1674 2355 1850 2396 officium,
1895 2353 1990 2398 quod
2033 2353 2140 2388 semel
2176 2353 2346 2397 suscepit,

1251 2405 1379 2437 contra
1410 2402 1522 2446 legem
1556 2400 1788 2445 depositionis
1821 2400 2017 2444 deponere,
2054 2397 2122 2433 nisi
2152 2398 2347 2433 iustissima

1251 2457 1362 2482 causa
1385 2446 1660 2481 interveniente:
1694 2450 1730 2481 et
1754 2456 1834 2480 cum
1885 2443 2093 2485 ermittitur,
2126 2453 2208 2478 raro
2235 2443 2266 2477 ei
2290 2454 2346 2478 res

1250 2492 1473 2528 restituenda
1497 2495 1551 2526 est
1575 2491 1635 2536 qui
1658 2491 1772 2533 venit,
1805 2500 1843 2525 se
1901 2493 2044 2533 oportet
2067 2498 2146 2524 eam
2170 2489 2346 2523 arbitratu

1250 2537 1377 2573 iudicis
1402 2536 1499 2581 apud
1525 2537 1648 2571 aedem
1673 2537 1830 2581 aliquam
1854 2534 1995 2579 deponi.

1297 2580 1322 2619 6
1347 2583 1404 2618 ΡΑ
1413 2591 1509 2617 ULUS
1530 2582 1620 2617 libro
1644 2581 1802 2616 secundo
1826 2579 1877 2614 ad
1899 2579 2053 2614 edictum
2099 2578 2249 2623 Proprie
2281 2589 2345 2612 au-

1250 2632 1322 2663 tem
1346 2629 1382 2663 in
1407 2631 1590 2672 sequestre
1615 2630 1670 2661 est
1693 2625 1913 2670 depositum,
1948 2623 2045 2669 quod
2077 2634 2099 2658 a
2122 2624 2285 2668 pluribus
2309 2624 2346 2658 in

1251 2673 1403 2708 solidum
1429 2676 1528 2707 certa
1559 2671 1769 2707 condicione
1801 2669 2078 2704 custodiendum
2108 2668 2344 2704 reddendum-

1251 2729 1320 2763 que
1344 2718 1508 2753 traditur.

1299 2762 1321 2800 7
1355 2763 1551 2799 ULPJANUS
1580 2761 1671 2796 libro
1705 2761 1913 2806 triqensimo
1938 2759 1989 2795 ad
2011 2759 2168 2794 edictum
2217 2758 2256 2794 Si
2279 2758 2344 2794 ho-

1251 2810 1381 2844 minem
1405 2807 1502 2852 apud
1533 2817 1572 2842 se
1605 2806 1825 2850 depositum,
1862 2809 1903 2840 ut
1935 2805 2095 2850 quaestio
2129 2804 2172 2839 de
2206 2815 2247 2839 eo
2280 2805 2344 2838 ha-

1250 2855 1414 2895 beretur,
1449 2863 1492 2887 ac
1524 2856 1715 2897 propterea
1745 2851 1904 2885 vinctum
1936 2850 1994 2885 vel
2018 2850 2064 2884 ad
2089 2850 2220 2884 malam
2244 2859 2344 2883 man-

1251 2899 1386 2934 sionem
1411 2902 1595 2932 extensum
1621 2899 1801 2940 sequester
1824 2895 1969 2931 solverit
1992 2895 2237 2930 misericordia
2258 2895 2344 2929 duc-

1250 2949 1329 2985 tus,
1363 2943 1443 2978 dolo
1476 2942 1677 2987 proximum
1710 2951 1789 2976 esse
1819 2942 1915 2985 quod
1938 2940 2076 2975 factum
2099 2943 2155 2975 est
2178 2940 2343 2981 arbitror,

1251 2990 1335 3034 quia
1359 2999 1440 3023 cum
1465 2988 1590 3028 sciret,
1623 2987 1681 3021 cui
1703 2986 1755 3021 rei
1778 2990 1986 3031 pararetur,
2011 2985 2256 3029 intempestive
2281 2985 2343 3018 mi-

1251 3034 1480 3069 sericordiam
1514 3032 1692 3074 exercuit,
1725 3042 1805 3066 cum
1838 3036 1962 3076 posset
1986 3042 2058 3066 non
2082 3031 2266 3075 suscipere
2289 3035 2343 3063 ta-

1254 3084 1267 3113 1
1319 3080 1387 3113 lem
1424 3088 1569 3112 causam
1602 3087 1708 3121 quam
1738 3076 1816 3111 deci
1844 3087 1911 3111 ere.
1961 3076 2078 3111 Datur
2108 3076 2202 3110 actio
2235 3075 2343 3119 depo-

1251 3124 1309 3159 siti
1333 3124 1370 3158 in
1394 3122 1559 3157 heredem
1585 3133 1628 3157 ex
1652 3122 1733 3157 dolo
1760 3122 1802 3157 de
1821 3122 1919 3157 uncti
1942 3122 1979 3156 in
2014 3121 2184 3156 solidum:
2219 3130 2342 3164 quam-

1251 3180 1357 3214 quam
1383 3168 1474 3203 enim
1499 3167 1588 3202 alias
1614 3178 1657 3202 ex
1681 3167 1761 3202 dolo
1783 3167 1942 3202 defuncti
1965 3177 2037 3202 non
2056 3166 2209 3201 solemus
2231 3164 2343 3199 teneri

1250 3215 1318 3249 nisi
1341 3225 1407 3258 pro
1432 3223 1475 3247 ea
1498 3216 1601 3257 parte
1625 3222 1716 3257 quae
1749 3212 1795 3247 ad
1824 3223 1890 3247 nos
1923 3212 2100 3257 pervenit,
2132 3215 2251 3245 tamen
2284 3209 2342 3243 1110

1251 3260 1354 3294 (101113
1391 3269 1435 3293 ex
1470 3261 1659 3292 contractu
1701 3257 1823 3302 reique
1865 3257 2116 3302 persecutione
2161 3253 2343 3290 descendit

1250 3305 1401 3348 ideoque
1424 3303 1461 3337 in
1486 3303 1638 3337 solidum
1662 3313 1754 3337 unus
1778 3303 1882 3337 heres
1914 3306 2073 3343 tenetur,
2106 3301 2225 3344 plures
2258 3308 2340 3350 vero

1252 3353 1270 3383 2
1318 3360 1383 3394 pro
1418 3358 1461 3383 ea
1492 3351 1596 3392 parte
1627 3358 1698 3392 qua
1735 3348 1885 3392 quisque
1920 3348 2022 3382 heres
2059 3349 2123 3380 est.
2172 3345 2341 3388 Quotlens

1249 3394 1328 3428 foro
1361 3393 1492 3428 cedunt
1523 3393 1764 3435 nummularii,
1798 3392 1889 3427 solet
1920 3392 2033 3437 primo
2057 3391 2136 3425 loco
2160 3389 2252 3423 ratio
2274 3388 2340 3439 ha-

1251 3439 1327 3473 beri
1363 3437 1678 3482 depositariorum,
1713 3439 1782 3473 hoc
1819 3442 1874 3472 est
1910 3447 2031 3471 eorum
2068 3435 2127 3478 qui
2162 3434 2340 3476 deposuas

1251 3484 1421 3528 pecunias
1445 3483 1660 3525 habuerunt,
1685 3494 1758 3517 non
1782 3493 1871 3527 quas
1895 3482 2042 3516 faenore
2062 3478 2157 3524 apud
2177 3487 2339 3512 nummu-

1250 3529 1356 3562 larios
1382 3528 1436 3562 vel
1460 3538 1540 3562 cum
1564 3528 1808 3562 nummulariis
1832 3527 1887 3562 vel
1909 3537 1973 3571 per
1995 3525 2091 3576 ipsos
2113 3522 2339 3573 exercebant.

1252 3577 1287 3607 et
1311 3576 1393 3607 ante
1417 3573 1599 3617 privilegia
1622 3574 1739 3618 igitur,
1765 3573 1796 3607 si
1819 3573 1915 3607 bona
1938 3569 2128 3610 venierint,
2161 3567 2339 3611 deposita-

476 3687 518 3726 (2)
544 3687 663 3719 iudicii
679 3700 742 3720 van
756 3688 795 3720 de
813 3687 924 3720 Water
1025 3688 1066 3727 (3)
1093 3689 1126 3717 et
1139 3686 1181 3726 si]

363 3732 404 3772 (4)
429 3730 540 3763 venire
552 3744 613 3764 scr.
708 3734 751 3772 (5)
776 3732 828 3763 vel
841 3731 1106 3764 commendatam
1119 3744 1180 3763 scr.

98 3688 136 3726 (l)
164 3688 299 3728 signato
313 3687 374 3719 del.

99 3732 127 3763 si
141 3735 174 3763 et
187 3733 269 3764 Hal.

1254 3687 1297 3725 (6)
1313 3686 1420 3726 primo
1435 3686 1496 3718 del.
1511 3686 1594 3719 Hal.
1666 3687 1708 3726 (7)
1723 3688 1931 3726 sequestrum
1945 3689 1975 3714 et
1983 3682 2112 3724 sicfere
2128 3681 2279 3721 deinceps
2288 3678 2340 3710 F2

1255 3731 1299 3771 (8)
1326 3731 1572 3771 permittendus
1586 3731 1669 3763 Hal.

2004 3780 2068 3813 27*
