2528 3918
174 119 404 163 XXXVIII
435 122 473 162 7.
498 120 523 162 8

174 253 301 280 norum
323 242 596 287 possessionem,
621 252 666 278 ex
680 241 751 278 hac
763 244 869 288 parte
887 252 966 278 eam
983 241 1061 287 peti
1074 245 1258 295 oportere:

175 299 257 324 cum
287 296 370 322 vero
403 287 509 322 etiam
540 286 715 323 bonorum
769 287 1004 324 ossessionem
1040 286 1117 322 dari
1147 286 1258 328 iubet,

174 338 250 368 tum
273 341 321 368 ex
343 331 405 367 illa
427 335 551 377 parte,
583 342 655 378 qua
680 342 725 369 ex
742 298 895 378 feffibus,
918 333 992 378 peti
1015 331 1163 368 debere:
1196 330 1259 367 sed

172 382 210 413 et
232 387 278 413 ex
300 377 370 412 hac
392 380 496 422 parte
545 376 662 413 oterit.

220 420 245 459 4
276 420 303 457 Ι
305 431 471 457 amnas
500 422 526 458 lt
549 432 592 458 ro
628 422 818 459 vicensimo
852 423 1003 468 septimo
1038 421 1257 468 diqestorum

174 467 212 503 Si
242 477 287 503 ex
318 466 458 502 duobus
489 466 662 504 fratribus
693 467 786 503 alter
816 467 1011 503 decesserit
1044 470 1257 503 testamento

172 512 251 548 iure
273 511 392 554 facto,
425 511 506 548 dein
529 511 748 548 deliberante
772 511 901 548 herede
924 512 1015 547 alter
1039 522 1109 557 quo
1135 522 1180 547 ue
1203 511 1257 547 in-

172 560 306 593 testato
337 555 532 593 decesserit
559 560 597 592 et
624 558 780 603 scriptus
808 557 912 593 heres
937 556 1096 593 omiserit
1145 556 1256 592 eredi-

173 605 301 645 tatem,
332 605 484 647 patruus
507 601 698 648 legitimam
721 602 954 638 hereditatem
977 602 1142 637 habebit:
1174 612 1257 637 nam

172 647 262 683 haec
292 647 468 683 bonorum
498 648 678 693 possessio
718 650 806 682 ‘tum
843 657 946 692 quem
983 646 1149 683 heredem
1181 657 1257 683 esse

173 693 339 738 ‘oportet‘
364 691 411 727 ad
433 691 471 727 id
493 695 635 738 tempus
658 692 831 735 refertur,
865 703 934 737 quo
957 692 1110 738 primum
1133 692 1178 727 ab
1202 692 1255 727 in-

173 740 305 773 testato
329 737 506 773 bonorum
527 737 707 783 possessio
729 737 804 782 peti
825 738 1014 783 potuisset.

218 781 242 819 5
275 781 530 818 Moorsmvvs
565 783 655 818 libro
697 783 801 818 tertio
836 782 1101 829 pandectarum
1158 782 1257 818 Inter

170 826 346 873 adgnatos
371 831 408 862 et
431 831 601 880 cognatos
624 827 695 863 hoc
716 827 883 870 interest,
913 827 1009 873 quod
1031 827 1068 879 in
1092 826 1256 873 adgnatis

171 875 208 908 et
231 871 374 917 cognati
398 876 634 916 continentur,
658 872 697 907 in
721 872 882 917 cognatis
905 883 978 908 non
997 875 1119 918 utique
1138 877 1174 908 et
1193 872 1255 907 ad-

169 917 429 1008 inassfftmffli
447 917 700 1007 ἓῗῗέςὲἒιῗὲ
720 916 852 998 ἕέἒὲῑὲ
863 917 1189 998 αἶῗωῖἓεὲέῖῗέᾞᾱ
1202 921 1257 998 6ξέ

172 1011 188 1042 1
237 1007 448 1050 avunculus,
470 1011 643 1052 cognatus
660 990 726 1051 est,
745 1007 920 1053 adgnatus
936 1018 1009 1043 non
1026 1011 1092 1044 est.
1115 990 1256 1052 'Quam—

170 1052 232 1088 diu
254 1063 337 1106 spes
361 1056 417 1088 est
433 1063 537 1089 suum
556 1052 723 1088 heredem
739 1053 893 1098 aliquem
907 1052 1076 1089 defuncto
1094 1053 1256 1095 existere,

170 1098 306 1134 tamdiu
331 1097 605 1143 consanguineis
629 1098 730 1134 locus
754 1109 827 1134 non
846 1102 917 1134 est:
941 1102 1033 1143 puta
1050 1097 1083 1133 si
1098 1097 1258 1133 defuncti

170 1154 263 1226 ‘¹¹3‘
305 1143 620 1224 ἑὲἱὲἒέἓιῗὲῃῖἳ
637 1142 1038 1224 ἓὲξῗῖἓῖιῗὲῂζίῗεῗῖ
1053 1142 1257 1223 ξῖἒὲἑξῖἑῑ

168 1232 255 1269 Nati
283 1237 368 1279 post
396 1236 547 1269 mortem
576 1233 691 1278 patris
723 1233 778 1268 vel
805 1237 891 1278 post
919 1198 1161 1279 captivivtatem
1184 1233 1256 1269 sive

169 1278 466 1324 deportationem,
491 1278 554 1314 sed
576 1282 613 1314 et
635 1277 684 1320 hi,
709 1278 770 1323 qui
792 1281 962 1324 tempore,
995 1289 1065 1324 quo
1090 1278 1257 1324 capieba-

167 1327 229 1359 tur
251 1323 307 1359 vel
331 1323 588 1368 deportabatur
609 1326 725 1368 pater,
748 1323 786 1358 in
807 1327 988 1369 potestate
1011 1323 1167 1368 fuerunt,
1199 1324 1256 1360 ius

167 1369 262 1404 inter
284 1378 323 1404 se
348 1367 669 1413 consanguinitatis
698 1368 851 1412 habent,
884 1369 951 1405 etsi
980 1369 1130 1405 heredes
1160 1369 1257 1414 patri

167 1424 240 1449 non
263 1413 455 1456 extiterint,
479 1413 587 1449 sicuti
609 1413 826 1450 exheredati.

642 1573 739 1612 VIII
754 1573 778 1612 ¹.

524 1649 652 1682 UNDE
677 1649 889 1684 COGNATI.

216 1726 234 1764 1
270 1726 465 1762 ULPJANUS
491 1725 582 1762 libro
614 1727 919 1781 quadragensimo
947 1731 1052 1764 sexto
1082 1727 1132 1763 ad
1161 1728 1254 1764 edic-

168 1778 241 1806 tum
287 1771 387 1807 Haec
410 1772 587 1808 bonorum
609 1782 789 1817 possessio
806 1773 939 1808 nudam
954 1773 1065 1809 habet
1079 1773 1255 1818 praetoris

167 1816 422 1861 indulgentiam
438 1827 555 1862 neque
571 1827 614 1852 ex
628 1817 706 1852 iure
722 1818 815 1854 civili
833 1817 1003 1863 originem
1022 1818 1148 1854 habet:
1173 1829 1255 1853 nam

167 1873 228 1898 eos
252 1862 378 1897 invitat
401 1862 448 1897 ad
471 1862 647 1898 bonorum
670 1863 951 1908 possessionem,
978 1864 1039 1917 qui
1061 1864 1139 1899 iure
1164 1863 1256 1899 civili

167 1907 214 1944 ad
237 1907 503 1944 successionem
526 1907 664 1942 admitti
689 1919 761 1944 non
775 1913 953 1988 1possunt,
984 1908 1022 1944 1d
1046 1912 1101 1944 est
1124 1919 1253 1954 cogna-

168 1956 183 1988 1
233 1956 302 1988 tos.
352 1952 503 1998 Cognati
531 1956 651 1988 autem
682 1963 775 1999 appe
802 1954 852 1989 ati
880 1957 965 1989 sunt
989 1954 1091 1999 quasi
1116 1964 1159 1990 ex
1182 1965 1254 1990 uno

167 1998 257 2040 nati,
290 2001 373 2040 aut,
403 2001 444 2032 ut
474 1997 597 2033 Labeo
629 1998 697 2041 ait,
737 1999 839 2044 quasi
870 2010 1056 2035 commune
1083 1999 1254 2035 nascendi

167 2045 186 2078 2
231 2042 372 2078 initium
396 2042 588 2078 habuerint
597 2044 621 2078 2.
670 2043 832 2080 Pertinet
852 2049 990 2097 ‘autem’
1011 2045 1102 2080 haec
1124 2044 1184 2080 lex
1208 2045 1254 2097 ad

167 2088 778 2178 {⁰⁸322‘3322u30t.{⁰²32¹33s1¹3?0
798 2099 898 2170 §¹3¹3
921 2089 1254 2171 &Ssshussssffiss

166 2178 364 2221 possessio,
398 2188 489 2222 quae
518 2188 562 2214 ex
590 2178 660 2214 hac
691 2183 794 2224 parte
825 2179 934 2215 edicti
965 2180 1087 2223 datur,
1123 2190 1165 2216 co
1190 2190 1253 2215 na-

164 2229 281 2259 torum
312 2222 445 2268 gradus
476 2233 539 2259 sex
569 2224 821 2269 complectitur
850 2228 886 2260 et
914 2235 959 2260 ex
990 2225 1140 2270 septimo
1188 2235 1253 2261 uas

166 2271 186 2302 4
230 2278 404 2313 personas
420 2268 566 2304 sobrino
582 2272 617 2304 et
633 2269 780 2306 sobrina
795 2273 918 2306 natum
935 2273 970 2306 et
987 2274 1120 2305 natam.
1160 2269 1251 2315 Cog-

164 2314 342 2349 nationem
366 2313 454 2349 facit
478 2313 584 2349 etiam
609 2314 772 2360 adoptio:
799 2315 928 2351 etenim
953 2315 1082 2361 quibus
1105 2315 1167 2350 fiet
1191 2316 1251 2350 ad-

234 2361 293 2394 tus
317 2358 377 2394 hic
425 2359 461 2394 ui
486 2358 678 2404 adoptatus
703 2363 786 2403 est,
806 2359 918 2396 isdem
949 2361 1055 2396 etiam
1079 2364 1253 2405 cognatus

178 2404 243 2440 'et:
276 2414 359 2439 nam
382 2415 406 2438 u
432 2404 600 2449 icumque
623 2404 667 2440 de
691 2405 851 2450 cognatis
875 2405 1010 2451 agitur,
1042 2405 1092 2441 ibi
1116 2406 1168 2441 sic
1191 2415 1251 2441 ac-

166 2448 348 2494 cipiemus,
373 2452 415 2484 ut
438 2449 545 2484 etiam
566 2448 759 2495 adoptione
779 2451 921 2496 cognati
935 2450 1027 2487 ,facti
1045 2452 1252 2486 continean-

165 2497 234 2529 tur.
272 2494 388 2529 evenit
410 2494 529 2539 igitur,
555 2498 597 2529 ut
618 2494 649 2530 is
673 2496 735 2541 qui
757 2495 795 2530 in
818 2495 1047 2541 adoptionem
1070 2495 1175 2531 datus
1199 2500 1254 2532 est

165 2542 237 2574 tam
260 2539 298 2574 in
321 2538 457 2574 familia
480 2539 657 2575 naturalis
679 2540 795 2586 patris
819 2541 900 2576 iura
922 2541 1144 2586 cognationis
1167 2541 1252 2576 reti·

164 2586 248 2619 neat
261 2594 369 2629 quam
384 2584 422 2619 in
441 2583 577 2619 familia
593 2584 762 2630 adoptiva
777 2586 1026 2622 nanciscatur:
1051 2586 1114 2622 sed
1131 2596 1253 2622 eorum

165 2632 303 2664 tantum
328 2629 576 2674 cognationem
598 2629 636 2665 in
659 2630 828 2676 adoptiva
856 2631 990 2666 familia
1013 2632 1251 2675 nanciscetur,

165 2674 291 2719 quibus
316 2674 358 2709 fit
381 2674 574 2720 adgnatus,
603 2674 642 2709 in
666 2676 822 2712 naturali
846 2680 965 2712 autem
989 2678 1143 2712 omnium
1166 2677 1252 2712 reti-

165 2722 183 2754 5
230 2719 340 2754 nebit.
393 2719 581 2756 Proximus
611 2724 732 2756 autem
764 2721 962 2766 accipietur
992 2722 1098 2758 etiam
1129 2722 1160 2758 is
1217 2721 1253 2757 ui

166 2762 262 2816 solus
285 2768 358 2806 est,
408 2764 544 2817 uamvis
567 2766 713 2819 proprie
737 2766 921 2811 proximus
946 2777 990 2803 ex
1011 2766 1176 2812 pluribus
1193 2733 1252 2802 ‘31-

165 2811 184 2842 6
231 2812 336 2844 citur.
420 2820 594 2845 roximum
625 2821 790 2856 accipere
818 2822 885 2847 nos
917 2822 938 2848 o
965 2815 1059 2847 ortet
1088 2821 1132 2848 eo
1163 2815 1251 2848 tem-

165 2856 182 2887 7
229 2863 336 2898 pore,
367 2865 437 2899 quo
467 2855 641 2891 bonorum
670 2857 851 2901 possessio
882 2856 925 2892 de
942 2860 1051 2892 ertur.
1106 2857 1145 2892 Si
1173 2857 1252 2903 quis

165 2898 172 2907 ‘
199 2898 272 2934 ’tur
300 2899 484 2944 proximus
515 2904 707 2945 cognatus,
741 2901 826 2937 dum
857 2902 1006 2938 heredes
1037 2902 1163 2948 scripti
1191 2902 1252 2938 de-

162 2944 188 2979 h
233 2947 327 2985 rant,
352 2943 443 2979 diem
467 2955 571 2980 suum
595 2946 732 2991 obierit,
767 2957 783 2983 s
831 2957 919 2983 uens
943 2947 1046 2992 quasi
1067 2947 1252 2993 proximus

164 2987 381 3031 admittetur,
405 2989 475 3025 hoc
495 2993 551 3025 est
567 2991 781 3038 quicumque
839 2992 908 3028 erit
920 2995 998 3028 tum
1011 2992 1252 3038 deprehensus

163 3037 183 3069 8
229 3034 430 3079 proximum
456 3034 585 3087 ,locum
620 3037 786 3090 optinens
798 3038 823 3073 ³.
878 3037 916 3073 Si
947 3037 1026 3091 quis
1057 3038 1253 3083 proximior

163 3082 662 3161 ffiffifflssztffi‘ffi
670 3082 1253 3173 ’setteffiibiffi‘hissinibifflkafflss

162 3179 234 3205 non
257 3173 313 3205 est
361 3169 588 3206 admittemus
612 3180 709 3215 eum,
742 3172 802 3218 qui
830 3176 915 3218 post
942 3176 1100 3209 ventrem
1129 3173 1250 3226 proxi-

161 3224 240 3250 mus
270 3197 469 3251 videbatur.
521 3214 585 3251 sed
615 3216 685 3252 hoc
716 3217 769 3253 ita
800 3217 941 3253 demum
972 3218 1041 3254 erit
1071 3218 1251 3264 accipien-

162 3258 255 3303 dum,
281 3260 313 3295 si
335 3260 394 3296 hic
419 3260 480 3305 qui
501 3259 540 3296 ln
556 3264 659 3297 utero
679 3271 757 3298 esse
775 3262 906 3299 dicitur
925 3262 1002 3299 vivo
1024 3273 1065 3299 eo
1086 3263 1129 3299 de
1148 3263 1250 3299 cuius

161 3304 338 3340 bonorum
366 3304 594 3350 possessione
624 3305 744 3351 agitur
772 3307 842 3343 fuit
865 3311 1080 3353 conceptus,
1113 3318 1197 3344 nam
1220 3308 1252 3344 si

158 3352 243 3395 post
264 3353 430 3394 mortem,
463 3360 580 3396 neque
609 3351 768 3387 obstabit
800 3353 861 3388 alii
885 3363 999 3399 neque
1021 3353 1099 3398 ipse
1123 3353 1251 3389 admit-

160 3397 273 3438 tetur,
322 3395 383 3430 uia
406 3406 479 3431 non
501 3395 572 3431 fuit
618 3396 778 3433 roximus
803 3402 976 3443 cognatus
1000 3398 1052 3441 ei,
1077 3409 1147 3444 quo
1171 3398 1250 3434 vivo

162 3442 181 3474 9
221 3406 387 3493 ‘nondum
411 3441 577 3476 animax⁴
593 3406 720 3477 guerit.
770 3441 809 3478 Si
833 3453 909 3495 qua
926 3453 1104 3496 praegnas
1128 3443 1251 3480 deces-

162 3488 248 3520 serit
271 3489 308 3520 et
329 3489 432 3522 utero
457 3489 602 3523 exsecto
624 3490 751 3534 partus
783 3487 831 3523 sit
854 3488 990 3531 editus,
1022 3499 1060 3524 m
1089 3498 1133 3524 ea
1163 3499 1250 3525 con-

159 3643 197 3683 (ιι
222 3643 404 3683 Sab.1...o;
429 3645 536 3679 Ed.·1.
551 3653 587 3684 ος
612 3645 697 3690 Pap.
713 3652 859 3680 ⁹.1o.—
876 3646 962 3679 Bas.
976 3648 1031 3688 45,
1045 3654 1074 3690 2,
1086 3654 1183 3682 omn.
1202 3665 1248 3671 —

162 3687 213 3731 Cs.
228 3688 307 3721 Inst.
323 3690 403 3730 3,ss
432 3690 509 3723 Cod.
525 3691 602 3732 6,1s
703 3692 747 3733 (2)
772 3690 964 3724 habuerunt
975 3691 1028 3724 F²
1123 3694 1164 3734 (3)
1189 3702 1248 3735 op-

159 3735 269 3767 tinent
281 3733 317 3766 F
378 3736 420 3775 (4)
445 3733 569 3767 animal
583 3734 645 3778 Ρ,
664 3735 818 3770 animans
830 3736 1038 3772 Brencmann
1107 3738 1149 3779 (s)
1172 3747 1248 3781 per-

1250 115 1335 164 578

1513 2 1584 112 ἢ

1327 241 1466 278 dicione
1488 245 1544 278 est
1565 244 1691 288 partus
1713 241 1799 286 iste,
1827 246 1870 278 ut
1896 242 2020 279 matris
2044 253 2130 279 suae
2153 243 2316 289 accipere
2338 243 2402 280 bo-

1327 297 1454 322 norum
1483 287 1742 332 possessionem
1773 288 1886 333 possit
1921 288 2026 324 ‘unde
2057 289 2209 334 proximi
2240 289 2403 333 cognati’.

1326 330 1389 367 sed
1423 335 1509 383 post
1538 336 1683 368 senatus
1713 333 1913 368 consultum
1946 333 2192 379 Orphitianum
2229 337 2266 369 et
2300 333 2403 369 ‘unde

1327 375 1492 421 ‘legitimi'
1515 380 1635 422 petere
1657 377 1799 423 poterit,
1824 379 1906 423 quia
1928 378 2051 414 mortis
2069 383 2228 424 tempore
2247 379 2285 413 in
2302 382 2403 414 utero

1329 424 1369 456 10
1415 420 1494 456 fuit.
1551 421 1736 457 Gradatim
1770 427 1889 459 autem
1920 423 2156 459 admittuntur
2187 423 2327 469 cognati
2357 423 2402 458 ad

1325 466 1500 502 bonorum
1528 466 1806 511 possessionem:
1844 472 1886 503 ut
1920 469 1979 514 qui
2013 473 2098 504 sunt
2130 469 2245 514 primo
2278 467 2398 548 {mdu'

1329 514 1366 546 11
1416 521 1538 546 omnes
1562 511 1664 547 simul
1687 511 1931 549 admittuntur.
1981 514 2018 549 Si
2049 514 2126 559 quis
2158 514 2254 559 apud
2311 517 2403 549 ostes

1325 555 1434 591 fuerit
1462 556 1586 591 mortis
1613 560 1772 602 tempore
1804 558 1898 602 eius,
1931 558 1975 594 de
1999 559 2099 595 cuius
2124 559 2298 594 bonorum
2321 569 2403 603 pos-

1325 601 1483 636 sessione
1506 601 1698 646 quaeritur,
1723 601 1911 638 dicendum
1935 608 1989 639 est
2014 605 2185 639 bonorum
2208 603 2402 649 possessio-

1326 656 1406 681 nem
1454 646 1501 681 eti
1524 646 1570 682 ab
1595 656 1636 682 eo
1659 657 1775 692 posse.

1371 688 1397 728 2
1428 657 1552 727 Ξῖᾼιυε
1578 690 1669 727 libro
1697 696 1800 727 sexto
1833 693 1968 728 decimo
2000 694 2049 729 ad
2079 694 2231 730 edictum
2254 694 2403 740 provin-

1325 736 1417 772 ciale
1461 735 1540 771 Hac
1563 740 1667 781 parte
1688 738 1881 782 proconsul
1904 738 2061 774 naturali
2083 739 2262 785 aequitate
2288 742 2405 774 motus

1326 780 1488 816 omnibus
1519 781 1679 825 cognatis
1704 782 1907 834 promittit⁵
1937 783 2111 819 bonorum
2134 783 2405 829 possessionem,

1326 836 1415 870 quos
1439 826 1622 871 sanguinis
1644 830 1735 862 ratlo
1760 832 1864 863 vocat
1888 827 1933 862 ad
1956 827 2199 871 hereditatem,
2223 829 2308 863 licet
2330 828 2404 863 iure

1326 871 1419 906 civili
1450 870 1628 906 deficiant.
1683 871 1803 917 itaque
1842 873 1947 907 etiam
1982 873 2086 918 vulgo
2125 873 2277 919 quaesiti
2306 873 2405 908 liberi

1326 916 1449 951 matris
1474 919 1510 951 et
1532 920 1646 952 mater
1668 917 1792 952 talium
1823 917 2033 961 liberorum,
2065 919 2149 954 item
2179 918 2247 963 ipsi
2278 917 2405 953 fratres

1325 961 1418 996 inter
1446 971 1485 996 se
1514 971 1559 997 ex
1587 961 1657 997 hac
1680 966 1783 1007 parte
1806 962 1980 998 bonorum
2003 963 2264 1008 possessionem
2286 967 2405 1008 petere

1324 1010 1487 1051 possunt,
1512 1006 1596 1051 quia
1618 1012 1703 1042 sunt
1725 1007 1875 1042 invicem
1898 1007 1966 1043 sibi
1991 1008 2140 1053 cognati,
2170 1018 2282 1054 usque
2306 1007 2405 1051 adeo,

1325 1055 1366 1086 ut
1387 1061 1563 1097 praegnas
1588 1062 1729 1098 quoque
1748 1052 1964 1088 manumissa
1985 1053 2015 1088 si
2031 1054 2220 1099 pepererit,
2245 1057 2282 1089 et
2299 1055 2329 1088 is
2348 1053 2405 1097 qui

1326 1099 1431 1132 natus
1456 1100 1511 1132 est
1533 1097 1639 1132 matri
1662 1104 1699 1133 et
1721 1101 1834 1133 mater
1856 1098 1923 1143 ipsi
1947 1101 1984 1134 et
2006 1098 2100 1134 inter
2122 1109 2161 1134 se
2184 1109 2324 1144 quoque
2348 1099 2405 1144 qui

1325 1145 1522 1178 nascuntur
1546 1143 1687 1186 cognati
1710 1142 1783 1178 sint
1793 1143 1818 1177 ⁰.

1372 1184 1396 1224 3
1428 1186 1622 1222 IULIANUS
1653 1187 1744 1223 libro
1779 1189 1969 1224 vicensimo
2003 1190 2153 1235 septimo
2189 1189 2405 1236 diqescorum

1327 1231 1461 1277 Capitis
1502 1231 1740 1268 deminutione
1776 1237 2005 1278 peremuntur
2037 1234 2282 1279 cognationes,
2318 1245 2406 1280 quae

1323 1287 1388 1322 per
1411 1277 1638 1322 adoptionem
1662 1277 1861 1358 adffitae
1885 1282 1979 1314 sunt.
2026 1279 2133 1324 igitur
2155 1279 2187 1315 si
2208 1283 2291 1325 post
2313 1290 2405 1316 mor·
2446 1316 2448 1318 ,

1324 1326 1396 1358 tem
1427 1322 1527 1358 verbi
1556 1322 1674 1368 gratia
1761 1323 1825 1359 tris
1855 1323 2011 1368 adoptivi
2034 1324 2128 1359 intra
2153 1325 2405 1360 centensimum

1326 1367 1418 1403 diem
1442 1368 1630 1413 adoptivus
1654 1367 1766 1403 frater
1790 1369 1906 1414 capite
1930 1369 2130 1405 deminutus
2151 1370 2271 1413 fuerit,
2294 1370 2404 1406 bono-

1324 1423 1404 1448 rum
1427 1413 1690 1465 possessionem
1714 1413 1792 1448 acci
1819 1423 1877 1449 ere
1900 1424 1972 1449 non
1994 1415 2143 1460 poterit,
2174 1425 2265 1460 quae
2287 1415 2405 1460 proxi-

1324 1458 1457 1494 mitatis
1481 1458 1622 1494 nomine
1645 1458 1766 1494 fratris
1815 1458 1966 1494 efertur:
1995 1463 2197 1504 praetorem
2222 1460 2313 1496 enim
2336 1471 2406 1496 nou

1325 1503 1440 1539 solum
1469 1504 1594 1539 mortis
1626 1507 1782 1556 tempus,
1815 1504 1878 1540 sed
1908 1504 2015 1540 etiam
2045 1505 2098 1549 id,
2131 1516 2202 1551 quo
2234 1505 2405 1541 bonorum

1323 1548 1503 1593 possessio
1526 1549 1670 1594 petitur,
1694 1549 1825 1584 intueri
1847 1549 1966 1594 palam
1991 1554 2055 1586 est.

1370 1591 1396 1630 4
1427 1592 1622 1629 Uzpuivos
1642 1593 1732 1629 libro
1756 1597 1862 1630 sexto
1885 1594 2095 1641 regularum
2133 1595 2171 1630 Si
2190 1595 2333 1642 spurius
2353 1596 2406 1631 in·

1324 1641 1456 1674 testato
1489 1637 1698 1681 decesserit,
1727 1638 1806 1675 iure
1837 1640 2154 1685 consanguinitatis
2182 1643 2248 1676 aut
2275 1641 2406 1686 adgna-

1324 1683 1432 1719 tionis
1448 1683 1629 1719 hereditas
1646 1683 1722 1719 eius
1742 1683 1789 1719 ad
1805 1684 1943 1719 nullum
1958 1685 2123 1737 pertinet,
2149 1685 2232 1730 quia
2256 1696 2406 1722 consan-

1323 1728 1507 1773 guinitatis
1531 1729 1687 1774 itemque
1709 1729 1932 1774 adgnationis
1956 1740 2035 1765 iura
2058 1741 2080 1766 a
2102 1735 2206 1776 patre
2227 1731 2406 1766 oriuntur:

1323 1773 1562 1818 proximitatis
1577 1778 1696 1809 autem
1710 1774 1852 1810 nomine
1866 1778 1979 1810 mater
1994 1776 2068 1811 eius
2083 1779 2147 1811 aut
2159 1775 2272 1812 frater
2286 1776 2405 1813 eadem

1323 1822 1438 1854 matre
1469 1822 1576 1854 natus
1610 1819 1784 1855 bonorum
1815 1820 2077 1865 possessionem
2109 1821 2183 1857 eius
2215 1831 2260 1857 ex
2291 1821 2405 1857 edicto

1323 1867 1446 1909 petere
1468 1867 1599 1909 potest.

1370 1907 1393 1946 5
1419 1908 1649 1945 Pomomvs
1668 1909 1759 1945 libro
1783 1913 1914 1956 quarto
1938 1910 1988 1945 ad
2006 1910 2180 1947 Sabinum
2226 1911 2405 1957 Legitimis

1325 1954 1441 1999 capite
1471 1954 1658 1991 deminutis
1688 1965 1760 1990 non
1792 1955 1897 1990 datur
1925 1955 2101 1991 bonorum
2130 1957 2307 2002 possessio
2331 1957 2404 1993 iure

1322 1998 1463 2035 heredis
1493 1999 1656 2045 legitimi,
1689 2000 1773 2045 quia
1804 2011 1877 2035 non
1908 2001 2032 2036 eadem
2063 2011 2173 2036 causa
2195 2009 2318 2038 eorum
2341 2007 2402 2046 est,

1323 2054 1414 2090 quae
1444 2044 1655 2080 liberorum:
1689 2045 1752 2080 sed
1780 2045 1894 2091 gradu
1926 2049 2159 2091 cognatorum
2190 2057 2314 2083 rursus
2345 2058 2405 2083 vo-

1324 2093 1463 2125 cantur.

1369 2132 1394 2172 6
1426 2134 1621 2170 ULPIANUS
1640 2135 1731 2171 libro
1755 2136 2059 2182 quadraqensimo
2083 2137 2208 2183 quinto
2237 2137 2287 2172 ad
2312 2137 2403 2174 edic-

1323 2184 1396 2215 tum
1444 2179 1611 2225 Cognatis
1643 2180 1849 2217 accusatio⁷
1880 2181 1967 2216 nihil
1998 2181 2101 2217 obest
2132 2181 2178 2217 ad
2209 2182 2404 2219 successio-

1322 2235 1414 2268 nem,
1438 2225 1468 2260 si
1492 2225 1741 2261 accusaverint
1764 2230 1935 2271 cognatos
1959 2237 2055 2262 suos.

1327 2299 1331 2303 .
1369 2268 1393 2307 7
1419 2269 1672 2306 Μουιῑεφηνυε
1692 2270 1782 2307 libro
1805 2274 1911 2307 sexto
1934 2272 2144 2319 reqularum
2185 2272 2232 2316 Is,
2257 2273 2318 2319 qui
2342 2273 2404 2308 ali·

1322 2319 1393 2360 qu'a
1423 2315 1561 2351 ratione
1589 2326 1712 2351 servus
1743 2315 1862 2352 factus
1894 2320 1963 2359 est,
2002 2317 2277 2354 manumissione
2308 2318 2404 2354 nulla

1321 2361 1460 2396 ratione
1482 2361 1608 2405 recipit
1632 2361 1888 2406 cognationem.

1368 2403 1392 2443 8
1417 2405 1523 2440 IDEM
1539 2405 1630 2441 libro
1647 2410 1778 2452 quarto
1793 2406 1930 2442 decimo
1946 2417 2199 2454 responsorum
2233 2408 2404 2444 Modesti-

1321 2461 1389 2486 nus
1412 2449 1596 2496 respondit
1615 2461 1688 2486 non
1704 2450 1784 2486 ideo
1800 2451 1917 2487 minus
1934 2451 1979 2486 ad
1997 2451 2097 2487 aviae
2112 2458 2294 2488 maternae
2310 2454 2404 2489 bona

1321 2496 1367 2531 ab
1383 2496 1554 2531 intestato
1570 2500 1717 2541 nepotes
1738 2496 1888 2539 admitti,
1913 2496 2008 2542 quod
2026 2497 2132 2543 vulgo
2150 2498 2302 2543 quaesiti
2320 2509 2403 2543 pro-

1348 2545 1514 2577 onuntur.

1320 2552 1345 2587 p
1367 2584 1392 2624 9
1417 2586 1664 2622 PAPJNJANUS
1675 2585 1765 2622 libro
1779 2590 1884 2622 sexto
1899 2597 1940 2622 re
1985 2597 2153 2622 onsorum
2184 2587 2309 2623 Octavi
2322 2598 2402 2633 gra-

1321 2631 1387 2667 dus
1412 2631 1566 2676 adgnato
1590 2631 1667 2667 iure
1689 2631 1835 2676 legitimi
1862 2597 2020 2675 heredis,
2052 2632 2118 2668 etsi
2147 2643 2220 2668 non
2249 2633 2404 2669 extiterit

1321 2677 1436 2720 heres,
1460 2676 1639 2721 possessio
1665 2676 1839 2712 defertur:
1864 2681 1906 2712 ut
1927 2677 2088 2723 proximo
2107 2682 2224 2713 autem
2240 2683 2403 2723 cognato,

1324 2726 1339 2756 1
1389 2721 1547 2767 quamvis
1580 2721 1736 2757 extiterit
1764 2722 1885 2765 heres,
1917 2733 1990 2758 non
2019 2722 2189 2758 defertur.
2241 2723 2404 2759 Fratris*¹

1319 2766 1415 2803 filius
1438 2777 1504 2813 pro
1528 2770 1631 2812 parte
1654 2766 1758 2803 heres
1786 2767 1988 2811 institutus,
2020 2778 2101 2803 cum
2128 2772 2296 2813 patruum
2324 2779 2402 2804 sur·

1322 2812 1405 2848 dum
1429 2821 1508 2848 esse
1532 2812 1762 2847 contenderet
1785 2815 1892 2857 atque
1914 2812 1995 2849 ideo
2018 2816 2266 2848 testamentum
2283 2813 2403 2849 facere

1321 2868 1394 2893 non
1433 2856 1610 2910 potuisse,
1643 2857 1908 2910 possessionem
1944 2861 1986 2893 ut
2018 2858 2201 2903 proximus
2231 2862 2403 2904 cognatus

1321 2906 1460 2948 accepit
1469 2903 1495 2937 ⁹.
1542 2912 1586 2937 ex
1617 2901 1674 2937 dle
1702 2902 1826 2937 mortis
1857 2905 1928 2938 tem
1956 2903 2028 2939 orIs
2066 2902 2193 2939 haberi
2230 2903 2399 2939 ration·-

1320 2948 1468 2993 placuit,
1488 2946 1572 2993 quia
1587 2946 1774 2982 verisimile
1790 2957 1862 2983 uon
1878 2948 1912 2983 vi
1938 2948 2065 2983 ebatur
2081 2952 2155 2983 tam
2173 2948 2402 2984 coniunctum

1321 3003 1361 3028 sa
1436 2993 1445 3001 ”
1472 3003 1493 3029 e
1506 2994 1534 3014 ¹⁰
1557 2991 1715 3027 defuncti
1737 2992 1975 3028 valetudinem
1997 2993 2190 3038 ignorasse.

1370 3004 1421 3076 15
1441 3037 1643 3074 Scaevoia
1661 3037 1751 3073 libro
1767 3037 1924 3074 secando
1942 3048 2194 3085 responsorum
2228 3038 2402 3074 Intestata

2052 133 2175 164 tmDE
2205 131 2263 165 00
2267 133 2401 165 GRATl

1320 3083 1464 3128 reliquit
1492 3091 1652 3119 sororem
1681 3081 1874 3128 Septiciam
1908 3082 2046 3119 diverso
2082 3087 2186 3128 patre
2214 3087 2335 3118 natam
2365 3087 2401 3119 et

1344 3138 1386 3164 ra
1475 3131 1547 3163 tem
1570 3130 1719 3162 matrem
1742 3137 1787 3163 ex
1811 3127 1881 3164 alio
1898 3127 2045 3163 marito:
2071 3138 2215 3173 quaero,
2241 3128 2272 3164 si
2289 3132 2402 3163 mater

1319 3138 1552 3209 flergffsstem
1579 3172 1834 3217 repudiaverit,
1867 3172 1950 3208 dum
1981 3172 2099 3209 adhuc
2128 3183 2304 3219 praegnas
2335 3178 2400 3215 est,

1318 3222 1514 3264 posteaque
1544 3217 1648 3253 enixa
1678 3217 1787 3253 fuerit
1810 3217 2071 3263 Semproniam,
2101 3228 2148 3253 an
2171 3219 2278 3254 etiam
2302 3218 2400 3253 Sem-

1317 3263 1446 3309 pronia
1469 3263 1645 3299 bonorum
1665 3262 1782 3298 Titiae
1803 3262 2066 3308 possessionem
2089 3263 2253 3308 accipere
2273 3263 2399 3310 possit.

1318 3307 1512 3354 respondit,
1537 3308 1567 3343 si
1589 3311 1705 3343 mater
1726 3306 1924 3344 hereditate
1947 3307 2094 3344 exclusa
2115 3313 2181 3351 est,
2204 3318 2283 3345 eam
2298 3318 2400 3354 quae,

1318 3356 1360 3389 ut
1381 3356 1654 3399 proponeretur,
1677 3355 1805 3398 postea
1825 3355 1913 3388 nata
1934 3356 2001 3396 est,
2026 3353 2189 3399 accipere
2211 3363 2328 3399 posse.

1316 3646 1422 3679 mittit
1434 3646 1486 3680 Γ*
2196 3646 2241 3687 (ε)
2265 3646 2359 3679 fratis
2371 3642 2398 3678 ιι·

1316 3691 1362 3732 (9)
1386 3692 1551 3735 acceperit
1562 3692 1598 3726 F

1559 3648 1605 3687 (o)
1628 3646 1756 3680 suntF'
1819 3648 1861 3686 (τ)
1886 3646 2053 3679 accusatio
2065 3646 2127 3679 del.

1681 3695 1742 3733 (ιο)
1766 3691 1923 3733 sanguini
1936 3692 1972 3724 F
