2528 3918
119 117 180 148 DE
208 116 422 150 Excusxr.
450 116 664 149 TU'I'ORUM
691 115 779 148 VEL
807 117 967 149 CURAT.

117 229 375 265 ministratione
397 228 522 271 teneri,
548 227 611 264 sed
635 227 742 263 etiam
764 227 802 263 in
822 238 883 264 eos
908 228 969 273 qui
994 228 1200 264 satisdatio-

117 285 180 311 nes
194 276 204 296 ¹
243 274 423 319 accipiunt
463 273 711 310 subsidiariam
751 273 930 309 actionem
971 284 1068 316 esse,
1109 284 1203 326 quae

116 321 276 356 ultimum
310 321 359 355 eis
394 319 611 364 praesidium
645 319 760 364 possit
803 319 941 354 afferre.
991 319 1203 354 subsidlaria

115 368 233 400 autem
256 365 350 400 actio
376 365 481 400 datur
504 365 541 399 in
566 374 638 407 eos,
664 365 723 409 qui
746 365 802 400 vel
819 365 960 399 omnino
981 375 1004 399 a
1021 365 1201 400 tutoribus

114 410 169 446 vel
192 410 416 446 curatoribus
441 410 607 445 satisdari
630 421 702 445 non
726 410 928 445 curaverint
951 413 1015 445 aut
1033 421 1106 446 non
1124 410 1200 446 ido-

115 466 180 491 nee
201 455 301 507 passi
325 458 444 491 essent
476 455 603 491 caveri.
641 465 733 500 quae
765 455 905 500 quidem
936 458 1009 490 tam
1041 466 1085 491 ex
1114 467 1199 500 pru-

114 501 271 536 dentium
305 501 486 546 responsis
522 511 628 546 quam
663 511 706 535 ex
742 500 1054 536 constitutionibus
1089 501 1199 546 impe-

115 549 134 581 3
179 545 326 581 rialibus
359 550 394 581 et
424 546 461 580 in
484 546 631 581 heredes
657 556 779 581 eorum
803 546 1014 581 extenditur.
1063 546 1200 591 Quibus

114 591 424 627 constitutionibus
449 594 484 626 et
506 591 592 626 illud
617 591 843 637 exprimitur,
874 595 933 634 ut,
959 591 1027 626 nisi
1051 594 1202 627 caveant

113 640 247 672 tutores
271 636 325 671 vel
350 640 551 679 curatores,
583 636 789 681 pignoribus
814 637 928 681 captis
954 641 1199 673 coerceantur.

112 685 133 717 4
179 681 305 727 Neque
337 686 455 717 autem
478 682 683 727 praefectus
707 682 807 717 urbis
831 692 946 726 neque
969 686 1115 727 praetor
1137 693 1199 718 ne-

136 737 181 762 ue
204 737 348 772 praeses
372 727 577 773 provinciae
600 737 715 772 neque
739 728 817 772 quis
850 727 940 762 alius
973 728 1031 763 cui
1062 731 1199 763 tutores

112 739 219 807 gandi
242 773 298 808 ius
324 777 379 808 est
401 773 470 808 hac
495 773 637 808 actione
660 773 859 816 tenebitur,
892 772 956 808 sed
979 773 1017 809 hi
1039 776 1198 810 tantum-

111 818 216 854 modo
241 818 301 863 qui
324 818 595 854 satisdationem
619 818 758 867 exigere
781 818 907 854 solent.

593 914 705 954 XXV
714 914 729 935 ²

408 981 472 1014 DE
495 981 905 1015 EXGUSA'HONIBUS.

152 1089 384 1124 Excusantur
408 1093 526 1124 autem
549 1093 688 1125 tutores
711 1089 767 1125 vel
800 1092 984 1125 curatores
1015 1089 1123 1125 variis
1156 1099 1201 1126 ex

108 1135 243 1170 causis:
268 1135 474 1180 plerumque
498 1138 616 1170 autem
639 1138 786 1181 propter
809 1135 950 1177 liberos,
976 1135 1050 1171 sive
1072 1136 1110 1170 in
1133 1146 1198 1180 po-

107 1183 236 1215 testate
261 1180 333 1215 sint
356 1180 428 1216 sive
453 1180 678 1226 emancipati.
711 1180 742 1216 si
762 1181 855 1215 enim
872 1184 946 1216 tres
966 1181 1098 1216 liberos
1119 1181 1198 1226 quis

106 1225 315 1271 superstites
339 1225 476 1261 Romae
506 1226 639 1261 habeat
668 1226 723 1262 vel
753 1226 789 1261 in
813 1226 920 1261 Italia
951 1229 1120 1271 quattuor
1142 1226 1198 1262 vel

105 1272 142 1306 in
165 1270 356 1316 provinciis
381 1271 555 1317 quinque,
588 1282 610 1306 a
633 1271 744 1307 tutela
768 1271 823 1307 vel
848 1282 936 1307 cura
959 1275 1112 1317 possunt
1136 1282 1196 1307 ex-

106 1317 224 1352 cusari
247 1326 347 1352 exem
373 1317 408 1352 lo
434 1321 633 1352 ceterorum
656 1327 862 1352 munerum:
888 1327 972 1352 nam
992 1321 1028 1352 et
1047 1317 1198 1353 tutelam

106 1362 166 1397 et³
190 1372 312 1397 curam
333 1328 470 1407 pliacuit
489 1362 672 1408 publicum
690 1373 820 1398 munus
841 1372 930 1398 esse.
957 1362 1020 1398 sed
1039 1362 1198 1409 adoptivi

103 1407 205 1443 liberi
228 1418 301 1443 non
323 1411 493 1453 prosunt,
524 1408 562 1442 in
595 1407 824 1453 adoptionem
848 1411 968 1444 autem
992 1408 1068 1443 dati
1090 1413 1196 1444 natu-

103 1453 169 1488 rali
192 1453 287 1498 patri
309 1456 471 1498 prosunt.
508 1453 593 1488 item
616 1457 765 1499 nepotes
789 1463 835 1489 ex
857 1453 929 1489 filio
954 1458 1123 1499 prosunt,
1156 1458 1198 1489 ut

102 1498 140 1534 in
161 1499 280 1534 locum
302 1498 415 1544 patris
439 1498 652 1542 succedant,
678 1509 722 1534 ex
745 1499 820 1534 filia
843 1510 916 1535 non
939 1504 1101 1545 prosunt.
1134 1500 1198 1535 filii

103 1547 221 1579 autem
246 1544 455 1589 superstites
477 1547 619 1579 tantum
649 1545 696 1580 ad
726 1545 860 1580 tutelae
890 1545 946 1580 vel
978 1555 1087 1581 curae
1117 1556 1196 1581 mu-

103 1590 196 1625 neris
212 1590 480 1625 excusationem
495 1593 666 1635 prosunt,
684 1590 843 1626 defuncti
858 1601 931 1625 non
946 1594 1109 1635 prosunt.
1134 1591 1197 1627 sed

103 1635 134 1670 si
155 1635 193 1670 in
215 1635 308 1671 bello
334 1635 455 1671 amissi
478 1638 573 1678 sunt,
599 1635 798 1680 quaesitum
822 1639 887 1678 est,
913 1646 960 1671 an
984 1637 1133 1682 prosint.
1160 1641 1197 1672 et

103 1683 245 1716 constat
269 1690 330 1716 eos
355 1681 452 1716 solos
485 1680 661 1726 prodesse
692 1681 752 1726 qui
783 1681 821 1716 in
853 1681 930 1717 acie
963 1682 1194 1718 amittuntur:

102 1726 139 1761 111
162 1726 273 1769 0111111,
306 1725 390 1771 quia
412 1736 479 1771 pro
504 1736 543 1761 re
565 1726 712 1778 publica
744 1726 967 1770 ceciderunt,
999 1727 1037 1762 in
1067 1738 1193 1773 perpe-

104 1775 118 1806 1
168 1775 268 1807 tuum
291 1781 357 1817 per
378 1771 526 1817 gloriam
549 1782 666 1808 vivere
689 1772 951 1817 intelleguntur.
987 1773 1077 1808 Item
1094 1773 1194 1809 divus

101 1816 249 1852 Marcus
271 1816 309 1851 in
333 1817 563 1853 semestribus
587 1817 771 1862 rescripsit
802 1828 901 1860 eum,
935 1818 996 1863 qui
1026 1829 1084 1854 res
1116 1819 1196 1854 fisci

101 1862 344 1904 administrat,
376 1872 399 1897 a
428 1863 542 1898 tutela
571 1863 627 1898 vel
659 1873 745 1898 cura
777 1863 947 1909 quamdiu
971 1863 1196 1900 administrat

102 1911 142 1951 2v
170 1908 333 1943 excusari
363 1918 480 1953 posse.
528 1908 619 1943 Item
643 1908 703 1953 qui
727 1909 780 1943 rei
802 1909 969 1954 publicae
994 1920 1104 1945 causa
1128 1910 1192 1945 ab-

100 1957 185 1988 sunt
194 1954 218 1996 ¹¹,
244 1963 266 1988 a
289 1954 402 1988 tutela
426 1956 462 1988 et
486 1964 573 1989 cura
593 1958 823 1989 excusantur.
860 1954 924 1989 sed
945 1957 980 1989 et
999 1955 1030 1990 si
1047 1955 1194 1990 fuerunt

100 2002 237 2034 tutores
262 1998 318 2034 vel
342 2002 543 2041 curatores,
580 1999 706 2034 deinde
729 1999 781 2034 rei
803 1999 971 2044 publicae
994 2010 1106 2036 causa
1130 2001 1193 2036 ab·

101 2054 178 2079 esse
198 2048 404 2096 coeperunt,
429 2054 452 2078 a
470 2044 585 2079 tutela
605 2048 640 2079 et
661 2055 747 2079 cura
767 2048 996 2088 excusantur,
1017 2049 1193 2091 quatenus

100 2089 151 2125 rei
174 2089 340 2135 pubhcae
372 2099 483 2125 causa
514 2090 664 2132 absunt,
701 2094 737 2125 et
767 2090 905 2126 interea
937 2095 1083 2126 curator
1112 2092 1193 2128 loco

99 2145 223 2170 eorum
247 2134 364 2170 datur.
403 2135 464 2180 qui
488 2135 519 2170 si
542 2135 674 2170 reversi
704 2135 858 2178 fuerint,
890 2136 966 2171 reci
992 2136 1071 2171 iunt
1102 2147 1193 2172 onus

99 2180 232 2216 tutelae
255 2190 322 2215 nec
353 2181 438 2215 anni
468 2181 603 2216 habent
633 2181 875 2224 vacationem,
907 2184 949 2216 ut
1003 2182 1193 2227 apinianus

99 2236 156 2261 res
183 2236 352 2261 onsorum
375 2226 466 2261 libro
492 2226 616 2271 quinto
641 2226 802 2271 scripsit:
835 2236 919 2262 nam
942 2227 1012 2262 hoc
1037 2228 1193 2272 spatium

100 2274 120 2306 3
157 2237 301 2306 {abent
324 2271 371 2306 ad
394 2282 504 2307 novas
528 2271 659 2307 tutelas
682 2271 811 2307 vocati.
858 2271 911 2306 Et
941 2272 1002 2317 qui
1031 2276 1192 2317 potesta-

99 2320 170 2352 tem
194 2316 348 2362 aliquam
371 2316 523 2359 habent,
557 2327 730 2352 excusare
753 2327 792 2352 se
815 2321 986 2362 possunt,
1018 2321 1059 2353 ut
1090 2318 1192 2354 divus

100 2362 244 2397 Marcus
268 2362 462 2407 rescripsit,
487 2362 550 2397 sed
575 2366 739 2407 coeptam
763 2363 911 2397 tutelam
935 2362 1099 2399 deserere
1118 2375 1192 2399 non

99 2411 119 2442 4
166 2411 328 2453 possunt.
375 2408 466 2443 Item
488 2411 635 2453 propter
657 2408 772 2451 litem,
805 2418 913 2453 quam
944 2418 1025 2443 cum
1055 2409 1191 2454 pupillo

99 2453 152 2488 vel
176 2452 298 2488 adulto
322 2456 422 2488 tutor
444 2454 498 2489 vel
522 2457 667 2489 curator
690 2453 810 2496 habet,
837 2463 1010 2489 excusare
1028 2464 1067 2490 se
1087 2465 1190 2490 nemo

99 2501 234 2543 potest:
276 2498 345 2533 nisi
375 2498 468 2534 forte
500 2498 543 2534 de
575 2499 740 2534 omnibus
775 2498 876 2534 bonis
907 2499 962 2534 vel
993 2499 1191 2535 hereditate

99 2547 117 2577 5
166 2544 408 2579 controversia
432 2544 487 2579 sit.
536 2544 628 2579 Item
651 2544 723 2579 tria
746 2554 856 2580 onera
879 2544 1014 2580 tutelae
1038 2556 1111 2580 non
1135 2545 1189 2580 af-

98 2589 254 2624 fectatae
288 2589 344 2624 vel
379 2600 488 2624 curae
522 2592 708 2634 praestant
742 2590 984 2632 vacationem,
1020 2591 1191 2636 quamdiu

98 2634 408 2670 administrantur:
443 2639 483 2670 ut
513 2639 634 2670 tamen
658 2635 814 2680 plurium
836 2635 1055 2680 pupillorum
1077 2637 1191 2672 tutela

98 2680 152 2716 vel
175 2690 264 2715 cura
288 2680 481 2715 eorundem
505 2680 691 2723 bonorum,
716 2680 827 2715 veluti
844 2680 1007 2723 fratrum,
1031 2692 1097 2727 pro
1117 2692 1191 2718 una

98 2729 118 2760 6
166 2729 401 2771 computetur.
451 2725 522 2760 Sed
554 2729 590 2760 et
620 2729 768 2771 propter
798 2729 1050 2771 paupertatem
1081 2738 1188 2762 excu-

98 2770 272 2806 sationem
303 2771 411 2806 tribui
442 2774 515 2806 tam
547 2770 618 2806 divi
647 2770 777 2806 fratres
810 2781 916 2816 quam
939 2781 1004 2816 per
1027 2782 1065 2806 se
1090 2772 1189 2808 divus

98 2816 244 2851 Marcus
268 2816 468 2861 rescripsit,
494 2817 524 2851 si
549 2816 626 2861 quis
650 2817 822 2861 imparem
845 2826 883 2851 sc
907 2817 1007 2851 oneri
1029 2817 1188 2853 iniuncto

100 2864 116 2896 7
164 2862 280 2907 possit
310 2861 451 2897 docere.
498 2862 588 2897 Item
619 2865 768 2907 propter
799 2861 985 2897 adversam
1015 2863 1188 2898 valetudi-

98 2917 189 2949 nem,
213 2910 361 2952 propter
380 2917 487 2952 quam
506 2918 572 2942 nec
592 2907 665 2942 suis
687 2907 829 2953 quidem
849 2907 998 2952 negotiis
1017 2907 1190 2944 interesse

99 2955 120 2987 8
165 2956 304 2997 potest,
341 2953 524 2988 excusatio
562 2953 680 2988 locum
715 2953 837 2988 habet.
904 2952 1073 2988 Similiter
1108 2963 1189 2988 eum

98 2997 159 3043 qui
181 2997 321 3033 litteras
346 2998 500 3033 nesciret
524 2997 767 3033 excusandum
791 3008 871 3033 esse
895 2997 996 3033 divus
1016 2998 1103 3034 Pius
1130 3009 1187 3034 re-

98 3042 260 3088 scripsit:
294 3043 452 3088 quamvis
485 3047 521 3079 et
550 3043 704 3088 imperiti
733 3043 934 3078 litterarum
963 3047 1118 3089 possunt
1142 3044 1189 3079 ad

98 3091 118 3123 9
165 3088 506 3124 administrationem
541 3089 761 3133 negotiorum
797 3089 973 3124 sufficere.
1032 3090 1124 3125 Item
1159 3090 1189 3125 si

97 3138 245 3213 gropter
262 3134 484 3169 inimicitiam
494 3135 508 3155 ⁵
528 3134 682 3179 aliquem
694 3138 907 3170 testamento
919 3137 1075 3171 tutorem
1086 3139 1190 3180 pater

124 3178 253 3222 ederit,
284 3179 354 3214 1100
377 3179 495 3224 ipsum
518 3183 681 3224 praestat
711 3180 744 3215 ei
775 3180 1061 3216 excusationem:
1095 3181 1189 3216 sicut

97 3233 161 3269 per
185 3224 403 3259 contrarium
426 3235 498 3259 non
523 3229 750 3268 excusantur,
775 3225 838 3270 qui
860 3235 899 3260 se
922 3226 1070 3261 tutelam
1093 3227 1189 3271 patri

101 3272 141 3304 10
187 3270 405 3315 pupillorum
440 3270 751 3306 administraturos
794 3270 1044 3315 promiserunt.
1105 3272 1188 3307 Non

98 3324 177 3349 esse
201 3319 319 3350 autem
343 3315 600 3351 admittendam
624 3316 890 3351 excusationem
913 3316 1008 3359 eius,
1034 3317 1095 3363 qui
1118 3317 1189 3352 hoc

100 3432 139 3471 (1)
164 3431 213 3462 sic
229 3430 265 3469 T,
280 3430 534 3462 satisdationem
548 3431 618 3463 ΒΘ

145 3476 188 3516 (2)
217 3475 267 3518 C'j:
281 3475 362 3518 Diq.
376 3476 429 3515 27,
443 3483 456 3509 1
485 3476 562 3508 Cod.
577 3477 608 3515 5,
623 3483 722 3509 62..69
871 3480 912 3519 (3)
938 3479 984 3518 et]
1002 3478 1072 3519 ΤΘ,
1085 3477 1137 3510 vel
1152 3478 1187 3510 Β

100 3519 142 3558 (4)
155 3520 202 3552 sic
215 3517 301 3561 TU,
312 3530 445 3552 causam
455 3524 630 3553 assumunt
640 3522 684 3561 Β,
695 3531 795 3554 causa
804 3520 953 3554 ab...unt
965 3523 1011 3556 1¹³
1084 3525 1126 3560 (5)
1140 3524 1188 3555 sic

101 3564 147 3603 B,
161 3564 360 3597 inimicitias
376 3566 410 3598 T
518 3569 561 3607 (6)
586 3567 634 3599 sic
650 3567 686 3605 T,
700 3566 900 3598 inimicitias
913 3568 949 3600 Β
1073 3570 1114 3609 (Ί)
1140 3569 1188 3601 εἰσ

105 3608 174 3648 ΤΘ,
189 3609 313 3651 pupilli
325 3610 377 3642 vel
390 3610 500 3643 adulti
514 3611 549 3644 Β
665 3613 710 3652 (8)
734 3613 783 3644 sic
794 3612 874 3652 ΒΘ,
889 3623 908 3644 a
921 3616 984 3646 tut.
999 3613 1051 3645 vel
1065 3624 1144 3645 cura
1162 3613 1192 3645 T

96 3664 138 3697 (9)
159 3655 208 3687 sic
224 3655 260 3694 Τ,
275 3657 426 3687 excusari
440 3656 475 3688 B
543 3657 603 3697 (10)
616 3658 663 3690 sic
683 3656 785 3696 Wffffl,
800 3657 828 3688 si
843 3657 900 3708 qui
914 3658 1003 3709 B‚·is
1016 3659 1075 3699 qui
1089 3659 1120 3691 T
1126 3656 1186 3691 Wl’

98 3710 160 3782 {3¹³3
183 3699 431 3785 fissssss'ffffls
443 3746 479 3778 B
491 3746 538 3788 w,
549 3701 782 3780 inulsssschlf',
797 3711 852 3733 ω
866 3706 962 3788 003ῗῖ
963 3705 1087 3788 1111111Ϊὲ1
1087 3703 1189 3788 117ῗᾶ

204 3796 289 3830 Inst.

1954 101 2100 146 INST.
2132 103 2164 159 1,
2196 107 2361 164 24—26

1272 227 1348 263 solo
1372 227 1504 270 utitur,
1537 228 1633 273 quod
1656 228 1797 273 ignotus
1821 229 1915 275 patri
1946 229 2164 282 pupillorum
2196 231 2260 274 sit,
2294 232 2364 268 divi

1275 275 1311 307 11
1361 272 1493 308 fratres
1528 274 1801 319 rescripserunt.
1862 275 2072 311 Inimicitiae
2082 277 2107 318 ⁶,
2152 287 2242 322 quas
2285 278 2364 323 quis

1273 329 1352 353 cum
1384 322 1486 363 patre
1521 318 1736 363 pupillorum
1770 321 1826 356 vel
1860 321 2085 356 adultorum⁷
2122 322 2299 365 exercuit,
2335 324 2365 359 si

1272 363 1444 408 capitales
1474 364 1620 398 fuerunt
1651 375 1716 399 nec
1747 366 1990 402 reconciliatio
2021 366 2227 410 intervenit,
2260 378 2283 403 a
2306 372 2363 404 tu-

1278 412 1314 443 12
1362 409 1458 443 tela⁸
1492 409 1608 445 solent
1643 420 1815 446 excusare
1826 411 1850 445 ⁹.
1905 412 1994 447 Item
2028 412 2059 447 si
2093 412 2172 458 quis
2186 414 2214 434 ¹⁰
2247 417 2364 450 status

1272 454 1550 489 controversiam
1575 465 1597 489 a
1620 455 1837 500 pupillorum
1861 460 1965 501 patre
1987 468 2118 502 passus
2150 462 2222 501 est,
2255 469 2363 495 excu-

1276 502 1314 533 13
1363 502 1464 534 satur
1495 510 1517 535 a
1540 501 1664 535 tutela.
1712 500 1802 535 Item
1825 502 1939 537 maior
1962 503 2190 548 septuaginta
2213 505 2317 540 annis
2342 515 2365 541 a

1271 544 1384 580 tutela
1413 545 1468 580 vel
1500 555 1588 580 cura
1618 556 1657 581 se
1687 550 1808 591 potest
1840 556 2022 583 excusare.
2066 549 2220 585 minores
2244 554 2364 586 autem

1270 590 1391 635 viginti
1422 593 1458 625 et
1490 591 1645 636 quinque
1676 591 1779 626 annis
1804 592 1888 627 olim
1913 592 2053 637 quidem
2078 596 2363 631 excusabantur:

1270 645 1293 670 a
1323 638 1448 671 nostra
1478 639 1598 671 autem
1622 637 1916 673 constitutione¹¹
1940 639 2176 683 prohibentur
2198 641 2245 676 ad
2268 645 2363 677 tute-

1269 680 1341 716 lam
1375 681 1430 716 vel
1463 692 1587 716 curam
1618 682 1798 727 aspirare,
1835 682 1924 719 adeo
1961 687 2002 718 ut
2033 695 2099 720 nec
2133 687 2365 723 excusatione

1271 736 1361 770 opus
1385 726 1460 761 fiat.
1505 738 1576 772 qua
1601 728 1898 763 001101111111011012
1930 733 2094 772 cavetur,
2127 735 2168 765 ut
2198 742 2265 767 nec
2295 743 2362 778 pu—

1270 772 1376 817 pillus
1397 772 1443 807 ad
1462 772 1653 818 legitimam
1672 773 1821 808 tutelam
1840 777 1986 809 vocetur
2006 784 2072 810 nec
2092 775 2255 812 adultus:
2282 788 2363 814 cum

1271 820 1349 852 erat
1370 817 1511 853 incivile
1536 828 1608 861 eos,
1633 819 1694 864 qui
1717 818 1833 854 alieno
1860 819 1991 854 auxilio
2015 819 2054 854 in
2076 821 2185 856 rebus
2206 823 2280 858 suis
2299 824 2362 859 ad-

1269 862 1515 898 ministrandis
1548 874 1649 909 egere
1680 868 1881 900 noscuntur
1912 868 1948 900 et
1979 865 2046 900 sub
2078 866 2156 901 aliis
2180 872 2362 913 reguntur,

1273 910 1315 942 14
1361 908 1513 944 aliorum
1544 910 1694 946 tutelam
1724 910 1780 945 vel
1805 920 1928 946 curam
1952 910 2082 946 subire.
2130 911 2228 948 Idem
2261 918 2296 949 et
2326 916 2364 951 111

1270 953 1380 989 11111110
1404 953 1665 990 observandum
1689 958 1754 998 est,
1779 959 1821 991 ut
1844 965 1910 991 nec
1928 955 2049 991 volens
2069 956 2116 991 ad
2135 958 2268 994 tutelae
2285 971 2362 996 mu·

1273 1002 1313 1033 15
1361 1009 1429 1034 nus
1443 1000 1471 1021 ¹³
1494 1000 1715 1036 admittatur.
1762 1001 1852 1036 Item
1876 1001 2014 1036 Romae
2036 1004 2260 1046 grammatici
2281 1006 2363 1041 rhe-

1269 1047 1365 1079 tores
1390 1048 1426 1080 et
1448 1045 1577 1081 medici
1601 1049 1637 1081 et
1659 1045 1721 1091 qui
1742 1046 1780 1081 in
1804 1046 1923 1091 patria
1946 1057 2013 1082 sua
2036 1047 2072 1082 id
2086 1048 2113 1068 ¹⁴
2138 1054 2305 1085 exercent
2328 1055 2364 1087 et

1269 1089 1364 1124 intra
1387 1101 1574 1127 numerum
1597 1095 1701 1135 sunt,
1726 1101 1748 1127 a
1771 1092 1885 1127 tutela
1908 1092 1964 1128 vel
1988 1103 2075 1128 cura
2099 1093 2234 1130 habent
2256 1106 2362 1131 vaca-

1270 1134 1414 1171 tionem.

1273 1183 1313 1216 16
1410 1181 1438 1203 ¹⁵
1447 1180 1515 1225 Qui
1539 1184 1658 1217 autem
1677 1192 1716 1218 se
1735 1182 1811 1218 vult
1831 1191 2015 1224 excusare,
2039 1183 2071 1219 si
2089 1184 2211 1229 plures
2232 1185 2364 1222 habeat

1270 1226 1519 1262 excusationes
1545 1230 1581 1262 et
1605 1227 1649 1262 de
1681 1228 1894 1273 quibusdam
1924 1239 1998 1264 non
2027 1230 2251 1274 probaverit,
2284 1232 2363 1268 aliis

1269 1271 1321 1306 uti
1344 1271 1439 1307 intra
1462 1275 1625 1318 tempora
1649 1283 1722 1308 non
1745 1273 1966 1319 prohibetur.
2006 1274 2066 1319 qui
2080 1276 2107 1296 ¹⁶
2133 1286 2306 1312 excusare
2322 1288 2362 1314 se

1268 1317 1412 1360 volunt,
1443 1328 1517 1353 non
1541 1318 1743 1364 appellant:
1776 1318 1841 1354 sed
1871 1319 1966 1354 intra
1998 1320 2072 1355 dies
2105 1322 2364 1367 quinquaginta

1269 1363 1477 1406 continuos,
1511 1373 1555 1399 ex
1579 1374 1649 1409 quo
1675 1368 1934 1409 cognoverunt,
1967 1375 2139 1403 excusare
2170 1377 2210 1403 se
2234 1367 2365 1405 debent

1269 1409 1538 1454 (cuiuscumque
1556 1409 1695 1454 generis
1715 1413 1810 1453 sunt,
1834 1410 1871 1445 id
1891 1414 1945 1446 est
1964 1411 2268 1458 qualitercumque
2289 1414 2364 1450 dati

1267 1453 1402 1489 fuerint
1424 1457 1588 1498 tutores),
1615 1455 1644 1490 si
1667 1455 1762 1490 intra
1787 1456 2018 1491 centesimum
2041 1457 2195 1502 lapidem
2212 1462 2297 1494 sunt
2316 1461 2362 1495 ab

1268 1510 1310 1535 eo
1334 1500 1427 1542 loco,
1451 1500 1514 1535 ubi
1538 1504 1675 1536 tutores
1700 1500 1776 1535 dati
1799 1505 1901 1536 sunt:
1928 1502 1959 1537 si
1982 1512 2065 1537 vero
2090 1504 2186 1539 ultra
2211 1505 2361 1541 centesi-

1267 1556 1364 1580 mum
1394 1545 1579 1588 habitant,
1616 1546 1899 1582 dinumeratione
1930 1547 2030 1583 facta
2062 1548 2183 1594 viginti
2214 1550 2362 1587 millium

1267 1591 1474 1626 diurnorum
1507 1595 1543 1626 et
1574 1592 1726 1636 amplius
1756 1592 1903 1637 triginta
1927 1593 2072 1629 dierum.
2110 1595 2207 1640 quod
2230 1599 2361 1639 tamen,

1266 1640 1307 1671 ut
1321 1637 1346 1658 ¹⁷
1371 1635 1544 1672 Scaevola
1569 1636 1723 1680 dicebat,
1748 1637 1800 1672 sic
1821 1637 1926 1673 debet
1946 1640 2156 1684 computari,
2182 1651 2227 1676 ne
2244 1642 2361 1678 minus

1270 1685 1308 1716 17
1358 1681 1430 1718 sint
1454 1693 1560 1734 quam
1585 1683 1842 1728 quinquaginta
1865 1683 1950 1719 dies.
1999 1684 2116 1721 Datus
2131 1689 2250 1721 autem
2263 1690 2362 1723 tutor

1270 1730 1309 1762 18
1357 1727 1405 1762 ad
1417 1738 1622 1763 umversum
1635 1728 1888 1773 patrimonium
1901 1729 2004 1765 datus
2018 1740 2096 1766 esse
2110 1731 2278 1767 creditur.
2294 1733 2362 1778 Qui

1265 1773 1415 1808 tutelam
1440 1773 1592 1809 alicuius
1615 1774 1743 1826 gessit,
1775 1774 1907 1810 invitus
1933 1779 2077 1811 curator
2101 1776 2260 1813 eiusdem
2283 1778 2362 1814 fieri

1266 1829 1339 1854 non
1363 1819 1597 1863 compellitur,
1622 1830 1660 1854 111
1683 1822 1825 1854 tantum
1847 1823 1899 1862 ut,
1924 1820 2008 1856 licet
2031 1825 2145 1866 pater,
2171 1823 2232 1868 qui
2247 1827 2360 1859 testa-

1265 1867 1383 1900 mento
1408 1867 1564 1900 tutorem
1589 1864 1745 1908 dederit,
1770 1865 1900 1900 adiecit
1922 1876 1961 1901 se
1986 1866 2137 1903 eundem
2161 1872 2361 1905 curatorem

1266 1910 1371 1952 dare,
1403 1913 1524 1945 tamen
1555 1910 1704 1945 invitum
1735 1921 1817 1946 eum
1849 1921 1973 1946 curam
1996 1913 2179 1958 suscipere
2202 1925 2275 1950 non
2299 1925 2359 1950 co-

1264 1955 1417 1999 gendum
1461 1955 1532 1990 divi
1574 1955 1726 1991 Severus
1770 1959 1806 1991 et
1839 1956 2043 1993 Antoninus
2085 1959 2358 2005 rescripserunt.

1269 2004 1308 2035 19
1355 2000 1454 2036 Idem
1476 2001 1778 2045 rescripserunt¹⁸
1800 2002 1968 2037 maritum
1998 2003 2103 2039 uxori
2134 2014 2221 2040 suae
2254 2015 2358 2041 cura-

1264 2050 1377 2081 torem
1402 2045 1526 2081 datum
1551 2056 1724 2082 excusare
1748 2057 1787 2082 se
1810 2057 1935 2092 posse,
1967 2048 2053 2083 licet
2083 2059 2123 2085 se
2145 2049 2355 2086 immisceat.

1264 2094 1307 2126 20
1356 2090 1394 2126 Si
1417 2091 1496 2137 quis
1521 2095 1642 2127 autem
1665 2091 1766 2127 falsis
1791 2093 2065 2138 allegationibus
2090 2096 2358 2132 excusationem

1262 2137 1397 2173 tutelae
1420 2137 1558 2179 meruit,
1584 2148 1657 2173 11011
1681 2141 1737 2174 est
1758 2138 1932 2175 liberatus
1956 2150 2064 2176 onere
2086 2141 2245 2178 tutelae:

1726 2232 1854 2271 XXVI
1865 2231 1892 2253 ¹⁹

1285 2297 1347 2330 DE
1374 2297 1614 2330 SUSPECTIS
1640 2298 1895 2332 TUTORIBUS
1920 2299 1981 2332 ΕΤ
2006 2299 2332 2336 CURATORIBUS.

1309 2363 1541 2399 2⁰Sciendum
1572 2367 1628 2400 est
1658 2365 1816 2410 suspecti
1848 2365 1981 2401 crimen
2013 2376 2033 2401 e
2062 2366 2140 2412 lege
2171 2367 2358 2405 duodecim

1266 2412 1280 2444 1
1330 2410 1537 2444 tabularum
1562 2409 1790 2446 descendere.
1837 2410 1972 2446 Datum
1997 2415 2052 2447 est
2075 2416 2195 2448 autem
2217 2413 2273 2449 ius
2297 2424 2354 2450 re-

1262 2455 1426 2491 movendi
1450 2458 1638 2500 suspectos
1662 2459 1802 2491 tutores
1826 2455 1964 2492 Romae
1986 2458 2143 2502 praetori
2163 2462 2198 2494 et
2216 2458 2253 2493 in
2272 2470 2356 2504 pro-

1263 2503 1283 2535 2
1330 2500 1454 2536 vinciis
1467 2500 1694 2546 praesidibus
1705 2511 1829 2536 earum
1841 2504 1876 2536 et
1887 2502 2004 2546 legato
2017 2504 2254 2547 proconsulis.
2289 2504 2355 2541 Os-

1261 2546 1451 2588 tendimus,
1478 2546 1538 2591 qui
1562 2549 1714 2591 possunt
1737 2546 1782 2581 de
1805 2550 1973 2591 suspecto
1999 2557 2233 2593 cognoscere:
2258 2561 2356 2586 nunc

1261 2592 1461 2633 videamus,
1499 2591 1559 2636 qui
1594 2591 1753 2635 suspecti
1787 2591 1866 2626 fieri
1899 2597 2062 2637 possunt.
2121 2594 2173 2629 Et
2213 2595 2355 2640 quidem

1261 2647 1384 2673 omnes
1416 2640 1553 2671 tutores
1584 2639 1755 2681 possunt,
1786 2637 1861 2672 sive
1891 2639 2150 2674 testamentarii
2182 2640 2254 2675 sint
2283 2641 2356 2677 sive

1260 2693 1352 2724 non,
1376 2681 1479 2716 sed2¹
1504 2681 1650 2716 alterius
1673 2681 1812 2726 generis
1836 2685 1986 2718 tutores.
2024 2694 2134 2728 quare
2158 2689 2194 2721 et
2216 2686 2248 2721 si
2270 2685 2355 2731 legi-

1260 2728 1367 2763 timus
1388 2727 1435 2762 sit
1453 2729 1563 2769 tutor,
1589 2727 1754 2762 accusari
1772 2727 1914 2772 poterit.
1952 2728 2037 2773 quid
2047 2729 2078 2750 2²
2101 2730 2131 2765 si
2154 2732 2355 2776 patronus?

1261 2773 1379 2808 adhuc
1403 2771 1497 2806 idem
1528 2772 1596 2807 erit
1627 2771 1836 2807 dicendum:
1870 2773 2060 2810 dummodo
2093 2776 2355 2812 meminerimus

1258 2817 1377 2853 famae
1400 2817 1543 2861 patroni
1566 2817 1795 2862 parcendum,
1820 2818 1904 2853 licet
1926 2823 1967 2854 ut
1987 2824 2176 2864 suspectus
2195 2826 2354 2858 remotus

1261 2866 1280 2898 3
1328 2863 1447 2898 fuerit.
1497 2862 1727 2907 Consequens
1751 2866 1817 2905 est,
1841 2867 1883 2898 ut
1904 2864 2105 2908 videamus,
2130 2867 2191 2911 qui
2213 2868 2353 2912 possint

1259 2911 1446 2953 suspectos
1468 2907 1663 2952 postulare.
1701 2911 1737 2944 et
1760 2908 1945 2945 sciendum
1968 2914 2024 2945 est
2047 2913 2150 2956 quasi
2171 2913 2353 2957 publicam

1259 2964 1338 2989 esse
1361 2953 1456 2988 hanc
1487 2953 1684 2996 actionem,
1716 2953 1787 2989 hoc
1822 2958 1876 2990 est
1906 2956 2071 2991 omnibus
2094 2960 2230 3001 patere.
2267 2959 2352 3003 quin

1258 2999 1363 3034 immo
1396 3001 1431 3033 01
1461 2998 1625 3034 111111101οε
1657 2998 1894 3035 admittuntur
1926 3011 1970 3036 ex
1993 3002 2167 3047 rescripto
2194 3003 2352 3040 divorum

1259 3043 1379 3080 Severi
1397 3046 1433 3079 01
1451 3043 1636 3087 Antonini,
1660 3044 1724 3080 sed
1732 3045 1764 3066 2³
1786 3045 1854 3081 hae
1878 3046 1987 3088 solae,
2012 3057 2103 3092 quae
2127 3048 2269 3092 pietatis
2289 3059 2351 3084 ne-

1260 3089 1475 3125 cessitudine
1499 3089 1628 3124 ductae
1652 3090 1700 3125 ad
1722 3090 1792 3126 hoc
1815 3092 2027 3136 procedunt,
2052 3097 2093 3127 ut
2111 3097 2199 3137 puta
2217 3097 2349 3130 mater:

1258 3135 1379 3170 nutrix
1403 3145 1544 3180 quoque
1568 3138 1604 3170 et
1627 3135 1707 3171 avia
1729 3140 1900 3180 possunt,
1932 3140 2053 3182 potest
2075 3143 2111 3173 et
2135 3149 2255 3175 soror:
2287 3140 2351 3176 sed

1259 3185 1294 3216 et
1318 3181 1348 3215 si
1371 3191 1442 3225 qua
1472 3180 1599 3215 mulier
1628 3181 1755 3224 fuerit,
1789 3181 1890 3216 cuius
1921 3186 2067 3227 praetor.
2096 3194 2310 3230 perpensam
2320 3185 2350 3206 ²⁴

1257 3227 1427 3272 pietatem
1450 3226 1664 3261 intellexerit
1681 3237 1754 3262 non
1773 3236 1878 3262 sexus
1899 3228 2149 3264 verecundiam
2169 3230 2349 3273 egredien-

1257 3273 1323 3314 tis,
1356 3271 1419 3306 sed
1449 3271 1582 3316 pietate
1604 3271 1818 3316 productam
1828 3274 1859 3294 2⁵
1881 3284 1955 3308 non
1980 3274 2162 3309 continere
2184 3275 2349 3310 iniuriam

1259 3321 1280 3352 4
1327 3317 1562 3362 pupillorum,
1593 3316 1752 3352 admittit
1782 3327 1860 3353 eam
1884 3319 1931 3354 ad
1954 3319 2230 3355 accusationem.
2279 3320 2348 3354 Im-

1256 3434 1362 3463 artem
1373 3432 1409 3464 Β
1422 3432 1474 3466 Wa

1257 3484 1280 3515 1,
1295 3483 1337 3516 21,
1351 3480 1377 3512 1)
1459 3479 1519 3519 (16)
1545 3479 1603 3520 qui
1625 3482 1728 3519 PE‘,
1742 3479 1801 3522 qui
1815 3479 1904 3511 enim
1918 3480 1954 3512 Β
1966 3480 2022 3514 W⁰

1257 3524 1316 3562 (18)
1341 3522 1429 3554 idem
1442 3534 1542 3557 rescr.
1558 3536 1615 3556 om.
1632 3524 1668 3556 B

1303 3569 1362 3608 (19)
1392 3569 1441 3611 Cf.
1455 3569 1537 3612 Diy.
1552 3570 1653 3609 26,10
1682 3570 1758 3602 Cod.
1774 3571 1806 3610 5,
1820 3577 1855 3604 43
1971 3570 2034 3610 (20)
2056 3581 2139 3611 pr...
2154 3573 2198 3608 §3
2213 3581 2252 3601 ex
2262 3569 2343 3612 Diq.

1257 3613 1310 3651 26,
1324 3619 1368 3653 10,
1383 3620 1407 3653 1,
1421 3620 1479 3648 2..7
1495 3614 1587 3657 (Ulp.
1604 3615 1622 3646 l.
1636 3621 1671 3647 35
1685 3615 1731 3647 ad
1742 3616 1805 3654 ed.)
1912 3615 1968 3654 (21)
1994 3624 2062 3645 non
2076 3613 2145 3654 sed]
2159 3614 2195 3646 B
2208 3614 2255 3653 W,
2269 3624 2300 3645 n.
2315 3625 2340 3648 s.

1256 3657 1326 3689 sint
1337 3658 1389 3691 Di
1412 3683 1430 3698 .,
1445 3671 1503 3692 om.
1516 3660 1552 3692 E
1641 3660 1704 3700 (22)
1730 3660 1824 3701 quid]
1839 3657 1938 3691 13be
1949 3659 1994 3691 W
1999 3659 2090 3701 Diq„
2105 3658 2194 3700 quod
2207 3659 2347 3693 B⁰P⁶E

1258 3705 1318 3743 (23)
1344 3713 1378 3734 se
1424 3704 1590 3748 WDi9ffl,
1603 3705 1660 3737 sed
1674 3708 1707 3736 et
1720 3705 1793 3737 BT
1942 3708 2002 3744 (2⁴1
2028 3705 2076 3736 sic
2090 3704 2168 3737 libri
2179 3716 2246 3737 cum
2259 3705 2341 3749 Diy.

1258 3750 1321 3790 (25)
1344 3749 1394 3782 sic
1405 3749 1438 3781 P
1447 3749 1501 3783 Wss
1520 3750 1614 3793 Diy„
1625 3750 1790 3791 producta
1803 3745 1942 3782 BTW1³

2020 3805 2041 3837 2

1576 3434 1634 3475 (15)
1662 3438 1722 3473 §16
1737 3434 1780 3467 in.
1796 3446 1835 3467 ex
1847 3434 2022 3468 Marciani
2032 3435 2052 3467 l.
2067 3442 2082 3468 2
2096 3436 2167 3468 inst.
2184 3436 2275 3478 (Diq.
2292 3435 2346 3473 27,

2108 3481 2165 3520 (17)
2191 3482 2229 3511 ut
2241 3492 2299 3512 om.
2311 3480 2347 3512 B
