2528 3918
217 121 311 166 Χ4

218 250 291 281 tum
315 244 447 279 habeat
470 243 539 284 sic,
563 245 604 276 ut
627 244 728 276 actor
749 250 824 276 rem
846 240 1046 286 possideat,
1070 241 1102 276 is
1126 249 1206 275 cum
1230 248 1299 284 quo

220 295 237 326 2
284 294 408 335 agetur
430 292 553 323 utatur
574 286 725 322 fruatur.
780 285 877 322 Idem
899 286 1058 322 Iulianus
1082 285 1205 321 scribit
1229 294 1299 319 em-

220 339 365 381 ptorem,
390 333 450 379 qui
473 336 557 368 ruta
580 341 687 367 caesa
710 341 781 367 non
803 331 969 372 restituit.
994 331 1040 366 ad
1065 328 1300 366 exhibendum

220 380 331 416 teneri
352 379 389 414 in
414 381 586 424 quantum
608 376 647 412 in
668 376 765 412 litem
787 377 967 412 iuravero:
1002 376 1065 411 sed
1096 375 1146 410 ibi
1177 374 1300 426 adicit,

218 425 247 461 si
271 428 408 470 emptor
455 421 611 458 ossideat
634 425 698 457 aut
721 420 803 458 dolo
826 421 912 456 fecit
935 432 1005 466 quo
1037 421 1154 455 minus
1186 429 1299 465 possi-

218 475 237 505 3
284 469 376 504 deat.
443 472 514 503 tem
532 466 656 502 Celsus
679 466 806 503 scribit
829 471 977 508 stercus,
1002 465 1097 511 quod
1119 465 1157 500 in
1180 474 1300 499 aream

218 525 330 550 meam
350 512 568 558 congessisti,
592 521 658 558 per
677 511 723 547 ad
743 511 978 547 exhibendum
999 511 1174 546 actionem
1193 519 1301 554 posse

217 566 252 595 te
276 558 445 604 consequi
468 561 509 593 ut
530 556 648 600 tollas,
673 557 724 592 sic
748 561 866 592 tamen
891 560 930 591 ut
953 560 1068 590 totum
1091 555 1216 591 tollas:
1243 564 1300 589 ce-

218 609 236 640 4
283 607 399 640 terum
423 603 512 639 alias
535 612 607 638 non
630 611 746 647 posse.
795 601 865 636 Sed
891 606 926 636 et
949 601 979 635 si
1002 600 1089 636 ratis
1114 599 1233 635 delata
1255 599 1302 651 sit

589 658 647 683 um
680 647 843 688 alterius,
875 655 981 691 posse
1012 655 1091 680 eum
1124 655 1302 680 conveniri

583 692 715 728 eratius
739 692 873 727 scribit.
909 690 1004 726 unde
1028 690 1166 736 quaerit
1189 689 1301 725 Nera-

218 650 250 685 vi
272 648 425 685 fluminis
455 648 493 683 in

217 694 263 730 ad
287 692 523 730 exhibendum

217 740 305 782 tius,
339 743 459 774 utrum
494 737 539 774 de
569 737 690 773 futuro
727 737 912 772 dumtaxat
949 735 1078 771 damno
1111 745 1157 771 an
1189 739 1225 770 et
1259 734 1304 770 de

217 785 408 831 praeterito
433 783 574 819 domino
599 782 675 827 agri
700 781 896 817 cavendum
920 780 977 824 sit,
1002 786 1038 816 et
1061 781 1112 816 ait
1132 780 1238 816 etiam
1258 779 1303 815 de

217 834 236 865 5
283 829 476 876 praeterito
513 828 628 864 caveri
663 831 838 872 oportere.
888 825 958 861 Sed
989 830 1024 861 et
1056 826 1086 861 si
1121 825 1166 861 de
1198 825 1304 860 ruina

217 874 350 921 aliquid
378 874 416 910 in
446 879 545 908 tuam
576 883 694 908 aream
724 871 779 907 vel
809 871 845 906 in
876 875 958 906 tuas
991 871 1098 906 aedes
1122 870 1302 913 deciderit,

217 925 237 955 6
283 919 461 955 teneberis
474 918 520 954 ad
533 917 778 958 exhibendum,
798 916 881 951 licet
893 926 965 951 non
986 915 1179 962 possideas.
1216 915 1304 950 Item

216 965 247 1001 si
270 965 348 1011 quis
371 963 579 1000 facultatem
602 961 810 997 restituendi
834 971 906 996 non
929 962 1081 1004 habeat,
1114 961 1198 996 licet
1219 971 1303 1006 pos-

217 1009 342 1052 sideat,
366 1014 486 1044 tamen
510 1008 557 1043 ad
581 1006 818 1042 exhibendum
843 1017 914 1041 non
938 1006 1128 1048 tenebitur,
1153 1010 1194 1041 ιιι
1216 1010 1304 1058 puta

217 1055 248 1091 si
269 1055 307 1091 in
329 1054 415 1100 fuga
439 1064 560 1089 servus
585 1053 648 1088 sit:
682 1051 728 1086 ad
752 1051 822 1087 hoc
846 1051 952 1096 plane
975 1052 1090 1087 solum
1113 1051 1302 1094 teneb1tur,

215 1104 256 1136 ut
279 1104 404 1136 caveat
426 1109 464 1134 se
489 1098 746 1138 exhibiturum,
771 1097 802 1131 si
825 1097 862 1132 in
885 1100 1099 1142 potestatem
1123 1096 1198 1132 eius
1222 1106 1302 1141 per-

216 1145 360 1181 venerit.
399 1144 461 1180 sed
486 1148 521 1178 et
544 1143 574 1178 si
599 1153 670 1177 non
695 1142 741 1177 sit
762 1141 799 1176 in
822 1141 926 1186 fuga,
958 1142 1160 1187 permiseris
1185 1146 1303 1177 autem

1184 1197 1303 1231 eregre

1180 1242 1222 1267 oc
1243 1241 1301 1267 so-

216 1191 247 1227 ei
266 1191 329 1226 ubi
348 1189 431 1226 velit
450 1188 591 1230 morari,
615 1187 708 1222 idem
734 1187 800 1221 erit
823 1186 1011 1222 dicendum
1025 1189 1047 1229 ¹,
1072 1191 1135 1222 aut

216 1247 238 1272 a
261 1240 297 1271 te
319 1235 447 1270 missus
472 1234 528 1276 sit,
551 1233 607 1268 vel
629 1233 666 1267 in
689 1231 844 1277 praediis
868 1232 939 1267 tuis
964 1236 1059 1277 agat,
1084 1232 1132 1267 ad

217 1282 288 1316 lum
311 1279 500 1321 teneberis,
525 1282 566 1313 ut
589 1287 727 1312 caveas.

261 1323 286 1363 6
312 1325 365 1361 PA
375 1335 418 1360 σι
425 1334 469 1359 vs
485 1324 576 1359 libro
589 1326 720 1368 quarto
733 1322 868 1357 decimo
882 1321 931 1356 ad
940 1321 1114 1357 Sabinum
1152 1321 1300 1356 Gemma

216 1371 352 1406 inclusa
384 1380 471 1405 auro
496 1368 611 1403 alieno
636 1367 691 1402 vel
715 1367 744 1402 si
770 1367 865 1402 'lum
890 1367 1105 1402 candelabro
1130 1366 1300 1402 vindicari

217 1427 286 1451 non
310 1419 445 1460 potest,
478 1413 540 1448 sed
563 1417 604 1448 ut
638 1412 740 1447 exclu
767 1416 867 1454 atur,
901 1411 948 1447 ad
979 1412 1215 1447 exhibendum
1246 1412 1303 1456 agi

216 1466 350 1506 potest:
384 1460 485 1495 aliter
509 1463 615 1503 atque
638 1458 674 1493 in
698 1458 794 1503 tigno
819 1457 940 1493 iuncto
966 1457 1131 1500 aedibus,
1163 1457 1206 1492 de
1231 1467 1300 1502 quo

217 1516 281 1541 nec
305 1505 350 1540 ad
383 1503 618 1539 exhibendum
651 1502 708 1548 agi
739 1506 875 1547 potest,
911 1503 997 1548 quia
1028 1502 1086 1538 lex
1117 1502 1301 1538 duodecim

215 1551 416 1586 tabularum
441 1549 528 1584 solvi
551 1553 706 1583 vetaret:
740 1546 802 1582 sed
826 1547 967 1583 actione
992 1547 1035 1584 de
1058 1548 1154 1593 tigno
1179 1548 1300 1583 iuncto

215 1607 257 1631 ex
282 1595 403 1631 eadem
426 1595 503 1639 lege
525 1594 562 1628 in
586 1593 732 1638 duplum
756 1592 882 1637 agitur.

260 1638 282 1676 7
316 1640 510 1676 ULPIANUS
539 1639 632 1674 libro
667 1639 857 1674 vicensimo
893 1641 1025 1683 quarto
1062 1638 1113 1673 ad
1146 1637 1300 1674 edictum

214 1686 318 1731 Tigni
353 1696 375 1720 a
400 1684 591 1730 pellatione
623 1693 763 1719 omnem
796 1683 980 1718 materiam
1011 1683 1048 1718 in
1078 1683 1179 1728 lege²
1212 1683 1299 1718 duo-

214 1731 326 1766 decim
346 1696 548 1765 tazularum
567 1729 772 1774 accipimus,
797 1731 838 1763 ut
881 1727 1068 1763 uibusdam
1088 1733 1185 1764 recte
1204 1727 1299 1763 vide-

217 1780 230 1811 1
281 1780 349 1810 tur.
399 1774 470 1810 Sed
494 1775 524 1809 si
546 1778 662 1809 rotam
685 1783 799 1808 meam
823 1739 984 1808 vehiculo
1019 1773 1216 1818 aptaveris,
1248 1778 1299 1808 te-

215 1821 352 1856 neberis
385 1819 430 1855 ad
462 1818 699 1855 exhibendum
739 1820 788 1860 (et
819 1818 870 1853 ita
901 1818 1119 1863 Pomponius
1151 1818 1300 1861 scribit),

215 1869 233 1901 2
282 1865 440 1911 quamvis
464 1869 550 1900 tunc
574 1863 722 1900 civiliter
747 1874 820 1898 non
850 1863 1045 1908 possideas.
1093 1863 1191 1899 Idem
1212 1868 1248 1899 et
1270 1864 1300 1899 si

214 1911 365 1946 armario
397 1910 451 1945 vel
475 1910 556 1945 navi
586 1909 745 1944 tabulam
776 1918 889 1943 meam
919 1909 974 1943 vel
1006 1919 1131 1944 ansam
1166 1909 1300 1955 scypho

214 1956 369 1992 iunxeris
393 1955 446 1990 vel
471 1955 682 1990 emblemata
705 1954 865 1999 phialae,
898 1954 952 1989 vel
975 1965 1170 1999 purpuram
1194 1954 1299 1990 vesti-

214 2006 332 2037 mento
345 2001 511 2036 intexeris
521 2001 547 2043 ³,
568 2004 631 2035 aut
650 1999 857 2034 bracchium
877 2002 1018 2034 statuae
1032 1999 1299 2035 coadunaveris.

214 2050 234 2082 3
281 2047 368 2082 Item
393 2046 586 2091 municipes
611 2044 658 2080 ad
681 2044 917 2079 exhibendum
938 2045 1118 2080 conveniri
1137 2050 1300 2097 possunt,

214 2092 297 2138 quia
330 2090 485 2126 facultas
520 2097 575 2126 est
605 2089 832 2125 restituendi:
866 2099 949 2124 nam
983 2093 1018 2125 et
1050 2090 1235 2135 possidere
1266 2094 1302 2124 et

214 2146 412 2181 usucapere
453 2146 513 2171 eos
544 2145 651 2181 posse
681 2138 832 2170 constat.
880 2134 971 2170 idem
1005 2140 1041 2170 et
1073 2135 1110 2169 in
1147 2135 1300 2179 collegiis

214 2185 234 2216 4
282 2181 407 2217 ceteris
434 2191 478 2216 ue
502 2180 710 2226 corporibus
735 2178 923 2215 dicendum
947 2180 1024 2215 erit.
1073 2179 1111 2215 Si
1130 2180 1207 2225 quis
1228 2190 1300 2215 non

214 2226 395 2272 possideat
433 2226 488 2261 ’tis
513 2229 735 2261 contestatae
757 2229 935 2270 tempore,
973 2225 1035 2260 sed
1063 2230 1194 2276 postea
1218 2229 1301 2260 ante

213 2271 424 2308 sententiam
449 2270 631 2316 possidere
655 2270 821 2315 coeperit,
848 2274 1013 2322 oportere
1037 2270 1107 2305 dici
1130 2275 1298 2322 putamus

214 2320 232 2352 5
281 2316 410 2352 debere
434 2315 681 2358 condemnari,
713 2315 780 2350 nisi
804 2319 977 2350 resutuat.
1026 2315 1063 2350 Si
1088 2325 1186 2360 quls,
1219 2326 1300 2350 cum

214 2361 330 2397 iudicii
355 2372 441 2397 acce
467 2362 494 2396 ti
517 2365 676 2406 tempore
699 2360 916 2405 possideret,
948 2364 1075 2406 postea
1107 2360 1184 2396 sine
1218 2360 1298 2396 dolo

214 2407 305 2442 malo
330 2407 427 2452 possi
454 2417 512 2442 ere
537 2406 689 2448 desierit,
714 2405 850 2441 absolvi
874 2415 954 2440 eum
978 2410 1138 2450 oportet:
1175 2416 1298 2452 quam-

213 2453 263 2487 vis
288 2452 353 2494 sit,
384 2452 499 2497 inquit
530 2451 768 2497 Pomponius,
801 2450 897 2496 quod
928 2451 960 2486 ei
991 2450 1202 2496 imputetur,
1236 2461 1301 2486 cur

215 2508 283 2532 non
309 2497 427 2532 statim
451 2496 617 2538 restituit,
641 2495 704 2532 sed
726 2505 855 2540 passus
881 2499 936 2531 est
958 2506 1079 2531 secum
1097 2497 1194 2531 litem
1214 2506 1298 2531 con-

214 2546 234 2577 6
280 2543 415 2577 testari.
473 2541 569 2577 Idem
603 2541 746 2583 scribit,
790 2541 820 2576 si
857 2541 936 2593 quis
971 2541 1042 2577 litis
1078 2546 1300 2577 contestatae

214 2593 371 2631 tempore
403 2587 618 2638 possederit,
653 2585 778 2621 deinde
810 2585 953 2621 desierit
983 2586 1185 2631 possidere,
1217 2597 1299 2622 mox

215 2632 370 2676 coeperit
394 2642 465 2667 slve
488 2642 531 2666 ex
555 2631 678 2667 eadem
702 2641 813 2666 causa
836 2631 909 2666 sive
932 2641 976 2666 ex
1008 2632 1098 2673 alia,
1132 2632 1298 2667 condem-

215 2680 232 2710 '1
282 2677 358 2711 nari
395 2688 474 2712 eum
508 2681 690 2722 oportere,
731 2676 798 2711 nisi
832 2676 1007 2712 restituat.
1056 2677 1191 2712 Ibidem
1226 2688 1299 2712 non

215 2721 305 2756 male
327 2721 544 2766 Pomponius
567 2722 681 2767 iungit
703 2722 790 2763 eius,
816 2721 876 2766 qui
897 2721 942 2756 ad
961 2721 1197 2757 exhibendum
1217 2723 1297 2767 egit,

215 2771 363 2811 utroque
386 2771 543 2811 tempore
566 2766 768 2802 interfuisse
792 2771 957 2812 oportere
988 2777 1062 2802 rem
1087 2767 1118 2802 ei
1148 2767 1298 2809 restitui,

216 2811 282 2846 hoc
303 2817 357 2846 est
379 2816 413 2846 et
434 2822 503 2856 quo
524 2812 567 2846 lis
589 2816 810 2847 contestatur
831 2816 866 2847 et
886 2822 955 2857 quo
977 2812 1018 2846 fit
1030 2812 1296 2848 condemnatio:

215 2860 250 2890 et
273 2856 323 2891 ita
346 2856 504 2891 Labeoni
554 2857 656 2892 lacet.

262 2898 285 2937 8
310 2900 502 2936 IULIANUS
536 2901 613 2937 ibro
639 2913 732 2937 nono
758 2902 977 2948 diqestomm
1021 2902 1057 2936 Si
1071 2902 1117 2937 ad
1130 2902 1296 2938 exhiben-

215 2945 298 2980 dum
322 2950 441 2980 actum
465 2950 519 2980 est
542 2957 621 2981 cum
646 2957 706 2989 eo,
732 2947 792 2999 qui
814 2957 929 2992 neque
978 2947 1160 2982 ossidebat
1183 2958 1297 2993 neque

215 2989 296 3026 dolo
320 2990 411 3025 malo
434 2990 569 3026 fecerat
599 3003 667 3036 quo
700 3002 814 3027 minus
846 2992 944 3037 possi
971 2996 1064 3035 eret,
1097 2992 1224 3028 deinde
1255 3003 1296 3028 eo

215 3034 382 3071 defuncto
406 3035 508 3071 heres
533 3036 606 3071 eius
631 3036 788 3081 possidet
809 3047 902 3079 rem,
936 3037 1102 3072 exhibere
1133 3047 1210 3073 eam
1235 3048 1295 3073 co-

213 3079 347 3126 gendus
380 3080 455 3115 erit.
494 3082 597 3115 nam⁴
630 3082 659 3116 si
690 3081 838 3117 fundum
869 3082 924 3117 vel
954 3082 1131 3117 hominem
1162 3082 1295 3128 petiero

215 3130 251 3160 et
273 3125 375 3160 heres
406 3135 450 3176 ex
482 3125 602 3160 eadem
635 3137 743 3162 causa
774 3127 955 3171 possidere
987 3127 1162 3173 coeperit,
1194 3128 1295 3163 resti-

215 3176 315 3205 tuere
339 3173 485 3214 cogitur.

260 3212 285 3252 9
316 3213 510 3251 Urmms
541 3214 630 3250 libro
667 3218 855 3252 vicensimo
891 3221 1021 3263 quarto
1058 3217 1107 3252 ad
1142 3216 1295 3253 edictum

216 3259 372 3295 Iulianus
403 3259 542 3294 scribit:
577 3260 606 3294 si
638 3261 715 3305 quis
748 3262 923 3297 hominem
957 3273 1059 3308 quem
1089 3262 1295 3314 possidebat

214 3303 384 3340 occiderit
406 3304 479 3339 sive
502 3303 679 3355 adualium
703 3307 924 3342 transtulerit
943 3317 1203 3352 possessionem
1224 3307 1297 3343 sive

214 3350 265 3385 ita
286 3359 360 3385 rem
385 3354 581 3394 corruperit
604 3360 648 3385 ne
671 3350 792 3385 haberi
817 3353 947 3396 possit,
981 3352 1027 3387 ad
1060 3352 1295 3388 exhibendum

214 3394 401 3437 tenebitur,
427 3394 510 3440 quia
533 3393 613 3430 dolo
638 3393 723 3429 fecit
747 3407 815 3440 quo
839 3397 953 3432 minus
978 3397 1186 3442 possideret.
1237 3408 1294 3433 ro·

214 3439 296 3475 inde
319 3443 356 3475 et
377 3438 407 3475 si
430 3439 548 3474 vinum
571 3438 626 3475 vel
657 3439 770 3474 oleum
802 3442 855 3476 vel
890 3442 974 3487 quid
1006 3442 1102 3478 aliud
1134 3408 1297 3478 effud'erit

218 3487 231 3519 1
279 3484 335 3520 vel
359 3482 569 3530 confregerit
579 3485 603 3526 ⁸,
628 3483 674 3519 ad
699 3485 932 3521 exhibendum
956 3487 1144 3523 tenebitur.
1183 3486 1294 3522 Glans

214 3599 253 3639 (1)
278 3597 366 3630 idem
378 3597 443 3630 erit
455 3596 632 3631 dicendum
645 3597 706 3630 del.
720 3597 801 3631 Hal.
873 3601 915 3639 (2)
940 3599 1046 3642 legem
1060 3601 1092 3633 F
1168 3604 1211 3642 (3)
1236 3600 1288 3633 in-

214 3642 360 3675 texueris
373 3643 446 3675 dett.
511 3640 560 3684 ’(4)
585 3647 618 3675 et
630 3643 689 3676 ine.
760 3644 804 3683 (ὁ)
829 3645 1015 3686 corruperit
1027 3658 1088 3678 scr.
1168 3646 1212 3687 (o)
1237 3645 1289 3677 in—

213 3686 350 3719 ciditF'
444 3689 487 3728 (τ)
511 3697 573 3719 usu
588 3687 620 3719 F'
717 3687 762 3729 (8)
786 3687 961 3731 effecitque
972 3701 1033 3722 scr.
1145 3691 1191 3732 (9)
1215 3700 1290 3723 eva-

217 3741 347 3763 nescere
358 3732 393 3764 F
501 3734 560 3773 (ιο)
585 3731 750 3766 actionem
763 3732 824 3771 (εἰσ
834 3733 922 3775 dete.)
937 3744 1035 3776 qnam
1047 3734 1239 3775 destinavit,
1252 3734 1289 3767 in

1291 112 1369 161 148

2063 131 2126 162 AD
2154 131 2448 165 mmmmm!

1368 248 1413 274 ex
1436 238 1564 275 arbore
1585 241 1650 274 tua
1679 239 1718 275 in
1747 239 1897 276 fundum
1926 250 2043 276 meum
2074 240 2247 285 decidit⁸,
2278 251 2357 278 eam

1367 284 1522 320 immisso
1545 293 1676 330 pecore
1697 284 1872 331 depasce:
1897 295 1969 331 qua
1992 285 2132 321 actione
2151 296 2296 331 possum
2314 289 2473 325 tenent).

1367 328 1584 374 Pomponius
1617 329 1742 365 scribit
1771 334 1971 376 competere
2002 330 2177 366 actionem
2208 331 2254 367 ad
2285 332 2452 369 exhiben-

1369 373 1471 417 dum,
1503 374 1533 409 si
1565 373 1646 410 dolo
1670 385 1781 420 pecus
1803 375 1950 418 immisi,
1984 379 2025 411 ut
2046 375 2210 420 glandem
2234 377 2452 414 comederet:

1368 429 1451 454 nam
1475 422 1511 455 et
1533 419 1563 455 si
1585 419 1688 464 glans
1711 423 1849 456 extaret
1879 430 1945 456 nec
1975 421 2120 466 patieris
2151 431 2207 456 me
2236 421 2377 466 tollere,
2408 422 2454 459 ad

1369 463 1604 499 exhibendum
1639 465 1836 508 teneberis,
1880 465 2173 511 quemadmodum
2207 466 2238 501 si
2272 468 2454 503 materiam

1369 519 1484 544 meam
1518 509 1673 544 delatam
1696 510 1732 545 in
1830 521 1877 545 im
1901 521 2005 546 suum
2029 510 2107 556 quis
2131 510 2272 546 auferre
2295 522 2366 548 non
2390 523 2454 558 pa-

1369 558 1513 589 teretur.
1550 559 1587 590 et
1603 554 1723 600 placet
1734 520 1836 591 nafis
1846 555 2033 600 Pomponii
2052 556 2239 599 sententia,
2261 556 2333 592 sive
2353 557 2454 603 glans

1370 602 1468 634 extet
1490 598 1564 634 sive
1587 604 1799 645 consumpta
1822 600 1878 636 sit.
1914 600 1976 635 sed
2000 601 2030 635 si
2063 605 2178 643 extet,
2210 601 2315 636 etiam
2346 602 2452 638 inter-

1371 644 1465 680 dicto
1490 643 1534 679 de
1556 643 1685 690 glande
1707 645 1873 690 legenda,
1904 649 1946 680 ut
1976 645 2060 680 mihi
2090 646 2195 681 tertio
2227 657 2367 699 quoque
2401 647 2455 682 die

1370 688 1539 734 legendae
1561 689 1699 735 glandis
1722 689 1878 726 facultas
1902 694 2014 733 esset,
2038 690 2091 726 uti
2108 694 2258 742 potero,
2283 702 2313 727 si
2337 691 2454 728 damni

1372 737 1392 769 2
1439 734 1563 770 infecti
1586 744 1723 771 cavero.
1772 734 1810 770 Si
1833 735 1911 781 quis
1941 745 2017 770 rem
2047 735 2135 771 fecit
2165 735 2211 771 ad
2244 736 2351 772 alium
2374 748 2453 783 per-

1372 779 1511 822 venire,
1540 779 1678 815 videtur
1701 779 1782 816 dolo
1806 779 1935 816 fecisse
1958 791 2028 826 quo
2052 780 2168 816 minus
2192 781 2393 833 possideat,
2426 783 2456 818 si

1373 827 1392 860 3
1439 824 1544 860 modo
1567 824 1637 860 hoc
1661 825 1783 862 dolose
1805 825 1941 861 fecerit.
1989 824 2059 861 Sed
2089 825 2119 860 si
2151 836 2228 871 quis
2261 837 2335 862 rem
2359 827 2455 863 dete-

1372 870 1500 905 riorem
1525 869 1742 913 exhibuerit,
1775 881 1887 923 aeque
1911 870 1957 905 ad
1981 870 2217 906 exhibendum
2241 881 2320 907 eum
2344 873 2456 908 teneri

1373 915 1528 950 Sabinus
1553 915 1614 950 ait.
1651 915 1714 951 sed
1736 916 1805 951 hoc
1829 916 1878 950 ibi
1901 915 2024 960 utique
2054 926 2175 951 verum
2207 921 2280 959 est,
2313 917 2343 952 si
2374 917 2455 953 dolo

1374 960 1467 995 malo
1490 960 1528 995 in
1552 960 1649 996 aliud
1673 971 1803 1006 corpus
1826 971 1883 996 res
1907 961 1954 996 sit
1985 961 2180 1004 translata,
2211 961 2319 996 veluti
2350 962 2381 998 si
2413 973 2455 998 ex

1372 1016 1411 1040 sc
1460 1005 1507 1040 ho
1542 1015 1661 1041 massa
1693 1005 1793 1041 facta
1827 1005 1891 1040 sit:
1925 1015 2139 1051 quamquam
2174 1006 2267 1041 enim
2301 1017 2455 1043 massam

1372 1061 1391 1085 e
1442 1050 1549 1093 ibeat,
1572 1050 1868 1086 adexhibendum
1880 1051 2069 1093 tenebitur,
2090 1061 2173 1086 nam
2192 1056 2331 1087 mutata
2341 1052 2457 1088 forma

1372 1098 1391 1130 4
1439 1106 1551 1141 prope
1573 1096 1748 1131 interemit
1771 1096 2009 1131 substantiam
2031 1096 2093 1131 rei.
2141 1096 2334 1132 Marcellus
2368 1098 2454 1134 scri-

1372 1141 1442 1183 bit,
1468 1141 1499 1176 si
1521 1141 1587 1176 tibi
1611 1141 1733 1177 decem
1756 1141 1968 1177 nomismata
1991 1141 2062 1176 sint
2085 1141 2151 1177 sub
2176 1141 2384 1178 condicione
2406 1143 2455 1178 le-

1369 1189 1453 1230 gata
1475 1190 1510 1220 et
1530 1186 1614 1221 mihi
1635 1185 1756 1221 decem
1780 1187 1890 1222 usus⁷
1913 1186 2053 1221 fructus
2079 1197 2179 1232 pure,
2204 1186 2331 1223 deinde
2353 1187 2457 1223 heres

1370 1231 1546 1276 pendente
1570 1231 1779 1267 condicione
1798 1242 1870 1266 non
1889 1236 2015 1267 exacta
2034 1232 2199 1286 cautione
2219 1231 2339 1268 decem
2359 1232 2456 1269 fruc-

1370 1276 1486 1312 tuario
1510 1276 1672 1319 solverit,
1704 1276 1750 1311 ad
1782 1276 2019 1312 exhibendum
2050 1287 2130 1312 eum
2161 1277 2302 1313 actione
2333 1279 2456 1321 teneri,

1369 1321 1471 1366 quasi
1496 1321 1577 1356 dolo
1601 1321 1727 1357 fecerit
1746 1332 1816 1367 quo
1837 1322 1952 1357 minus
1972 1321 2185 1374 possideret:
2212 1322 2314 1358 dolus
2338 1327 2455 1359 autem

1369 1367 1405 1401 in
1430 1377 1471 1402 eo
1497 1370 1561 1408 est,
1587 1366 1682 1412 quod
1707 1367 1907 1402 cautionem
1931 1377 2068 1412 exigere
2092 1367 2292 1412 supersedit
2315 1379 2337 1403 a
2359 1367 2455 1404 fruc-

1368 1412 1484 1447 tuario
1510 1411 1788 1457 effectumque⁸,
1821 1416 1862 1447 ut
1893 1412 2046 1457 legatum
2071 1416 2171 1447 tuum
2195 1418 2422 1449 evanesceret
2431 1414 2456 1456 ⁹,

1370 1467 1450 1492 cum
1480 1457 1551 1492 iam
1581 1467 1743 1492 nummos
1773 1457 1952 1492 vindicare
1983 1468 2054 1492 non
2078 1458 2206 1502 possis.
2242 1458 2294 1493 ita
2317 1458 2455 1494 demum

1369 1506 1487 1537 autem
1510 1502 1627 1537 locum
1652 1502 1798 1538 habebit
1821 1502 1867 1537 ad
1891 1502 2128 1538 exhibendum
2159 1502 2272 1546 actio,
2306 1504 2336 1539 si
2371 1514 2456 1539 con-

1369 1547 1461 1583 dicio
1494 1547 1651 1582 extiterit
1674 1548 1791 1594 legati.
1827 1548 1976 1593 potuisti
2007 1552 2126 1583 tamen
2157 1548 2222 1583 tibi
2253 1549 2457 1601 prospicere

1370 1592 1599 1637 stipulatione
1622 1593 1817 1638 legatorum
1841 1597 1886 1635 et,
1911 1593 1941 1628 si
1964 1593 2189 1638 prospexisti,
2214 1604 2286 1629 non
2307 1598 2373 1629 erit
2392 1595 2456 1630 tibi

1371 1637 1576 1673 necessaria
1608 1637 1654 1673 ad
1687 1638 1923 1674 exhibendum
1957 1639 2062 1674 actio.
2101 1639 2132 1674 si
2162 1642 2282 1674 tamen
2313 1639 2456 1684 ignarus

1370 1683 1383 1718 l
1427 1683 1477 1718 ati
1500 1683 1553 1718 tui
1577 1693 1599 1718 a
1629 1682 1827 1719 fructuario
1859 1683 1947 1719 satis
1978 1694 2051 1719 non
2063 1684 2217 1729 cexegit,
2249 1683 2335 1719 dicit
2357 1685 2455 1720 Mar-

1370 1739 1412 1763 ce
1439 1738 1482 1763 us
1506 1738 1648 1764 cessare
1680 1728 1727 1764 ad
1757 1727 2015 1772 exhibendum,
2052 1729 2189 1764 scilicet
2223 1730 2307 1774 quia
2338 1730 2455 1766 nullus

1370 1773 1472 1809 dolus
1498 1777 1568 1809 est:
1602 1773 1882 1809 succurrendum
1915 1778 2034 1809 tamen
2065 1774 2236 1819 legatario
2259 1775 2298 1809 in
2321 1774 2456 1810 factum

1370 1822 1389 1853 5
1438 1818 1607 1854 adversus
1626 1818 1861 1854 fructuarium
1874 1819 2015 1854 actione
2027 1819 2089 1854 ait.
2138 1818 2316 1863 Quantum
2336 1825 2456 1856 autem

1369 1863 1417 1899 ad
1450 1863 1545 1899 hanc
1580 1863 1756 1900 actionem
1790 1864 1936 1907 attinet,
1973 1864 2139 1900 exhibere
2174 1869 2228 1900 est
2262 1865 2299 1900 in
2335 1865 2455 1901 eadem

1371 1919 1481 1944 causa
1503 1913 1698 1955 praestare,
1722 1909 1761 1944 in
1784 1919 1856 1955 qua
1877 1909 1957 1951 fuit,
1983 1920 2064 1945 cum
2086 1909 2256 1945 iudicium
2277 1911 2455 1956 accipere-

1369 1960 1439 1996 tur,
1463 1958 1505 1990 ut
1528 1954 1605 2000 quis
1630 1954 1771 2000 copiam
1793 1954 1844 1990 rei
1864 1954 2000 1990 habens
2019 1955 2135 2000 possit
2155 1965 2238 1990 exse
2263 1955 2299 1991 ui
2317 1956 2457 1992 actione

1370 2010 1476 2045 quam
1501 1999 1688 2035 destinavit
1709 1999 1747 2035 in
1770 2000 1868 2035 nullo
1893 2010 1979 2035 casu
2003 2011 2110 2045 quam
2132 2001 2230 2035 inten
2258 2001 2283 2035 ’t
2305 2001 2403 2037 laesa
2416 2003 2454 2044 ¹0,

1371 2045 1528 2090 quamvis
1552 2055 1625 2080 non
1649 2044 1693 2080 de
1715 2045 1953 2087 restituendo,
1987 2045 2050 2081 sed
2081 2045 2126 2080 de
2149 2045 2347 2081 exhibendo
2372 2057 2455 2091 aga-

1371 2094 1390 2125 6
1437 2094 1508 2125 tur.
1554 2090 1710 2126 Proinde
1740 2090 1770 2126 si
1799 2095 1884 2142 post
1913 2090 2009 2126 litem
2042 2094 2278 2126 contestatam
2303 2102 2455 2137 usucap-

1369 2140 1446 2170 tum
1470 2134 1656 2178 exhibeat,
1689 2145 1762 2171 non
1784 2135 1924 2170 videtur
1955 2136 2176 2178 exhibuisse,
2210 2147 2291 2171 cum
2323 2137 2456 2182 petitor

1368 2180 1600 2216 intentionem
1623 2190 1726 2216 suam
1742 2180 1946 2226 perdiderit,
1971 2185 2008 2216 et
2026 2181 2106 2217 ideo
2127 2181 2263 2217 absolvi
2283 2191 2363 2217 eum
2383 2193 2455 2217 non

1369 2229 1554 2270 oportere,
1590 2225 1658 2261 nisi
1688 2229 1837 2271 paratus
1870 2225 1917 2261 sit
1951 2226 2103 2271 repetita
2138 2226 2195 2262 die
2223 2226 2454 2262 intentionem

1370 2271 1570 2315 suscipere,
1602 2271 1655 2306 ita
1686 2274 1727 2305 ut
1748 2270 1888 2306 fructus
1913 2271 2107 2306 secundum
2131 2271 2242 2316 legem
2266 2272 2454 2308 aestimen-

1370 2319 1388 2350 7
1436 2319 1506 2350 tur.
1554 2315 1643 2360 Quia
1654 2319 1773 2350 tamen
1786 2326 1895 2351 causa
1907 2316 2052 2361 petitori
2062 2316 2099 2351 in
2111 2316 2181 2351 hac
2194 2317 2334 2352 actione
2351 2317 2453 2353 resti-

1368 2361 1491 2403 tuitur,
1517 2360 1670 2396 Sabinus
1719 2361 1832 2396 utavit
1854 2366 1996 2406 partum
2020 2371 2160 2406 quoque
2183 2362 2451 2404 restituendum,

1369 2406 1442 2442 sive
1474 2416 1648 2451 praegnas
1696 2406 1788 2442 uerit
1820 2406 1945 2441 mulier
1977 2407 2050 2442 sive
2080 2410 2207 2452 postea
2230 2408 2452 2453 conceperit:

1369 2453 1389 2486 8
1436 2461 1542 2496 quam
1565 2451 1775 2487 sententiam
1798 2455 1834 2487 et
1844 2451 2062 2496 Pomponius
2075 2452 2216 2497 probat.
2262 2452 2455 2489 Praeterea

1368 2496 1557 2538 utilitates,
1590 2496 1621 2531 si
1653 2506 1744 2542 quae
1777 2496 1930 2532 amissae
1961 2502 2046 2532 sunt
2076 2497 2122 2532 ob
2153 2497 2222 2532 hoc
2254 2497 2351 2542 quod
2381 2508 2453 2533 non

1369 2541 1556 2577 exhibetur
1577 2542 1631 2576 vel
1655 2541 1793 2577 tardius
1841 2541 1902 2577 uid
1927 2542 2133 2585 exhibetur,
2166 2543 2408 2578 aestimandae
2431 2553 2454 2578 a

1367 2586 1484 2622 iudice
1513 2593 1614 2622 sunt:
1649 2590 1685 2622 et
1714 2587 1794 2623 ideo
1854 2587 1987 2623 eratius
2019 2587 2070 2622 ait
2101 2587 2289 2623 utilitatem
2322 2588 2452 2624 actoris

1367 2632 1486 2667 venire
1516 2632 1554 2667 in
1585 2631 1886 2675 aestimationem,
1919 2643 1991 2667 non
2023 2633 2147 2678 quanti
2177 2642 2235 2668 res
2266 2633 2330 2676 sit,
2362 2643 2453 2679 quae

1367 2677 1520 2719 utilitas,
1543 2677 1677 2722 inquit,
1701 2677 1877 2713 interdum
1901 2677 2046 2713 minoris
2071 2678 2138 2713 erit
2161 2688 2267 2723 quam
2290 2688 2347 2714 res
2372 2678 2449 2714 erit.

1416 2721 1466 2760 10
1491 2721 1650 2758 was
1679 2722 1770 2758 libro
1802 2723 1992 2758 vicensimo
2014 2727 2119 2758 sexto
2144 2723 2194 2758 ad
2215 2723 2368 2758 edictum
2415 2723 2450 2759 Si

1367 2767 1512 2812 optione
1546 2767 1641 2803 intra
1676 2771 1811 2803 certum
1846 2772 1986 2812 tempus
2021 2767 2106 2802 data
2140 2767 2309 2803 iudicium
2344 2768 2380 2803 in
2415 2768 2451 2803 id

1365 2817 1506 2857 tempus
1530 2816 1729 2848 extractum
1754 2817 1819 2854 est,
1843 2823 1912 2858 quo
1936 2812 2071 2848 frustra
2094 2813 2292 2855 exhibetur,
2316 2813 2451 2849 utilitas

1365 2858 1527 2903 petitoris
1563 2863 1792 2894 conservetur
1806 2858 1850 2892 ¹¹:
1885 2857 1980 2902 quod
2014 2858 2045 2893 si
2079 2869 2143 2903 per
2176 2857 2343 2894 heredem
2379 2869 2450 2893 non

1365 2903 1463 2938 stetit
1485 2914 1556 2948 quo
1580 2904 1696 2939 minus
1720 2903 1901 2938 exhiberet
1923 2907 2082 2948 tempore
2101 2903 2222 2938 iudicii
2241 2903 2450 2949 accipiendi,

1365 2948 1603 2984 absolvendus
1627 2952 1682 2984 est
1704 2948 1817 2983 heres.

1414 2992 1460 3029 11
1496 2992 1690 3029 ULPJANUS
1717 2993 1808 3029 libro
1839 2993 2029 3028 vicensimo
2061 2999 2192 3038 quarto
2226 2993 2276 3028 ad
2297 2992 2448 3029 edictum

1365 3037 1435 3073 Sed
1459 3041 1495 3073 et
1518 3038 1548 3073 si
1571 3037 1749 3073 hereditas
1774 3037 1905 3073 amissa
1927 3038 1975 3072 sit
2004 3038 2050 3074 ob
2083 3038 2169 3080 hoc,
2201 3037 2296 3082 quod
2327 3047 2449 3073 servus

1365 3093 1437 3118 non
1478 3083 1705 3126 exhibeatur,
1742 3083 1991 3128 aequissimum
2028 3088 2081 3118 est
2117 3083 2295 3118 aestimari
2329 3082 2448 3118 officio

1368 3131 1381 3162 1
1431 3127 1558 3163 iudicis
1583 3128 1748 3163 damnum
1773 3127 1989 3163 hereditatis.
2038 3127 2115 3172 Quo
2139 3131 2258 3163 autem
2282 3128 2362 3163 loco
2387 3138 2446 3163 ex-

1364 3173 1476 3208 hiberi
1500 3183 1574 3208 rem
1599 3177 1764 3218 oporteat
1786 3172 1840 3207 vel
1873 3174 1972 3208 cuius
2005 3183 2082 3208 sum
2108 3173 2223 3214 tibus,
2254 3172 2446 3208 videamus.

1366 3223 1401 3252 et
1423 3218 1547 3254 Labeo
1571 3218 1622 3253 ait
1653 3218 1701 3253 ibi
1733 3217 1968 3253 exhibendum
1983 3218 2028 3259 ¹²,
2060 3229 2084 3252 ιι
2109 3218 2121 3252 i
2151 3217 2260 3253 fuerit
2291 3228 2371 3253 cum
2403 3217 2447 3253 lis

1365 3268 1643 3306 contestaretur,
1695 3262 1825 3299 ericulo
1850 3268 1886 3297 et
1908 3262 2084 3314 inpendiis
2109 3262 2240 3298 actoris
2263 3262 2442 3308 perferen-

1365 3308 1446 3343 dam
1477 3308 1655 3353 perducen
1683 3318 1783 3344 amve
1815 3318 1856 3343 eo
1881 3307 1950 3342 loci
1974 3308 2035 3342 ubi
2059 3312 2179 3342 actum
2202 3308 2260 3343 sit.
2297 3316 2445 3352 pascere

1363 3353 1469 3398 plane
1489 3363 1627 3389 servum
1648 3353 1776 3389 vestire
1795 3363 1921 3389 curare
1940 3362 2180 3397 possessorem
2201 3356 2365 3398 oportere
2384 3352 2444 3387 ait.

1364 3408 1426 3443 ego
1469 3402 1588 3434 autem
1623 3398 1779 3434 arbitror
1811 3397 1988 3433 interdum
2026 3398 2130 3432 etiam
2165 3397 2254 3433 haec
2289 3401 2444 3432 actorem

1364 3453 1557 3488 agnoscere
1581 3448 1754 3488 oportere,
1779 3443 1809 3479 si
1832 3442 1925 3478 forte
1948 3442 2025 3488 ipse
2048 3453 2169 3478 servus
2190 3453 2233 3479 ex
2254 3442 2371 3488 operis
2391 3440 2443 3476 vel

1364 3487 1513 3524 artificio
1539 3499 1602 3524 suo
1628 3488 1766 3524 solebat
1787 3498 1827 3524 se
1850 3487 2034 3530 exhibere,
2066 3498 2162 3523 nunc
2192 3497 2275 3523 vero
2308 3486 2445 3531 cogitur

1359 3600 1451 3632 nullo
1461 3611 1561 3633 causa
1571 3603 1631 3643 (sic
1639 3601 1735 3643 Hal.)
1745 3604 1922 3643 postquam
1932 3600 2080 3633 intendit
2089 3600 2179 3633 laesa
2187 3612 2248 3634 ea·-
2293 3600 2349 3640 (n)
2362 3608 2443 3632 eon-

1357 3647 1518 3687 servetur]
1532 3646 1766 3679 aestimabitur
1778 3656 1916 3688 eamque
1930 3648 2154 3687 consequetur
2164 3657 2226 3678 ια’.

1357 3689 1537 3722 bibendam
1550 3690 1632 3724 Hal.

2313 3645 2373 3686 (ιι)
2385 3653 2443 3677 ex-
