2528 3918
110 135 224 166 xmus

108 245 286 287 dicemus,
311 243 407 289 quod
431 244 596 278 constare
619 252 692 277 non
714 245 836 287 potest
858 242 932 284 ius,
967 242 1034 278 nisi
1066 241 1113 278 sit
1136 242 1199 276 ali-

108 291 187 335 quis
210 290 297 325 iuris
320 288 468 334 peritus,
520 297 558 321 er
581 297 685 332 quem
708 287 824 331 possit
848 287 993 322 cottidie
1015 288 1052 322 in
1076 287 1202 322 melius

112 339 152 370 14
199 334 359 380 produci.
407 331 484 376 Quo
529 331 575 366 ad
594 331 821 376 magistratus
842 332 980 375 attinet,
1001 332 1101 367 initio
1116 332 1200 367 civi-

108 381 192 415 tatis
216 379 320 414 huius
345 379 487 413 constat
506 386 606 421 reges
629 386 768 411 omnem
787 379 1001 421 potestatem
1018 377 1198 412 habuisse.

112 429 150 460 15
198 424 312 459 Isdem
323 422 542 467 temporibus
556 425 591 456 et
610 421 792 456 tribunum
813 421 967 457 celerum
986 422 1097 457 fuisse
1116 432 1199 457 con-

108 473 197 505 stat:
230 469 260 503 is
293 471 413 503 autem
445 470 522 502 erat
553 466 614 511 qui
645 466 822 511 equitibus
845 471 1011 512 praeerat
1035 470 1070 502 et
1092 467 1201 502 veluti

108 514 304 550 secundum
326 513 444 548 locum
468 521 490 546 a
513 511 654 556 regibus
676 512 878 557 optinebat:
905 522 974 557 quo
996 512 1032 547 in
1052 522 1198 547 numero

106 560 175 595 fuit
205 558 328 594 Iunius
352 558 506 599 Brutus,
540 557 600 602 qui
631 561 758 592 auctor
788 556 858 591 fuit
889 558 1004 602 regis¹
1038 556 1197 592 eiciendi.

110 608 150 640 16
197 603 346 639 Exactis
371 601 497 637 deinde
527 601 670 646 regibus
703 602 866 637 consules
899 602 1084 637 constituti
1115 605 1200 637 sunt

106 649 196 685 duo:
229 659 339 694 penes
372 658 461 699 quos
495 658 670 682 summum
701 647 758 682 ius
790 647 843 681 uti
868 650 972 689 esset,
996 647 1073 693 lege
1095 657 1198 692 roga-

105 699 182 730 tum
207 697 278 728 est:
306 693 392 728 dicti
416 695 500 728 sunt
523 692 568 726 ab
594 702 646 734 eo,
672 691 767 736 quod
791 692 982 737 plurimum
1006 693 1057 728 rei
1081 692 1197 738 publi-

106 750 170 775 cae
206 738 443 774 consulerent.
516 737 576 771 ui2
608 740 729 772 tamen
761 747 806 771 ne
838 748 902 782 per
926 738 1044 773 omnia
1067 738 1200 782 regiam

105 788 320 830 potestatem
344 783 411 818 sibi
435 783 493 817 vin
520 782 675 825 icarent,
700 782 778 827 lege
800 782 875 817 lata
898 782 1035 818 factum
1061 786 1134 826 est,
1159 785 1200 817 ut

105 830 151 864 ab
177 829 227 864 eis
247 828 457 881 provocatio
484 830 577 863 esset
600 837 687 862 neve
709 828 880 872 possent³
903 827 940 862 in
974 831 1083 873 caput
1114 828 1199 863 civis

104 875 258 910 Romam
281 873 561 909 animadvertere
578 872 716 908 iniussu
735 872 876 918 populi:
903 873 1016 908 solum
1038 873 1200 908 relictum

106 923 161 955 est
193 919 280 960 illis,
316 922 357 953 ut
388 928 554 953 coercere
585 920 734 962 possent
764 922 800 952 et
830 918 868 952 in
891 918 1033 953 vincula
1055 918 1200 963 publica

110 967 146 999 17
196 963 482 999 duciiuberent¹¹.
518 962 607 998 Post
619 962 745 998 deinde
758 973 839 998 cum
853 973 980 998 census
992 964 1063 998 iam
1075 963 1200 998 maiori

105 1013 264 1054 tempore
300 1008 458 1054 agendus
494 1010 588 1043 esset
623 1011 659 1043 et
690 1008 856 1043 consules
889 1019 962 1044 non
993 1008 1200 1044 sufficerent

107 1056 148 1089 18
194 1054 278 1089 huic
314 1064 431 1099 uoque
444 1052 575 1095 officio,
601 1063 767 1088 censores
788 1054 974 1089 constituti
994 1057 1088 1089 sunt.
1128 1053 1199 1089 Po-

104 1099 188 1145 pulo
211 1099 292 1134 dein
320 1109 338 1134 e
359 1101 466 1134 aucto
488 1109 569 1133 cum
591 1099 717 1133 crebra
737 1102 925 1134 orerentur
937 1099 1031 1134 bella
1043 1102 1079 1134 et
1091 1108 1198 1144 quae-

104 1145 186 1179 dam
220 1144 361 1179 acriora
395 1154 417 1179 a
451 1143 608 1178 finitimis
645 1142 863 1179 inferrentur
877 1145 903 1186 5,
946 1143 1126 1179 interdum
1160 1154 1199 1179 re

104 1190 266 1235 exigente
297 1189 435 1234 placuit
458 1188 601 1224 maioris
626 1189 814 1234 potestatis
839 1189 1086 1235 magistratum
1111 1199 1197 1225 606-

105 1235 224 1270 611161;
258 1234 379 1279 itaque
411 1234 605 1269 dict-atores
638 1233 770 1279 proditi
794 1238 896 1276 sunt,
929 1244 952 1270 a
975 1235 1107 1286 quibus
1132 1244 1199 1270 nec

103 1279 323 1325 provocandi
353 1279 410 1314 ius
441 1278 511 1314 fuit
542 1282 576 1314 et
600 1279 728 1324 quibus
754 1279 860 1316 etiam
885 1279 1013 1332 capitls
1036 1279 1197 1315 animad-

103 1325 217 1361 versio
231 1325 316 1360 data
329 1328 392 1360 est.
440 1324 537 1359 hunc
558 1325 814 1369 magistratum,
860 1335 1004 1360 6061616
1024 1335 1198 1361 summam

103 1373 317 1416 potestatem
340 1369 516 1412 habebat,
541 1380 613 1404 non
637 1373 716 1404 erat
737 1369 794 1405 fas
857 1374 913 1405 tra
936 1373 1076 1406 sextum
1099 1381 1198 1406 men-

107 1418 149 1450 19
197 1426 271 1451 sem
283 1414 436 1450 retineri.
461 1413 602 1450 Etsshis
617 1414 851 1450 dictatoribus
863 1415 1023 1461 magistri
1040 1425 1059 1451 6
1084 1415 1198 1451 uitum

102 1460 379 1505 iniungebantur
399 1459 462 1502 sic,
488 1469 557 1504 quo
580 1460 686 1495 modo
705 1461 847 1505 regibus
868 1461 1001 1496 tribuni
1024 1471 1065 1496 66
1080 1472 1196 1497 erum:

103 1505 199 1551 quod
217 1503 375 1540 officium
393 1504 469 1540 fere
486 1505 559 1540 tale
580 1509 668 1547 erat,
690 1505 795 1550 quale
814 1505 921 1541 hodie
932 1505 1198 1551 praefectorum

102 1550 302 1595 praetorio,
343 1549 573 1594 magistratus
607 1552 728 1585 tamen
766 1550 996 1586 habebantur
1039 1551 1196 1596 legitimi,

103 1599 147 1631 20
194 1595 312 1630 Isdem
330 1595 551 1640 temporibus
573 1605 653 1630 cum
668 1595 770 1640 plebs
784 1605 807 1630 a
817 1595 978 1641 patribus
992 1597 1199 1632 secessisset

102 1650 196 1676 anno
217 1640 293 1676 fere
312 1640 461 1685 septimo
483 1639 619 1675 decimo
638 1643 721 1685 post
740 1651 840 1685 reges
862 1644 1019 1684 exactos,
1033 1641 1197 1677 tribunos

103 1686 172 1722 sibi
183 1686 220 1720 in
240 1688 360 1720 monte
381 1695 484 1721 sacro
505 1685 649 1728 creavit,
664 1686 724 1731 qui
737 1689 857 1721 essent
868 1686 998 1731 plebeii
1010 1687 1197 1732 magistra-

101 1734 172 1766 tus.
210 1731 297 1766 dicti
308 1730 452 1773 tribuni,
473 1730 568 1775 quod
581 1730 663 1765 olim
675 1731 712 1766 in
724 1735 796 1766 tres
808 1735 930 1776 partes
942 1742 988 1777 po
1017 1732 1098 1767 ulus
1111 1732 1196 1766 divi-

102 1786 164 1811 sus
178 1780 254 1811 erat
274 1779 310 1811 et
330 1786 373 1810 ex
392 1775 538 1820 singulis
559 1775 687 1820 singuli
700 1776 934 1811 creabantur:
956 1787 997 1812 ve
1031 1776 1115 1822 quia
1133 1776 1197 1811 tri-

102 1824 141 1856 21
193 1821 304 1856 buum
324 1820 492 1865 suffragio
514 1821 741 1856 creabantur.
767 1821 927 1867 Itemque
946 1824 987 1856 ut
1007 1825 1126 1857 essent
1162 1821 1198 1857 ui

102 1866 251 1901 aedibus
297 1869 488 1908 raeessent‚
512 1866 550 1901 in
571 1865 700 1911 quibus
712 1867 831 1901 omnia
843 1867 934 1902 scita
946 1876 1012 1902 sua
1023 1866 1124 1912 plebs
1136 1833 1197 1902 de·

101 1911 252 1954 ferebat,
271 1877 364 1946 duos
384 1921 428 1946 ex
439 1911 543 1956 plebe
556 1911 828 1954 constituerunt,
854 1912 915 1957 qui
935 1912 1041 1947 etiam
1062 1912 1197 1948 aediles

101 1959 145 1992 22
182 1956 351 2001 appellati
359 1959 453 1991 sunt.
477 1956 615 1991 Deinde
624 1967 704 1992 cum
714 1957 891 1992 aerarium
899 1957 1023 2003 populi
1031 1958 1171 1993 auctius
1184 1959 1197 1979 ⁷

102 2012 181 2037 esse
215 2001 403 2047 coepisset,
424 2004 465 2036 ut
488 2005 607 2037 essent
627 2002 687 2047 qui
707 2002 758 2037 illi
769 2006 989 2047 praeessent,
1011 2002 1197 2038 constituti

102 2051 186 2083 sunt
209 2050 428 2092 (1666610166,
453 2046 513 2092 (161
537 2047 710 2092 pecuniae
754 2051 954 2090 raeessent‚
981 2047 1068 2083 dicti
1087 2048 1132 2083 ab
1155 2058 1196 2083 eo

102 2092 199 2137 quod
210 2093 223 2113 Β
230 2091 463 2138 inquirendae
474 2095 509 2127 et
519 2103 714 2128 conservan
741 2103 783 2128 ae
791 2093 966 2138 pecuniae
976 2103 1086 2128 causa
1096 2103 1195 2128 crea-

101 2140 144 2172 23
192 2137 220 2172 ti
241 2140 353 2172 erant.
400 2137 451 2172 Et
494 2137 563 2180 uia,
583 2141 625 2172 ut
643 2137 807 2180 diximus,
830 2138 874 2173 de
894 2138 1011 2183 capite
1024 2138 1109 2174 civis
1122 2138 1195 2174 Ro-

101 2182 198 2217 mani
221 2182 359 2218 iniussu
382 2148 507 2227 popuilli
530 2193 602 2218 non
627 2186 704 2218 erat
727 2183 804 2228 lege
827 2184 1040 2228 permissum
1065 2194 1195 2219 consu-

100 2228 194 2264 libus
213 2227 269 2263 ius
290 2227 419 2271 dicere,
443 2231 635 2273 propterea
655 2232 863 2273 quaestores
885 2229 1197 2264 constituebantur

101 2283 124 2308 a
146 2273 292 2318 populo,
317 2273 378 2318 qui
403 2273 615 2318 capitalibus
636 2274 743 2309 rebus
763 2277 988 2319 praeessent:
1014 2273 1052 2308 hi
1072 2274 1194 2319 appel-

100 2318 268 2353 labantur
292 2321 499 2362 quaestores
523 2318 716 2361 parricidii,
742 2329 892 2362 quorum
914 2319 1020 2354 etiam
1038 2319 1197 2355 meminit

102 2365 146 2397 24
192 2363 250 2397 lex
268 2362 454 2397 duodecim
469 2362 683 2397 tabularum.
720 2362 770 2397 Et
790 2373 871 2398 cum
889 2363 1085 2409 placuisset
1101 2365 1195 2410 leges

104 2418 245 2453 quoque
267 2406 371 2450 ferri,
395 2407 508 2442 latum
532 2411 587 2443 est
609 2407 656 2443 ad
679 2408 871 2452 populum,
897 2408 950 2443 uti
973 2418 1096 2444 omnes
1119 2420 1194 2444 ma-

102 2453 278 2497 gistratu⁹
309 2463 348 2488 se
383 2452 609 2495 abdicarent,
651 2463 721 2498 quo
753 2452 939 2488 decemviri
952 2454 981 2474 ¹⁰
1011 2454 1196 2490 constituti

104 2508 199 2533 anno
231 2508 303 2533 uno
329 2508 411 2533 cum
434 2498 680 2542 magistratum
703 2502 940 2543 prorogarent
963 2498 1031 2534 sibi
1055 2503 1090 2534 61
1115 2510 1196 2534 6661

102 2543 272 2580 iniun‘ose
302 2546 503 2578 tractarent
532 2553 648 2595 neque
678 2543 807 2578 vellent
830 2543 997 2589 deinceps
1029 2544 1196 2580 sufficere

103 2588 421 2633 magistratibus¹¹,
457 2591 498 2622 ut
526 2587 596 2633 ipsi
627 2591 663 2623 et
692 2587 802 2623 factio
836 2599 902 2624 sua
924 2593 1096 2634 perpetuo
1121 2601 1196 2625 rem

103 2633 284 2678 publicam
315 2636 532 2678 occupatam
562 2632 748 2668 retineret:
782 2633 891 2669 nimia
923 2637 1031 2679 atque
1067 2645 1196 2680 aspera

104 2678 345 2714 dominatione
380 2689 421 2714 eo
453 2689 528 2713 rem
557 2678 814 2723 perduxerant,
845 2682 886 2713 ut
910 2679 1088 2715 exercitus
1112 2690 1135 2715 a
1158 2690 1197 2715 re

129 2723 249 2758 ublica
272 2723 464 2759 secederet.
511 2724 651 2759 initium
680 2723 792 2758 fuisse
824 2724 1034 2759 secessionis
1068 2724 1197 2760 dicitur

139 2768 291 2813 erginius
325 2769 487 2814 quidam,
521 2769 581 2814 qui
605 2779 686 2803 cum
710 2768 1019 2804 animadvertisset
1040 2770 1197 2815 Appium

105 2813 291 2849 Claudium
304 2814 508 2857 contraius,
534 2813 630 2859 quod
650 2814 727 2859 ipse
751 2824 794 2849 ex
814 2817 933 2849 vetere
952 2814 1029 2849 iure
1048 2815 1085 2849 in
1106 2815 1196 2850 duo-

105 2858 219 2894 decim
242 2859 384 2894 tabulas
407 2860 658 2902 transtulerat,
690 2859 860 2894 vindicias
884 2858 978 2894 filiae
1002 2869 1090 2895 suae
1113 2870 1135 2894 a
1159 2870 1198 2895 se

104 2904 283 2939 abdixisse
308 2907 343 2939 et
366 2904 562 2939 secundum
587 2914 685 2947 eum,
711 2904 772 2949 qui
794 2904 831 2938 in
855 2904 1060 2939 servitutem
1084 2905 1129 2939 ab
1155 2915 1196 2940 eo

105 2948 311 2994 suppositus
331 2949 493 2994 petierat,
519 2949 650 2984 dixisse
674 2953 888 2994 captumque
912 2959 1032 2985 amore
1055 2949 1196 2994 virginis

106 3003 209 3029 omne
231 2994 288 3030 fas
313 3004 356 3029 ac
380 2994 481 3030 nefas
504 2994 709 3030 miscuisse:
735 2994 949 3039 indignatus,
976 2994 1071 3039 quod
1094 2998 1196 3030 vetu-

105 3039 261 3074 stissima
290 3039 376 3074 iuris
409 3040 636 3075 observantia
666 3039 704 3074 in
728 3050 883 3085 persona
906 3039 1000 3074 filiae
1024 3050 1111 3075 suae
1135 3039 1196 3075 de-

104 3082 249 3119 fecisset
274 3086 410 3130 (utpote
434 3095 515 3120 cum
538 3085 683 3127 Brutus,
710 3085 770 3130 qui
793 3085 929 3129 primus
949 3085 1085 3120 Romae
1111 3096 1195 3120 con-

105 3128 159 3163 sul
190 3128 279 3173 fuit,
313 3129 485 3165 vindicias
521 3129 716 3166 secundum
746 3130 947 3165 libertatem
980 3130 1129 3165 dixisset
1159 3131 1196 3165 in

105 3183 257 3217 persona
290 3174 450 3210 Vindicis
482 3175 706 3211 Vitelliorum
741 3175 852 3217 servi,
889 3175 951 3220 qui
985 3175 1195 3220 proditionis

107 3331 147 3372 (1)
171 3342 266 3373 reges
277 3333 352 3366 dett.
443 3334 486 3374 (2)
512 3333 636 3375 quiaF
714 3334 756 3375 (3)
782 3334 938 3376 possetF
1013 3336 1054 3376 (4)
1081 3333 1196 3367 iubere

108 3376 293 3419 Bynkersh.
395 3379 438 3419 (5)
475 3378 702 3411 infererentur
721 3378 785 3412 FR
885 3379 929 3420 (6)
965 3380 1128 3412 1611116161
1151 3378 1195 3412 F¹

108 3421 149 3461 (7)
175 3424 277 3453 auctu
296 3422 331 3455 F
415 3423 459 3464 (8)
485 3423 574 3465 quod
599 3436 658 3456 om.
679 3424 715 3457 F
809 3424 853 3465 (9)
879 3423 1098 3465 magistratus
1120 3425 1196 3457 dett.

108 3465 167 3505 (10)
193 3475 258 3507 quo
267 3466 447 3500 decemviri
461 3469 668 3509 [crearentur
684 3468 796 3511 legum
814 3469 1067 3501 scribendarum
1084 3479 1196 3501 causa.

109 3509 224 3551 itaque
241 3511 433 3554 decemviri]
454 3513 632 3545 constituti
644 3525 707 3546 scr.
801 3514 856 3556 (11)
881 3514 1100 3556 magistratus
1112 3514 1195 3547 Hal.

110 3555 169 3595 (12)
193 3557 316 3597 putans
335 3568 397 3590 scr.
498 3559 556 3600 (13)
580 3560 710 3590 arrecto
730 3558 765 3591 F
861 3559 919 3600 (14)
945 3559 1100 3602 protinus
1122 3559 1195 3591 edd.

111 3599 170 3639 (15)
194 3601 242 3632 sic
260 3600 295 3632 F
301 3599 322 3639 ¹,
343 3611 508 3634 carcerem
521 3615 585 3646 pro
607 3613 739 3636 carcere
758 3601 821 3643 F2,
845 3603 971 3646 partim
991 3603 1040 3645 [in
1058 3603 1197 3636 exilium

109 3643 177 3675 acti
188 3643 377 3685 decemviri,
395 3647 533 3688 partim]
546 3647 582 3680 in
600 3658 731 3680 carcere
743 3648 857 3680 necati
870 3649 942 3682 edd.
1036 3650 1096 3690 (16)
1121 3658 1197 3679 cum

112 3690 189 3728 post
198 3688 328 3730 aliquot
336 3699 451 3730 annos,
462 3701 560 3732 quam
571 3692 602 3725 d.
612 3691 667 3725 t.1.
679 3695 768 3733 sunt,
779 3691 875 3736 plebs
883 3705 945 3725 scr.
1018 3694 1076 3734 (17)
1090 3691 1197 3725 creari

112 3732 185 3764 edd.
258 3735 317 3774 (18)
343 3744 398 3766 sex
412 3735 549 3777 (viginti
566 3749 605 3770 ex
617 3737 663 3776 vi)
681 3737 792 3770 Citiae-
864 3738 925 3778 (19)
949 3736 1026 3780 plus
1038 3737 1124 3769 iuris
1132 3749 1196 3770 scr.

2297 121 2369 163 12

1271 241 1553 277 coniurationem
1597 241 1725 276 indicio
1762 252 1827 277 suo
1864 241 2059 285 detexerat)
2096 245 2132 277 et
2167 242 2368 278 castitatem

1270 287 1364 321 filiae
1393 285 1488 321 vitae
1520 296 1661 330 quoque
1686 287 1760 321 eius
1785 286 2055 331 praeferendam
2078 288 2275 332 putaret¹²,
2309 298 2367 323 ar·
2410 328 2413 330 ,

1270 335 1371 376 repto
1385 331 1413 352 ¹³
1437 331 1552 366 cultro
1578 331 1621 365 de
1644 331 1795 366 taberna
1818 331 1969 366 lanionis
1994 331 2103 366 filiam
2127 331 2308 367 interfecit
2331 333 2368 368 in

1269 377 1339 411 hoc
1362 376 1510 418 scilicet,
1535 379 1576 410 ut
1599 380 1713 411 morte
1735 375 1877 420 virginis
1903 376 2154 412 contumeliam
2175 377 2291 422 stupri
2310 388 2367 412 ar-

1271 424 1379 464 ceret,
1405 432 1448 456 ac
1471 421 1636 466 protinus
1660 431 1784 456 recens
1809 431 1831 455 a
1855 422 1965 457 caede
1988 422 2224 467 madenteque
2249 422 2368 457 adhuc

1270 466 1364 501 filiae
1389 476 1516 501 cruore
1541 466 1586 501 ad
1611 466 1868 501 commilitones
1902 466 2071 511 confugit.
2121 468 2181 512 qui
2213 467 2367 503 universi

1271 511 1315 546 de
1328 511 1468 556 Algido,
1493 511 1555 546 ubi
1577 514 1664 546 tunc
1684 511 1767 546 belli
1786 511 1931 555 gerendi
1951 522 2061 547 causa
2081 512 2237 557 legiones
2252 516 2367 555 erant,

1269 556 1403 591 relictis
1428 556 1580 591 ducibus
1604 556 1762 601 pristinis
1776 556 1804 576 ¹⁴
1829 556 1930 601 signa
1954 556 1991 591 in
2008 558 2223 593 Aventinum
2246 561 2367 593 trans-

1269 602 1439 644 tulerunt,
1466 601 1650 646 omnisque
1674 601 1775 646 plebs
1799 602 1939 636 urbana
1963 612 2045 636 mox
2070 603 2192 638 eodem
2216 613 2256 639 66
2280 613 2367 639 con-

1269 647 1370 689 tulit,
1412 646 1608 692 populique
1647 657 1825 682 consensu
1865 647 1995 691 partim
2042 647 2078 682 in
2119 658 2264 684 carcere
2304 658 2368 683 ne-

1271 692 1395 727 cati¹⁵.
1443 692 1495 727 ita
1525 702 1650 727 rursus
1674 702 1731 727 res
1763 691 1910 736 publica
1934 702 2037 726 suum
2062 695 2195 728 statum
2218 704 2300 729 rece
2326 694 2366 728 it.

1270 740 1312 772 25
1360 737 1499 773 Deinde
1523 748 1604 772 cum
1627 740 1711 782 post
1734 737 1871 781 aliquot
1894 747 2008 772 annos
2042 737 2229 773 duodecim
2260 742 2300 773 ta
2326 749 2367 773 u-

1269 783 1325 818 lae
1359 783 1456 817 latae
1491 786 1574 818 sunt
1598 786 1634 818 et
1656 782 1758 827 plebs
1773 783 1800 803 ¹⁶
1824 781 2056 817 contenderet
2088 793 2168 817 cum
2203 784 2367 828 patribus

1270 832 1306 863 et
1329 828 1434 863 vellet
1459 838 1502 862 ex
1525 838 1590 863 suo
1616 838 1684 873 quo
1712 838 1757 862 ue
1781 837 1931 873 corpore
1955 827 2119 863 consules
2146 838 2267 864 creare
2281 830 2308 850 ¹⁷
2333 831 2368 863 et

1269 876 1390 918 patres
1425 876 1653 908 recusarent:
1707 876 1827 907 actum
1864 875 1935 915 est,
1972 875 2013 907 ut
2047 873 2182 908 tribuni
2217 874 2367 909 militum

1271 921 1479 954 crearentur
1501 918 1631 963 partim
1656 928 1699 952 ex
1722 918 1845 963 plebe,
1871 917 2002 962 partim
2026 927 2070 952 ex
2092 918 2255 963 patribus
2281 930 2367 954 con-

1270 963 1381 999 sulari
1403 967 1593 1008 potestate.
1630 963 1738 1008 hique
1763 963 1946 998 constituti
1970 966 2054 998 sunt
2076 963 2174 999 vario
2199 974 2366 999 numero:

1268 1008 1448 1044 interdum
1487 1009 1579 1044 enim
1614 1008 1736 1054 viginti
1753 1009 1781 1029 ¹⁸
1815 1008 1981 1051 fuerunt,
2024 1008 2203 1043 interdum
2234 1010 2367 1054 plures,

1270 1057 1313 1090 26
1360 1064 1630 1099 nonnumquam
1652 1053 1854 1099 pauciores.
1903 1053 2043 1088 Deinde
2068 1064 2150 1088 cum
2173 1053 2368 1099 placuisset

1271 1099 1385 1135 creari
1409 1099 1516 1134 etiam
1540 1109 1584 1134 ex
1607 1099 1712 1144 plebe
1737 1098 1921 1142 consules,
1958 1102 2156 1144 coeperunt
2188 1109 2232 1134 ex
2266 1102 2366 1134 utro-

1270 1154 1339 1190 que
1360 1154 1511 1189 corpore
1532 1144 1712 1180 constitui.
1749 1148 1849 1187 tunc,
1874 1147 1916 1179 ut
1934 1144 2052 1189 aliquo
2066 1144 2180 1189 pluris
2193 1145 2220 1165 ¹⁹
2244 1147 2366 1196 patres

1269 1190 1453 1232 haberent,
1474 1189 1612 1234 placuit
1631 1189 1721 1225 duos
1743 1199 1787 1224 ex
1806 1200 1954 1225 numero
1976 1192 2119 1234 patrum
2137 1189 2306 1225 constitui
2316 1189 2365 1224 ²⁰:

1270 1238 1311 1270 27
1360 1235 1411 1270 ita
1434 1234 1523 1270 facti
1547 1238 1632 1270 sunt
1655 1235 1786 1270 aediles
1813 1235 1965 1270 curules.
2017 1234 2175 1280 Cumque
2200 1235 2367 1270 consules

1270 1284 1507 1316 avocarentur
1537 1280 1640 1315 bellis
1672 1280 1831 1316 finitimis
1863 1290 1978 1325 neque
2010 1283 2105 1315 esset
2136 1280 2197 1325 qui
2220 1280 2257 1315 in
2283 1280 2366 1315 civi-

1268 1329 1344 1361 tate
1367 1326 1422 1361 ius
1447 1325 1596 1361 reddere
1619 1329 1761 1370 posset,
1785 1325 1924 1361 factum
1948 1328 2019 1367 est,
2045 1328 2086 1360 ut
2108 1329 2254 1370 praetor
2301 1336 2366 1360 uo-

1269 1381 1338 1417 que
1362 1374 1563 1414 crearetur,
1600 1371 1661 1416 qui
1683 1372 1844 1406 urbanus
1869 1371 2071 1416 appeHatus
2096 1374 2168 1413 est,
2202 1381 2272 1415 quo
2330 1370 2366 1405 in

1269 1419 1312 1451 28
1359 1417 1449 1451 urbe
1484 1416 1540 1452 ius
1574 1416 1750 1451 redderet.
1798 1416 1888 1452 Post
1918 1415 2055 1461 aliquot
2089 1415 2217 1451 deinde
2252 1426 2366 1451 annos

1268 1472 1340 1498 non
1365 1461 1565 1497 sufficiente
1589 1472 1630 1497 eo
1655 1465 1838 1506 praetore,
1872 1461 1967 1506 quod
1990 1461 2103 1496 multa
2126 1461 2235 1496 turba
2259 1461 2366 1496 etiam

1268 1507 1534 1553 peregrinorum
1552 1506 1590 1541 in
1610 1507 1788 1542 civitatem
1807 1507 1953 1549 veniret,
1980 1510 2121 1542 creatus
2143 1510 2197 1542 est
2218 1509 2253 1542 et
2274 1506 2366 1541 alius

1268 1556 1432 1597 praetor,
1466 1552 1528 1597 qui
1558 1553 1766 1597 peregrinus
1799 1552 2000 1604 appellatus
2026 1555 2080 1587 est
2104 1552 2150 1587 ab
2176 1561 2237 1594 eo,
2271 1550 2366 1597 quod

1269 1600 1311 1632 29
1359 1597 1568 1643 plerumque
1597 1597 1692 1633 inter
1714 1607 1920 1643 peregrmos
1943 1597 1999 1632 ius
2024 1597 2178 1632 dicebat.
2226 1596 2367 1632 Deinde

1269 1653 1349 1677 cum
1381 1646 1476 1678 esset
1506 1643 1731 1678 necessarius
1763 1644 1993 1688 magistratus
2028 1642 2088 1688 qui
2111 1642 2239 1678 hastae
2261 1651 2365 1687 prae-

1268 1691 1388 1723 essent
1400 1688 1442 1731 ²¹‚
1476 1688 1666 1723 decemviri
1696 1688 1734 1723 in
1744 1689 1775 1709 ²²
1798 1688 1921 1723 litibus
1944 1687 2145 1723 iudicandis
2170 1691 2255 1723 sunt
2280 1697 2349 1722 con

1268 1735 1311 1767 30
1359 1733 1486 1768 stituti.
1537 1732 1731 1768 Constituti
1744 1733 1869 1768 666123
1890 1732 2014 1769 eodem
2026 1736 2186 1778 tempore
2207 1735 2242 1767 et
2262 1735 2366 1777 quat-

1267 1777 1414 1813 tuorviri
1449 1778 1511 1823 qui
1546 1788 1670 1813 curam
1706 1779 1842 1813 viarum
1877 1781 2024 1822 agerent
2034 1778 2077 1820 2⁴,
2122 1781 2157 1812 et
2191 1776 2366 1812 triumviri

1267 1822 1462 1857 monetales
1498 1822 1589 1858 aeris
1625 1823 1763 1867 argenti
1799 1822 1878 1857 auri
1911 1822 2077 1865 fiatores,
2123 1825 2159 1857 et
2193 1821 2366 1856 triumviri

1268 1867 1439 1912 capitales
1496 1867 1532 1902 ui
1564 1868 1719 1914 carceris
1752 1867 1951 1903 custodiam
1982 1867 2178 1910 haberent,
2210 1870 2252 1901 ut
2285 1877 2365 1902 cum

1268 1916 1307 1948 31
1358 1913 1476 1948 anima
1502 1913 1590 1948 verti
1611 1916 1793 1958 oporteret
1804 1913 2004 1948 interventu
2025 1923 2147 1948 eorum
2165 1912 2279 1947 fieret.
2316 1912 2367 1946 Et

1267 1958 1351 2003 quia
1382 1957 1650 2003 magistratibus
1682 1958 1891 2003 vespertinis
1923 1957 2144 2003 temporibus
2175 1957 2212 1992 in
2246 1957 2365 2002 publi-

1268 2014 1348 2038 cum
1385 2013 1463 2039 6666
1497 2003 1750 2039 inconveniens
1789 2006 1885 2046 erat,
1921 2002 2144 2049 quinqueviri
2179 2002 2365 2038 constituti

1267 2051 1351 2083 6661
1375 2048 1426 2084 616
1451 2048 1606 2083 Tiberim
1633 2052 1669 2084 et
1691 2048 1776 2083 ultis
1801 2048 1958 2083 Tiberim
1967 2049 2009 2091 2⁵,
2043 2048 2103 2093 qui
2135 2047 2276 2093 possint
2298 2057 2365 2092 pro

1267 2096 1310 2129 32
1358 2093 1625 2138 magistratibus
1644 2093 1755 2138 fungi.
1795 2093 1910 2139 Capta
1933 2093 2060 2129 deinde
2081 2092 2256 2135 Sardinia,
2282 2103 2366 2128 mox

1267 2138 1405 2182 Sicilia,
1436 2139 1522 2174 item
1545 2139 1738 2183 Hispania,
1772 2138 1899 2174 deinde
1920 2138 2150 2174 Narbonensi
2181 2137 2365 2183 provincia

1265 2183 1413 2219 totidem
1436 2187 1638 2229 praetores,
1663 2187 1751 2229 quot
1773 2184 1977 2229 provinciae
1999 2184 2037 2218 in
2061 2183 2235 2219 dicionem
2258 2193 2363 2218 vene-

1265 2232 1366 2271 rant,
1400 2229 1512 2264 creati
1536 2232 1638 2272 sunt,
1663 2229 1794 2274 partim
1818 2228 1879 2274 qui
1901 2229 2049 2264 urbanis
2072 2229 2201 2270 rebus,
2233 2227 2363 2273 partim

1266 2275 1327 2320 qui
1350 2274 1626 2319 provincialibus
1650 2278 1867 2319 praeessent.
1905 2274 2032 2309 deinde
2054 2273 2239 2309 Cornelius
2264 2272 2364 2307 Sulla

1266 2320 1493 2365 quaestiones
1542 2319 1681 2355 ublicas
1706 2319 1911 2362 constituit,
1944 2319 2058 2354 ueluti
2093 2318 2137 2354 de
2169 2317 2282 2359 falso,
2319 2317 2364 2352 de

1291 2365 1474 2407 arricidio,
1536 2375 1555 2400 e
1579 2364 1735 2407 sicariis,
1761 2368 1797 2399 et
1818 2368 2003 2410 praetores
2028 2366 2198 2409 quattuor
2221 2362 2360 2398 adiecit.

1291 2410 1393 2445 einde
1424 2409 1536 2445 Gaius
1560 2410 1673 2445 Iulius
1705 2409 1838 2445 Caesar
1868 2410 1958 2445 duos
1990 2412 2174 2454 praetores
2206 2411 2242 2443 et
2271 2407 2362 2443 duos

1266 2454 1399 2490 aediles
1419 2454 1480 2507 qui
1498 2454 1676 2490 frumento
1690 2458 1900 2500 praeessent
1919 2457 1955 2489 et
1966 2454 1997 2476 ²⁰
2021 2464 2043 2489 a
2057 2453 2362 2489 Cerere‘cereales

1266 2500 1461 2535 constitmt.
1508 2500 1561 2534 ita
1585 2499 1772 2535 duodecim
1796 2503 2000 2544 praetores,
2034 2509 2097 2534 sex
2121 2498 2253 2534 aediles
2278 2501 2363 2534 sunt

1266 2545 1387 2580 creati.
1426 2545 1526 2580 divus
1547 2544 1676 2580 deinde
1687 2545 1870 2589 Augustus
1892 2544 2047 2579 sedecim
2093 2547 2253 2579 raetores
2275 2554 2361 2579 con-

1265 2591 1393 2625 stituit.
1441 2592 1524 2634 post
1555 2589 1682 2625 deinde
1714 2589 1814 2624 divus
1848 2589 2019 2624 Claudius

1266 2635 1397 2670 adiecit
1421 2634 1481 2679 qui
1505 2634 1549 2669 de
1572 2634 1845 2670 fideicommisso
1869 2634 1926 2670 ius
1951 2634 2130 2676 dicerent,
2163 2644 2207 2669 ex

1265 2691 1376 2715 unum
1408 2680 1509 2715 divus
1535 2679 1637 2714 Titus
1669 2679 1841 2715 detraxit:
1878 2683 1914 2714 et
1945 2679 2075 2714 adiecit
2107 2679 2208 2714 divus

1267 2726 1326 2770 qui
1348 2725 1442 2760 inter
1464 2724 1591 2760 fiscum
1616 2727 1651 2760 et
1673 2724 1830 2769 privatos
1853 2724 1909 2760 ius
1930 2724 2073 2760 diceret.
2109 2724 2162 2760 ita
2183 2724 2305 2759 decem
2327 2727 2361 2759 et

1267 2773 1308 2805 33
1356 2773 1438 2805 octo
1470 2772 1654 2815 praetores
1686 2770 1724 2804 in
1756 2769 1898 2805 civitate
1927 2770 1984 2805 ius
2009 2770 2142 2805 dicunt.
2190 2769 2241 2804 Et
2270 2770 2360 2805 haec

1266 2815 1403 2858 omnia,
1437 2815 1600 2860 quotiens
1623 2815 1661 2850 in
1683 2825 1723 2850 re
1745 2815 1891 2860 publica
1914 2818 1999 2851 sunt
2021 2815 2262 2860 magistratus,
2295 2815 2360 2850 ob-

1267 2863 1470 2895 servantur:
1505 2860 1666 2905 quotiens
1691 2864 1811 2895 autem
1834 2859 2111 2905 proficiscuntur
2120 2861 2162 2903 ²⁷,
2187 2870 2281 2895 unus
2305 2870 2359 2895 re-

1265 2905 1455 2950 linquitur,
1489 2905 1549 2950 qui
1578 2905 1634 2940 ius
1667 2905 1779 2940 dicat:
1812 2906 1842 2941 is
1866 2909 2015 2941 vocatur
2038 2904 2242 2951 praefectus
2266 2904 2357 2940 urbi.

1267 2951 1327 2995 qui
1338 2949 1543 2994 praefectus
1554 2951 1584 2971 ²⁸
1604 2950 1687 2985 olim
1701 2951 2005 2986 constituebatur:
2026 2954 2152 2996 postea
2171 2950 2246 2985 fere
2258 2950 2358 2985 Lati-

1266 3005 1392 3030 narum
1423 2994 1593 3030 feriarum
1626 3005 1736 3030 causa
1751 2995 1994 3031 introductus
2028 2999 2082 3031 est
2106 2999 2142 3031 et
2166 2995 2358 3041 quotannis

1267 3040 1487 3075 observatur.
1536 3050 1619 3075 nam
1642 3040 1847 3085 praefectus
1871 3051 2036 3076 annonae
2061 3044 2097 3076 et
2118 3040 2261 3085 vigilum
2285 3051 2358 3075 non

1266 3088 1350 3120 sunt-
1380 3085 1628 3129 magistratus,
1661 3085 1725 3121 sed
1748 3089 1848 3121 extra
1873 3086 2032 3121 ordinem
2056 3086 2221 3121 utilitatis
2247 3094 2358 3121 causa

1267 3130 1452 3165 constituti
1483 3134 1577 3165 sunt.
1627 3133 1663 3165 et
1684 3134 1804 3166 tamen
1826 3131 1883 3174 hi,
1917 3141 2006 3177 quos
2038 3131 2231 3166 Cistiberes
2266 3130 2357 3164 dixi-

1266 3185 1364 3218 mus,
1395 3178 1521 3220 postea
1552 3175 1683 3211 aediles
1693 3177 1725 3197 ²⁹
1748 3179 1895 3212 senatus
1930 3177 2093 3212 consulto
2127 3176 2354 3212 creabantur.

2076 2599 2142 2624 uos
2177 2592 2361 2634 praetores

2255 2633 2361 2669 uibus

2278 2689 2362 2714 erva

1267 3334 1329 3375 (2ο)
1356 3333 1415 3374 (161
1424 3333 1521 3366 ludos
1531 3336 1689 3367 curarent
1698 3335 1752 3368 vel
1758 3336 1882 3369 similia
1890 3336 2041 3368 videntur
2049 3335 2206 3368 excidisse

1267 3380 1324 3420 (21)
1349 3381 1518 3421 praeesset
1528 3381 1602 3413 dett.
1682 3381 1744 3422 (22)
1769 3380 1806 3412 16
1817 3381 1972 3413 del.Hal.
2052 3380 2113 3421 (23)
2138 3380 2218 3411 sunt
2230 3377 2355 3410 consti-

1266 3423 1333 3455 tuti
1354 3423 1534 3456 constituti
1548 3427 1628 3457 sunt
1646 3425 1685 3465 U,
1704 3428 1784 3457 sunt
1806 3425 2002 3457 constitutis
2015 3425 2053 3464 F,
2076 3426 2155 3456 sunt
2174 3423 2355 3455 constituti

1265 3469 1308 3510 R,
1323 3468 1502 3501 constituti
1513 3472 1593 3503 sunt
1604 3471 1783 3503 constituti
1793 3473 1872 3503 sunt
1885 3470 1919 3503 P
1970 3470 2031 3511 (24)
2045 3470 2163 3511 gerent
2171 3468 2205 3500 F
2245 3468 2307 3509 (25)
2321 3469 2356 3499 61

1268 3513 1349 3546 61116
1359 3513 1509 3547 Tiberim
1518 3515 1743 3559 compilatores
1752 3516 1941 3549 adiecerunt
1946 3528 1959 3556 ,·
1968 3516 2010 3558 cf.
2024 3518 2039 3552 §
2052 3520 2087 3547 33
2100 3519 2130 3546 et
2137 3513 2353 3552 Liu 39,14‚1o

1268 3559 1331 3600 (26)
1358 3565 1414 3592 aut
1430 3561 1464 3592 et
1484 3560 1653 3594 delendum
1667 3573 1736 3593 cum
1747 3561 1830 3594 Hal.
1854 3567 1910 3593 aut
1929 3562 1962 3591 61
1982 3559 2174 3590 dicerentur
2201 3567 2221 3589 a
2234 3556 2353 3589 Cerere

1266 3602 1410 3636 cereales
1422 3616 1485 3638 scr.
1500 3617 1568 3638 cum
1581 3605 1713 3638 Murato
1780 3606 1841 3646 (27)
1855 3603 2157 3647 profiscicunturF
2216 3602 2279 3644 (28)
2294 3601 2355 3643 qui

1266 3647 1427 3690 profectis
1436 3649 1481 3682 iis
1494 3649 1667 3692 (profectis
1676 3649 1839 3688 M'uretus)
1852 3659 1925 3688 scm
1940 3649 1983 3692 cf.
1998 3648 2075 3681 Tac.
2088 3659 2163 3680 ann.
2178 3647 2209 3687 6,
2219 3654 2249 3681 11

1267 3694 1331 3735 (29)
1356 3696 1472 3736 postea
1485 3705 1546 3737 per
1558 3693 1683 3727 aediles
1693 3696 1841 3737 fortasse
1854 3704 1917 3726 scr.

2038 3792 2078 3826 ¹*
