2528 3918
223 118 394 162 X12.3

725 239 764 279 11
774 238 802 279 ¹.

227 310 285 342 DE
308 307 472 345 QUIBUS
494 305 639 338 REBUS
653 305 712 337 AD
725 304 919 338 EUNDEM
933 303 1126 336 IUDICEM
1140 301 1302 334 EATUR.

275 374 291 411 1
320 373 547 409 Poueomvs
575 371 665 407 libro
690 371 794 406 tertio
818 370 953 406 decimo
977 369 1026 403 ad
1048 367 1221 403 Sabinum
1267 366 1305 401 Si

224 420 316 454 inter
338 418 456 463 plures
480 416 636 451 familiae
659 415 888 451 erciscundae
912 418 1035 459 agetur
1059 418 1094 447 et
1115 412 1207 446 inter
1226 421 1303 446 eos-

224 464 302 499 dem
317 462 494 498 communi
513 460 703 497 dividundo
724 464 787 496 aut
805 460 927 494 finium
947 457 1193 508 regundorum,
1219 466 1303 508 eun-

225 509 303 543 dem
325 507 477 542 iudicem
496 506 725 542 sumendum:
746 509 940 551 praeterea,
961 513 1030 548 quo
1050 502 1190 537 facibus
1211 511 1306 536 coire

225 552 415 588 coheredes
438 551 493 587 vel
516 551 603 587 socii
626 551 816 596 possunt',
848 550 885 584 in
917 548 1065 583 eundem
1089 547 1206 582 locum
1230 556 1304 581 om-

225 599 321 633 nium
369 596 580 632 raesentiam
603 595 680 631 fleri
703 599 853 641 oportet.

270 640 295 679 2
353 651 566 677 ammanus
585 641 676 677 libro
699 640 853 676 secundo
878 637 1125 684 quaestionum
1161 635 1250 670 Cum
1263 645 1307 670 ex

225 687 386 733 pluribus
409 687 588 722 tutoribus
612 695 716 727 unus,
741 684 837 729 quod
861 682 967 718 ceteri
991 692 1063 716 non
1087 681 1159 716 sint
1177 680 1305 721 idonei,

226 732 452 774 convenitur,
476 731 678 777 postulante
702 741 743 765 eo
768 739 889 764 omnes
913 727 959 762 ad
982 725 1132 778 eundem
1155 725 1306 760 iudicem

226 778 431 812 mittuntur:
455 781 492 811 et
514 777 582 812 hoc
606 775 786 820 rescriptis
811 773 1012 819 principum
1036 774 1247 807 continetur.

718 866 810 905 111³.

529 934 589 966 DE
615 932 760 965 SERVO
785 930 1033 963 CORRUPTO.

276 997 293 1034 1
329 996 524 1034 ULPIANUS
544 997 634 1032 libro
660 995 847 1030 vicensimo
872 993 976 1027 tertio
1001 992 1051 1027 ad
1072 991 1225 1027 edictum
1250 990 1313 1024 Ait

227 1048 386 1089 praetor:
425 1042 510 1087 ‘Qui
541 1051 680 1077 servum
711 1049 849 1074 servam
883 1038 1038 1072 alienum
1073 1037 1225 1071 alienam
1259 1045 1314 1070 re-

226 1089 381 1134 ·cepisse
415 1087 676 1133 persuasisseve
718 1084 802 1130 quid
841 1084 872 1118 ei
911 1083 1051 1118 dicetur
1089 1081 1170 1117 dolo
1210 1081 1315 1123 malo,

225 1136 317 1180 ‘quo
347 1144 429 1169 eum
460 1143 538 1168 eam
572 1130 780 1166 deteriorem
812 1129 966 1170 faceret,
1005 1128 1043 1162 in
1078 1137 1158 1162 eum
1193 1126 1316 1171 quanti

231 1184 242 1214 l
294 1189 336 1214 ea
359 1189 415 1213 res
440 1180 506 1213 erit
528 1179 565 1212 in
589 1178 734 1221 duplum
758 1176 928 1211 iudicium
951 1175 1069 1209 dabo.'
1116 1174 1184 1217 Qui
1216 1174 1311 1208 bona

226 1224 296 1259 fide
318 1233 457 1259 servum
482 1223 584 1264 emit,
616 1222 684 1256 hoc
718 1221 834 1256 edicto
866 1230 938 1255 non
969 1219 1167 1260 tenebitur,
1200 1218 1309 1263 quia⁴

226 1280 292 1304 nec
315 1268 392 1314 ipse
413 1268 543 1312 poterit
566 1267 656 1302 servi
680 1266 840 1311 corrupti
863 1274 986 1310 agere,
1018 1264 1102 1309 quia
1124 1263 1211 1298 nihil
1234 1263 1310 1298 eius

226 1315 374 1349 interest
397 1323 536 1347 servum
560 1322 630 1346 non
655 1322 796 1346 corrum
822 1311 852 1345 i:
884 1315 920 1345 et
943 1320 1049 1352 sane,
1082 1309 1111 1344 si
1136 1308 1214 1353 quis
1237 1308 1307 1343 hoc

226 1358 425 1399 admiserit,
461 1358 613 1398 eveniet,
650 1361 690 1391 ut
722 1356 792 1391 duo
820 1366 862 1391 us
895 1355 990 1391 actio
1025 1354 1117 1390 servi
1153 1353 1311 1398 corrupti

226 1407 415 1448 competat,
461 1402 531 1437 uod
551 1406 606 1437 est
625 1401 831 1436 absurdum.
868 1400 932 1436 sed
941 1410 1008 1435 nec
1027 1409 1120 1441 eum,
1141 1399 1199 1433 cui
1215 1398 1310 1433 bona

226 1448 295 1484 fide
318 1449 422 1483 homo
462 1448 535 1482 'ber
558 1447 675 1488 servit,
699 1446 793 1481 hanc
816 1446 993 1481 actionem
1015 1454 1121 1490 posse
1145 1453 1310 1479 exercere

226 1497 246 1528 2
294 1493 491 1537 opinamur.
539 1491 642 1536 Quod
652 1495 771 1526 autem
791 1495 935 1536 praetor
954 1490 1006 1525 ait
1026 1489 1237 1534 ‘recepisse',
1259 1489 1310 1523 ita

225 1538 437 1583 accipimus,
471 1538 501 1572 si
534 1537 731 1581 susceperit
761 1547 902 1572 servum
933 1535 1087 1571 alienum
1111 1534 1157 1569 ad
1181 1544 1239 1569 se:
1275 1538 1311 1569 et

226 1587 280 1618 est
291 1582 434 1628 proprie
446 1582 603 1634 recipere
624 1581 797 1626 refugium
816 1580 1059 1616 abscondendi
1079 1589 1190 1614 causa
1207 1589 1309 1614 servo

225 1632 408 1673 praestare
440 1627 494 1662 vel
526 1637 563 1661 ιιι
594 1637 660 1663 suo
695 1637 780 1672 agro
804 1627 860 1661 vel
882 1627 920 1661 in
943 1626 1058 1660 alieno
1082 1625 1162 1660 loco
1187 1623 1308 1659 aedifi-

226 1677 245 1707 3
293 1673 400 1708 ciove.
448 1671 668 1707 Persuadere
691 1676 811 1707 autem
835 1675 889 1707 est
911 1671 991 1716 plus
1016 1680 1123 1715 quam
1146 1669 1310 1714 compelli

225 1722 331 1763 atque
355 1717 433 1762 cogi
456 1717 523 1752 sibi
546 1727 673 1762 parere
682 1718 706 1751 ⁵.
743 1717 806 1751 sed
863 1715 1054 1751 ersuadere
1084 1716 1160 1748 τῶν
1189 1717 1311 1758 μέσων

225 1764 364 1803 ἐστίν’,
396 1772 478 1797 nam
510 1766 548 1797 et
578 1762 710 1797 bonum
734 1762 831 1797 cons'
849 1761 920 1796 'um
943 1761 1022 1806 quis
1046 1759 1164 1794 dando
1189 1763 1308 1804 potest

225 1807 375 1842 suadere
399 1811 434 1842 et
452 1807 602 1842 malum:
627 1811 663 1842 et
679 1806 759 1842 ideo
779 1811 924 1851 praetor
942 1805 1073 1840 adiecit
1091 1804 1183 1839 ‘dolo
1204 1804 1308 1846 malo,

226 1863 295 1898 quo
320 1863 401 1888 eum
424 1852 633 1887 deteriorem
655 1852 822 1887 faceret’:
856 1861 971 1896 neque
1002 1850 1094 1885 enim
1125 1849 1308 1894 delinquit,

226 1898 293 1933 nisi
315 1897 375 1943 qui
405 1897 478 1932 tale
508 1897 641 1942 aliquid
671 1907 772 1932 servo
805 1896 1016 1941 persuadet,
1049 1905 1093 1929 ex
1126 1905 1195 1939 quo
1230 1905 1310 1930 eum

226 1942 338 1977 faciat
348 1942 568 1977 deteriorem.
605 1943 666 1987 qui
688 1942 796 1986 igitur
819 1952 960 1977 servum
983 1940 1152 1976 sollicitat
1175 1939 1220 1974 ad
1244 1939 1308 1974 ali-

227 1987 312 2032 quid
322 1987 376 2022 vel
388 1987 592 2023 faciendum
602 1987 658 2022 vel
671 1987 899 2031 cogitandum
910 1985 1081 2031 improbe,
1102 1985 1160 2020 hic
1172 1984 1310 2020 videtur

226 2036 247 2067 4
292 2032 362 2068 hoc
385 2032 500 2067 edicto
521 2032 649 2067 notari.
698 2031 768 2067 Sed
787 2035 907 2067 utrum
926 2032 978 2066 ita
997 2030 1138 2066 demum
1157 2034 1309 2072 tenetur,

225 2078 256 2112 si
279 2077 394 2112 bonae
415 2077 507 2121 frugi
531 2087 669 2112 servum
691 2077 846 2122 perpulit
869 2076 915 2111 ad
938 2075 1228 2120 delinquendum,
1262 2085 1309 2110 an

227 2132 308 2157 vero
343 2126 379 2157 et
410 2122 440 2157 si
470 2122 602 2156 malum
631 2122 794 2157 hortatus
818 2126 873 2156 est
895 2121 950 2156 vel
972 2121 1066 2155 malo
1090 2119 1307 2162 monstravit,

226 2167 520 2212 quemadmodum
551 2166 711 2202 faceret?
747 2170 782 2202 et
806 2170 860 2202 est
883 2166 999 2202 verius
1023 2166 1130 2200 etiam
1154 2164 1186 2200 si
1215 2165 1308 2200 malo

225 2212 444 2254 monstravit,
469 2212 505 2246 in
529 2222 633 2256 quem
656 2212 800 2247 modum
823 2212 1054 2256 delinqueret,
1078 2210 1191 2245 teneri
1215 2220 1306 2245 eum.

225 2258 330 2292 immo
363 2262 399 2292 et
430 2257 460 2292 si
484 2261 561 2291 erat
583 2267 706 2293 servus
730 2256 931 2292 omnimodo
954 2256 1132 2301 fugiturus
1156 2255 1212 2290 vel
1233 2254 1307 2289 fur-

225 2307 300 2337 tum
331 2302 513 2343 facturus,
546 2302 605 2337 hic
628 2312 710 2337 vero
734 2302 900 2337 laudator
922 2301 1028 2336 huius
1051 2300 1225 2345 propositi
1248 2310 1307 2335 ex-

225 2348 306 2389 titit,
330 2351 487 2382 tenetur:
514 2358 585 2382 non
605 2347 698 2382 enim
717 2351 860 2392 oportet
878 2345 1058 2381 laudando
1072 2345 1194 2390 augeri
1206 2345 1305 2380 mali-

225 2392 321 2427 tiam.
365 2392 438 2428 sive
467 2402 550 2437 ergo
583 2392 717 2427 bonum
748 2396 888 2427 servum
917 2391 1043 2426 fecerit
1074 2391 1206 2425 malum
1237 2390 1309 2424 sive

226 2441 244 2471 5
292 2437 422 2472 malum
441 2437 566 2472 fecerit
585 2436 805 2479 deteriorem,
831 2437 1033 2481 corrupisse
1051 2435 1238 2470 videbitur.
1274 2435 1309 2469 Is

226 2492 365 2526 quoque
388 2482 595 2517 deteriorem
617 2481 723 2524 facit,
748 2483 808 2527 qui
832 2491 933 2517 servo
957 2480 1169 2526 persuadet,
1193 2483 1234 2515 ut
1255 2479 1308 2514 in-

226 2527 351 2561 iuriam
373 2526 508 2562 faceret
524 2527 580 2562 vel
598 2526 734 2562 furtum
755 2528 809 2563 vel
829 2526 967 2572 fugeret
984 2526 1040 2562 vel
1061 2525 1215 2560 alienum
1235 2535 1308 2560 ser-

226 2583 307 2606 vum
340 2575 380 2606 ut
410 2571 618 2607 sollicitaret
648 2572 702 2607 vel
733 2576 774 2607 ut
830 2572 981 2607 eculium
1011 2571 1215 2612 intricaret,
1248 2573 1310 2604 aut

227 2621 364 2651 amator
387 2617 554 2652 existeret
576 2617 630 2652 vel
654 2627 743 2659 erro,
767 2628 809 2652 ve
845 2617 947 2652 malis
970 2616 1107 2651 artibus
1131 2620 1226 2651 esset
1249 2614 1308 2649 de-

227 2660 398 2713 ditus-vel
420 2662 457 2713 in
480 2662 695 2706 spectaculis
719 2663 847 2697 nimius
871 2662 926 2697 vel
951 2661 1160 2697 seditiosus:
1193 2659 1247 2695 vel
1279 2659 1309 2694 si

227 2710 339 2740 actori
362 2709 475 2741 suasit
497 2707 611 2742 verbis
635 2707 707 2742 sive
730 2708 865 2752 pretio,
898 2710 939 2742 ut
969 2706 1126 2742 rationes
1160 2705 1307 2741 domini-

228 2760 289 2785 cas
320 2750 545 2786 intercideret
575 2751 814 2787 adulteraret⁷
838 2752 893 2788 vel
925 2752 1031 2787 etiam
1063 2755 1105 2786 ut
1135 2750 1308 2786 rationem

227 2795 295 2830 sibi
318 2796 540 2831 commissam
563 2796 743 2832 turbaret:

273 2837 298 2876 2
322 2839 480 2876 Psaros
500 2841 590 2876 libro
609 2853 704 2876 nono
724 2842 860 2878 decimo
881 2841 933 2877 ad
950 2842 1104 2877 edictum
1140 2840 1193 2876 vel
1204 2840 1308 2875 luxu-

228 2885 360 2919 riosum
383 2886 438 2920 vel
461 2889 705 2922 contumacem
727 2886 832 2923 fecit:
866 2886 969 2932 quive
992 2890 1033 2921 ut
1056 2890 1219 2930 stuprum
1244 2895 1307 2930 pa-

227 2934 362 2964 teretur
385 2930 583 2974 persuadet.

273 2971 299 3012 3
330 2973 522 3010 [summm
539 2975 628 3011 libro
648 2977 836 3012 vicensimo
850 2978 954 3012 tertio
967 2976 1018 3011 ad
1027 2976 1181 3012 edictum
1216 2974 1308 3010 Dolo

229 3019 321 3054 malo
345 3019 483 3054 adiecto
508 3020 734 3056 calliditatem
758 3026 861 3057 notat
908 3026 1028 3056 raetor
1051 3021 1126 3056 eius
1147 3020 1208 3065 qui
1227 3030 1307 3064 per-

228 3063 369 3099 suadet:
404 3069 559 3099 ceterum
582 3066 612 3099 si
658 3066 713 3101 uis
737 3067 813 3102 sine
836 3066 881 3102 do
896 3077 917 3102 o
942 3066 1150 3101 deteriorem
1172 3065 1308 3106 fecerit,

229 3119 301 3144 non
323 3112 485 3150 notatur,
518 3114 554 3144 et
584 3110 614 3144 si
660 3121 744 3146 usus
776 3112 891 3156 gratia
912 3111 1010 3153 fecit,
1035 3121 1107 3146 non
1130 3113 1272 3146 tenetur
1283 3110 1307 3144 ⁸.

230 3157 245 3188 ¹
295 3153 398 3189 Unde
428 3154 627 3199 quaeritur,
661 3155 691 3190 si
722 3157 799 3200 quis
833 3167 933 3192 servo
958 3156 1073 3191 alieno
1097 3155 1250 3191 suaserit
1272 3155 1308 3189 in

227 3203 360 3234 tectum
391 3198 581 3250 ascendere
611 3199 664 3234 vel
694 3201 730 3234 in
761 3206 907 3245 puteum
940 3200 1154 3237 descendere
1185 3204 1222 3235 et
1251 3199 1310 3234 ille

228 3253 357 3288 parens
380 3242 580 3295 ascenderit
603 3244 655 3278 vel
679 3244 899 3281 descenderit
918 3250 954 3281 et
972 3245 1139 3281 ceciderit
1158 3254 1310 3289 crusque

228 3288 281 3324 vel
305 3288 390 3334 quid
412 3287 509 3323 aliud
531 3287 673 3332 fregerit
697 3290 749 3324 vel
772 3292 924 3335 perierit,
950 3301 997 3325 an
1016 3294 1196 3326 teneatur:
1223 3293 1259 3324 et
1277 3289 1308 3324 si

273 3448 313 3487 (ι)
338 3445 419 3480 Sal».
441 3454 471 3486 ις
492 3445 575 3490 Pap.
598 3453 625 3479 ².
638 3465 682 3470 —
707 3446 791 3479 Bas.
804 3448 834 3486 7,
849 3455 875 3487 3,
890 3455 932 3480 21.
947 3455 991 3481 γι.
1006 3466 1050 3472 -
1074 3449 1123 3492 Cf.
1142 3448 1220 3481 Cod.
1243 3448 1273 3487 6,
1288 3455 1304 3481 2

230 3493 273 3530 (2)
297 3491 429 3533 possint
440 3490 494 3524 F’

274 3538 316 3577 (3)
341 3537 406 3569 Ed.
423 3543 522 3574 ¹...153
536 3536 617 3569 Sab.
631 3543 672 3569 ιο.
689 3543 728 3568 ιι.
742 3554 786 3560 -
804 3537 883 3568 Bas.
898 3539 978 3576 60,s
1082 3540 1124 3578 (4)
1150 3538 1230 3579 quia
1241 3538 1302 3570 del.

229 3581 342 3614 Noodt
352 3593 453 3624 nsque
465 3581 583 3614 habent
597 3581 721 3614 Graeca·
775 3583 818 3620 (5)
833 3582 1030 3623 persuadere
1042 3586 1153 3614 autem
1166 3585 1216 3614 est
1228 3581 1304 3624 plus

229 3636 327 3667 quam
340 3626 510 3667 [suaderet
524 3636 600 3658 nam
613 3626 671 3667 qui
684 3625 871 3668 persuadet,
894 3629 1073 3668 tamquam]
1089 3626 1261 3669 compellit
1271 3630 1306 3659 et

229 3671 324 3712 quasi
337 3671 429 3713 cogit
440 3670 506 3702 sibi
520 3680 636 3713 parere
649 3683 710 3704 scr.
726 3671 886 3711 (similiter
897 3670 1071 3709 Noodeius)
1199 3672 1244 3712 (Β)
1268 3671 1307 3705 n'd

230 3723 294 3748 est.-
307 3720 357 3747 est
369 3726 407 3747 ex
422 3715 592 3747 vocabulis
606 3715 723 3747 mediis
917 3717 960 3754 (Ἰ)
986 3715 1228 3748 adulteraretve
1240 3728 1303 3749 scr.

1304 106 1381 154 152

2383 55 2386 57 n
2418 63 2423 67 ,
2487 55 2508 78 s

1513 123 1574 153 na
1603 122 1764 162 omnus
1792 122 1888 153 carr.
1947 120 2008 152 ΠΕ
2037 120 2181 153 suavo
2212 122 2444 155 cossurus

1369 234 1509 279 quidem
1533 233 1609 269 sine
1632 232 1714 268 dolo
1738 232 1830 268 malo
1860 231 1996 273 fecerit,
2027 240 2099 265 non
2121 233 2274 271 tenetur,
2306 239 2338 265 si
2360 234 2440 267 dolo

1370 279 1474 320 malo,
1497 278 1685 314 tenebitur.
2107 279 2119 284 ⁴

1418 322 1443 360 4
1470 323 1525 358 ΡΑ
1532 333 1577 359 σι,
1583 333 1627 359 vs
1647 322 1737 359 libro
1762 332 1856 358 nono
1869 321 2005 357 decimo
2018 319 2067 355 ud
2077 319 2230 355 edictum
2266 318 2336 354 Sed
2348 329 2442 355 com-

1370 368 1508 404 modius
1531 372 1586 403 est
1607 367 1686 402 utili
1707 368 1785 412 lege
1806 365 1951 412 Aquilia
1973 375 2052 401 eum
2075 363 2198 400 teneri.

1416 412 1441 450 5
1474 412 1669 448 Urpuws
1683 412 1774 448 libro
1786 412 1976 447 vicensimo
1997 411 2100 445 tertio
2113 409 2162 444 ad
2174 408 2327 444 edictum
2364 408 2445 444 Doli

1370 458 1516 493 verbum
1540 458 1646 492 etiam
1669 457 1716 492 ad
1740 467 1820 492 eum
1843 456 1904 502 qui
1926 455 2061 500 recepit
2080 453 2305 489 referendum
2316 457 2380 495 est,
2406 458 2447 488 ut

1369 513 1443 538 non
1466 502 1558 538 alius
1581 506 1756 544 teneatur,
1780 502 1850 537 nisi
1872 501 1933 546 qui
1945 500 2026 535 dolo
2050 499 2142 534 malo
2155 498 2324 543 recepit⁹z
2351 501 2445 534 cete-

1370 558 1448 582 rum
1473 547 1503 582 si
1527 547 1626 593 quis,
1656 551 1697 583 ut
1727 546 1868 582 domino
1901 545 2114 587 custodiret,
2147 544 2282 588 recepit
2304 543 2358 578 vel
2381 543 2446 578 hu-

1372 593 1546 628 manitate
1577 592 1631 628 vel
1654 591 1897 627 misericordia
1920 591 2049 625 ductus
2073 589 2128 625 vel
2151 589 2224 624 alia
2253 588 2407 633 probata
2420 589 2448 609 ¹⁰

1374 641 1387 672 1
1438 642 1546 682 atque
1568 637 1665 672 iusta
1686 637 1836 679 ratione,
1869 646 1942 672 non
1964 635 2152 670 tenebitur.
2201 633 2239 669 Si
2261 633 2339 678 quis
2365 632 2446 668 dolo

1371 683 1464 718 malo
1487 681 1707 727 persuaserit
1741 682 1828 727 quid
1850 691 1952 717 servo
1977 690 2080 725 quem
2110 679 2261 714 liberum
2284 678 2447 723 putabat,

1370 728 1455 763 mihi
1476 727 1615 762 videtur
1637 727 1750 762 teneri
1773 737 1854 762 eum
1877 729 2059 771 oportere:
2084 724 2199 759 maius
2223 724 2316 759 enim
2339 722 2447 758 delin-

1371 772 1755 852 ῗὲώῖηὲᾞιὲἒῗᾚε
1769 776 1876 851 ¹33⁸
1902 767 2449 850 Ήῗεὲωὲἰέἑὲῗωῗὲοὶαῗθὲῗὲ
2524 824 2528 831 ·

1372 862 1546 897 fatentem
1569 862 1606 897 in
1628 844 1774 907 duplum
1798 843 1870 903 est]
1895 860 2053 913 quamvis
2076 859 2218 904 Aquilia
2239 858 2450 910 infitiantem
2519 858 2522 862 ’

1372 910 1392 942 3
1439 907 1626 942 dumtaxat
1648 910 1822 943 coerceat.
1873 905 1910 941 Si
1933 915 2056 941 servus
2079 914 2223 940 servave
2245 903 2374 938 fecisse
2397 902 2449 938 dl·
2524 927 2528 937 .

1373 955 1394 986 4
1441 956 1553 994 cetur,
1566 952 1734 988 iudicium
1748 963 1828 987 cum
1840 961 1955 986 noxae
1967 949 2145 986 deditione
2156 948 2327 984 redditur.
2351 947 2449 983 Haec
2519 975 2528 985 „

1372 997 1467 1032 actio
1491 997 1645 1032 refertur
1668 997 1716 1032 ad
1749 1001 1820 1032 tem
1847 1007 1890 1031 us
1923 996 2014 1031 servi
2037 994 2196 1039 corrupti
2227 994 2282 1029 vel
2304 993 2449 1038 recepti,
2515 998 2528 1034 3·-j

1373 1052 1444 1077 non
1468 1042 1513 1077 ad
1537 1052 1718 1087 praesens,
1743 1046 1779 1077 et
1800 1042 1813 1076 i
1839 1051 1881 1076 eo
1913 1045 1949 1076 et
1972 1041 2003 1076 si
2026 1039 2216 1075 decesserit
2238 1038 2294 1074 vel
2317 1038 2450 1073 aliena-
2520 1058 2528 1083 t

1373 1091 1430 1122 tus
1455 1088 1502 1122 sit
1523 1088 1578 1123 vel
1600 1087 1857 1129 manumissus,
1893 1086 2002 1121 nihilo
2026 1085 2142 1120 minus
2165 1084 2283 1120 locum
2306 1083 2452 1118 habebit
2520 1097 2521 1101 ¹

1373 1132 1480 1175 actio,
1504 1143 1571 1168 nec
1595 1132 1810 1177 extinguitur
1822 1130 2096 1166 manumissione
2107 1129 2216 1165 semel
2228 1133 2314 1164 nata
2335 1128 2450 1164 actio:
2525 1129 2528 1136 ⁴

1420 1175 1445 1214 6
1472 1176 1630 1213 Panos
1650 1177 1741 1212 libro
1764 1187 1861 1212 nono
1885 1176 2021 1212 decimo
2045 1175 2095 1211 ad
2116 1175 2269 1211 edictum
2292 1177 2450 1218 praeter-

1372 1223 1444 1257 itae
1468 1222 1561 1257 enim
1592 1222 1754 1258 utilitatis
1785 1221 1983 1257 aestimatio
2006 1221 2043 1256 in
2074 1220 2143 1256 hoc
2174 1219 2344 1255 iudicium
2374 1228 2450 1254 ver-

1374 1269 1526 1302 satur¹¹:

1423 1311 1446 1349 7
1478 1311 1673 1348 ULPIANUS
1693 1312 1784 1348 libro
1797 1311 1987 1348 vicensimo
2001 1311 2104 1346 tertio
2128 1309 2179 1345 ad
2191 1309 2345 1345 edictum
2369 1319 2452 1344 nam

1375 1360 1412 1392 et
1434 1357 1518 1392 mali
1541 1358 1633 1393 servi
1644 1357 1799 1393 forsitan
1818 1360 2085 1409 consequuntur
2095 1355 2297 1390 libertatem
2310 1358 2346 1390 et
2367 1364 2451 1399 pos·

1377 1402 1486 1438 terior
1510 1413 1621 1438 causa
1642 1402 1819 1438 interdum
1849 1402 1975 1437 tribuit
2006 1400 2292 1436 manumissionis
2323 1399 2452 1435 iustam

1376 1447 1564 1483 rationem.

1421 1490 1446 1531 8
1472 1492 1630 1528 Panas
1649 1492 1740 1528 libro
1763 1502 1859 1527 nono
1882 1491 2018 1528 decimo
2049 1491 2099 1527 ad
2121 1491 2278 1527 edictum
2325 1489 2395 1525 Sed
2419 1493 2454 1525 et

1375 1538 1478 1574 heres
1502 1538 1597 1581 eius,
1630 1537 1732 1576 cuius
1755 1546 1877 1572 servus
1901 1541 2091 1582 corruptus
2122 1540 2195 1578 est,
2227 1535 2337 1570 habet
2358 1535 2452 1570 hanc

1375 1583 1563 1626 actionem,
1588 1594 1662 1619 non
1685 1582 1800 1617 solum
1823 1582 1855 1617 si
1885 1581 2057 1617 manserit
2078 1581 2115 1616 in
2146 1580 2345 1616 hereditate
2377 1590 2452 1616 ser-

1376 1639 1452 1671 vus,
1476 1629 1541 1664 sed
1564 1633 1601 1664 et
1623 1628 1655 1663 si
1679 1627 1813 1670 exierit,
1837 1626 1932 1663 forte
1954 1627 2104 1672 legatus.

1421 1670 1447 1711 9
1478 1673 1673 1710 Uimi-vs
1693 1672 1784 1708 libro
1807 1673 1999 1708 vicensimo
2023 1672 2129 1707 tertio
2152 1670 2204 1706 ad
2224 1670 2381 1706 edictum
2416 1669 2454 1705 Si

1377 1719 1456 1764 quis
1481 1729 1622 1771 servum
1653 1727 1874 1770 communem
1898 1727 2013 1769 meum
2044 1720 2081 1752 et
2109 1726 2214 1752 suum
2245 1715 2453 1767 corruperit,

1376 1762 2166 1852 iissdaffissssssufflnssssr‘ssossffieffffi‘ssffessi
2182 1764 2390 1841 {¹²23ssssss
2404 1770 2454 1840 1³¹}

1376 1858 1562 1900 praeterea
1585 1853 1717 1899 poterit
1739 1856 1776 1887 et
1795 1853 1973 1888 communi
1983 1851 2173 1887 dividundo
2197 1854 2234 1887 et
2255 1860 2321 1896 pro
2344 1850 2453 1892 socio,

1375 1899 1407 1934 si
1430 1899 1520 1935 socii
1541 1900 1623 1940 sint,
1647 1897 1770 1940 teneri,
1795 1901 1836 1933 ut
1846 1897 2007 1933 Iulianus
2031 1898 2092 1932 ait.
2139 1896 2204 1932 sed
2216 1906 2281 1932 cur
2303 1895 2453 1931 deterio-

1376 1954 1451 1980 rem
1474 1945 1564 1980 facit
1586 1943 1744 1979 Iulianus
1769 1943 2014 1978 condicionem
2036 1942 2143 1984 socii,
2180 1941 2211 1977 si
2242 1951 2322 1977 cum
2355 1940 2454 1976 socio

1376 1993 1470 2035 agat,
1494 2000 1602 2035 quam
1625 1989 1657 2024 si
1680 1999 1762 2024 cum
1785 1991 1952 2024 extraneo
1976 1988 2074 2033 agit?
2097 1997 2180 2022 nam
2204 1986 2265 2039 qui
2287 1996 2370 2022 cum
2393 1996 2453 2021 ex-

1375 2039 1500 2070 traneo
1526 2035 1600 2080 agit
1614 2035 1653 2076 ¹⁸,
1685 2034 1758 2069 sive
1781 2033 1916 2078 recepit
1938 2033 2011 2069 sive
2041 2036 2241 2077 corruperit
2263 2041 2368 2076 agere
2390 2041 2453 2076 po-

1377 2084 1459 2122 test,
1484 2080 1545 2126 qui
1569 2090 1650 2115 cum
1673 2078 1782 2120 socio,
1806 2079 1883 2114 sine
1906 2078 2150 2118 alternatione,
2183 2077 2221 2112 id
2244 2081 2299 2111 est
2321 2076 2352 2111 si
2375 2086 2454 2111 cor-

1376 2125 1484 2171 rupit.
1527 2125 1597 2160 nisi
1618 2124 1712 2160 forte
1735 2134 1808 2159 non
1830 2124 1970 2168 putavit
1991 2123 2151 2158 Iulianus
2174 2122 2244 2157 hoc
2269 2121 2396 2157 cadere
2418 2121 2455 2156 in

1378 2170 1534 2205 socium:
1559 2180 1662 2205 nemo
1675 2169 1769 2204 enim
1779 2179 1883 2204 suum
1906 2168 2043 2213 recipit.
2078 2167 2142 2204 sed
2163 2167 2195 2203 si
2218 2166 2357 2203 celandi
2379 2166 2454 2201 ani-

1383 2221 1395 2250 l
1445 2226 1503 2251 mo
1527 2215 1672 2260 recepit,
1695 2218 1815 2259 potest
1826 2214 1969 2249 defendi
1980 2213 2092 2249 teneri
2115 2223 2206 2248 eum.
2253 2212 2453 2247 Siinservo

1378 2259 2006 2340 {tthffiffiiffiiffitffiam
2019 2256 2455 2348 ffst‘tsse‘t‘ssffafiessssss:

1977 2330 1988 2346 9

1377 2351 1450 2393 riri,
1474 2350 1505 2386 si
1527 2354 1567 2385 tu
1590 2349 1628 2385 id
1650 2349 1788 2391 feceris,
1813 2359 1876 2394 ego
1899 2358 2004 2394 agere
2026 2348 2104 2383 utili
2127 2348 2267 2383 actione
2289 2356 2454 2392 possum:

1380 2395 1427 2430 ad
1461 2406 1585 2431 omnes
1613 2395 1707 2430 enim
1737 2394 1958 2439 corruptelas
1990 2394 2079 2428 haec
2110 2393 2205 2428 actio
2237 2391 2390 2437 pertinet
2420 2395 2456 2426 et

1378 2441 1551 2476 interesse
1575 2439 1765 2475 fructuarii
1786 2439 1926 2474 videtur
1948 2439 2065 2474 bonae
2088 2437 2180 2482 frugi
2203 2447 2342 2472 servum
2366 2446 2454 2476 esse,

1378 2486 1416 2520 in
1438 2496 1509 2531 quo
1534 2495 1636 2520 usum
1660 2484 1817 2520 fructum
1838 2483 1957 2519 habet.
2005 2488 2040 2518 et
2070 2483 2102 2518 si
2130 2483 2225 2518 forte
2254 2481 2344 2517 alius
2374 2491 2454 2517 eum

1378 2531 1554 2576 receperit
1576 2531 1632 2565 vel
1656 2529 1865 2575 corruperit,
1899 2529 1995 2564 utilis
2019 2528 2113 2564 actio
2136 2526 2334 2563 fructuario
2358 2537 2453 2562 com—

1380 2579 1399 2611 2
1474 2577 1546 2611 etit.
1593 2575 1713 2610 Datur
1735 2578 1855 2610 autem
1877 2575 1972 2610 actio
1997 2573 2123 2619 quanti
2145 2583 2189 2608 ea
2210 2583 2267 2608 res
2289 2572 2356 2607 erit
2379 2571 2455 2607 eius
2522 2575 2525 2579 '

1379 2624 1399 2656 3
1447 2587 1556 2666 ΗιιρΗ.
1605 2620 1675 2672 Sed
1698 2620 1916 2665 quaestionis
1936 2623 2001 2661 est,
2026 2617 2225 2670 aestimatio
2236 2621 2357 2653 utrum
2380 2616 2456 2668 eius
2522 2618 2528 2620 ’

1378 2666 1564 2701 dumtaxat
1586 2665 1663 2701 fieri
1687 2665 1826 2707 debeat,
1875 2666 1946 2700 uod
1968 2674 2090 2699 servus
2113 2674 2151 2698 m
2172 2673 2215 2698 co
2283 2672 2322 2698 re
2341 2661 2396 2697 vel
2417 2672 2455 2696 m

1380 2712 1497 2747 animo
1522 2711 1642 2746 damm
1664 2710 1833 2752 senserit,
1850 2676 1936 2746 zoe
1968 2713 2022 2745 est
2052 2712 2185 2754 quanto
2210 2719 2238 2759 v·
2259 2707 2312 2743 'or
2332 2716 2455 2758 servus

1379 2757 1498 2792 factus
1522 2756 1579 2798 sit,
1604 2766 1650 2790 an
1674 2766 1756 2790 vero
1776 2758 1812 2790 et
1824 2760 2032 2790 ceterorum.
2069 2758 2105 2789 et
2116 2752 2284 2788 Neratius
2303 2752 2354 2787 ait
2364 2754 2454 2787 tanti

1379 2801 1686 2837 condemnandum
1720 2804 1982 2845 corruptorem,
2016 2798 2142 2851 quanti
2175 2807 2297 2834 servus
2327 2797 2374 2832 ob
2404 2795 2454 2836 id.

1378 2846 1473 2892 quod
1496 2846 1688 2891 subpertus
1712 2846 1759 2881 sit
1771 2845 1811 2887 ¹⁴,
1834 2845 1978 2880 minoris
2002 2848 2059 2880 sit.
2520 2872 2522 2874 ,

1427 2889 1477 2928 10
1501 2890 1558 2926 ΡΑ
1566 2900 1660 2927 vsvs
1679 2891 1772 2927 libro
1795 2900 1890 2925 nono
1913 2889 2051 2925 decimo
2075 2889 2125 2924 ad
2146 2887 2299 2924 edictum
2322 2887 2365 2922 In
2384 2886 2454 2921 hoc
2517 2891 2523 2900 ¹

1377 2936 1545 2972 iudicium
1568 2936 1674 2971 etiam
1697 2945 1815 2971 rerum
1837 2934 2034 2970 aestimatio
2059 2933 2174 2976 venit,
2210 2942 2299 2977 quas
2333 2941 2454 2968 secum

1378 2991 1502 3017 servus
1525 2980 1686 3023 abstulit,
1709 2980 1794 3025 quia
1816 2990 1920 3015 omne
1944 2980 2111 3015 damnum
2135 2977 2317 3023 duplatur,
2340 2985 2455 3021 neque
2503 3017 2506 3020 ,

1377 3026 1549 3068 intererit,
1580 3027 1629 3062 ad
1663 3037 1744 3062 eum
1775 3025 1939 3070 perlatae
1970 3024 2104 3060 fuerint
2125 3033 2183 3059 res
2206 3033 2254 3058 an
2276 3021 2323 3057 ad
2345 3021 2454 3057 alium

1379 3072 1452 3107 sive
1474 3071 1581 3106 etiam
1605 3073 1837 3115 consumptae
1852 3072 1924 3105 sint
1940 3071 1984 3104 ¹⁵:
2011 3069 2140 3106 etenim
2161 3067 2289 3103 iustius
2300 3070 2357 3102 est
2373 3076 2454 3102 eum

1378 3116 1502 3158 teneri,
1527 3115 1589 3161 qui
1611 3115 1776 3160 princeps
1800 3114 1910 3150 fuerit
1932 3114 2062 3155 delicti,
2086 3123 2191 3159 quam
2215 3122 2296 3149 eum
2319 3110 2453 3157 quaeri,

1379 3161 1426 3197 ad
1449 3171 1553 3207 quem
1575 3170 1631 3195 res
1654 3159 1812 3205 perlatae
1835 3164 1926 3195 sunt.

1429 3205 1476 3243 11
1511 3205 1706 3242 Ulmanus
1734 3205 1825 3241 libro
1856 3206 2044 3241 vicensimo
2079 3204 2184 3239 tertio
2218 3202 2268 3238 ad
2301 3201 2454 3237 edictum
2523 3234 2526 3239 .

1379 3251 1547 3287 Neratius
1570 3250 1621 3286 ait
1643 3254 1769 3296 postea
1790 3249 1889 3285 furta
1910 3249 2008 3285 facta
2031 3250 2067 3285 in
2090 3247 2370 3284 aestimationem
2382 3255 2454 3282 non

1379 3296 1512 3332 venire.
1560 3306 1666 3340 quam
1689 3295 1898 3331 sententiam
1922 3305 2040 3330 veram
2064 3298 2168 3338 puto:
2194 3303 2276 3329 nam
2288 3297 2333 3327 et.
2346 3291 2454 3327 verba

1374 3447 1420 3488 (8)
1444 3447 1474 3479 si
1486 3447 1562 3489 quis
1575 3447 1648 3479 sine
1660 3446 1737 3479 dolo
1757 3445 1954 3478 deteriorem
1977 3444 2103 3483 fecerit,
2125 3447 2165 3476 ut
2185 3445 2215 3476 si
2234 3444 2327 3476 lusus
2346 3444 2456 3485 gratia
2495 3447 2499 3477 ἶ
2519 3448 2521 3451 ’

1374 3491 1464 3531 fecit,
1479 3502 1547 3524 non
1561 3494 1694 3524 tenetur
1704 3503 1767 3525 scr.
1883 3493 1927 3529 (ο)
1952 3490 2081 3531 recepit
2092 3487 2146 3521 F²
2158 3501 2227 3522 cum
2243 3487 2392 3528 Graecis,
2405 3496 2455 3520 re·

1373 3537 1459 3579 cipit
1472 3536 1509 3579 S,
1523 3536 1640 3569 fecerit
1652 3535 1695 3569 F*
1751 3536 1810 3577 (ιο)
1824 3534 1892 3567 alia
1904 3534 2045 3577 probata
2058 3534 2088 3567 S
2098 3546 2166 3567 cum
2176 3534 2222 3573 B,
2235 3531 2461 3575 adprobat-F
2488 3566 2490 3568 ,

1374 3585 1428 3622 (11)
1442 3582 1461 3614 l.
1476 3588 1494 3615 θ
1507 3582 1672 3625 interponi
1682 3581 1791 3614 debuit
1796 3587 1873 3623 post
1884 3579 2023 3612 habebit
2034 3578 2124 3611 actio
2138 3579 2158 3612 Ι.
2169 3587 2186 3612 5
2197 3583 2241 3617 §4
2309 3579 2367 3617 (12)
2381 3586 2455 3609 eum

1373 3636 1433 3668 per
1444 3627 1573 3658 socium
1583 3626 1641 3666 Ρ,
1664 3636 1739 3658 eum
1760 3635 1822 3668 pro
1834 3625 1925 3658 socio
1938 3624 1968 3658 S
1977 3624 2097 3667 reliqui
2103 3636 2115 3656 .·
2121 3625 2276 3699 {enasse
2295 3635 2358 3656 scr.
2381 3630 2454 3654 eum
2471 3634 2473 3636 ·

1372 3671 1460 3703 servi
1472 3671 1625 3713 corrupti
1716 3676 1773 3707 (18)
1798 3669 1869 3711 egit
1882 3669 1915 3701 F
1996 3670 2054 3711 (ιι)
2079 3679 2119 3701 su
2143 3671 2259 3710 reptus
2271 3667 2318 3699 sit
2329 3667 2367 3708 S,
2381 3676 2454 3699 cor·
2491 3693 2494 3696 .

1373 3719 1493 3757 ruptus
1505 3716 1551 3748 sit
1563 3717 1806 3759 delusor-tasse
1817 3727 1880 3747 scr.
1894 3713 2037 3746 subierit
2129 3714 2187 3756 (15)
2212 3715 2292 3745 sunt
2302 3711 2346 3744 F¹
