2528 3918
190 116 404 160 xxxnn
433 118 460 158 9

237 239 286 278 5¹
312 239 369 276 ΡΛ
376 248 419 276 σι
426 249 471 275 vs
491 239 582 276 libro
598 239 722 286 primo
738 239 784 276 de
801 240 882 277 iure
901 240 986 286 fisci
1021 239 1111 276 Post
1124 238 1281 283 legatum

192 289 379 330 acceptum
397 295 469 320 non
487 288 626 319 tantum
643 284 766 321 licebit
779 284 908 322 falsum
925 294 1072 330 arguere
1086 288 1279 320 testamen·

190 335 285 372 tum,
316 330 380 366 sed
412 333 448 365 et
478 340 550 365 non
578 330 657 365 iure
679 329 815 366 factum
839 331 1072 366 contendere:
1103 329 1279 365 inofficio-

195 380 207 410 1
256 385 335 411 sum
351 379 470 411 autem
483 375 602 410 dicere
612 384 686 410 non
697 376 935 421 permittitur:
949 376 1023 419 Ille,
1065 375 1101 410 ui
1117 385 1190 410 non
1202 374 1280 410 iure

192 420 327 456 factum
352 420 534 455 contendit
556 430 622 456 nec
647 421 817 466 optinuit,
850 431 922 456 non
945 420 1043 466 repel
1058 424 1129 455 itur
1158 420 1205 455 ab
1236 429 1278 455 eo

192 465 287 511 quod
310 466 459 500 meruit:
496 475 580 510 ergo
593 467 608 487 ²
655 466 692 501 ui
715 466 871 512 legatum
894 471 1039 502 secutus
1062 468 1190 510 postea
1211 463 1279 500 fal-

190 521 270 547 sum
294 510 394 551 dixit,
419 509 580 546 amittere
603 510 647 546 de
673 511 746 547 ebit
769 511 864 556 quod
889 514 1105 547 consecutus
1129 515 1194 546 est.
1235 509 1280 545 de

192 566 234 591 eo
265 565 348 591 vero
381 556 442 600 qui
463 555 617 600 legatum
649 566 735 591 acce
761 556 807 600 it,
839 557 869 592 si
900 560 1005 601 neget
1035 556 1113 591 iure
1144 554 1278 590 factum

192 610 271 636 esse
305 603 575 645 testamentum,
613 601 713 636 divus
737 567 830 637 1i'ius
861 601 912 636 ita
943 601 1146 646 rescripsit:
1185 603 1278 645 ‘cog-

192 646 304 681 ‘nati³
328 646 524 691 Sophronis
547 646 631 682 licet
654 647 700 682 ab
723 646 854 682 herede
876 646 1041 682 instituto
1064 648 1279 690 acceperant

195 691 335 735 ‘legata‚
359 695 490 733 tamen,
513 691 546 727 si
568 691 599 727 is
622 691 696 726 eius
722 691 940 727 condicionis
964 691 1073 727 fuerit
1102 691 1210 733 visus,
1239 693 1281 726 ut

191 736 364 781 ‘optinere
387 736 619 772 hereditatem
644 747 715 771 non
737 737 868 781 possit,
892 740 928 771 et
949 735 1028 772 iure
1050 736 1210 772 intestati
1233 734 1280 772 ad

190 784 265 817 ‘eos
290 786 460 826 cognatos
483 782 662 862 pertinet,
691 787 814 826 petere
844 781 1076 817 hereditatem
1098 781 1178 827 ipso
1201 780 1280 816 iure

191 828 382 872 ‘poter-unt.
417 837 482 872 pro
510 826 629 862 ibendi
646 830 765 862 autem
784 826 856 862 sint
875 836 922 862 an
939 837 1023 869 non,
1043 836 1087 863 ex
1107 827 1281 871 cuiusque

190 874 357 917 ‘persona
373 871 583 908 condicione
599 874 716 907 aetate
735 871 878 916 cognita
894 881 1005 908 causa
1021 882 1043 907 a
1058 871 1174 907 iudice
1193 881 1280 907 con·

190 920 210 952 2
259 917 486 953 ‘stituendum
517 917 608 953 erit'.
663 916 838 952 Amittere
866 917 905 952 id
937 917 1033 963 quod
1063 920 1279 953 testamento

190 962 319 998 meruit
342 966 378 997 et
400 973 480 998 eum
502 962 650 1015 placuit,
673 963 733 1007 qui
756 966 856 998 tutor
887 962 995 998 datus
1027 962 1210 998 excusavit
1241 971 1280 997 se

190 1017 213 1042 a
235 1007 370 1043 tutela:
396 1007 458 1043 sed
481 1018 513 1043 si
536 1011 749 1043 consecutus
773 1007 892 1050 fuerit,
916 1018 989 1044 non
1012 1007 1211 1043 admittitur
1233 1006 1280 1042 ad

191 1052 466 1088 excusationem.
506 1052 683 1088 diversum
703 1055 790 1097 puto
810 1052 848 1087 in
868 1062 922 1096 eo,
946 1052 1008 1105 qui
1025 1053 1181 1098 legatum
1199 1057 1279 1087 tan-

193 1102 266 1133 tum
286 1098 415 1133 meruit
431 1102 467 1133 et
481 1107 504 1133 a
521 1102 635 1133 matre
652 1097 776 1142 pupilli
789 1101 889 1133 tutor
902 1101 1036 1150 petitus
1051 1108 1223 1134 excusare
1242 1107 1280 1133 se

193 1143 332 1179 maluit:
357 1143 415 1178 hic
438 1142 531 1179 enim
555 1142 643 1178 nihil
667 1146 792 1178 contra
814 1143 984 1178 iudicmm
1004 1142 1164 1179 defuncti
1182 1142 1278 1178 fecit.

192 1188 253 1224 sed
268 1188 338 1223 hoc
351 1187 517 1233 legatum,
538 1187 634 1240 quod
647 1188 759 1223 tutori
772 1187 978 1233 denegatur,
1002 1198 1076 1224 non
1091 1188 1137 1224 ad
1153 1188 1279 1224 fiscum

193 1232 416 1275 transfertur,
436 1233 499 1269 sed
514 1232 588 1268 fiho
605 1232 827 1278 relinquitur,
849 1233 951 1269 cuius
968 1234 1142 1269 utilitates
1158 1233 1279 1269 deser-

191 1281 209 1313 3
257 1283 317 1313 tae
345 1282 440 1314 sunt.
488 1278 526 1313 Si
555 1281 660 1323 pater
689 1279 912 1314 accusaverit
940 1282 1193 1314 testamentum
1224 1278 1279 1314 vel

190 1323 373 1366 dominus,
405 1323 639 1368 denegabitur
663 1323 696 1358 ei
719 1324 815 1359 actio
838 1324 945 1359 etiam
968 1324 1044 1360 eius
1102 1323 1175 1360 uod
1205 1323 1278 1359 filio

190 1370 268 1405 eius
290 1369 345 1404 vel
369 1379 470 1404 servo
494 1369 649 1413 legatum
674 1371 739 1410 est,
764 1369 795 1404 si
818 1368 864 1403 ad
886 1369 985 1414 ipsos
1002 1379 1080 1405 emo
1097 1374 1276 1405 umentum

190 1414 242 1449 rei
265 1417 519 1459 perventurum
544 1417 621 1449 est:
671 1414 743 1449 uod
759 1414 789 1449 si
812 1423 1002 1460 personam
1016 1414 1160 1450 illorum
1174 1424 1277 1460 spec-

192 1463 211 1493 4
258 1463 321 1501 tet,
347 1458 523 1494 diversum
548 1458 651 1494 dicen
677 1469 736 1494 um
759 1462 826 1494 est.
873 1459 912 1495 Si
935 1469 1076 1495 servum
1091 1470 1197 1496 suum
1218 1469 1278 1496 ro-

190 1507 295 1549 gatus
320 1504 366 1539 sit
388 1503 639 1539 manumittere
662 1504 723 1549 qui
746 1504 901 1549 legatum
924 1505 1071 1549 meruit,
1095 1505 1151 1542 vel
1173 1505 1278 1541 etiam

188 1550 200 1584 i
227 1549 258 1584 si
287 1559 389 1585 servo
421 1553 613 1594 utrumque
644 1548 767 1584 datum
799 1550 865 1592 sit,
902 1549 1093 1586 dicendum
1123 1553 1179 1586 est
1206 1561 1280 1586 non

212 1595 319 1630 ebere
343 1594 469 1630 obesse
492 1603 595 1630 servo
617 1593 755 1630 factum
778 1594 924 1638 domini,
947 1595 1013 1632 sed
1035 1605 1058 1631 a
1073 1596 1163 1632 fisco
1185 1595 1278 1632 redi-

188 1639 364 1682 mendum,
388 1643 430 1674 ut
443 1639 727 1682 manumittatur,
752 1640 783 1676 si
799 1644 920 1675 tamen
936 1641 1020 1676 velit
1037 1651 1179 1677 servum
1194 1651 1278 1676 ven-

189 1685 273 1720 dere
297 1685 396 1731 (quia
419 1688 635 1764 nonfiflotest
659 1685 750 1765 coiff)
807 1685 842 1720 ui
865 1685 1037 1721 iudicium
1061 1686 1194 1732 sprevit
1217 1686 1278 1721 de-

189 1734 208 1765 5
256 1730 381 1765 functi.
431 1730 469 1765 S1
544 1740 586 1766 us
618 1729 702 1765 fam·
731 1740 771 1766 as
811 1731 926 1767 alsum
955 1731 1177 1767 accusaverit
1206 1735 1278 1767 tes-

187 1779 395 1817 tamentum,
419 1774 611 1811 videndum
637 1778 710 1819 est,
743 1785 790 1810 an
823 1775 993 1822 denegari
1023 1776 1153 1812 debeat
1184 1777 1279 1813 actio

188 1820 304 1866 patri:
338 1825 375 1857 et
403 1824 512 1867 puto,
545 1820 577 1856 si
604 1820 714 1856 invito
737 1826 840 1866 patre
863 1822 1065 1864 accusavit,
1098 1831 1172 1858 non
1201 1831 1279 1858 esse

189 1870 210 1901 6
258 1866 500 1911 denegandam
531 1866 627 1911 patri
656 1866 846 1902 actionem.
899 1866 937 1902 Si
958 1866 1010 1909 is,
1043 1867 1100 1902 cui
1131 1870 1278 1912 rogatus

190 1922 269 1947 sum
292 1911 449 1956 legatum
472 1911 671 1954 restituere,
693 1911 826 1947 falsum
849 1911 997 1955 dixerit,
1032 1912 1220 1948 restituere
1242 1912 1280 1948 id

191 1960 209 1991 ‘1
257 1957 346 1992 fisco
372 1956 522 1992 debebo.
569 1955 638 2000 Qui
660 1957 845 1993 accusavit
873 1956 1024 2001 falsum,
1056 1958 1160 1993 heres
1183 1958 1279 2003 lega-

189 2001 280 2038 tario
312 2001 449 2037 exstitit
478 2001 534 2037 vel
563 2001 687 2037 heredi
715 2001 871 2055 scripto:
907 2002 996 2038 nihil
1030 2003 1115 2038 huic
1148 2012 1280 2039 nocere

190 2050 210 2082 8
258 2047 449 2083 dicendum
461 2050 527 2082 est.
552 2045 682 2083 Similis
697 2050 752 2083 est
763 2057 796 2083 ei
808 2051 844 2083 et
855 2046 917 2093 qui
928 2047 1167 2084 inofficiosum
1181 2048 1278 2084 dicit.

189 2096 210 2127 9
256 2092 378 2128 Aetati
403 2092 479 2127 eius
503 2091 564 2136 qui
587 2092 770 2128 accusavit
789 2092 998 2138 ignoscitur,
1022 2097 1059 2129 et
1073 2093 1225 2129 maxime
1248 2094 1279 2129 si

188 2140 289 2174 tutor
309 2137 365 2173 vel
389 2141 535 2172 curator
558 2136 676 2173 dicere
694 2137 824 2173 falsum
839 2138 894 2173 vel
916 2137 1156 2174 inofficiosum
1172 2139 1275 2175 velit:

190 2186 227 2219 et
248 2182 301 2218 ita
315 2182 548 2227 imperatores
563 2181 714 2218 Severus
733 2186 769 2217 et
784 2182 989 2219 Antoninus
1004 2184 1277 2229 rescripserunt.

193 2231 234 2263 10
279 2227 346 2263 His
370 2237 466 2269 vere,
490 2227 551 2272 qui
573 2227 776 2263 testimonio
801 2238 867 2264 suo
880 2228 1111 2264 intentionem
1128 2239 1277 2266 accusa-

187 2273 276 2309 toris
300 2272 567 2314 adjuvaverunt,
591 2272 661 2308 den
753 2272 800 2308 da
822 2277 879 2308 est
901 2273 1018 2309 actio:
1046 2273 1154 2319 idque
1177 2274 1278 2310 divus

191 2322 225 2354 1¹
283 2317 434 2354 Severus
459 2317 625 2353 decrevit.
699 2322 765 2353 unt
787 2318 848 2363 qui
870 2322 1012 2364 putant,
1045 2323 1081 2354 et
1102 2323 1211 2362 recte,
1244 2323 1280 2355 et

189 2364 223 2400 ei
246 2363 509 2409 denegandam,
540 2363 601 2408 qui
624 2363 829 2399 accusatori
859 2363 976 2400 adfuit
1004 2363 1060 2400 vel
1091 2363 1280 2400 fideiussor

191 2412 232 2445 12
278 2418 345 2455 pro
370 2419 412 2445 eo
436 2408 621 2444 exstiterit.
657 2407 810 2453 Quidam
825 2412 862 2444 et
877 2408 1077 2454 praesidem
1095 2409 1278 2455 indignum

187 2458 327 2500 putant,
346 2453 407 2500 qui
421 2457 674 2490 testamentum
689 2453 821 2489 falsum
835 2453 1090 2499 pronuntiavit,
1107 2454 1139 2490 si
1155 2455 1277 2500 appel-

192 2503 232 2536 13
279 2499 413 2535 latione
430 2498 675 2534 intercedente
693 2498 797 2535 heres
815 2499 973 2545 scriptus
995 2499 1159 2545 optinuit.
1202 2500 1277 2537 Ad-

188 2548 353 2581 vocatum
377 2544 473 2586 fisci,
508 2544 568 2589 qui
598 2544 829 2579 intentionem
860 2544 1030 2580 delatoris
1062 2545 1277 2590 exsequitur,

192 2594 230 2625 14
277 2591 315 2625 in
339 2590 504 2625 omnibus
528 2588 639 2625 officii
662 2589 856 2626 necessitas
881 2590 968 2625 satis
999 2594 1162 2626 excusat.
1209 2589 1278 2635 Qui

187 2635 385 2681 principale
408 2637 657 2670 testamentum
682 2634 810 2680 arguit,
843 2638 880 2670 et
902 2644 925 2670 a
955 2635 1122 2671 secundis
1145 2635 1277 2672 tabulis

188 2679 412 2726 repellendus
453 2684 528 2715 est:
563 2679 647 2715 item
682 2689 704 2715 a
739 2679 910 2716 codicillis
945 2679 992 2715 ad
1025 2684 1276 2716 testamentum

189 2725 294 2761 factis
326 2725 409 2760 licet
437 2734 509 2760 non
541 2724 772 2761 confirmatis.
824 2735 898 2760 non
927 2724 1020 2761 idem
1058 2726 1277 2771 sequendum

189 2774 260 2813 est,
284 2770 314 2806 si
339 2769 514 2807 secundas
539 2769 682 2805 tabulas
705 2769 760 2806 vel
784 2770 965 2806 codicillos
990 2771 1169 2816 coarguit,
1194 2771 1278 2817 quia

194 2819 232 2850 15
279 2826 351 2851 non
375 2818 566 2860 utrumque
590 2815 659 2850 hoc
684 2825 770 2851 casu
785 2815 1008 2869 improbasse
1022 2815 1172 2852 videtur.
1218 2817 1277 2852 An

189 2860 337 2896 libertas
360 2859 394 2895 ei
417 2869 519 2896 servo
543 2859 646 2903 data,
678 2860 739 2905 qni
761 2860 964 2897 testimonio
995 2871 1063 2897 suo
1085 2860 1277 2907 infringere

189 2905 341 2942 voluerit
363 2908 632 2947 testamentum,
664 2904 799 2941 auferri
821 2905 969 2948 debeat,
997 2905 1186 2942 videndum
1209 2912 1277 2943 est.

189 2950 499 2986 fideicommissum
524 2950 575 2985 uti
600 2960 645 2985 ue
675 2961 747 2986 non
777 2954 834 2987 est
864 2949 991 2996 dignus
1022 2951 1210 2997 consequi:
1240 2956 1277 2989 et

193 2995 238 3031 de
261 2995 426 3031 libertate
449 2994 550 3030 divus
575 2961 661 3031 gius
684 2995 856 3031 iudicavit
877 3006 956 3032 esse
980 3006 1024 3032 ea
1053 2996 1275 3042 privandum.

195 3044 233 3075 16
279 3039 337 3083 Ei,
361 3039 422 3086 qui
444 3043 544 3075 tutor
566 3039 671 3076 datus
695 3044 762 3083 est,
785 3051 859 3077 non
881 3041 1029 3086 prodest
1057 3042 1104 3077 ad
1126 3051 1276 3078 excusa-

189 3086 342 3129 tionem,
371 3084 467 3132 quod
497 3084 626 3120 falsum
650 3085 756 3122 dixit:
789 3085 852 3123 sed
875 3096 898 3121 a
920 3086 1039 3131 legato
1061 3091 1274 3124 removetur.

194 3134 231 3166 17
278 3130 348 3176 Qui
370 3129 494 3165 mortis
518 3139 629 3165 causa
646 3129 871 3167 donationem
891 3133 1032 3177 accepit
1050 3142 1073 3168 a
1092 3135 1274 3175 testatore,

193 3178 233 3212 18
280 3186 354 3212 non
384 3178 440 3211 est
470 3174 592 3210 similis
629 3174 667 3210 in
704 3176 774 3211 hac
810 3186 921 3212 causa
956 3176 1138 3222 legatario.
1193 3177 1276 3213 Alia

190 3231 299 3258 causa
329 3223 385 3257 est
413 3219 489 3257 eius
519 3220 578 3265 qui
606 3225 755 3266 propter
785 3224 1035 3257 testamentum
1059 3232 1082 3257 a
1103 3222 1274 3267 legatario

189 3266 243 3302 vel
272 3276 296 3302 a
326 3264 534 3301 statulibero
564 3264 728 3310 accipere
757 3266 876 3302 iussus
912 3271 984 3303 est:
1019 3266 1078 3303 hic
1110 3267 1203 3303 enim
1235 3272 1275 3303 ut

194 3315 232 3346 19
278 3311 316 3346 in
342 3311 351 3320 ‘
399 3320 443 3346 us
527 3309 665 3346 elletur.
698 3309 749 3345 Et
771 3310 955 3348 Falcidiae
978 3311 1188 3348 beneficium
1210 3311 1273 3348 he-

188 3355 264 3394 redi
287 3359 421 3402 scripto
445 3365 468 3391 a
507 3354 579 3391 erri
602 3353 732 3391 debere
755 3354 855 3392 divus
879 3357 966 3392 Pius
991 3361 1028 3393 et
1049 3356 1150 3394 divus
1173 3357 1273 3394 Mar-

189 3404 233 3436 20
281 3412 344 3437 cus
368 3404 594 3447 putaverunt.
630 3399 771 3439 Omnes,
796 3402 855 3446 qui
879 3405 920 3437 ut
942 3402 978 3436 in
1063 3402 1075 3437 i
1097 3402 1272 3448 repellen-

189 3451 268 3489 tur,
297 3444 542 3483 summovendi
571 3448 656 3481 sunt
686 3454 709 3480 a
737 3446 914 3490 praemio,
950 3457 1019 3492 quo
1076 3449 1270 3484 secundum

189 3492 344 3528 edictum
368 3490 438 3526 divi
461 3489 606 3527 Traiani
630 3488 736 3526 datur
758 3489 813 3526 his
838 3490 898 3535 qui
921 3500 961 3527 se
983 3490 1157 3528 deferunt.

235 3534 262 3575 6
286 3535 525 3573 Maeonios
552 3535 644 3572 libro
673 3535 837 3571 vimmo
870 3536 1028 3571 secundo
1051 3536 1270 3584 dzyestomm

190 3580 416 3627 Rescriptum
439 3584 495 3618 est
517 3590 541 3617 a
561 3579 724 3627 principe
744 3579 909 3616 heredem
924 3581 974 3616 rei
998 3591 1105 3627 quam
1120 3581 1271 3618 amovis-

190 3696 231 3734 (ι)
255 3694 331 3734 ads
346 3701 358 3728 ι
372 3691 413 3738 es.
426 3694 471 3727 D.
485 3695 517 3734 5,
529 3700 557 3733 s,
571 3700 605 3727 ⁴³
697 3693 741 3733 (²)
766 3701 845 3735 ergo
858 3692 919 3726 dar.

191 3741 234 3784 (ἵ)
259 3742 367 3772 tamen
380 3741 419 3772 ut
429 3738 578 3783 indignis
588 3736 765 3771 heredibus
777 3750 837 3770 arr.

1014 3693 1056 3731 (a)
1081 3692 1230 3734 cognatis
1244 3692 1276 3726 F

931 3739 974 3777 (el
1001 3738 1081 3779 quin
1099 3737 1174 3771 Bm

1277 112 1361 162 496
1607 161 1611 163 ,

1510 30 1580 91 ¹⁵5

2031 129 2093 161 DE
2121 128 2196 162 ms
2221 129 2343 169 QUAE
2371 131 2429 162 m·

1348 242 1403 276 set
1425 242 1590 285 quartam
1612 249 1686 276 non
1708 239 1872 276 retinere.
1921 241 1958 276 et
1978 237 2060 276 ideo
2075 238 2107 275 si
2128 239 2159 275 is
2183 239 2245 285 qui
2261 239 2428 286 quadrin-

1346 287 1454 330 genta
1475 284 1632 321 habebat
1653 284 1819 321 universa
1841 284 2100 330 quadringenta
2120 284 2251 330 legavit
2271 289 2309 321 et
2326 286 2429 322 heres

1349 333 1491 365 centum
1514 330 1759 370 subtraxisset,
1790 334 2030 366 trecentorum
2062 334 2224 375 quartam
2252 330 2428 373 retinebit,

1348 378 1454 419 septu
1503 374 1577 411 ‘nta
1598 375 1755 429 quinque
1779 375 1926 417 scilicet,
1950 378 1986 410 et
2009 374 2163 410 ducenta
2183 375 2304 420 viginti
2352 376 2428 411 uin-

1348 429 1417 465 que
1432 384 1533 455 dixit
1547 419 1744 465 legatariis:
1767 430 1813 456 ex
1837 423 1979 456 centum
2003 429 2096 465 quae
2119 419 2309 466 subripuit,
2328 387 2428 466 cfega-

1347 463 1457 517 tariis·
1472 463 1737 518 quidem-dabit
1758 465 1983 546 :fftuaginta
2013 465 2179 518 quinque,
2206 465 2363 511 reliqua,
2394 465 2430 502 id

1347 513 1404 546 est
1426 510 1548 554 Vlgmti
1570 520 1737 555 qumque,
1829 509 1956 546 fiscum
1978 514 2130 546 venient.

1395 551 1419 591 7
1444 554 1699 591 Moorsrnvvs
1711 555 1802 592 libro
1818 560 1924 591 sexto
1938 555 2226 601 differentiarum
2263 554 2331 600 Qui
2348 555 2431 592 Titii

1348 603 1599 636 testamentum
1622 599 1753 636 falsum
1775 599 1864 636 dixit
1898 610 1965 636 nec
2000 600 2171 646 optinuit,
2202 600 2325 636 heredi
2355 601 2430 636 eius

1347 646 1451 681 heres
1474 645 1645 681 exsistere
1668 644 1910 698 prohibendus
1933 656 2007 682 non
2029 649 2102 688 est,
2133 645 2217 691 quia
2239 656 2309 681 non
2333 646 2430 692 prin·

1348 690 1511 735 cipaliter
1532 691 1570 726 in
1594 690 1679 726 Titii
1701 690 1932 726 hereditatem
1955 690 2126 727 succedit.

1394 732 1419 774 8
1443 735 1551 771 1021
1570 735 1660 771 libro
1676 746 1771 771 nono
1787 736 1997 782 reqularum
2037 735 2187 781 Indigno
2203 735 2333 772 herede
2347 746 2430 782 pro-

1347 780 1510 816 nuntiato
1533 780 1721 826 adempta⁴
1745 781 1943 817 hereditate
1974 781 2141 817 confusas
2173 781 2332 818 actiones
2356 791 2431 818 res·

1346 826 1427 861 titui
1451 837 1523 862 non
1546 830 1699 872 oportet.

1393 869 1419 910 9
1451 871 1646 908 mmmm
1665 872 1756 908 libro
1779 875 1911 924 quarto
1935 871 2071 908 decimo
2094 871 2145 908 ad
2161 871 2275 919 leqem
2297 871 2431 908 Iuliam

1348 920 1384 952 et
1418 915 1475 952 Pa
1503 917 1575 952 iam
1635 916 1674 951 Si
1706 916 1912 952 inimicitiae
1953 915 2124 963 capitales
2165 917 2432 953 intervenerunt

1348 962 1441 998 inter
1462 927 1671 1007 lggatarium
1694 966 1731 997 et
1753 965 1959 998 testatorem
1981 966 2018 998 et
2040 962 2226 999 verisimile
2248 972 2327 999 esse
2351 972 2431 999 coe-

1348 1008 1442 1053 perit
1464 1011 1672 1043 testatorem
1688 1007 1845 1043 noluisse
1861 1007 2017 1052 legatum
2033 1008 2106 1043 sive
2122 1007 2431 1044 fideicommissum

1348 1052 1526 1098 praestari
1547 1052 1592 1093 ei,
1616 1051 1674 1088 cui
1697 1052 1917 1098 adscriptum
1940 1052 2126 1088 relictum⁸
2147 1056 2214 1095 est,
2237 1053 2348 1098 magis
2367 1058 2432 1096 est,

1353 1102 1367 1133 1
1416 1102 1458 1133 ut
1480 1097 1634 1143 legatum
1658 1098 1704 1134 ab
1727 1108 1771 1133 eo
1794 1097 1869 1142 peti
1891 1107 1964 1133 non
1987 1097 2112 1143 possit.
2160 1097 2230 1134 Sed
2253 1102 2290 1134 et
2311 1099 2343 1135 si
2368 1109 2431 1145 pa·

1348 1143 1419 1178 lam
1443 1146 1479 1179 et
1501 1146 1625 1188 aperte
1646 1143 1812 1179 testatori
1835 1142 2056 1178 maledixerit
2078 1147 2115 1178 et
2129 1142 2305 1180 infaustas
2327 1154 2431 1180 voces

1348 1188 1520 1224 adversus
1543 1197 1624 1224 eum
1647 1187 1843 1230 iactaverit,
1867 1187 1961 1223 idem
1985 1188 2052 1224 erit
2075 1187 2275 1224 dicendum.
2314 1189 2345 1225 si
2368 1199 2432 1225 au·

1347 1238 1418 1269 tem
1442 1236 1559 1269 status
1583 1233 1657 1269 eius
1682 1232 1960 1269 controversiam
1982 1233 2110 1276 movit,
2141 1233 2335 1279 denegatur
2357 1235 2431 1271 eius

1347 1278 1444 1325 quod
1474 1282 1688 1315 testamento
1718 1278 1859 1324 accepit
1887 1278 2105 1323 persecutio:
2136 1288 2182 1314 ex
2212 1289 2283 1325 qua
2313 1280 2433 1325 specie

1347 1324 1467 1360 statim
1489 1323 1579 1360 fisco
1603 1322 1793 1360 deferetur.

1396 1369 1446 1407 10
1474 1368 1526 1406 Ga
1534 1378 1598 1405 ms
1617 1369 1709 1405 libro
1733 1369 1858 1415 quinto
1882 1368 2018 1405 decimo
2042 1367 2093 1404 ad
2114 1368 2227 1416 leqem
2241 1368 2375 1405 Iuliam
2398 1375 2433 1406 et

1346 1413 1504 1462 Papiam
1557 1414 1601 1450 Iu
1630 1414 1792 1450 fraudem
1822 1414 1910 1450 iuris
1939 1413 2045 1450 fidem
2076 1413 2342 1459 accommodat,
2372 1416 2433 1461 qui

1346 1459 1402 1496 vel
1424 1460 1461 1495 id
1485 1460 1581 1506 quod
1603 1459 1814 1505 relinquitur
1836 1459 1892 1495 vel
1915 1459 2012 1495 aliud
2034 1459 2143 1495 tacite
2162 1460 2339 1506 promittit
2357 1471 2432 1497 res-

1346 1505 1537 1541 tituturum
1568 1515 1606 1541 se
1635 1514 1811 1551 personae
1873 1514 1942 1540 uae
1970 1504 2107 1550 legibus
2147 1516 2190 1541 ex
2220 1509 2432 1542 testamento

1347 1550 1724 1632 ‘1⁵²¹'Sss‘ss2-t1'2‘1'ffibffi1uia
1743 1516 2432 1642 Βέἲὲοῇἷέῑίῗέἒὲῗῗὲῳῗθὲΐωέῗςῇὲ

1347 1641 1381 1676 ei
1403 1641 1464 1687 qui
1495 1651 1626 1687 capere
1655 1607 1770 1686 possi't
1800 1644 1946 1686 rogatus
1981 1639 2089 1677 fuerit
2117 1641 2305 1677 restituere
2336 1646 2372 1677 et
2402 1642 2432 1678 is

1347 1686 1473 1722 mortis
1496 1690 1657 1732 tempore
1679 1685 1891 1740 prohibetur
1922 1685 2151 1738 legibus-hoc
2180 1696 2328 1732 capere,
2360 1697 2432 1723 non

1348 1731 1473 1767 dubito
1499 1731 1596 1777 quin,
1625 1735 1695 1768 etsi
1717 1730 1836 1767 deficit
1866 1730 2197 1774 fideicommissum,
2226 1742 2249 1767 a
2274 1731 2323 1768 ud
2353 1742 2432 1768 eum

1347 1780 1478 1818 tamen,
1503 1777 1564 1822 qui
1587 1780 1733 1822 rogatus
1757 1781 1813 1812 est
1827 1777 2027 1819 restituere,
2052 1786 2196 1813 manere
2209 1776 2253 1813 de
2279 1781 2325 1819 et,
2350 1779 2433 1823 quia

1347 1822 1447 1857 nulla
1469 1822 1568 1858 fraus
1593 1821 1669 1858 eius
1691 1822 1924 1858 intervenisse
1946 1821 2096 1864 videtur,
2120 1821 2189 1857 nisi
2221 1822 2253 1858 si
2274 1823 2312 1858 in
2335 1822 2432 1858 futu-

1347 1878 1426 1903 rum
1450 1877 1573 1903 casum
1594 1866 1702 1903 fidem
1725 1866 2016 1909 accommodavit,
2039 1866 2076 1902 id
2099 1871 2155 1903 est
2176 1870 2237 1910 ut,
2266 1867 2351 1904 licet
2373 1878 2432 1904 ca-

1349 1915 1369 1948 2
1415 1923 1502 1959 pere
1525 1911 1662 1958 legibus
1686 1912 1868 1958 prohiberi
1892 1912 2065 1958 coeperit,
2098 1912 2274 1948 restituat.
2321 1913 2433 1949 Recte

1351 1958 1485 1994 dictum
1510 1962 1575 2000 est,
1599 1958 1631 1997 si
1650 1962 1757 2010 pater
1779 1957 1854 2000 filii,
1878 1967 1982 2003 quem
2004 1958 2042 1993 in
2091 1960 2243 1994 otestate
2265 1958 2431 2002 habebat,

1348 2004 1496 2040 tacitam
1517 2002 1625 2039 fidem
1647 2003 1918 2048 interposuerit,
1949 2013 2023 2038 non
2077 2003 2183 2039 ebere
2211 2002 2249 2039 id
2271 2002 2344 2040 filio
2367 2014 2431 2040 no-

1350 2058 1442 2091 cere,
1467 2048 1551 2094 quia
1573 2048 1722 2094 parendi
1745 2048 1994 2084 necessitatem
2016 2048 2192 2084 habuerit.

1396 2092 1444 2132 11
1473 2094 1719 2130 Papnmzws
1744 2093 1836 2129 libro
1865 2094 1992 2140 quinto
2016 2094 2152 2130 decimo
2182 2094 2431 2140 quaestionum

1347 2139 1473 2182 Heres,
1497 2139 1559 2184 qui
1581 2139 1727 2174 tacitam
1750 2137 1856 2174 fidem
1881 2142 2009 2174 contra
2030 2138 2126 2184 leges
2141 2138 2431 2181 accommodavit,

1347 2185 1383 2220 in
1408 2194 1451 2219 ea
1473 2187 1596 2230 parte,
1627 2184 1744 2229 quae⁶
1776 2182 1940 2220 fraudem
1963 2183 2141 2226 adhibuit,
2176 2183 2338 2220 Falcidia
2360 2194 2432 2220 non

1348 2229 1479 2265 utitur:
1515 2233 1552 2265 et
1574 2229 1626 2264 ita
1647 2231 1793 2264 senatus
1817 2229 1967 2265 censuit.
2014 2228 2078 2265 sed
2108 2229 2140 2265 si
2169 2229 2284 2265 maior
2305 2229 2430 2266 modus

1346 2274 1578 2311 institutionis
1604 2284 1711 2320 quam
1740 2273 1876 2310 fraudis
1900 2273 2019 2317 fuerit,
2072 2274 2144 2310 uod
2167 2274 2214 2310 ad
2236 2274 2430 2310 Falcidiam

1347 2320 1488 2362 attinet,
1513 2320 1557 2355 de
1580 2318 1761 2364 superfluo
1785 2323 1914 2364 quarta
1936 2319 2049 2355 retine
2075 2319 2158 2355 itur.

1395 2362 1446 2403 12
1469 2364 1577 2400 IDEM
1605 2365 1697 2401 libro
1730 2371 1835 2400 sexto
1869 2364 2005 2400 decimo
2038 2365 2286 2410 quaestionum
2342 2365 2430 2402 Cum

1346 2410 1489 2455 quidam
1512 2409 1714 2462 scripsisset
1735 2408 1884 2446 heredes
1907 2419 1997 2454 quos
2019 2409 2206 2446 instituere
2229 2420 2301 2446 non
2324 2415 2430 2456 potu-

1346 2458 1434 2498 erat,
1457 2465 1616 2500 quamvis
1647 2454 1824 2490 institutio
1855 2464 1927 2490 non
1957 2454 2092 2490 valeret
2119 2464 2235 2500 neque
2266 2456 2429 2501 superius

1344 2504 1595 2536 testamentum
1618 2503 1763 2545 ruptum
1792 2503 1904 2541 esset,
1934 2499 2124 2535 heredibus
2155 2503 2275 2536 tamen
2305 2504 2347 2536 ut
2374 2501 2429 2536 in-

1346 2545 1459 2591 dignis
1470 2546 1496 2588 ⁷,
1529 2545 1590 2591 qui
1624 2555 1697 2580 non
1727 2544 1932 2580 habueruut
1962 2554 2164 2590 supremam
2201 2545 2428 2584 voluntatem.

1346 2590 1495 2626 abstulit
1517 2590 1587 2625 iam
1611 2589 1748 2636 pridem
1764 2594 1911 2626 senatus
1925 2589 2168 2626 hereditatem.
2216 2590 2313 2635 quod
2328 2591 2429 2627 divus

1345 2635 1491 2671 Marcus
1514 2635 1552 2670 in
1575 2635 1651 2671 eius
1675 2644 1830 2681 persona
1851 2634 2035 2676 iudicavit,
2071 2635 2173 2671 cuius
2197 2645 2325 2672 nomen
2347 2645 2427 2681 per-

1345 2686 1428 2717 acto
1451 2684 1665 2717 testamento
1690 2684 1841 2716 testator
1863 2679 2070 2716 induxerat:
2097 2690 2242 2716 causam
2265 2681 2359 2717 enim
2383 2681 2428 2717 ad

1345 2725 1703 2808 {iffieffissffifi
1725 2725 2428 2816 mff‡‘²„5333fi2213r;.¹04532²m¹⁶3¹532

1344 2816 1538 2853 voluntatis
1561 2816 1630 2852 erit
1652 2815 1832 2862 quaestio:
1865 2819 1902 2852 et
1931 2816 2086 2860 legatum
2114 2815 2148 2851 ei
2177 2825 2252 2851 non
2274 2816 2423 2862 denega-

1344 2861 1459 2904 bitur,
1493 2861 1562 2897 nisi
1584 2861 1654 2897 hoc
1682 2860 1862 2897 evidenter
1891 2864 2097 2897 testatorem
2132 2860 2285 2897 voluisse
2315 2871 2426 2907 appa-

1343 2910 1434 2943 reat.

1394 2950 1442 2990 13
1479 2950 1587 2988 Imm
1616 2950 1707 2987 libro
1751 2951 1935 2997 triqesimo
1976 2950 2134 2987 secundo
2176 2951 2424 2997 quaestionum

1345 2996 1514 3034 Claudius
1538 2996 1707 3033 Seleucus
1730 2995 1929 3041 Papiniano
1960 3005 2026 3032 suo
2057 2995 2219 3031 salutem.
2265 2996 2424 3033 Maevius

1343 3043 1381 3078 in
1393 3041 1567 3078 adulterio
1578 3041 1807 3086 Semproniae
1822 3040 2011 3077 damnatus
2025 3039 2171 3076 eandem
2183 3039 2263 3076 Sem
2290 3041 2425 3077 roniam

1343 3098 1415 3124 non
1438 3087 1642 3123 damnatam
1667 3086 1770 3121 duxit
1791 3096 1957 3122 uxorem:
1982 3085 2067 3131 qui·
2089 3085 2243 3122 moriens
2284 3086 2423 3122 eredcm

1343 3142 1421 3168 eam
1444 3131 1603 3177 reliquit:
1635 3141 1780 3176 quaero,
1810 3141 1857 3167 an
1878 3131 2010 3166 iustum
2033 3131 2294 3167 matrimonium
2318 3131 2426 3167 fuerit

1344 3181 1381 3213 et
1402 3187 1447 3213 an
1471 3176 1598 3212 mulier
1627 3176 1674 3211 ad
1706 3176 1939 3212 hereditatem
1967 3175 2203 3212 admittattur.
2257 3177 2425 3222 respondi

1342 3231 1457 3268 neque
1478 3221 1551 3257 tale
1573 3221 1834 3257 matrimonium
1857 3225 1954 3257 stare
1985 3230 2100 3266 neque
2131 3220 2339 3258 hereditatis
2368 3222 2423 3257 lu-

1342 3278 1442 3303 crum
1458 3266 1505 3303 ad
1519 3266 1699 3302 mulierem
1713 3266 1901 3312 pertinere,
1924 3265 1988 3302 sed
2004 3266 2099 3311 quod
2116 3266 2277 3302 relictum
2301 3269 2356 3303 est
2377 3267 2423 3302 ad

1340 3311 1467 3349 fiscum
1489 3311 1684 3357 pervenire.
1733 3310 1797 3348 sed
1820 3314 1858 3347 et
1878 3310 1910 3346 si
1932 3311 2013 3346 talis
2037 3311 2164 3347 mulier
2185 3311 2297 3347 virum
2321 3311 2421 3347 here-

1341 3356 1420 3393 dem
1442 3356 1647 3399 instituerit,
1672 3359 1709 3392 et
1719 3356 1766 3392 ab
1787 3365 1831 3392 eo
1845 3355 1947 3401 quasi
1970 3355 2016 3391 ab
2032 3355 2176 3402 indigno
2191 3355 2421 3392 hereditatem

1339 3401 1472 3438 auferri
1495 3401 1655 3437 dicimus.

1389 3446 1437 3485 14
1463 3446 1570 3482 [otu
1589 3447 1679 3483 libro
1703 3446 1885 3493 mqesimo
1909 3446 2014 3480 lertio
2046 3445 2293 3491 quaestionum
2339 3445 2420 3481 Mu-

1339 3491 1478 3534 lierem,
1513 3501 1605 3537 quae
1639 3494 1764 3537 stupro
1799 3489 1941 3536 cognita
1974 3489 2011 3525 in
2041 3489 2273 3526 contubernio
2303 3491 2421 3527 militis

1339 3536 1419 3580 fuit,
1443 3536 1510 3573 etsi
1534 3540 1757 3572 sacramento
1779 3536 1879 3571 miles
1903 3535 2041 3571 solutus
2063 3535 2159 3582 intra
2173 3545 2303 3571 annum
2326 3546 2421 3571 mor-

1338 3584 1411 3617 tem
1435 3581 1572 3625 obierit,
1595 3591 1668 3618 non
1690 3580 1829 3617 admitti
1851 3579 1899 3616 ad
1921 3583 2172 3616 testamentum
2185 3580 2263 3616 iure
2277 3580 2421 3617 militiae

1360 3694 1405 3735 (Δ)
1430 3693 1520 3726 adita
1539 3706 1600 3728 scr.
1739 3695 1783 3735 (5)
1807 3692 2001 3727 relictumve
2012 3706 2074 3728 cer.
2191 3695 2235 3736 (e)
2259 3703 2326 3736 qua
2346 3694 2415 3727 edd.
