2528 3918
115 147 172 179 m*
200 146 460 180 uononmus

114 260 220 304 titur,
251 259 290 295 in
318 259 444 307 primis
468 256 728 295 consideranda
758 267 914 303 persona
937 263 993 293 est
1015 259 1110 301 eius,
1142 260 1201 294 cui

116 304 274 341 defertur
293 304 410 341 honor
427 304 502 341 sive
520 303 676 340 muneris
696 301 972 339 administratio:
997 303 1082 339 item
1101 304 1199 349 origo

113 349 305 385 natalium:
341 349 533 386 facultates
570 358 711 394 quoque
747 357 794 383 an
831 347 999 384 sufficere
1039 348 1199 385 iniuncto

113 394 271 430 muneri¹
295 395 453 440 possint:
483 394 569 430 item
592 394 668 436 lex,
693 392 891 429 secundum
914 404 1021 438 quam
1044 393 1199 429 muneri-

114 443 134 474 4
181 440 249 475 bus
279 440 430 486 quisque
459 438 562 484 fungi
593 438 730 474 debeat.
788 437 923 473 Plebeii
954 438 1018 473 filii
1046 438 1199 475 familias

113 485 270 530 periculo
295 486 371 521 eius
396 484 455 531 qui
479 484 713 520 nominaverit
736 483 972 525 tenebuntur,
1004 482 1110 528 idque
1134 485 1198 519 im-

113 534 259 575 perator
286 534 409 566 noster
440 530 590 566 Severus
614 530 799 574 Augustus
828 528 866 563 in
897 528 987 564 hacc
1010 530 1120 564 verba
1142 539 1198 565 re-

112 575 271 620 scripsit:
309 574 360 611 ‘Si
392 575 430 610 in
459 585 608 610 numero
640 574 858 619 plebeiorum
891 573 986 609 filius
1018 577 1102 610 tuus
1133 578 1199 618 est,

114 623 340 666 ‘quamquam
357 620 487 656 invitus
511 620 666 655 honores
686 630 729 654 ex
754 628 909 664 persona
932 618 998 654 filii
1018 619 1201 664 suscipere

113 665 204 711 ‘cogi
226 676 299 700 non
321 665 464 709 debeas,
488 668 608 700 tamen
631 665 807 707 resistere,
832 674 903 708 quo
922 663 1038 699 minus
1063 665 1201 710 patriae

113 711 344 755 ‘obsequatur
365 710 526 756 periculo
546 711 622 746 eius
646 710 707 755 qui
730 709 935 752 nominavit,
959 709 1037 745 iure
1061 710 1200 754 patriae

112 759 131 790 5
180 756 378 801 ‘potestatis
414 766 488 791 non
552 756 678 791 otes’2.
742 754 988 790 Gerendorum
1025 754 1201 791 honorum

111 811 184 836 non
207 800 412 846 promiscua
434 801 518 836 facu
533 805 589 837 tas
613 803 679 843 est,
703 799 767 836 sed
786 800 873 835 ordo
899 803 1018 836 certus
1042 801 1126 836 huic
1148 800 1202 836 rei

112 845 292 882 adhibitus
324 850 389 883 est.
436 856 519 882 nam
551 856 666 891 neque
694 845 794 891 prius
819 845 990 881 maiorem
1012 846 1199 891 magistra-

111 895 187 926 tum
204 892 401 937 quisquam,
422 892 491 928 nisi
510 891 681 927 minorem
699 891 908 936 susceperit,
929 901 1050 936 gerere
1068 895 1198 937 potest,

111 946 226 982 neque
249 937 296 972 ab
319 937 416 972 omni
438 940 567 980 aetate,
592 947 707 981 neque
731 936 941 972 continuare
966 936 1115 982 quisque
1133 937 1199 972 ho-

113 986 133 1016 6
178 993 284 1018 nores
301 986 431 1028 potest.
468 982 507 1017 Si
529 982 589 1018 alii
612 992 684 1017 non
708 981 780 1018 sint
803 982 863 1027 qui
887 982 1042 1018 honores
1062 986 1199 1027 gerant,

111 1027 253 1063 eosdem
289 1028 571 1073 compellendos,
615 1027 676 1072 qui
709 1027 902 1072 gesserint,
946 1027 1200 1072 conplurimis³

112 1073 426 1109 constitutionibus
458 1076 613 1108 cavetur.
662 1072 762 1108 divus
795 1073 902 1108 etiam
925 1072 1131 1109 Hadrianus
1156 1073 1200 1108 de

110 1117 281 1154 iterandis
330 1118 536 1154 muneribus
586 1117 795 1170 rescripsit⁴
844 1118 882 1153 in
932 1118 1023 1154 haec
1068 1118 1198 1154 verba:

111 1163 216 1198 ‘Hlud
248 1164 449 1206 consentio,
487 1167 543 1207 ut,
583 1163 613 1199 si
650 1163 713 1200 alil
747 1174 819 1199 non
851 1167 956 1199 erunt
984 1163 1106 1200 idonei
1137 1163 1199 1209 qui

111 1208 191 1244 ‘hoc
215 1219 361 1269 munere
381 1208 595 1254 fungantur,
620 1219 665 1245 ex
687 1208 761 1253 his,
786 1208 848 1254 qui
870 1209 942 1244 iam
964 1208 1081 1245 functi
1102 1212 1199 1254 sunt,

111 1257 290 1289 ‘creentur
307 1279 315 1287 .

160 1298 210 1336 15
241 1299 486 1335 PAHNIANUS
522 1300 613 1336 libro
644 1300 770 1346 quinto
809 1309 1066 1346 responsorum
1117 1299 1200 1335 Etsi

110 1343 221 1380 filium
243 1347 348 1390 pater
371 1344 598 1381 decurionem
621 1355 701 1381 esse
718 1344 841 1387 voluit,
866 1349 986 1381 tamen
1004 1345 1200 1381 defuncto⁵

110 1389 273 1434 honores,
298 1390 358 1434 qui
380 1390 454 1426 filio
479 1390 665 1426 decurioni
688 1393 926 1436 congruentes
976 1394 1033 1427 ost
1050 1394 1199 1427 mortem

108 1435 223 1480 patris
255 1435 476 1480 obtigerunt,
508 1435 555 1471 ad
584 1446 676 1471 onus
709 1435 894 1472 coheredis
964 1436 990 1471 ii
1020 1447 1093 1472 non
1116 1446 1198 1482 per·

108 1480 232 1560 51¹1an
260 1491 342 1515 cum
365 1480 398 1516 ei
421 1480 604 1518 decurioni
634 1480 855 1517 sufficientes
878 1480 1072 1518 facultates
1096 1485 1200 1527 pater

108 1525 170 1561 re‘
198 1525 300 1561 uerit.

158 1569 176 1607 1
233 1569 290 1606 ΡΑ
298 1579 392 1607 ULUs
412 1571 503 1607 libro
519 1572 645 1618 primo
668 1573 927 1608 sententiarum
969 1572 1198 1608 Aestimatio-

104 1626 189 1651 nem
212 1616 358 1652 honoris
382 1619 447 1652 aut
464 1617 621 1652 muneris
643 1616 682 1652 in
704 1617 858 1663 pecunia
880 1627 947 1663 pro
972 1617 1198 1653 administra-

113 1665 125 1695 1
176 1661 272 1697 tione
311 1661 500 1698 offerentes
540 1662 707 1698 audiendi
754 1674 827 1699 non
866 1667 960 1699 sunt.
1026 1662 1096 1707 Qui
1131 1673 1198 1708 pro

108 1706 245 1743 honore
274 1707 463 1752 pecuniam
501 1707 682 1753 promisit,
721 1708 752 1744 si
783 1708 920 1744 solvere
957 1718 1038 1744 eam
1069 1718 1134 1744 coe
1160 1708 1198 1752 it,

110 1755 222 1788 totam
252 1754 435 1798 praestare
471 1753 590 1798 operis
623 1753 784 1789 inchoati
823 1764 924 1789 exem
950 1753 985 1789 10
1018 1764 1129 1799 cogen
1156 1764 1199 1790 us

109 1800 130 1833 2
177 1801 243 1834 est.
275 1797 412 1834 Invitus
428 1797 525 1834 filius
542 1809 609 1843 pro
630 1802 733 1844 patre
749 1809 825 1834 rem
843 1799 917 1844 pub
946 1810 1025 1835 cam
1043 1799 1200 1835 salvam⁶

109 1846 128 1878 3
175 1842 254 1879 fore
272 1853 398 1879 cavere
416 1854 489 1880 non
506 1844 655 1889 cogitur.
690 1843 944 1882 Defensionem
962 1845 1016 1880 rei
1033 1845 1200 1890 publicae

108 1889 261 1942 amplius
285 1899 393 1934 quam
416 1889 526 1925 semel
550 1889 733 1935 suscipere
757 1900 860 1926 nemo
885 1889 1045 1935 cogitur,
1069 1889 1139 1926 nisi
1161 1889 1199 1926 id

107 1933 186 1969 fier1
208 1934 402 1970 necessitas
424 1934 594 1979 postulet.

156 1976 206 2016 17
230 1978 575 2015 HERMOGENIANUS
595 1980 687 2016 libro
705 1981 829 2027 primo
853 1981 945 2017 iuras
959 1981 1198 2028 epitomarum

107 2023 244 2070 Sponte
273 2024 478 2070 provinciae
509 2025 750 2061 sacerdotium
779 2026 910 2062 iterare
940 2036 1045 2062 nemo
1076 2026 1198 2071 prohi-

110 2073 125 2105 1
175 2070 291 2106 betur.
321 2069 493 2106 Immunis
514 2070 559 2106 ab
578 2071 776 2107 honoribus
801 2075 837 2106 et
859 2071 1066 2107 muneribus
1088 2071 1198 2107 civili-

106 2115 175 2151 bus
197 2115 227 2151 si
245 2115 428 2151 decurioni
447 2119 569 2151 creato
589 2115 676 2159 filio,
701 2127 807 2161 quem
823 2117 934 2152 habet
950 2117 988 2152 in
1008 2120 1197 2162 potestate,

108 2160 329 2203 consentiat,
352 2160 390 2196 in
414 2161 619 2196 muneribus
644 2165 681 2197 et
702 2161 900 2198 honoribus
923 2166 1088 2208 sumptus
1112 2162 1197 2199 sub-

106 2205 309 2241 ministrare
330 2205 405 2242 filio
429 2206 665 2251 compellitur.

156 2247 206 2289 18
231 2252 433 2287 Anoaows
456 2251 669 2288 CHARszs
689 2251 780 2288 libro
804 2252 988 2306 singulari
1008 2253 1053 2288 de
1075 2263 1197 2289 mune-

106 2296 209 2332 ribus
231 2296 395 2333 civt'libus
427 2295 618 2332 Munerum
642 2297 796 2333 civilium
819 2297 952 2343 triplex
975 2297 1098 2334 divisio
1124 2302 1196 2334 est:

107 2351 190 2377 nam
226 2341 401 2386 quaedam
438 2352 589 2378 munera
624 2343 832 2388 personalia
870 2346 974 2386 sunt,
1021 2343 1197 2389 quaedam

111 2391 124 2422 1
174 2386 470 2433 patrimoniorum
502 2387 688 2431 dicuntur,
721 2388 792 2424 alia
815 2388 937 2424 mixta.
986 2388 1197 2425 Personalia

107 2437 202 2475 sunt,
227 2442 319 2478 quae
342 2432 451 2468 animi
473 2433 676 2478 provisione
699 2437 736 2469 et
759 2434 958 2479 corporalis
982 2434 1117 2470 laboris
1141 2434 1195 2470 in-

106 2478 266 2514 tentione
283 2477 360 2513 sine
378 2477 427 2513 ali
452 2489 498 2514 uo
519 2478 676 2523 gerentis
698 2478 909 2515 detrimento
929 2482 1196 2525 perpetrantur,

105 2522 216 2558 veluti
255 2523 368 2558 tutela
398 2533 440 2558 ve
489 2534 593 2567 cura,
634 2523 835 2559 kalendarii
865 2535 1009 2570 quoque
1044 2525 1195 2561 curatio.

107 2571 127 2603 2
173 2567 224 2604 Et
247 2571 442 2614 quaestura
463 2568 501 2603 in
523 2569 643 2614 aliqua
663 2569 806 2605 civitate
829 2570 922 2606 inter
944 2570 1099 2607 honores
1123 2581 1197 2606 non

106 2616 126 2647 3
172 2613 327 2649 habetur
337 2614 361 2656 ⁷,
401 2612 466 2649 sed
502 2615 692 2659 personale
731 2625 862 2651 munus
901 2619 966 2651 est.
1022 2615 1196 2651 Tironum

106 2657 179 2694 sive
209 2668 383 2703 equorum
439 2657 628 2695 roductio⁸
667 2662 704 2695 et
741 2659 773 2695 si
811 2670 883 2705 qua
919 2660 991 2696 alia
1027 2661 1196 2697 animalia

105 2703 307 2739 necessario
347 2713 413 2748 pro
439 2703 603 2739 ucenda⁹
646 2705 702 2740 vel
739 2715 798 2741 res
837 2705 1083 2750 pervehendae
1122 2706 1196 2742 sive

105 2747 375 2794 persequendae
387 2750 416 2770 ¹⁰
439 2752 541 2794 sunt,
574 2749 667 2785 vel¹²
698 2750 853 2796 pecunia
874 2750 1008 2787 fiscalis
1033 2751 1107 2787 sive
1130 2761 1194 2786 an-

105 2799 127 2829 4
172 2803 269 2829 nona
297 2793 354 2829 vel
388 2793 514 2837 vestis,
600 2805 731 2831 rsonae
769 2806 899 2831 munus
935 2798 1001 2832 est.
1059 2796 1194 2833 Cursus

110 2838 357 2875 ²²vehicularis
388 2838 545 2875 sollicitu
570 2850 610 2885 o,
642 2840 728 2876 item
758 2841 987 2886 angariarum
1017 2842 1193 2887 praebitio

107 2887 126 2919 5
174 2883 365 2929 personale
394 2894 524 2921 munus
548 2889 614 2922 est.
662 2885 758 2921 Cura
781 2897 924 2932 quoque
955 2886 1094 2923 emendi
1115 2887 1193 2923 fru-

105 2929 215 2964 menti
245 2929 313 2964 olei
343 2931 441 2971 (nam
470 2929 600 2966 harum
631 2931 830 2976 specierum
863 2935 1067 2975 curatores,
1103 2943 1193 2977 quos

106 2973 259 3010 σιτώνας
279 2977 316 3009 01
333 2972 507 3011 έλαιώνας
526 2976 719 3021 appellant,
744 2976 860 3012 creari
878 2977 987 3013 moris
1009 2981 1076 3022 est)
1100 2978 1194 3014 inter

104 3019 308 3065 personalia
339 3029 488 3055 munera
516 3019 555 3056 in
584 3021 798 3067 quibusdam
835 3022 1038 3058 civitatibus
1069 3033 1192 3058 nume-

104 3068 249 3100 rantur:
284 3067 322 3101 et
344 3064 532 3101 calefactio
554 3066 690 3110 publici
712 3066 864 3111 balinei,
896 3066 928 3103 si
950 3078 995 3103 ex
1018 3068 1192 3104 reditibus

104 3109 256 3146 alicuius
296 3109 448 3146 civitatis
492 3111 650 3147 curatori
694 3112 850 3157 pecunia
886 3113 1191 3149 subministratur.

106 3158 126 3190 6
173 3154 243 3190 Sed
275 3158 311 3190 et
339 3165 428 3190 cura
452 3156 676 3192 custodiendi
701 3167 817 3202 aquae
840 3157 970 3194 ductus
993 3158 1192 3204 personali-

105 3203 123 3234 7
170 3199 240 3236 bus
272 3200 479 3236 muneribus
511 3200 736 3247 adgregatur.
782 3202 999 3239 Irenarchae
1038 3214 1190 3249 quoque,

104 3245 165 3324 gui
189 3243 396 3291 disciplinae
419 3245 586 3291 publicae
610 3251 646 3282 et
666 3257 708 3282 co
748 3246 758 3256 ’
783 3247 883 3284 endis
903 3248 1063 3284 moribus
1086 3259 1191 3294 prae-

131 3289 290 3325 ciuntur:
325 3291 389 3326 sed
419 3294 456 3326 et
479 3291 541 3335 qui
571 3291 619 3326 ad
641 3291 758 3327 facien
783 3303 823 3329 as
854 3293 930 3329 vias
955 3293 1036 3339 eligi
1065 3294 1191 3337 solent,

105 3345 186 3370 cum
209 3335 298 3388 nihil
322 3335 365 3372 de
388 3336 534 3382 proprio
558 3337 772 3382 patrimonio
796 3338 835 3373 in
857 3338 928 3375 hoc
951 3349 1081 3375 munus
1106 3350 1191 3375 con-

104 3380 239 3415 ferant:
271 3383 355 3416 item
384 3381 563 3427 episcopi,
596 3382 657 3428 qui
686 3386 858 3428 praesunt
887 3383 974 3429 pani
1005 3388 1042 3420 et
1065 3385 1192 3420 ceteris

103 3424 290 3460 venalibus
320 3426 447 3470 rebus,
480 3437 572 3472 quae
597 3426 794 3463 civitatium
816 3438 863 3473 po
889 3429 959 3464 ulis
983 3429 1071 3465 ad¹³
1103 3429 1191 3466 coti-

103 3470 248 3506 dianum
275 3470 408 3507 victum
430 3472 512 3508 usui
535 3476 621 3508 sunt
634 3473 671 3516 ¹⁴,
703 3482 859 3518 persona
884 3474 952 3510 bus
976 3485 1037 3510 mu
1045 3474 1192 3510 neribus

104 3583 145 3626 (1)
168 3595 306 3618 munere
318 3585 352 3617 F
445 3587 488 3628 (2)
512 3588 621 3630 potest
633 3586 667 3619 F
759 3586 805 3629 (3)
829 3596 929 3630 quam
939 3587 1095 3631 plurimis
1107 3588 1188 3621 Hal.

106 3627 147 3671 (4)
172 3629 378 3672 rescripserit
393 3630 429 3663 F
538 3633 582 3673 (5)
607 3642 645 3664 eo
665 3632 726 3666 ins.
747 3632 830 3666 Hae.
947 3634 992 3675 (6)
1017 3633 1142 3666 solvam
1161 3633 1196 3665 F

105 3672 147 3716 (7)
170 3674 380 3708 habeaturF
443 3678 487 3718 (8)
510 3676 687 3720 perductio
702 3689 771 3710 scr..
835 3677 882 3721 (9)
903 3678 1116 3721 perducenda
1125 3690 1187 3710 scr.

104 3721 163 3762 (lo)
187 3719 434 3762 prosequendae
447 3734 507 3754 scr.
602 3722 658 3764 (11)
682 3721 775 3754 velut
786 3734 849 3756 scr.

103 3764 163 3807 (13)
187 3765 228 3798 ad
241 3772 297 3797 om.
318 3766 347 3797 F

1189 130 1275 180 847

418 3767 478 3812 (14)
503 3767 752 3810 usuiuiguntF
819 3769 877 3808 (15)
902 3766 1198 3809 subiunganturl?
1259 3768 1319 3801 im.

2251 146 2350 190 L4

1270 262 1289 294 8
1339 259 1544 304 funguntur.
1593 259 1662 304 Qui
1693 272 1869 299 annonam
1902 266 2054 311 suscipit
2083 267 2137 302 vel
2168 270 2275 315 exigit
2299 274 2351 306 vel

1268 309 1411 357 erogat,
1440 308 1477 339 et
1507 309 1691 357 exactores
1722 309 1896 359 pecuniae
1927 321 1993 356 pro
2026 312 2203 357 capitibus
2227 325 2349 359 perso-

1269 351 1289 383 9
1336 349 1428 384 nahs
1467 360 1623 385 munerls
1662 352 1932 390 sollicitudinem
1967 358 2151 393 sustinent.
2207 358 2278 394 Sed
2314 363 2350 395 et

1269 398 1473 437 curatores,
1515 394 1577 440 qui
1616 396 1662 431 ad
1701 398 1915 443 colligendos
1956 401 2149 437 civitatium
2187 405 2350 448 publicos

1267 439 1403 475 reditus
1427 439 1509 484 eligi
1533 440 1664 484 solent,
1695 445 1872 486 personali
1895 456 2040 481 munere
2064 448 2349 492 subiuganturffi.

1272 488 1312 519 10
1358 484 1407 519 Hi
1437 496 1596 530 quoque,
1653 486 1688 520 ui
1719 489 1882 524 custodes
1913 490 2052 526 aedium
2075 493 2130 527 vel
2160 494 2350 530 archeotae

1269 529 1327 582 vel
1354 530 1570 583 logographi·
1595 497 1650 583 Vei}
1679 532 1847 567 tabularii
1877 536 1932 570 vel
1963 539 2206 582 xenoparochi
2237 542 2291 581 (ut
2313 539 2350 574 in

1269 575 2066 660 0101100110101010101018

1966 637 2060 661 icia
2123 639 2146 662 u
2185 639 2242 663 ica
2278 639 2350 665 slve

1269 665 1404 710 palatia
1434 666 1506 701 sive
1536 665 1678 701 navalia
1714 667 1770 702 vel
1807 670 2006 706 mansiones
2043 639 2282 716 desltinantur,
2320 674 2351 709 si

1269 715 1389 746 tamen
1436 711 1598 746 ecuniam
1615 711 1795 756 publicam
1814 713 1852 747 in
1870 715 1985 759 operis
2004 715 2175 752 fabricam
2194 723 2349 763 erogent,

1270 759 1306 790 01
1329 756 1390 800 qui
1423 756 1580 792 aciendis
1604 756 1660 792 vel
1683 756 1885 794 reficiendis
1905 761 2063 803 navibus,
2088 763 2150 797 ubi
2171 774 2257 798 usus
2277 764 2348 799 exi-

1268 801 1337 846 git,
1369 805 1658 847 praeponuntur,
1689 803 1897 839 muneribus
1927 807 2173 850 personalibus
2197 808 2350 843 adstrin-

1274 849 1310 881 11
1359 850 1503 891 guntur.
1559 847 1760 883 Camelasia
1799 859 1938 894 quoque
1977 851 2134 887 similiter
2166 854 2352 897 personale

1269 902 1398 927 munus
1430 895 1502 928 est:
1541 903 1624 927 nam
1655 893 1795 928 ratione
1826 894 1950 929 habita
1980 900 2016 930 et
2047 897 2292 933 alimentorum
2318 903 2351 933 et

1269 937 1489 973 camelorum
1521 942 1620 973 certa
1651 939 1805 983 pecunia
1828 940 2027 976 camelariis
2058 941 2135 977 dari
2160 943 2280 986 debet,
2312 948 2353 978 ut

1269 982 1346 1018 solo
1387 982 1548 1028 corporis
1587 982 1782 1019 ministerio
1823 985 2034 1029 obligentur.
2095 988 2161 1023 hos
2200 998 2245 1023 ex
2281 989 2353 1024 albi

1269 1027 1393 1064 ordine
1416 1029 1537 1064 vocari
1560 1039 1627 1064 nec
1650 1029 1726 1064 ulla
1750 1031 1978 1066 excusatione
2001 1031 2162 1075 liberari,
2186 1033 2253 1068 nisi
2276 1034 2353 1069 sola

1268 1073 1358 1109 laesi
1379 1077 1416 1109 et
1434 1073 1570 1110 inutilis
1585 1074 1745 1120 corporis
1759 1077 1795 1110 et
1810 1074 2028 1119 infirmitate,
2050 1078 2249 1122 specialiter
2270 1079 2353 1113 sit¹⁶

1272 1121 1312 1154 12
1359 1128 1579 1173 expressum.
1635 1120 1762 1165 Legati
1794 1131 1953 1165 quoque,
1991 1122 2050 1166 qui
2083 1122 2129 1157 ad
2159 1123 2354 1158 sacrarium

1268 1164 1441 1245 glrincipls
1463 1165 1675 1208 mittuntur,
1707 1165 1792 1210 quia
1822 1165 2008 1210 viaticum,
2042 1168 2136 1212 quod
2167 1168 2353 1212 legativum

1295 1209 1415 1254 ‘citur‚
1447 1210 1626 1245 interdum
1658 1210 1775 1247 solent
1797 1212 1978 1257 accipere,
2010 1213 2073 1248 sed
2096 1216 2132 1248 et
2154 1217 2353 1258 nyctostra-

1268 1255 1342 1300 tegi
1360 1259 1397 1291 et
1439 1255 1647 1292 istrinorum
1668 1260 1853 1292 curatores
1873 1258 2062 1302 personale
2079 1269 2207 1293 munus
2219 1258 2353 1295 ineunt.

1273 1304 1312 1335 13
1359 1301 1393 1336 D
1431 1311 1575 1337 ensores
1600 1311 1751 1347 quoque,
1775 1312 1865 1347 quos
1890 1301 2021 1338 Graeci
2043 1313 2060 1338 s
2086 1303 2209 1339 ndicos
2232 1313 2278 1349 ap
2306 1304 2354 1339 el-

1267 1346 1361 1389 lant,
1393 1350 1430 1382 et
1453 1346 1514 1392 qui
1536 1346 1584 1382 ad
1614 1351 1748 1383 certam
1780 1357 1927 1383 causam
1958 1358 2048 1393 agen
2073 1359 2131 1384 am
2154 1349 2211 1384 vel
2234 1315 2354 1385 defen-

1268 1391 1422 1427 dendam
1452 1391 1650 1437 eliguntur,
1688 1393 1848 1428 laborem
1878 1394 2076 1438 personalis
2105 1394 2261 1430 muneris
2292 1394 2355 1430 ad-

1271 1439 1312 1472 14
1359 1437 1580 1482 grediuntur.
1627 1436 1817 1473 Iudicandi
1855 1449 1996 1484 quoque
2033 1440 2227 1476 necessitas
2263 1439 2356 1475 inter

1274 1485 1310 1517 15
1358 1493 1508 1518 munera
1543 1483 1750 1528 personalia
1785 1483 1951 1519 habetur.
2011 1484 2049 1520 Si
2086 1484 2214 1530 aliquis
2249 1484 2357 1520 fuerit

1268 1528 1420 1572 electus,
1458 1532 1500 1563 ut
1531 1528 1722 1574 compellat
1752 1538 1832 1574 eos,
1870 1529 1931 1574 qui
1968 1539 2081 1575 prope
2110 1530 2203 1565 viam
2238 1530 2354 1575 publi-

1269 1583 1349 1609 cam
1390 1573 1594 1619 possident,
1638 1577 1798 1610 sternere
1839 1574 1951 1617 viam,
1998 1576 2186 1620 personale
2227 1585 2356 1612 munus

1272 1621 1312 1654 16
1360 1622 1425 1654 est.
1479 1618 1565 1654 Pari
1607 1619 1713 1655 modo
1752 1619 1813 1664 qni
1855 1620 2084 1666 acceptandis
2126 1621 2199 1656 sive
2241 1621 2354 1656 susci·

1267 1663 1407 1709 piendis
1443 1664 1670 1700 censualibus
1709 1665 1994 1710 professionibus
2029 1666 2270 1707 destinantur,
2309 1665 2355 1701 ad

1267 1709 1467 1755 personalis
1491 1710 1647 1746 muneris
1672 1710 1946 1746 sollicitudinem
1969 1710 2125 1746 animum
2151 1711 2353 1747 intendunt.

1271 1758 1310 1789 17
1358 1754 1621 1800 Mastigophori
1644 1766 1805 1801 quoque,
1838 1756 1898 1802 qui
1922 1757 2216 1801 agonothetasin
2240 1760 2354 1792 certa-

1266 1800 1421 1836 minibus
1446 1801 1678 1844 comitantur,
1704 1806 1740 1836 01
1762 1801 1904 1837 scribae
1926 1802 2153 1847 magistratus
2176 1802 2356 1847 personali

1271 1848 1311 1881 18
1358 1845 1498 1881 muneri
1529 1846 1699 1882 serviunt.
1751 1846 2052 1883 Patrimoniorum
2081 1847 2164 1883 sunt
2195 1857 2353 1889 munera,

1268 1901 1361 1936 quae
1392 1891 1593 1936 sumptibus
1622 1892 1829 1937 patrimonii
1866 1896 1902 1928 et
1933 1892 2070 1929 damnis
2103 1892 2354 1928 administran-

1271 1939 1311 1972 19
1358 1936 1405 1972 tis
1418 1937 1445 1958 ¹⁷
1485 1936 1735 1982 expediuntur.
1802 1937 2048 1983 Elemporia¹⁸
2088 1942 2125 1973 et
2165 1938 2355 1983 pratura¹⁹

1267 1980 1366 2026 apud
1398 1981 1661 2019 Alexandrinos
1703 1982 1910 2028 patrimonii
1953 1994 2081 2019 munus
2117 1983 2351 2019 existimatur.

1267 2029 1311 2063 20
1358 2026 1593 2073 Susceptores
1618 2038 1761 2073 quoque
1783 2028 1856 2064 vini
1878 2039 1943 2074 per
1962 2028 2178 2074 provinciam
2195 2028 2354 2063 Africam

1267 2075 1307 2107 21
1357 2072 1564 2118 patrimonii
1584 2084 1715 2109 munus
1737 2078 1876 2118 gerunt.
1913 2073 2211 2110 Patrimoniorum
2236 2077 2354 2109 autem

1266 2128 1416 2153 munera
1439 2117 1598 2164 duplicia
1621 2123 1716 2154 sunt.
1764 2129 1847 2154 nam
1879 2119 2055 2172 quaedam
2078 2129 2122 2155 ex
2152 2119 2208 2155 his
2231 2129 2353 2154 mune-

1266 2163 1366 2199 ribus
1390 2163 1678 2208 possessionibus
1703 2164 1776 2200 sive
1825 2164 2023 2200 atmmoniis
2045 2164 2271 2207 indicuntur,
2295 2170 2353 2199 ve-

1266 2208 1334 2244 luti
1366 2208 1559 2254 agminales
1593 2209 1675 2255 equi
1686 2211 1717 2231 ²⁰
1753 2175 1822 2245 vep
1837 2210 1955 2246 mulae
1985 2213 2022 2245 et
2052 2210 2220 2255 angariae
2247 2212 2354 2254 atque

1267 2256 1309 2289 22
1357 2253 1489 2290 veredi.
1536 2254 1751 2290 Huiusmodi
1784 2254 1893 2300 igitur
1927 2255 2100 2300 obsequia
2134 2258 2171 2290 et
2204 2254 2257 2298 hi,
2293 2255 2353 2299 qui

1266 2309 1383 2344 neque
1404 2299 1602 2345 municipes
1625 2310 1743 2345 neque
1765 2300 1908 2336 incolae
1931 2300 2025 2342 sunt,
2052 2300 2268 2344 adgnoscere
2293 2311 2352 2335 co-

1266 2347 1309 2380 23
1354 2348 1498 2389 guntur.
1548 2345 1618 2381 Sed
1649 2349 1686 2381 et
1715 2355 1794 2389 eos,
1825 2346 1886 2390 qui
1918 2345 2044 2381 faenus
2068 2349 2254 2389 exercent,
2287 2344 2353 2380 etsi

1265 2389 1424 2426 veterani
1447 2389 1536 2433 sint,
1567 2390 1822 2426 tributiones²¹
1855 2390 2028 2427 eiusmodi
2050 2391 2268 2444 adgnoscere
2290 2389 2352 2425 de-

1266 2438 1310 2470 24
1355 2435 1442 2470 bere
1470 2435 1686 2481 rescriptum
1710 2439 1774 2472 est.
1823 2436 1882 2472 Ab
1911 2436 2115 2471 huiusmodi
2146 2435 2351 2471 muneribus

1265 2490 1380 2534 neque
1403 2480 1632 2526 primipilaris
1656 2491 1772 2526 neque
1794 2485 1984 2519 veteranus
2004 2485 2068 2516 aut
2088 2481 2188 2516 miles
2208 2480 2350 2522 aliusve,

1265 2537 1327 2570 qui
1349 2525 1533 2571 privilegio
1558 2526 1678 2571 aliquo
1709 2526 1884 2563 subnixus
1894 2527 1937 2570 ²²,
1969 2537 2035 2562 nec
2058 2526 2220 2571 pontifex
2242 2535 2350 2561 excu-

1265 2574 1307 2606 25
1355 2574 1466 2607 satur.
1502 2571 1696 2607 Praeterea
1714 2572 1850 2607 habent
1872 2571 2046 2616 quaedam
2066 2571 2225 2607 civitates
2244 2580 2351 2623 prae-

1263 2616 1479 2661 rogativam,
1512 2620 1554 2652 ut
1575 2616 1630 2660 hi,
1662 2617 1723 2662 qui
1744 2617 1783 2652 in
1806 2617 1986 2653 territorio
2010 2627 2133 2652 earum
2156 2616 2350 2661 poss1dent,

1265 2665 1403 2697 certum
1426 2661 1513 2706 quid
1535 2661 1705 2697 frumenti
1753 2673 1794 2698 ro
1818 2673 1986 2698 mensura
2009 2662 2084 2707 agri
2106 2672 2171 2707 per
2194 2661 2349 2706 singulos

1264 2717 1378 2743 annos
1401 2707 1615 2752 praebeant:
1641 2673 1751 2752 quodp
1758 2717 1871 2752 genus
1895 2707 2097 2743 collationis
2115 2717 2243 2760 munus
2266 2716 2350 2758 pos-

1263 2755 1307 2788 26
1354 2752 1522 2788 sessionis
1548 2756 1613 2788 est.
1657 2751 1774 2788 Mixta
1797 2762 1946 2788 munera
1969 2752 2196 2797 decaprotiae
2218 2755 2255 2787 et
2275 2761 2350 2786 100-

1263 2797 1463 2843 saprotiae,
1495 2801 1537 2833 ut
1567 2797 1769 2833 Herennius
1798 2797 2024 2833 Modestinus
2062 2801 2099 2832 et
2125 2796 2282 2832 notando
2315 2798 2351 2830 et

1263 2842 1478 2888 disputando
1519 2843 1610 2878 bene
1648 2847 1684 2878 et
1714 2843 1848 2888 optima
1884 2842 2022 2878 ratione
2054 2841 2227 2877 decrevit:
2267 2851 2350 2876 nam

1263 2888 1448 2933 decaproti
1471 2891 1508 2923 et
1530 2888 1727 2933 icosaproti
1749 2888 1887 2923 tributa
1906 2888 2085 2932 exigentes
2110 2890 2146 2922 et
2166 2885 2350 2931 corporale

1262 2932 1496 2968 ministerium
1529 2937 1658 2978 gerunt
1691 2936 1728 2969 et
1762 2943 1828 2978 pro
1865 2933 2027 2969 omnibus
2063 2932 2309 2984 defunctorum
2317 2931 2348 2952 2³

1262 2978 1400 3014 fiscalia
1425 2977 1638 3013 detrimenta
1661 2977 1880 3020 resarciunt,
1911 2981 1953 3012 ut
1975 2977 2099 3012 merito
2123 2977 2216 3011 inter
2237 2979 2350 3011 mixta

1263 3027 1303 3058 27
1352 3023 1423 3059 hoc
1458 3034 1588 3059 munus
1623 3023 1804 3059 numerari
1832 3023 1972 3058 debeat.
2019 3022 2088 3057 Sed
2098 3022 2128 3043 ²⁴
2161 3031 2220 3064 ea,
2256 3030 2348 3065 quae

1261 3078 1372 3113 supra
1401 3068 1606 3113 personalia
1636 3078 1715 3103 esse
1746 3067 1914 3110 diximus,
1946 3067 1978 3102 si
1999 3067 2038 3102 hi
2061 3066 2121 3111 qui
2152 3065 2348 3118 funguntur

1261 3123 1306 3149 ex
1329 3113 1406 3158 lege
1431 3113 1584 3148 civitatis
1607 3123 1696 3149 suae
1719 3113 1776 3149 vel
1798 3123 1896 3149 more
1919 3112 2024 3148 etiam
2048 3111 2092 3146 de
2115 3121 2268 3162 proprus
2291 3109 2346 3144 fa-

1262 3158 1458 3194 cultatibus
1481 3158 1661 3203 impensas
1669 3159 1700 3180 ²⁵
1730 3157 1868 3194 faciant
1890 3157 1944 3193 vel
1967 3166 2145 3191 annonam
2169 3158 2346 3206 exigentes

1261 3203 1483 3239 desertorum
1506 3203 1735 3248 praediorum
1760 3203 1889 3238 damna
1912 3202 2139 3253 sustineant„
2156 3204 2344 3234 mixtorum

1261 3251 1304 3283 28
1353 3247 1558 3284 definitione
1587 3248 1876 3284 continebuntur.
1924 3247 2022 3282 Haec
2046 3254 2165 3280 omma
2187 3254 2344 3287 munera,

1261 3303 1353 3338 quae
1376 3292 1552 3328 trifariam
1576 3292 1777 3335 divisimus,
1808 3302 1881 3328 una
1903 3290 2160 3335 significatione
2184 3299 2343 3341 compre-

1260 3337 1483 3373 henduntur:
1508 3348 1591 3374 nam
1634 3338 1812 3374 ersonalia
1823 3340 1859 3372 et
1872 3335 2168 3415 patrimoniorum
2180 3337 2217 3369 et
2234 3336 2345 3385 mixta

1261 3386 1303 3418 29
1351 3393 1500 3418 munera
1539 3383 1572 3419 ci
1597 3383 1656 3418 ‘'a
1695 3393 1759 3419 seu
1796 3382 1870 3426 pub
1888 3380 1943 3416 ‘ca
1973 3379 2208 3424 appellantur.
2264 3378 2345 3414 Sive

1260 3432 1381 3463 autem
1403 3428 1645 3481 personalium
1668 3427 1852 3463 dumtaxat
1875 3425 1948 3461 sive
1965 3426 2071 3460 etiam
2094 3423 2247 3459 civilium
2265 3434 2342 3458 mu-

1260 3483 1386 3509 nerum
1402 3473 1607 3509 1mmunitas
1628 3472 1736 3508 alicui
1757 3470 1985 3512 concedatur,
2005 3478 2119 3514 neque
2136 3468 2182 3503 ab
2201 3478 2344 3503 annona

1572 3588 1630 3628 (17)
1654 3583 1894 3619 administratis
1911 3583 1946 3616 F
2040 3583 2101 3625 (18)
2125 3581 2343 3624 elaeemporia

1513 3633 1574 3673 (19)
1599 3634 1738 3674 pratura
1749 3630 1783 3661 F
1792 3629 1813 3670 ¹,
1833 3631 2007 3671 ospratura
2020 3627 2081 3670 ΡΞ,
2100 3628 2267 3671 praetoria
2277 3640 2340 3660 scr.

2035 3674 2097 3713 (22)
2123 3675 2171 3705 est
2184 3674 2244 3705 ins.
2258 3673 2340 3705 Hal.

1258 3588 1319 3629 (16)
1343 3589 1393 3620 est
1412 3599 1488 3631 scr„

1259 3632 1333 3665 Hal
1352 3645 1415 3666 scr.
1451 3640 1455 3642 ⁴

1260 3679 1323 3718 (20)
1348 3677 1505 3720 equitiF
1553 3678 1611 3718 (21)
1636 3674 1873 3708 intributiones
1885 3674 1965 3706 Hal.

951 3724 1012 3766 (12)
1036 3733 1075 3755 ve
1088 3724 1148 3756 ins.
1164 3722 1197 3755 F
1260 3723 1320 3762 (23)
1345 3731 1406 3765 pro
1418 3721 1609 3755 nominibus
1623 3720 1823 3752 defectorum
1839 3719 1910 3760 (hoc
1922 3718 2087 3757 Cuiaciue)
2099 3730 2162 3750 scr.
2219 3717 2283 3759 (24)
2308 3718 2341 3750 et

1411 3767 1474 3809 (25)
1498 3766 1666 3808 impensus
1680 3764 1712 3796 F
