2528 3918
172 115 477 161 xxxvlmi

171 237 496 285 exploratissimum
525 239 597 273 est:
627 236 666 272 in
689 246 729 273 re
751 236 845 272 enim
875 234 1056 282 praesenti
1086 238 1124 271 et
1145 245 1261 289 paene

171 284 321 320 dixerim
344 283 424 328 ipso
448 292 568 328 opere,
592 282 663 318 hoc
686 285 742 318 est
764 282 801 317 in
824 291 864 317 re
886 281 978 327 ipsa,
1002 281 1180 317 nuntiatio
1204 280 1260 316 fa-

172 328 297 364 cienda
320 332 394 364 est:
427 327 524 373 quod
546 326 681 363 idcirco
705 337 788 363 rece
814 330 890 362 tum
914 330 984 368 est,
1006 329 1049 361 ut
1071 325 1262 362 confestim

170 384 236 419 per
266 372 527 409 nuntiationem
556 372 602 407 ab
635 382 744 418 opere
800 372 992 407 iscedatur.
1041 375 1199 407 ceterum
1230 370 1263 407 si

170 418 256 454 alibi
278 418 344 454 fiat
365 418 563 459 nuntiatio,
594 417 686 453 illud
707 416 924 453 incommodi
947 416 1127 461 sequitur,
1153 416 1260 470 quod,

170 463 255 499 dum
278 463 419 499 venitur
442 462 488 497 ad
512 473 603 507 opus
628 462 659 499 si
683 462 768 508 quid
791 462 900 497 fuerit
931 460 1049 506 operis
1073 472 1138 506 per
1159 472 1260 506 igno-

169 508 324 544 rantiam
347 508 504 551 factum,
528 508 663 550 evenit,
688 511 729 543 ut
752 511 879 543 contra
903 506 1059 542 edictum
1082 506 1261 552 praetoris

170 557 190 588 5
239 553 286 589 sit
308 552 457 588 factum.
505 552 543 589 Si
565 553 721 598 plurium
744 562 801 588 res
827 553 892 594 sit,
922 551 961 586 in
985 562 1057 597 qua
1081 562 1171 596 opus
1195 562 1261 587 no-

169 609 252 634 vum
282 597 348 634 fiat
370 602 408 634 et
428 597 491 633 uni
514 598 718 640 nuntietur,
750 600 848 633 recte
877 597 976 632 facta
1005 597 1184 632 nuntiatio
1208 599 1263 632 est

171 643 336 679 omnibus
362 653 408 679 ue
448 642 600 679 dominis
642 643 781 679 videtur
821 641 1089 677 denuntiatum:
1131 641 1195 678 sed
1231 640 1262 677 si

170 699 266 725 unus
286 698 329 724 ae
393 688 528 724 caverit
546 692 630 734 post
649 688 765 733 operis
786 687 869 723 novi
889 687 1167 730 nuntiationem,
1188 686 1260 729 alii,

171 734 232 779 qui
254 744 327 770 non
350 733 636 775 aedificaverint,
667 744 738 769 non
761 732 999 768 tenebuntur:
1029 742 1144 777 neque
1168 732 1262 767 enim

171 783 192 815 6
239 779 347 815 debet
364 789 496 815 nocere
514 778 651 815 factum
672 778 820 813 alterius
851 777 884 813 ei
904 777 966 822 qui
984 777 1073 813 nihil
1090 777 1187 813 fecit.
1224 776 1263 811 Si

171 824 328 870 plurium
350 824 574 860 dominorum
597 823 650 858 rei
673 833 763 868 opus
787 826 929 866 noceat,
961 826 1082 864 utrum
1106 821 1264 858 sufficiet

173 870 277 905 unius
307 879 352 905 ex
387 869 494 906 sociis
523 869 700 905 nuntiatio
738 878 786 903 an
817 878 901 903 vero
941 878 1064 904 omnes
1095 867 1263 902 nuntiare

173 915 353 951 debeant?
383 918 421 950 et
450 918 506 950 est
537 914 653 949 verius
683 913 788 949 unius
811 913 1072 949 nuntiationem
1098 912 1262 949 omnibus

173 971 245 997 nou
279 959 467 1003 sufficere,
502 959 566 995 sed
600 969 680 995 esse
715 958 864 1004 singulis
899 958 1068 994 nuntiare
1102 967 1261 999 necesse,

172 1005 256 1051 quia
287 1009 324 1041 et
358 1005 437 1041 fieri
499 1008 611 1047 otest,
646 1008 689 1039 ut
716 1003 964 1040 nuntiatorum
995 1004 1087 1039 alter
1115 1004 1260 1044 habeat,

171 1054 190 1086 7
239 1050 332 1086 alter
366 1061 440 1086 non
502 1051 610 1086 abeat
643 1050 699 1085 ius
731 1048 956 1095 prohibendi.
1006 1049 1044 1084 Si
1082 1048 1162 1093 quis
1194 1048 1264 1093 ipsi

171 1096 330 1142 praetori
347 1095 431 1131 velit
448 1106 539 1141 opus
554 1106 686 1130 novum
703 1095 882 1138 nuntiare,
912 1093 1047 1136 ³debet,
1067 1098 1108 1129 ut
1122 1093 1264 1129 interim

172 1145 327 1177 testetur
343 1151 417 1176 non
433 1151 540 1186 posse
559 1151 598 1176 se
616 1140 799 1175 nuntiare:
825 1143 862 1175 et
881 1138 913 1175 si
929 1139 1108 1174 nuntiavit
1124 1142 1263 1184 postea,

172 1190 210 1222 et
228 1186 325 1232 quod
340 1190 438 1221 retro
459 1184 686 1221 aedificatum
705 1185 773 1220 erit
785 1184 1041 1220 destruendum
1061 1183 1139 1227 erit,
1161 1183 1265 1229 quasi

172 1234 193 1267 8
239 1231 392 1277 repetito
415 1230 472 1267 die
500 1231 725 1266 nuntiatione
748 1230 859 1265 facta.
896 1228 966 1265 Sed
986 1233 1023 1264 et
1050 1230 1081 1265 si
1098 1229 1136 1264 in
1157 1228 1264 1264 aedes

171 1281 315 1313 nostras
350 1276 429 1321 quis
461 1276 619 1311 immittit
651 1279 715 1311 aut
745 1275 783 1309 in
814 1275 895 1310 loco
926 1279 1052 1310 nostro
1085 1273 1262 1316 aedificet,

171 1332 326 1368 aequum
348 1325 404 1357 est
425 1331 491 1356 nos
517 1321 634 1366 operis
659 1320 747 1356 novi
769 1319 994 1355 nuntiatione
1017 1320 1074 1355 ius
1097 1323 1261 1355 nostrum

173 1372 193 1401 9
241 1366 345 1403 nobis
369 1376 580 1402 conservare
628 1366 679 1401 Et
702 1366 793 1401 belle
817 1365 947 1401 Sextus
971 1365 1104 1401 Pedius
1129 1364 1266 1400 definiit

172 1412 349 1458 triplicem
380 1421 459 1447 esse
488 1421 635 1447 causam
667 1411 784 1456 operis
808 1410 892 1446 novi
914 1410 1169 1453 nuntiationis,
1201 1413 1266 1445 aut

171 1457 372 1494 naturalem
391 1460 456 1492 aut
470 1456 654 1503 publicam
674 1460 738 1491 aut
756 1455 1025 1501 impositiciam:
1051 1455 1263 1499 naturalem,

172 1513 255 1538 cum
277 1502 315 1537 in
338 1506 481 1538 nostras
502 1502 610 1538 aedes
634 1501 720 1547 quid
742 1501 946 1536 immittitur
969 1505 1034 1536 aut
1053 1501 1266 1537 aedificatur

171 1549 210 1583 in
232 1551 376 1590 nostro,
434 1547 591 1583 ublicam
616 1557 776 1589 causam,
812 1546 977 1591 quotiens
1000 1546 1096 1591 leges
1121 1550 1185 1581 aut
1209 1556 1264 1581 se-

171 1597 279 1629 natus
299 1603 386 1629 cons
426 1596 466 1628 ta
484 1592 830 1637 constitutionesque
842 1591 1044 1644 principum
1060 1602 1126 1637 per
1146 1591 1265 1636 operis

171 1638 254 1674 novi
285 1637 546 1674 nuntiationem
577 1642 738 1681 tuemur,
770 1636 1040 1682 impositiciam,
1077 1647 1159 1672 cum
1209 1636 1264 1672 uis

173 1687 313 1730 postea,
337 1693 446 1729 quam
467 1683 526 1719 ius
550 1694 655 1720 suum
679 1682 861 1725 deminuit,
887 1681 1034 1717 alterius
1060 1682 1170 1726 auxit,
1222 1691 1265 1716 oc

172 1733 228 1766 est
250 1731 399 1775 postea,
435 1739 543 1774 quam
574 1728 780 1764 servitutem
810 1726 961 1762 aedibus
984 1727 1059 1763 suis
1082 1726 1263 1772 imposuit,

178 1778 217 1810 10
265 1778 392 1810 contra
415 1774 623 1810 servitutem
646 1773 744 1809 fecit.
780 1772 988 1808 Meminisse
1011 1775 1132 1807 autem
1157 1782 1263 1817 opor-

174 1820 281 1862 tebit,
312 1819 476 1865 quotiens
501 1820 580 1865 quis
610 1819 648 1854 in
670 1822 794 1854 nostro
819 1817 1011 1853 aedificare
1039 1817 1095 1853 vel
1118 1817 1157 1853 in
1179 1827 1264 1853 nos-

173 1870 269 1901 trum
302 1864 482 1900 inmittere
510 1865 567 1900 vel
596 1864 759 1909 proicere
789 1863 883 1905 vult,
915 1863 1042 1898 melius
1074 1873 1153 1899 esse
1184 1873 1264 1898 eum

172 1921 237 1956 per
259 1914 462 1963 praetorem
485 1909 541 1946 vel
563 1920 628 1955 per
651 1919 812 1951 manum,
844 1908 883 1943 id
915 1912 970 1943 est
993 1907 1106 1954 lapilli
1129 1908 1265 1943 ictum²

173 1956 366 2001 prohibere
400 1966 507 2001 quam
542 1954 662 2000 operis
698 1954 780 1990 novi
815 1953 1058 1989 nuntiatione:
1105 1959 1265 1989 ceterum

173 2000 292 2046 operis
326 2000 410 2036 novi
439 2000 665 2035 nuntiatione
694 2009 943 2052 possessorem
973 2008 1055 2034 eum
1079 1998 1263 2041 faciemus,

174 2046 234 2082 cui
264 2045 556 2081 nuntiaverimus.
604 2048 644 2080 at
674 2055 704 2080 si
736 2045 775 2079 in
805 2054 871 2080 suo
897 2043 983 2089 quid
1006 2043 1136 2086 faciat,
1169 2043 1265 2089 quod

174 2090 278 2128 nobis
311 2094 457 2134 noceat,
489 2095 577 2126 tunc
608 2090 726 2135 operis
758 2090 841 2125 novi
865 2088 1087 2125 denuntiatio
1112 2089 1180 2124 erit
1202 2099 1263 2123 ne-

175 2135 344 2173 cessaria.
393 2139 429 2171 et
460 2136 490 2171 si
521 2135 615 2171 forte
645 2135 684 2170 in
715 2139 839 2171 nostro
870 2134 1005 2179 aliquid
1035 2134 1158 2170 facere
1187 2134 1265 2179 q‘uis

174 2184 392 2228 perseverat,
416 2181 669 2226 aequissimum
687 2180 756 2216 erit
778 2179 969 2215 interdicto
995 2179 1165 2215 adversus
1184 2189 1265 2214 eum

180 2230 216 2262 11
266 2226 362 2272 quod
384 2226 418 2261 vi
442 2230 506 2261 aut
530 2225 621 2261 clam
641 2229 705 2261 aut
728 2225 781 2260 uti
804 2224 997 2270 possidetis
1021 2225 1086 2259 uti.
1124 2224 1162 2259 Si
1185 2225 1265 2269 quis

174 2272 268 2308 rivos
297 2271 355 2307 vel
385 2271 529 2307 cloacas
562 2271 648 2306 velit
677 2270 826 2306 reficere
857 2270 912 2305 vel
935 2280 1108 2315 purgare,
1146 2269 1265 2314 operis

174 2317 258 2353 novi
287 2316 465 2352 nuntiatio
499 2316 625 2351 merito
650 2315 877 2361 prohibetur,
911 2326 992 2350 cum
1015 2315 1183 2359 publicae
1207 2324 1265 2350 sa-

173 2362 259 2398 lutis
293 2365 330 2398 et
360 2361 563 2397 securitatis
593 2360 736 2396 intersit
768 2363 804 2395 et
828 2360 971 2396 cloacas
1003 2364 1039 2395 et
1061 2360 1155 2395 rivos
1179 2371 1264 2405 pur-

178 2410 220 2443 12
265 2407 355 2453 gari.
402 2407 596 2442 Praeterea
619 2405 833 2451 generaliter
863 2409 1009 2451 praetor
1032 2409 1152 2440 cetera
1177 2415 1264 2450 quo-

176 2463 244 2498 que
269 2462 381 2498 opera
404 2452 563 2498 excepit,
597 2462 750 2497 quorum
773 2461 876 2486 mora
899 2450 1097 2495 periculum
1120 2449 1265 2495 aliquod

177 2498 333 2534 allatura
355 2501 429 2533 est:
463 2507 547 2532 nam
568 2497 606 2532 in
629 2497 684 2532 his
710 2506 850 2541 quoque
880 2494 1175 2532 contemnendam
1198 2506 1264 2540 pu-

173 2544 264 2579 tavit
292 2543 411 2588 operis
450 2543 533 2578 novi
564 2541 835 2577 nuntiationem.
890 2541 967 2586 quis
999 2540 1092 2576 enim
1125 2540 1267 2576 dubitat

175 2588 287 2624 multo
314 2588 441 2623 melius
473 2597 552 2623 esse
583 2587 698 2622 omitti
731 2587 849 2631 operis
881 2586 964 2622 novi
994 2585 1265 2628 nuntiationem,

175 2644 282 2679 quam
314 2632 480 2678 impediri
509 2632 628 2678 operis
658 2631 853 2667 necessarii
882 2635 1091 2676 arguentem
1124 2635 1265 2666 extruc-

177 2679 335 2714 tionem?
367 2677 499 2714 totiens
523 2682 643 2713 autem
666 2677 757 2712 haec
806 2687 866 2712 ars
890 2677 1008 2712 locum
1031 2676 1152 2718 habet,
1177 2686 1266 2721 quo-

180 2727 221 2759 13
267 2723 359 2758 tiens
385 2723 508 2759 dilatio
533 2722 733 2767 periculum
764 2732 786 2756 a
800 2722 920 2757 latura
943 2726 1009 2757 est.
1056 2721 1211 2757 Proinde
1236 2721 1268 2756 si

176 2768 265 2815 quis,
291 2779 373 2804 cum
397 2778 488 2813 opus
512 2768 581 2804 hoc
601 2778 702 2803 mora
725 2767 924 2813 periculum
945 2766 1136 2801 allaturum
1160 2770 1265 2808 esset,

175 2813 392 2850 nuntiaverit
423 2824 513 2858 opus
545 2824 675 2849 novum
707 2813 763 2847 vel
786 2812 817 2847 si
846 2812 885 2847 in
916 2811 1048 2847 cloacis
1079 2812 1135 2847 vel
1166 2812 1266 2856 ripa³

175 2858 376 2894 reficiendis
390 2858 524 2903 aliquid
537 2858 670 2899 fieret&
690 2857 848 2893 dicemus
869 2857 965 2903 apud
977 2856 1129 2893 iudicem
1143 2857 1266 2902 quaeri

177 2904 318 2945 debere,
343 2913 390 2938 an
412 2903 500 2938 talia
520 2914 629 2948 opera
651 2902 796 2947 fuerint,
821 2906 862 2938 ut
885 2902 1062 2937 contemni
1086 2902 1264 2937 nuntiatio

177 2949 339 2985 deberet:
375 2958 458 2983 nam
493 2948 524 2984 si
558 2949 765 2994 apparuerit
804 2948 858 2983 vel
893 2948 930 2982 in
966 2949 1091 2982 cloaca
1122 2948 1266 2983 rivove⁵

177 3004 275 3037 eove,
300 2993 402 3029 cuius
425 3004 525 3028 mora
548 2994 747 3038 periculum
770 2993 924 3028 allatura
947 2996 1052 3035 esset,
1077 2992 1266 3028 dicendum

177 3043 233 3075 est
263 3049 337 3075 non
367 3048 445 3074 esse
476 3039 684 3081 verendum,
715 3049 762 3074 ne
792 3039 881 3074 haec
905 3038 1083 3073 nuntiatio
1107 3042 1265 3073 noceret.

180 3089 220 3119 14
267 3083 337 3129 Qui
367 3093 458 3129 opus
490 3094 619 3119 novum
644 3084 802 3126 nuntiat,
834 3084 954 3118 iurare
979 3082 1085 3118 debet
1108 3094 1180 3118 non
1205 3093 1265 3118 ca-

177 3130 332 3165 lumniae
355 3138 467 3164 causa
490 3139 579 3173 opus
615 3140 744 3163 novum
768 3128 945 3164 nuntiare.
992 3129 1062 3163 hoc
1085 3128 1264 3163 iusiuran-

177 3175 262 3210 dum
286 3178 434 3210 auctore
454 3178 623 3226 praetore
647 3173 824 3209 defertur:
850 3173 985 3209 idcirco
1009 3184 1082 3209 non
1101 3173 1265 3218 exigitur,

180 3224 220 3255 15
269 3223 310 3254 ut
331 3219 425 3255 iuret
451 3228 483 3254 is
507 3223 607 3261 ante,
664 3219 701 3253 ui
730 3218 977 3254 iusiurandum
1000 3219 1120 3263 exigat
1129 3218 1154 3253 ⁶.
1196 3218 1265 3262 Qui

179 3264 332 3307 nuntiat,
356 3273 504 3300 necesse
520 3263 629 3299 habet
674 3268 904 3306 emonstrare,
924 3264 962 3298 in
981 3274 1052 3309 quo
1072 3264 1151 3299 loco
1173 3273 1264 3308 opus

178 3321 308 3346 novum
337 3308 494 3352 nuntiet,
529 3309 663 3345 scituro
694 3319 736 3344 eo
767 3309 825 3344 cui
856 3309 1060 3343 nuntiatum
1090 3312 1163 3351 est,
1202 3307 1265 3343 ubi

178 3355 294 3400 possit
310 3354 511 3397 aedificare,
532 3354 594 3389 ubi
610 3353 749 3389 interim
768 3354 1017 3389 abstinendum
1033 3357 1100 3389 est.
1134 3353 1264 3389 totiens

178 3405 299 3436 autem
322 3400 578 3436 demonstratio
597 3398 763 3435 facienda
787 3404 851 3441 est,
877 3399 1040 3445 quotiens
1063 3399 1101 3434 in
1123 3403 1264 3444 partem

180 3445 221 3480 fit
244 3445 442 3481 nuntiatio:
468 3449 625 3481 ceterum
649 3444 679 3479 si
701 3443 739 3479 in
762 3448 876 3479 totum
901 3455 990 3488 opus
1015 3444 1088 3487 fiat,
1114 3455 1186 3480 non
1209 3447 1266 3480 est

182 3495 223 3528 16
269 3501 416 3527 necesse
440 3489 703 3532 demonstrare,
729 3488 792 3525 sed
816 3489 884 3524 hoc
908 3490 1023 3534 ipsum
1047 3489 1177 3525 dicere.
1225 3488 1264 3524 Si

177 3536 215 3572 in
237 3535 401 3583 pluribus
424 3535 512 3571 locis
537 3545 627 3581 opus
651 3534 726 3579 flat,
750 3538 870 3570 utrum
894 3545 967 3569 una
986 3534 1163 3569 nuntiatio
1188 3533 1263 3569 suf-

178 3649 218 3691 (1)
242 3647 543 3726 finitomffistratu
552 3646 1101 3699 nuntiareins.(simifiterPothier)
1164 3648 1207 3699 (22
1227 3644 1263 3679 id

179 3697 228 3726 est
244 3705 305 3737 per
319 3692 376 3737 lap
449 3693 622 3725 ictumffi:
646 3695 772 3724 iactum
790 3704 852 3735 pro
872 3694 977 3724 ictum
987 3690 1031 3723 S:
1051 3692 1135 3725 delet
1151 3691 1262 3726 Wund-

181 3739 290 3772 echoid
357 3740 399 3779 (s)
426 3738 505 3771 rivis
518 3738 591 3771 Hal
667 3740 709 3777 (4)
734 3735 864 3780 aliquid
875 3736 969 3770 fieret
979 3736 1041 3770 del.
1111 3739 1154 3775 (ὅ)
1179 3745 1263 3778 opus

1255 108 1343 159 592
1551 110 1606 162 Κ

1329 3643 1404 3678 fieri
1421 3646 1480 3678 ins.

1494 3 1496 21 i

1491 23 1500 55 l

1502 51 1563 105 ἡ
1604 80 1639 88 .-

2028 122 2092 158 ni:
2116 92 2278 160 'omis
2304 121 2418 159 novi

1327 234 1430 272 ficiat
1448 245 1496 272 an
1514 244 1599 272 vero
1623 233 1746 281 plures
1765 233 1839 272 sint
1859 233 2108 271 necessariae?
2130 238 2168 272 et
2186 235 2239 272 ait
2254 235 2416 273 Iulianus

1328 280 1422 317 libro
1457 280 1753 326 quadragensimo
1788 291 1883 316 nono
1919 280 2157 325 digestorum,
2192 281 2278 327 quia
2309 281 2347 318 in
2377 292 2417 318 re

1327 325 1510 373 praesenti
1537 325 1581 361 fit
1608 325 1803 369 nuntiatio,
1838 326 1960 370 plures
1989 325 2230 362 nuntiationes
2253 335 2332 363 esse
2354 336 2418 362 ne-

1330 374 1372 424 ‚¹⁷
1421 369 1607 424 cessarias.
1622 374 1659 406 et
1682 375 1940 417 consequenter
1962 370 2084 415 plures
2108 370 2344 407 remissiones.
2380 371 2419 407 Si

1328 426 1380 459 is,
1415 426 1475 451 cu1
1508 419 1709 451 nuntiatum
1740 416 1824 459 erit,
1858 426 1903 452 ex
1935 415 2053 460 operis
2084 416 2166 451 novi
2196 416 2419 453 nuntiatione

1331 460 1560 497 satisdederit
1589 460 1893 506 repromisseritve
1929 464 1993 495 aut
2023 470 2089 513 per
2122 471 2205 496 eum
2237 472 2310 497 non
2344 461 2417 505 fiet,

1331 515 1403 551 quo
1427 506 1543 541 minus
1567 506 1653 541 boni
1674 506 1741 541 viri
1763 507 1941 542 arbitratu
1965 505 2116 541 satisdet
2140 506 2417 551 repromittatve,

1330 550 1479 630 fler-inde
1502 554 1568 593 est,
1592 560 1636 586 ac
1659 550 1691 586 si
1714 551 1832 596 operis
1855 551 1938 587 novi
1960 550 2138 586 nuntiatio
2158 550 2291 587 omissa
2313 555 2417 587 esset.

1357 595 1443 631 abet
1465 599 1585 631 autem
1615 595 1686 631 hoc
1708 596 1902 632 remedium
1924 596 2132 632 utilitatem:
2163 606 2248 631 nam
2269 596 2419 632 remittit

1330 640 1554 677 vexationem
1577 640 1624 676 ad
1645 645 1847 686 praetorem
1869 641 2031 677 veniendi
2053 644 2091 676 et
2113 640 2355 684 desiderandi,
2378 645 2421 676 ut

1334 688 1375 721 18
1422 686 1533 721 missa
1554 685 1658 721 fieret
1680 686 1869 722 nuntiatio.
1915 686 1985 731 Qui
2006 686 2255 732 procuratorio
2277 686 2419 723 nomine

1331 730 1566 773 nuntiaverit,
1590 731 1623 767 si
1645 742 1719 767 non
1742 731 1935 767 satisdabit
1957 741 2036 767 eam
2058 741 2133 767 rem
2156 731 2337 767 dominum
2359 741 2419 767 ra-

1331 780 1406 811 tam
1449 775 1679 819 habiturum,
1721 777 1899 812 nuntiatio
1939 776 2036 812 omni
2075 776 2182 813 modo
2216 777 2418 819 remittitur,

1335 824 1376 856 19
1424 820 1564 857 etiamsi
1594 832 1699 858 verus
1728 821 1776 857 sit
1805 825 2029 867 procurator.
2077 821 2147 866 Qui
2176 821 2420 857 remissionem

1332 866 1492 902 absentis
1516 866 1658 902 nomine
1681 866 1879 909 desiderat,
1912 866 1986 902 sive
2007 865 2054 901 ad
2077 866 2254 911 privatum
2276 866 2350 903 sive
2373 866 2421 902 ad

1334 911 1519 957 publicum
1541 912 1599 948 ius
1623 921 1666 948 ea
1687 912 1848 948 remissio
1872 911 2038 956 pertinet,
2063 911 2239 948 satisdare
2262 912 2419 957 cogitur:

1333 957 1487 993 sustinet
1510 957 1603 992 enim
1626 961 1747 1002 partes
1772 956 1981 993 defensoris.
2029 955 2093 992 sed
2120 956 2210 992 haec
2233 956 2420 993 satisdatio

1332 1013 1406 1037 non
1434 1002 1592 1047 pertinet
1620 1002 1668 1038 ad
1690 1002 1999 1044 ratihabitionem,
2032 1001 2097 1037 sed
2121 1001 2168 1037 ad
2196 1002 2316 1047 operis
2338 1002 2422 1038 novi

1334 1050 1377 1082 20
1424 1047 1696 1083 nuntiationem.
1733 1047 1771 1082 Si
1793 1051 2006 1100 procurator
2029 1050 2149 1082 autem
2173 1057 2264 1093 opus
2287 1058 2418 1083 novum

1333 1091 1420 1127 mihi
1442 1092 1661 1128 nuntiaverit
1684 1096 1720 1128 et
1742 1096 1830 1128 satis
1854 1092 2052 1137 acceperit,
2082 1091 2210 1128 deinde
2230 1092 2420 1129 interdicto

1333 1137 1505 1174 adversus
1535 1148 1617 1173 eum
1646 1141 1746 1180 utar,
1779 1148 1823 1173 ne
1846 1137 1916 1172 vim
1939 1137 2026 1172 mihi
2048 1135 2178 1180 faciat,
2211 1148 2281 1183 quo
2303 1138 2421 1173 minus

1333 1182 1534 1227 aedificem,
1558 1193 1603 1218 ex
1626 1183 1817 1219 interdicto
1841 1193 1923 1218 eum
1946 1186 2090 1228 oportet
2111 1182 2310 1218 iudicatum
2333 1182 2421 1219 solvi

1334 1227 1522 1270 satisdare,
1548 1228 1632 1273 quia
1654 1232 1776 1273 partes
1799 1228 1954 1264 sustinet
1977 1227 2193 1264 defensoris:

1380 1271 1405 1311 6
1430 1272 1457 1308 I
1459 1282 1624 1309 ULJANUS
1641 1273 1732 1310 libro
1747 1273 2051 1320 quadraqensimo
2069 1274 2189 1320 primo
2201 1273 2421 1320 diqestorum

1334 1321 1371 1353 et
1397 1318 1478 1354 ideo
1510 1329 1627 1364 neque
1659 1318 1887 1364 exceptiones
1925 1318 2196 1364 procuratoriae
2226 1318 2360 1364 opponi
2389 1318 2423 1355 ei

1333 1363 1467 1399 debent
1498 1374 1564 1399 nec
1588 1364 1764 1399 satisdare
1789 1363 1968 1409 cogendus
1993 1367 2048 1400 est
2070 1367 2187 1399 ratam
2208 1374 2285 1400 rem
2308 1363 2421 1400 domi-

1333 1419 1420 1444 num
1443 1409 1662 1445 habiturum.

1381 1452 1404 1491 7
1445 1454 1641 1490 Uipsanas
1674 1454 1766 1490 libro
1798 1454 2148 1502 quinquaqensimffl
2185 1453 2343 1490 secundo
2374 1453 2424 1490 ad

1333 1499 1488 1536 edictum
1534 1499 1584 1534 Et
1613 1499 1645 1535 si
1667 1498 1937 1535 satisdationem
1960 1509 2034 1535 non
2057 1498 2174 1542 dabit,
2199 1509 2421 1536 summoven-

1334 1545 1402 1580 dus
1426 1545 1495 1580 erit
1518 1546 1564 1581 ab
1583 1545 1793 1580 executione
1817 1555 1838 1580 o
1867 1544 1936 1580 eris
1959 1544 2053 1587 novi,
2077 1548 2115 1580 et
2137 1544 2309 1588 actiones,
2333 1555 2422 1590 quas

1336 1594 1351 1625 1
1402 1590 1535 1626 domini
1557 1590 1700 1626 nomine
1722 1590 1821 1626 inten
1848 1590 1893 1631 it,
1925 1589 2056 1625 debent
2085 1590 2118 1626 ei
2147 1589 2326 1636 denegari.
2374 1589 2424 1625 Et

1333 1638 1433 1671 tutor
1455 1639 1492 1671 et
1515 1639 1662 1671 curator
1685 1645 1776 1680 opus
1799 1645 1930 1671 novum
1953 1638 2051 1671 recte
2074 1635 2252 1671 nuntiant.

1381 1678 1405 1718 8
1431 1680 1488 1716 ΡΑ
1496 1690 1539 1716 σι
1547 1690 1591 1716 vs
1607 1681 1698 1716 libro
1719 1681 2024 1727 quadraqensimo
2048 1685 2176 1717 octavo
2199 1680 2251 1716 ad
2268 1679 2422 1717 edictum

1333 1726 1417 1761 Non
1440 1726 1557 1762 solum
1578 1725 1741 1771 proximo
1765 1725 1893 1768 vicino,
1920 1725 1983 1761 sed
2001 1725 2109 1760 etiam
2132 1725 2308 1771 superiori
2331 1736 2423 1771 opus

1333 1770 1481 1806 facienti
1503 1771 1670 1807 nuntiare
1693 1780 1784 1816 opus
1807 1781 1938 1806 novum
1960 1773 2104 1816 potero:
2141 1781 2224 1806 nam
2253 1774 2291 1807 et
2313 1771 2422 1807 servi·

1332 1820 1429 1853 tutes
1454 1816 1631 1861 quaedam
1653 1815 1971 1852 intervenientibus
1994 1815 2119 1852 mediis
2149 1816 2238 1852 locis
2268 1816 2324 1852 vel
2354 1827 2421 1862 pu·

1337 1866 1351 1896 1
1401 1861 1504 1897 blicis
1527 1861 1585 1897 vel
1607 1861 1756 1906 privatis
1780 1871 1859 1896 esse
1881 1864 2045 1907 possunt.
2086 1860 2155 1905 Qui
2178 1871 2269 1914 opus
2291 1871 2422 1898 novum

1333 1907 1493 1949 nuntiat,
1526 1907 1557 1943 si
1580 1907 1665 1952 quid
1689 1907 1808 1952 operis
1830 1906 1902 1942 iam
1925 1906 2061 1942 factum
2085 1906 2169 1950 erit,
2197 1917 2235 1942 in
2258 1907 2421 1943 testatio-

1334 1963 1417 1988 nem
1440 1952 1574 1988 referre
1598 1952 1718 1995 debet,
1752 1955 1794 1986 ut
1817 1955 2006 1997 appareat,
2031 1951 2116 1997 quid
2164 1955 2265 1988 ostea
2287 1951 2422 1988 factum

1334 2000 1353 2032 2
1402 1998 1459 2033 sit.
1507 1997 1561 2040 Si,
1588 2008 1668 2033 cum
1692 2007 1834 2042 possem
1857 2001 1894 2032 te
1919 1997 2016 2032 ⁸iure
2038 1997 2142 2042 proh:
2188 2007 2246 2039 re,
2278 1997 2421 2033 nuntia-

1333 2053 1417 2078 vero
1441 2042 1508 2078 tibi
1531 2054 1620 2087 opus
1645 2053 1794 2086 novum,
1826 2053 1899 2077 non
1931 2042 2020 2077 alias
2045 2042 2256 2078 aedificandi
2278 2042 2334 2078 ius
2356 2043 2421 2079 hm

1335 2091 1354 2123 3
1402 2088 1522 2131 bebis,
1555 2098 1662 2134 quam
1686 2087 1717 2123 si
1741 2087 1981 2123 satisdederis.
2030 2087 2134 2132 Quod
2157 2087 2188 2123 si
2210 2088 2419 2124 nuntiavero

1334 2133 1417 2175 tibi,
1450 2143 1495 2168 ne
1526 2133 1611 2179 quid
1651 2136 1777 2168 contra
1806 2132 1901 2185 leges
1931 2132 1970 2167 in
2003 2132 2084 2168 loco
2120 2132 2264 2177 publico
2295 2133 2421 2176 facias,

1333 2179 1542 2223 promittere
1566 2178 1723 2220 debebis,
1749 2188 1916 2223 quomam
1940 2178 1984 2213 de
2008 2187 2050 2213 eo
2076 2188 2184 2223 opere
2206 2177 2322 2214 alieno
2345 2178 2423 2214 iure

1335 2223 1533 2266 contendo,
1564 2234 1636 2259 non
1659 2234 1754 2267 meo,
1787 2227 1823 2259 et
1845 2226 2027 2268 tamquam
2051 2222 2159 2258 alieni
2180 2223 2268 2259 iuris
2291 2224 2423 2269 petitor

1335 2272 1356 2304 4
1403 2268 1681 2314 repromissione
1714 2272 1903 2304 contentus
1936 2277 2014 2304 esse
2051 2267 2175 2304 debeo.
2231 2267 2419 2304 Sciendum

1336 2317 1391 2349 est
1421 2314 1519 2349 facta
1549 2314 1666 2359 operis
1698 2314 1780 2349 novi
1810 2313 2035 2349 nuntiatione
2059 2313 2118 2348 cui
2141 2313 2344 2349 nuntiatum
2367 2318 2423 2350 est

1334 2360 1514 2394 abstinere
1538 2363 1724 2404 oportere,
1756 2359 1868 2394 donec
1892 2362 2018 2394 caveat
2045 2359 2102 2394 vel
2124 2358 2237 2395 donec
2259 2358 2420 2396 remissio

1333 2404 1569 2440 nuntiationis
1593 2404 1673 2439 fiat:
1699 2408 1786 2439 tunc
1805 2404 1909 2446 enim,
1935 2403 1967 2439 si
1989 2404 2046 2439 ius
2070 2403 2283 2439 aedificandi
2300 2404 2410 2440 habet

1335 2453 1354 2484 5
1403 2454 1501 2485 recte
1533 2448 1747 2485 aedificabit.
1797 2448 1867 2484 Sed
1903 2452 1944 2483 ut
1975 2449 2125 2494 probari
2161 2449 2293 2494 possit,
2335 2431 2420 2495 quid

1334 2499 1462 2540 postea
1486 2494 1712 2530 aedificatum
1737 2494 1800 2536 sit,
1824 2493 1988 2529 modulos
2012 2504 2152 2530 sumere
2175 2494 2283 2530 debet
2304 2494 2335 2530 is
2383 2494 2421 2529 ui

1334 2541 1487 2582 nuntiat,
1513 2539 1574 2585 qui
1593 2544 1634 2574 ut
1652 2543 1839 2575 sumantur
1857 2539 2169 2585 conferanturque,
2192 2542 2339 2592 praetor
2359 2505 2419 2575 ge-

1335 2587 1355 2620 6
1403 2595 1549 2620 cernere
1587 2585 1689 2620 solet.
1737 2585 1857 2620 Morte
1894 2584 1970 2620 eius
2008 2585 2069 2629 qui
2099 2585 2275 2620 nuntiavit
2305 2584 2420 2622 extin-

1333 2631 1455 2675 guitur
1489 2630 1693 2672 nuntiatio,
1718 2630 1813 2665 sicut
1840 2629 2070 2672 alienatione,
2105 2629 2190 2675 quia
2218 2629 2274 2665 his
2304 2629 2420 2665 modis

1334 2679 1352 2710 7
1401 2675 1524 2710 finitur
1545 2676 1602 2710 ius
1621 2675 1843 2720 prohibendi.
1875 2674 1979 2719 Quod
1998 2674 2030 2710 si
2048 2675 2079 2711 is
2100 2675 2159 2710 cui
2178 2685 2268 2720 opus
2289 2686 2420 2711 novum

1334 2722 1538 2756 nuntiatum
1569 2724 1648 2756 erat
1671 2720 1864 2755 decesserit
1887 2720 1943 2755 vel
1966 2719 2072 2755 aedes
2095 2719 2317 2763 alienaverit,
2348 2730 2420 2757 non

1334 2766 1554 2811 extinguitur
1577 2766 1695 2811 operis
1718 2766 1801 2801 novi
1824 2765 2019 2801 nuntiatio:
2043 2764 2150 2810 idque
2173 2775 2219 2801 ex
2241 2775 2284 2801 eo
2308 2775 2419 2810 appa-

1334 2815 1408 2853 ret,
1434 2811 1530 2856 quod
1553 2811 1590 2846 in
1614 2810 1861 2856 stipulatione,
1891 2820 1984 2863 quae
2015 2820 2060 2845 ex
2082 2810 2152 2845 hac
2175 2820 2287 2846 causa
2308 2810 2419 2847 inter-

1334 2856 1490 2902 ponitur,
1515 2856 1622 2892 etiam
1645 2855 1787 2891 heredis
1811 2861 1942 2891 mentio
1966 2855 2016 2891 fit.

1382 2899 1407 2939 9
1434 2901 1559 2937 (ἔωσε
1579 2901 1629 2936 ad
1647 2901 1798 2936 edictum
1818 2901 1981 2936 urbicum
2005 2901 2107 2936 titulo
2133 2900 2179 2936 de
2197 2901 2320 2947 operis
2336 2898 2423 2936 nom·

1334 2947 1560 2982 nuntiatione
1596 2945 1781 2988 Creditori,
1806 2946 1865 2981 cui
1888 2946 2047 2990 pignoris
2070 2945 2212 2981 nomine
2234 2944 2419 2990 praedium

1334 2996 1494 3035 tenetur,
1524 2991 1802 3037 permittendum
1832 2995 1886 3026 est
1909 2990 1953 3026 de
1976 2991 2072 3043 iure,
2102 2990 2141 3026 id
2165 2994 2220 3026 est
2243 2991 2286 3026 de
2310 2990 2418 3026 servi-

1333 3041 1421 3081 tute,
1446 3047 1537 3117 gpus
1561 3047 1691 3072 novum
1714 3036 1898 3071 nuntiare:
1930 3046 2014 3071 nam
2037 3045 2070 3071 ei
2092 3035 2284 3071 vindicatio
2308 3035 2417 3071 servi-

1334 3082 1421 3117 tutis
1471 3086 1564 3117 atur.

1383 3125 1434 3164 10
1466 3127 1660 3163 ULPIANUS
1685 3125 1776 3162 libro
1800 3125 2104 3179 quadraqensimo
2129 3126 2255 3172 quinto
2278 3125 2330 3161 ad
2350 3124 2418 3163 Sa-

1334 3172 1455 3208 binum
1493 3172 1619 3217 Operis
1643 3171 1725 3206 novi
1748 3170 1923 3206 nuntiatio
1947 3181 1984 3206 in
2006 3180 2080 3205 rem
2102 3170 2156 3213 fit,
2180 3181 2254 3206 non
2274 3170 2313 3206 in
2335 3179 2417 3216 per-

1333 3227 1474 3253 sonam:
1514 3222 1550 3252 et
1586 3216 1666 3252 ideo
1696 3215 1832 3252 furioso
1864 3219 1900 3251 et
1927 3215 2056 3250 infanti
2086 3215 2164 3251 fieri
2201 3218 2321 3261 potest
2351 3225 2417 3255 nec

1333 3262 1461 3297 tutoris
1485 3262 1681 3297 auctoritas
1705 3261 1743 3295 in
1767 3271 1810 3296 ea
1833 3260 2056 3296 nuntiatione
2080 3261 2241 3306 exigitur.

1383 3305 1428 3343 11
1459 3306 1513 3342 ΡΛ
1522 3316 1617 3342 (lhos
1643 3306 1734 3342 libro
1759 3305 1945 3341 undecimo
1969 3306 2020 3341 ad
2042 3305 2215 3342 Sabinum
2263 3305 2418 3342 Cuilibet

1332 3352 1425 3387 enim
1442 3351 1671 3396 intellegenti,
1695 3350 1805 3387 veluti
1827 3350 1942 3394 fabro,
1966 3351 2170 3387 nuntiatum
2186 3350 2359 3387 infantem
2381 3353 2418 3386 et

1331 3397 1508 3433 furiosum
1531 3400 1639 3433 tenet.

1383 3439 1433 3479 12
1458 3442 1565 3478 IDEM
1581 3443 1672 3478 libro
1686 3442 1791 3477 tertio
1809 3440 1945 3478 decimo
1959 3440 2009 3476 ad
2019 3439 2193 3476 Sabinum
2227 3439 2287 3475 Ex
2297 3439 2421 3485 operis

1331 3487 1414 3523 novi
1445 3488 1670 3523 nuntiatione
1700 3487 1732 3522 si
1755 3489 1941 3529 caveatur,
1973 3485 2090 3521 tanti⁹
2112 3485 2294 3531 stipulatio
2319 3495 2413 3521 com-

1331 3532 1495 3576 mittitur,
1520 3532 1645 3578 quanti
1666 3531 1862 3568 iudicatum
1886 3531 1944 3567 sit.

1492 3691 1499 3698 ι
1597 3646 1641 3687 (6)
1667 3644 1772 3687 exigit
1782 3643 1835 3677 F²
1944 3645 1993 3696 st)
2017 3641 2435 3687 quinquadragensimob‘·

1331 3692 1375 3731 (8)
1399 3700 1472 3723 meo
1486 3702 1543 3723 ms.
1562 3688 1733 3724 Goudsmu
1823 3690 1868 3733 (9)
1891 3688 2004 3722 tatiF
