<?xml version="1.0" encoding="UTF-8"?>
<!DOCTYPE html PUBLIC "-//W3C//DTD XHTML 1.0 Transitional//EN"
    "http://www.w3.org/TR/xhtml1/DTD/xhtml1-transitional.dtd">
<html xmlns="http://www.w3.org/1999/xhtml" xml:lang="en" lang="en">
 <head>
  <title>
</title>
<meta http-equiv="Content-Type" content="text/html;charset=utf-8" />
  <meta name='ocr-system' content='tesseract 3.04.00' />
  <meta name='ocr-capabilities' content='ocr_page ocr_carea ocr_par ocr_line ocrx_word'/>
</head>
<body>
  <div class='ocr_page' id='page_1' title='image "./corpusjuriscivil01krueuoft_0070.png"; bbox 0 0 2528 3918; ppageno 0'>
   <div class='ocr_carea' id='block_1_1' title="bbox 184 110 1326 175">
    <p class='ocr_par' dir='ltr' id='par_1_1' title="bbox 184 110 1326 175">
     <span class='ocr_line' id='line_1_1' title="bbox 184 110 1326 175; baseline -0.004 -12"><span class='ocrx_word' id='word_1_1' title='bbox 184 118 329 163; x_wconf 78' lang='lat' dir='ltr'><strong>msT.</strong></span> <span class='ocrx_word' id='word_1_2' title='bbox 359 119 437 175; x_wconf 90' lang='lat'><strong>111,</strong></span> <span class='ocrx_word' id='word_1_3' title='bbox 469 122 635 164; x_wconf 81' lang='lat'>27—29</span> <span class='ocrx_word' id='word_1_4' title='bbox 1267 110 1326 159; x_wconf 82' lang='lat'><strong>42</strong></span> 
     </span>
    </p>
   </div>
   <div class='ocr_carea' id='block_1_2' title="bbox 175 240 1273 2870">
    <p class='ocr_par' dir='ltr' id='par_1_2' title="bbox 175 240 1273 2870">
     <span class='ocr_line' id='line_1_2' title="bbox 181 240 1271 291; baseline -0.007 -7"><span class='ocrx_word' id='word_1_5' title='bbox 181 246 276 284; x_wconf 87' lang='lat' dir='ltr'><strong>sicut</strong></span> <span class='ocrx_word' id='word_1_6' title='bbox 298 249 418 283; x_wconf 91' lang='lat' dir='ltr'><strong>autem</strong></span> <span class='ocrx_word' id='word_1_7' title='bbox 440 244 471 281; x_wconf 88' lang='lat' dir='ltr'><strong>is</strong></span> <span class='ocrx_word' id='word_1_8' title='bbox 495 243 557 291; x_wconf 88' lang='lat' dir='ltr'><strong>qui</strong></span> <span class='ocrx_word' id='word_1_9' title='bbox 574 242 710 280; x_wconf 79' lang='lat' dir='ltr'>utiliter</span> <span class='ocrx_word' id='word_1_10' title='bbox 726 240 876 288; x_wconf 76' lang='lat' dir='ltr'><strong>gesserit</strong></span> <span class='ocrx_word' id='word_1_11' title='bbox 892 241 1035 288; x_wconf 84' lang='lat' dir='ltr'><strong>negotia</strong></span> <span class='ocrx_word' id='word_1_12' title='bbox 1053 240 1164 277; x_wconf 84' lang='lat' dir='ltr'><strong>habet</strong></span> <span class='ocrx_word' id='word_1_13' title='bbox 1182 240 1271 276; x_wconf 90' lang='lat' dir='ltr'><strong>obli-</strong></span> 
     </span>
     <span class='ocr_line' id='line_1_3' title="bbox 179 286 1271 341; baseline -0.007 -12"><span class='ocrx_word' id='word_1_14' title='bbox 179 295 303 338; x_wconf 85' lang='lat' dir='ltr'><strong>gatum</strong></span> <span class='ocrx_word' id='word_1_15' title='bbox 327 291 509 328; x_wconf 90' lang='lat' dir='ltr'><strong>dominum</strong></span> <span class='ocrx_word' id='word_1_16' title='bbox 532 287 774 341; x_wconf 77' lang='lat' dir='ltr'><strong>negotiorum,</strong></span> <span class='ocrx_word' id='word_1_17' title='bbox 805 287 858 324; x_wconf 93' lang='lat' dir='ltr'><strong>ita</strong></span> <span class='ocrx_word' id='word_1_18' title='bbox 882 291 918 324; x_wconf 91' lang='lat' dir='ltr'><strong>et</strong></span> <span class='ocrx_word' id='word_1_19' title='bbox 942 290 1068 323; x_wconf 89' lang='lat' dir='ltr'><strong>contra</strong></span> <span class='ocrx_word' id='word_1_20' title='bbox 1090 286 1158 322; x_wconf 89' lang='lat' dir='ltr'><strong>iste</strong></span> <span class='ocrx_word' id='word_1_21' title='bbox 1182 296 1271 332; x_wconf 93' lang='lat' dir='ltr'><strong>quo-</strong></span> 
     </span>
     <span class='ocr_line' id='line_1_4' title="bbox 181 331 1271 383; baseline -0.007 -9"><span class='ocrx_word' id='word_1_22' title='bbox 181 348 250 383; x_wconf 90' lang='lat' dir='ltr'><strong>que</strong></span> <span class='ocrx_word' id='word_1_23' title='bbox 269 340 424 379; x_wconf 88' lang='lat' dir='ltr'><strong>tenetur,</strong></span> <span class='ocrx_word' id='word_1_24' title='bbox 436 338 478 371; x_wconf 93' lang='lat' dir='ltr'><strong>ut</strong></span> <span class='ocrx_word' id='word_1_25' title='bbox 497 332 814 370; x_wconf 87' lang='lat' dir='ltr'><strong>administrationis</strong></span> <span class='ocrx_word' id='word_1_26' title='bbox 833 332 1009 369; x_wconf 86' lang='lat' dir='ltr'><strong>rationem</strong></span> <span class='ocrx_word' id='word_1_27' title='bbox 1029 331 1167 368; x_wconf 88' lang='lat' dir='ltr'><strong>reddat.</strong></span> <span class='ocrx_word' id='word_1_28' title='bbox 1224 341 1271 367; x_wconf 92' lang='lat' dir='ltr'><strong>uo</strong></span> 
     </span>
     <span class='ocr_line' id='line_1_5' title="bbox 181 376 1270 425; baseline -0.007 -6"><span class='ocrx_word' id='word_1_29' title='bbox 181 393 270 419; x_wconf 81' lang='lat' dir='ltr'><strong>casu</strong></span> <span class='ocrx_word' id='word_1_30' title='bbox 293 382 339 418; x_wconf 91' lang='lat' dir='ltr'><strong>ad</strong></span> <span class='ocrx_word' id='word_1_31' title='bbox 363 379 623 417; x_wconf 82' lang='lat' dir='ltr'><strong>exactissimam</strong></span> <span class='ocrx_word' id='word_1_32' title='bbox 646 378 796 425; x_wconf 89' lang='lat' dir='ltr'><strong>quisque</strong></span> <span class='ocrx_word' id='word_1_33' title='bbox 826 378 1064 424; x_wconf 87' lang='lat' dir='ltr'><strong>diligentiam¹</strong></span> <span class='ocrx_word' id='word_1_34' title='bbox 1090 386 1215 421; x_wconf 89' lang='lat' dir='ltr'><strong>compe</strong></span> <span class='ocrx_word' id='word_1_35' title='bbox 1244 376 1270 403; x_wconf 85' lang='lat'><strong>‘-</strong></span> 
     </span>
     <span class='ocr_line' id='line_1_6' title="bbox 180 421 1271 467; baseline -0.006 -4"><span class='ocrx_word' id='word_1_36' title='bbox 180 431 240 463; x_wconf 90' lang='lat' dir='ltr'><strong>tur</strong></span> <span class='ocrx_word' id='word_1_37' title='bbox 262 426 412 463; x_wconf 88' lang='lat' dir='ltr'><strong>reddere</strong></span> <span class='ocrx_word' id='word_1_38' title='bbox 434 425 627 461; x_wconf 86' lang='lat' dir='ltr'><strong>rationein:</strong></span> <span class='ocrx_word' id='word_1_39' title='bbox 659 434 727 460; x_wconf 90' lang='lat' dir='ltr'><strong>nec</strong></span> <span class='ocrx_word' id='word_1_40' title='bbox 757 422 892 460; x_wconf 86' lang='lat' dir='ltr'><strong>sufficit</strong></span> <span class='ocrx_word' id='word_1_41' title='bbox 922 423 1031 458; x_wconf 87' lang='lat' dir='ltr'><strong>talem</strong></span> <span class='ocrx_word' id='word_1_42' title='bbox 1055 421 1271 467; x_wconf 83' lang='lat' dir='ltr'><strong>diligentiam</strong></span> 
     </span>
     <span class='ocr_line' id='line_1_7' title="bbox 180 466 1270 517; baseline -0.006 -9"><span class='ocrx_word' id='word_1_43' title='bbox 180 472 359 515; x_wconf 90' lang='lat' dir='ltr'><strong>adhibere,</strong></span> <span class='ocrx_word' id='word_1_44' title='bbox 379 471 522 517; x_wconf 89' lang='lat' dir='ltr'><strong>qualem</strong></span> <span class='ocrx_word' id='word_1_45' title='bbox 541 469 616 506; x_wconf 91' lang='lat' dir='ltr'><strong>suis</strong></span> <span class='ocrx_word' id='word_1_46' title='bbox 635 469 743 505; x_wconf 89' lang='lat' dir='ltr'><strong>rebus</strong></span> <span class='ocrx_word' id='word_1_47' title='bbox 764 469 933 505; x_wconf 91' lang='lat' dir='ltr'><strong>adhibere</strong></span> <span class='ocrx_word' id='word_1_48' title='bbox 952 468 1094 510; x_wconf 89' lang='lat' dir='ltr'><strong>soleret,</strong></span> <span class='ocrx_word' id='word_1_49' title='bbox 1114 467 1145 502; x_wconf 92' lang='lat' dir='ltr'><strong>si</strong></span> <span class='ocrx_word' id='word_1_50' title='bbox 1165 466 1270 502; x_wconf 90' lang='lat' dir='ltr'><strong>modo</strong></span> 
     </span>
     <span class='ocr_line' id='line_1_8' title="bbox 179 514 1270 561; baseline -0.005 -8"><span class='ocrx_word' id='word_1_51' title='bbox 179 518 272 553; x_wconf 86' lang='lat' dir='ltr'><strong>alius</strong></span> <span class='ocrx_word' id='word_1_52' title='bbox 295 515 494 561; x_wconf 83' lang='lat' dir='ltr'><strong>diligentior</strong></span> <span class='ocrx_word' id='word_1_53' title='bbox 518 514 736 551; x_wconf 87' lang='lat' dir='ltr'><strong>commodius</strong></span> <span class='ocrx_word' id='word_1_54' title='bbox 761 514 1073 550; x_wconf 81' lang='lat' dir='ltr'><strong>administraturus</strong></span> <span class='ocrx_word' id='word_1_55' title='bbox 1092 515 1187 548; x_wconf 88' lang='lat' dir='ltr'><strong>esset</strong></span> <span class='ocrx_word' id='word_1_56' title='bbox 1208 521 1270 547; x_wconf 92' lang='lat' dir='ltr'><strong>ne-</strong></span> 
     </span>
     <span class='ocr_line' id='line_1_9' title="bbox 180 557 1270 607; baseline -0.006 -9"><span class='ocrx_word' id='word_1_57' title='bbox 180 566 200 598; x_wconf 85' lang='lat'>2</span> <span class='ocrx_word' id='word_1_58' title='bbox 245 562 354 607; x_wconf 85' lang='lat' dir='ltr'><strong>gotia.</strong></span> <span class='ocrx_word' id='word_1_59' title='bbox 403 560 581 597; x_wconf 80' lang='lat' dir='ltr'><strong>2&#39;rutores</strong></span> <span class='ocrx_word' id='word_1_60' title='bbox 605 570 765 606; x_wconf 90' lang='lat' dir='ltr'><strong>quoque,</strong></span> <span class='ocrx_word' id='word_1_61' title='bbox 797 559 857 605; x_wconf 90' lang='lat' dir='ltr'><strong>qui</strong></span> <span class='ocrx_word' id='word_1_62' title='bbox 888 558 1023 594; x_wconf 84' lang='lat' dir='ltr'><strong>tutelae</strong></span> <span class='ocrx_word' id='word_1_63' title='bbox 1052 557 1183 593; x_wconf 89' lang='lat' dir='ltr'><strong>iudicio</strong></span> <span class='ocrx_word' id='word_1_64' title='bbox 1217 560 1270 592; x_wconf 90' lang='lat' dir='ltr'><strong>te-</strong></span> 
     </span>
     <span class='ocr_line' id='line_1_10' title="bbox 179 602 1270 652; baseline -0.006 -9"><span class='ocrx_word' id='word_1_65' title='bbox 179 611 321 650; x_wconf 88' lang='lat' dir='ltr'><strong>nentur,</strong></span> <span class='ocrx_word' id='word_1_66' title='bbox 346 617 418 642; x_wconf 93' lang='lat' dir='ltr'><strong>non</strong></span> <span class='ocrx_word' id='word_1_67' title='bbox 441 605 586 652; x_wconf 86' lang='lat' dir='ltr'><strong>proprie</strong></span> <span class='ocrx_word' id='word_1_68' title='bbox 610 616 654 641; x_wconf 84' lang='lat' dir='ltr'><strong>ex</strong></span> <span class='ocrx_word' id='word_1_69' title='bbox 678 608 867 641; x_wconf 88' lang='lat' dir='ltr'><strong>contractu</strong></span> <span class='ocrx_word' id='word_1_70' title='bbox 891 603 1037 648; x_wconf 87' lang='lat' dir='ltr'><strong>obligati</strong></span> <span class='ocrx_word' id='word_1_71' title='bbox 1060 602 1160 638; x_wconf 91' lang='lat' dir='ltr'><strong>intell</strong></span> <span class='ocrx_word' id='word_1_72' title='bbox 1205 613 1270 637; x_wconf 91' lang='lat' dir='ltr'><strong>un-</strong></span> 
     </span>
     <span class='ocr_line' id='line_1_11' title="bbox 179 647 1271 696; baseline -0.005 -8"><span class='ocrx_word' id='word_1_73' title='bbox 179 656 239 688; x_wconf 85' lang='lat' dir='ltr'><strong>tur</strong></span> <span class='ocrx_word' id='word_1_74' title='bbox 263 652 411 694; x_wconf 90' lang='lat' dir='ltr'><strong>(nullum</strong></span> <span class='ocrx_word' id='word_1_75' title='bbox 435 650 528 687; x_wconf 88' lang='lat' dir='ltr'><strong>enim</strong></span> <span class='ocrx_word' id='word_1_76' title='bbox 551 651 731 696; x_wconf 83' lang='lat' dir='ltr'><strong>negotium</strong></span> <span class='ocrx_word' id='word_1_77' title='bbox 754 650 847 685; x_wconf 88' lang='lat' dir='ltr'><strong>inter</strong></span> <span class='ocrx_word' id='word_1_78' title='bbox 867 652 1022 684; x_wconf 87' lang='lat' dir='ltr'><strong>tutorem</strong></span> <span class='ocrx_word' id='word_1_79' title='bbox 1042 651 1078 684; x_wconf 90' lang='grc'><strong>01</strong></span> <span class='ocrx_word' id='word_1_80' title='bbox 1096 647 1182 694; x_wconf 86' lang='lat' dir='ltr'><strong>pup&#39;</strong></span> <span class='ocrx_word' id='word_1_81' title='bbox 1212 658 1271 682; x_wconf 92' lang='lat' dir='ltr'><strong>um</strong></span> 
     </span>
     <span class='ocr_line' id='line_1_12' title="bbox 180 693 1270 742; baseline -0.005 -10"><span class='ocrx_word' id='word_1_82' title='bbox 180 697 437 740; x_wconf 61' lang='lat' dir='ltr'><strong>conti-abitum:</strong></span> <span class='ocrx_word' id='word_1_83' title='bbox 467 696 531 732; x_wconf 92' lang='lat' dir='ltr'><strong>sed</strong></span> <span class='ocrx_word' id='word_1_84' title='bbox 563 696 648 742; x_wconf 87' lang='lat' dir='ltr'><strong>quia</strong></span> <span class='ocrx_word' id='word_1_85' title='bbox 671 706 759 732; x_wconf 91' lang='lat' dir='ltr'><strong>sane</strong></span> <span class='ocrx_word' id='word_1_86' title='bbox 782 705 855 730; x_wconf 91' lang='lat' dir='ltr'><strong>non</strong></span> <span class='ocrx_word' id='word_1_87' title='bbox 879 704 924 729; x_wconf 86' lang='lat' dir='ltr'><strong>ex</strong></span> <span class='ocrx_word' id='word_1_88' title='bbox 946 693 1121 729; x_wconf 87' lang='lat' dir='ltr'><strong>maleficio</strong></span> <span class='ocrx_word' id='word_1_89' title='bbox 1145 697 1270 728; x_wconf 93' lang='lat' dir='ltr'><strong>tenen-</strong></span> 
     </span>
     <span class='ocr_line' id='line_1_13' title="bbox 178 738 1271 788; baseline -0.005 -10"><span class='ocrx_word' id='word_1_90' title='bbox 178 747 248 785; x_wconf 91' lang='lat' dir='ltr'><strong>tur,</strong></span> <span class='ocrx_word' id='word_1_91' title='bbox 273 741 377 788; x_wconf 88' lang='lat' dir='ltr'><strong>quasi</strong></span> <span class='ocrx_word' id='word_1_92' title='bbox 395 752 440 778; x_wconf 85' lang='lat' dir='ltr'><strong>ex</strong></span> <span class='ocrx_word' id='word_1_93' title='bbox 459 745 647 777; x_wconf 89' lang='lat' dir='ltr'><strong>contractu</strong></span> <span class='ocrx_word' id='word_1_94' title='bbox 666 740 778 777; x_wconf 90' lang='lat' dir='ltr'><strong>teneri</strong></span> <span class='ocrx_word' id='word_1_95' title='bbox 796 739 972 775; x_wconf 89' lang='lat' dir='ltr'><strong>videntur.</strong></span> <span class='ocrx_word' id='word_1_96' title='bbox 1010 742 1046 775; x_wconf 92' lang='lat' dir='ltr'><strong>et</strong></span> <span class='ocrx_word' id='word_1_97' title='bbox 1064 738 1134 774; x_wconf 92' lang='lat' dir='ltr'><strong>hoc</strong></span> <span class='ocrx_word' id='word_1_98' title='bbox 1151 741 1271 774; x_wconf 89' lang='lat' dir='ltr'><strong>autem</strong></span> 
     </span>
     <span class='ocr_line' id='line_1_14' title="bbox 180 783 1271 829; baseline -0.005 -5"><span class='ocrx_word' id='word_1_99' title='bbox 180 798 266 824; x_wconf 91' lang='lat' dir='ltr'><strong>casu</strong></span> <span class='ocrx_word' id='word_1_100' title='bbox 289 790 436 824; x_wconf 85' lang='lat' dir='ltr'><strong>mutuae</strong></span> <span class='ocrx_word' id='word_1_101' title='bbox 458 790 543 823; x_wconf 86' lang='lat' dir='ltr'><strong>sunt</strong></span> <span class='ocrx_word' id='word_1_102' title='bbox 565 786 743 822; x_wconf 80' lang='lat' dir='ltr'><strong>actiones:</strong></span> <span class='ocrx_word' id='word_1_103' title='bbox 778 796 851 821; x_wconf 92' lang='lat' dir='ltr'><strong>non</strong></span> <span class='ocrx_word' id='word_1_104' title='bbox 873 787 1014 819; x_wconf 84' lang='lat' dir='ltr'><strong>tantum</strong></span> <span class='ocrx_word' id='word_1_105' title='bbox 1037 783 1130 820; x_wconf 90' lang='lat' dir='ltr'><strong>enim</strong></span> <span class='ocrx_word' id='word_1_106' title='bbox 1153 783 1271 829; x_wconf 90' lang='lat' dir='ltr'><strong>pupil-</strong></span> 
     </span>
     <span class='ocr_line' id='line_1_15' title="bbox 178 829 1273 872; baseline -0.005 -3"><span class='ocrx_word' id='word_1_107' title='bbox 178 833 234 869; x_wconf 92' lang='lat' dir='ltr'><strong>lus</strong></span> <span class='ocrx_word' id='word_1_108' title='bbox 259 843 341 868; x_wconf 87' lang='lat' dir='ltr'><strong>cum</strong></span> <span class='ocrx_word' id='word_1_109' title='bbox 363 836 483 868; x_wconf 88' lang='lat' dir='ltr'><strong>tutore</strong></span> <span class='ocrx_word' id='word_1_110' title='bbox 514 832 625 868; x_wconf 91' lang='lat' dir='ltr'><strong>habet</strong></span> <span class='ocrx_word' id='word_1_111' title='bbox 655 831 791 867; x_wconf 85' lang='lat' dir='ltr'><strong>tutelae</strong></span> <span class='ocrx_word' id='word_1_112' title='bbox 822 830 1016 872; x_wconf 88' lang='lat' dir='ltr'><strong>actionem,</strong></span> <span class='ocrx_word' id='word_1_113' title='bbox 1050 829 1113 865; x_wconf 91' lang='lat' dir='ltr'><strong>sed</strong></span> <span class='ocrx_word' id='word_1_114' title='bbox 1144 829 1204 864; x_wconf 83' lang='lat' dir='ltr'><strong>et³</strong></span> <span class='ocrx_word' id='word_1_115' title='bbox 1228 838 1273 863; x_wconf 90' lang='grc'><strong>01</strong></span> 
     </span>
     <span class='ocr_line' id='line_1_16' title="bbox 179 873 1271 929; baseline -0.005 -15"><span class='ocrx_word' id='word_1_116' title='bbox 179 878 358 915; x_wconf 90' lang='lat' dir='ltr'><strong>contrario</strong></span> <span class='ocrx_word' id='word_1_117' title='bbox 382 881 482 914; x_wconf 90' lang='lat' dir='ltr'><strong>tutor</strong></span> <span class='ocrx_word' id='word_1_118' title='bbox 505 888 586 913; x_wconf 91' lang='lat' dir='ltr'><strong>cum</strong></span> <span class='ocrx_word' id='word_1_119' title='bbox 606 876 740 929; x_wconf 86' lang='lat' dir='ltr'><strong>pupillo</strong></span> <span class='ocrx_word' id='word_1_120' title='bbox 761 876 870 911; x_wconf 90' lang='lat' dir='ltr'><strong>habet</strong></span> <span class='ocrx_word' id='word_1_121' title='bbox 890 874 1107 910; x_wconf 90' lang='lat' dir='ltr'><strong>contrariam</strong></span> <span class='ocrx_word' id='word_1_122' title='bbox 1126 873 1271 916; x_wconf 82' lang='lat' dir='ltr'><strong>tutelae,</strong></span> 
     </span>
     <span class='ocr_line' id='line_1_17' title="bbox 179 919 1270 968; baseline -0.005 -9"><span class='ocrx_word' id='word_1_123' title='bbox 179 924 210 959; x_wconf 89' lang='lat' dir='ltr'><strong>si</strong></span> <span class='ocrx_word' id='word_1_124' title='bbox 241 923 296 960; x_wconf 90' lang='lat' dir='ltr'><strong>vel</strong></span> <span class='ocrx_word' id='word_1_125' title='bbox 325 923 374 960; x_wconf 90' lang='lat' dir='ltr'><strong>im</strong></span> <span class='ocrx_word' id='word_1_126' title='bbox 401 922 539 959; x_wconf 89' lang='lat' dir='ltr'><strong>enderit</strong></span> <span class='ocrx_word' id='word_1_127' title='bbox 569 922 703 968; x_wconf 87' lang='lat' dir='ltr'><strong>ahquid</strong></span> <span class='ocrx_word' id='word_1_128' title='bbox 734 921 772 956; x_wconf 90' lang='lat' dir='ltr'><strong>in</strong></span> <span class='ocrx_word' id='word_1_129' title='bbox 803 930 879 957; x_wconf 89' lang='lat' dir='ltr'><strong>rem</strong></span> <span class='ocrx_word' id='word_1_130' title='bbox 935 919 1036 965; x_wconf 92' lang='lat' dir='ltr'><strong>upilli</strong></span> <span class='ocrx_word' id='word_1_131' title='bbox 1058 919 1114 955; x_wconf 88' lang='lat' dir='ltr'><strong>vel</strong></span> <span class='ocrx_word' id='word_1_132' title='bbox 1137 930 1203 965; x_wconf 90' lang='lat' dir='ltr'><strong>pro</strong></span> <span class='ocrx_word' id='word_1_133' title='bbox 1229 929 1270 955; x_wconf 90' lang='lat' dir='ltr'><strong>eo</strong></span> 
     </span>
     <span class='ocr_line' id='line_1_18' title="bbox 178 965 1270 1017; baseline -0.005 -12"><span class='ocrx_word' id='word_1_134' title='bbox 178 968 287 1005; x_wconf 87' lang='lat' dir='ltr'><strong>fuerit</strong></span> <span class='ocrx_word' id='word_1_135' title='bbox 321 969 367 1005; x_wconf 94' lang='lat' dir='ltr'><strong>ob</strong></span> <span class='ocrx_word' id='word_1_136' title='bbox 440 972 500 1003; x_wconf 90' lang='lat' dir='ltr'><strong>tus</strong></span> <span class='ocrx_word' id='word_1_137' title='bbox 532 971 596 1003; x_wconf 88' lang='lat' dir='ltr'><strong>aut</strong></span> <span class='ocrx_word' id='word_1_138' title='bbox 618 978 692 1003; x_wconf 93' lang='lat' dir='ltr'><strong>rem</strong></span> <span class='ocrx_word' id='word_1_139' title='bbox 717 977 818 1002; x_wconf 88' lang='lat' dir='ltr'><strong>suam</strong></span> <span class='ocrx_word' id='word_1_140' title='bbox 843 975 903 1001; x_wconf 89' lang='lat' dir='ltr'><strong>cre</strong></span> <span class='ocrx_word' id='word_1_141' title='bbox 931 965 1011 1001; x_wconf 85' lang='lat' dir='ltr'><strong>&#39;tori</strong></span> <span class='ocrx_word' id='word_1_142' title='bbox 1035 965 1111 1000; x_wconf 92' lang='lat' dir='ltr'><strong>eius</strong></span> <span class='ocrx_word' id='word_1_143' title='bbox 1135 965 1270 1017; x_wconf 86' lang='lat' dir='ltr'><strong>obliga-</strong></span> 
     </span>
     <span class='ocr_line' id='line_1_19' title="bbox 179 979 1272 1057; baseline -0.005 -6"><span class='ocrx_word' id='word_1_144' title='bbox 179 1017 199 1050; x_wconf 88' lang='grc'><strong>3</strong></span> <span class='ocrx_word' id='word_1_145' title='bbox 246 1014 347 1050; x_wconf 84' lang='lat' dir='ltr'><strong>verit.</strong></span> <span class='ocrx_word' id='word_1_146' title='bbox 393 979 485 1049; x_wconf 48' lang='grc' dir='ltr'><strong>ἥξω</strong></span> <span class='ocrx_word' id='word_1_147' title='bbox 508 1013 539 1048; x_wconf 85' lang='grc'><strong>01</strong></span> <span class='ocrx_word' id='word_1_148' title='bbox 561 1013 655 1048; x_wconf 89' lang='lat' dir='ltr'><strong>inter</strong></span> <span class='ocrx_word' id='word_1_149' title='bbox 677 1012 815 1057; x_wconf 89' lang='lat' dir='ltr'><strong>aliquos</strong></span> <span class='ocrx_word' id='word_1_150' title='bbox 835 1010 1031 1046; x_wconf 86' lang='lat' dir='ltr'><strong>communis</strong></span> <span class='ocrx_word' id='word_1_151' title='bbox 1052 1010 1099 1046; x_wconf 90' lang='lat' dir='ltr'><strong>sit</strong></span> <span class='ocrx_word' id='word_1_152' title='bbox 1117 1021 1174 1046; x_wconf 89' lang='lat' dir='ltr'><strong>res</strong></span> <span class='ocrx_word' id='word_1_153' title='bbox 1195 1020 1272 1046; x_wconf 89' lang='grc'><strong>01110</strong></span> 
     </span>
     <span class='ocr_line' id='line_1_20' title="bbox 178 1055 1270 1104; baseline -0.005 -8"><span class='ocrx_word' id='word_1_154' title='bbox 178 1060 363 1103; x_wconf 84' lang='grc'><strong>000101010,</strong></span> <span class='ocrx_word' id='word_1_155' title='bbox 383 1058 493 1095; x_wconf 89' lang='lat' dir='ltr'><strong>veluti</strong></span> <span class='ocrx_word' id='word_1_156' title='bbox 505 1058 600 1104; x_wconf 92' lang='lat' dir='ltr'><strong>quod</strong></span> <span class='ocrx_word' id='word_1_157' title='bbox 612 1057 747 1103; x_wconf 86' lang='lat' dir='ltr'><strong>pariter</strong></span> <span class='ocrx_word' id='word_1_158' title='bbox 759 1057 810 1092; x_wconf 86' lang='lat' dir='ltr'><strong>eis</strong></span> <span class='ocrx_word' id='word_1_159' title='bbox 831 1056 949 1101; x_wconf 88' lang='lat' dir='ltr'><strong>legata</strong></span> <span class='ocrx_word' id='word_1_160' title='bbox 968 1055 1145 1091; x_wconf 87' lang='lat' dir='ltr'><strong>donatave</strong></span> <span class='ocrx_word' id='word_1_161' title='bbox 1166 1058 1270 1098; x_wconf 88' lang='lat' dir='ltr'><strong>esset,</strong></span> 
     </span>
     <span class='ocr_line' id='line_1_21' title="bbox 179 1100 1270 1141; baseline -0.005 0"><span class='ocrx_word' id='word_1_162' title='bbox 179 1108 215 1140; x_wconf 89' lang='lat' dir='ltr'><strong>et</strong></span> <span class='ocrx_word' id='word_1_163' title='bbox 247 1105 338 1141; x_wconf 87' lang='lat' dir='ltr'><strong>alter</strong></span> <span class='ocrx_word' id='word_1_164' title='bbox 372 1114 495 1140; x_wconf 91' lang='lat' dir='ltr'><strong>eorum</strong></span> <span class='ocrx_word' id='word_1_165' title='bbox 530 1104 632 1138; x_wconf 86' lang='lat' dir='ltr'><strong>alteri</strong></span> <span class='ocrx_word' id='word_1_166' title='bbox 662 1102 742 1138; x_wconf 89' lang='lat' dir='ltr'><strong>ideo</strong></span> <span class='ocrx_word' id='word_1_167' title='bbox 775 1105 940 1137; x_wconf 88' lang='lat' dir='ltr'><strong>teneatur</strong></span> <span class='ocrx_word' id='word_1_168' title='bbox 973 1101 1151 1137; x_wconf 91' lang='lat' dir='ltr'><strong>communi</strong></span> <span class='ocrx_word' id='word_1_169' title='bbox 1184 1100 1270 1136; x_wconf 91' lang='lat' dir='ltr'><strong>divi-</strong></span> 
     </span>
     <span class='ocr_line' id='line_1_22' title="bbox 178 1146 1271 1198; baseline -0.005 -11"><span class='ocrx_word' id='word_1_170' title='bbox 178 1150 299 1186; x_wconf 89' lang='lat' dir='ltr'><strong>dundo</strong></span> <span class='ocrx_word' id='word_1_171' title='bbox 323 1149 474 1191; x_wconf 91' lang='lat' dir='ltr'><strong>iudicio,</strong></span> <span class='ocrx_word' id='word_1_172' title='bbox 500 1148 596 1194; x_wconf 91' lang='lat' dir='ltr'><strong>quod</strong></span> <span class='ocrx_word' id='word_1_173' title='bbox 619 1148 717 1183; x_wconf 89' lang='lat' dir='ltr'><strong>solus</strong></span> <span class='ocrx_word' id='word_1_174' title='bbox 740 1146 881 1183; x_wconf 87' lang='lat' dir='ltr'><strong>fructus</strong></span> <span class='ocrx_word' id='word_1_175' title='bbox 907 1157 951 1182; x_wconf 86' lang='grc'><strong>01</strong></span> <span class='ocrx_word' id='word_1_176' title='bbox 974 1157 1017 1182; x_wconf 91' lang='lat' dir='ltr'><strong>ea</strong></span> <span class='ocrx_word' id='word_1_177' title='bbox 1040 1156 1079 1182; x_wconf 88' lang='lat' dir='ltr'><strong>re</strong></span> <span class='ocrx_word' id='word_1_178' title='bbox 1101 1155 1271 1198; x_wconf 84' lang='lat' dir='ltr'><strong>percepe-</strong></span> 
     </span>
     <span class='ocr_line' id='line_1_23' title="bbox 177 1192 1271 1241; baseline -0.005 -10"><span class='ocrx_word' id='word_1_179' title='bbox 177 1196 243 1239; x_wconf 93' lang='lat' dir='ltr'><strong>rit,</strong></span> <span class='ocrx_word' id='word_1_180' title='bbox 280 1199 344 1231; x_wconf 92' lang='lat' dir='ltr'><strong>aut</strong></span> <span class='ocrx_word' id='word_1_181' title='bbox 377 1194 473 1241; x_wconf 90' lang='lat' dir='ltr'><strong>quod</strong></span> <span class='ocrx_word' id='word_1_182' title='bbox 504 1194 623 1229; x_wconf 91' lang='lat' dir='ltr'><strong>socius</strong></span> <span class='ocrx_word' id='word_1_183' title='bbox 657 1193 757 1228; x_wconf 71' lang='grc' dir='ltr'><strong>0111οᾸ</strong></span> <span class='ocrx_word' id='word_1_184' title='bbox 780 1192 817 1228; x_wconf 90' lang='grc'><strong>111</strong></span> <span class='ocrx_word' id='word_1_185' title='bbox 849 1202 927 1228; x_wconf 86' lang='grc'><strong>00111</strong></span> <span class='ocrx_word' id='word_1_186' title='bbox 950 1202 1026 1227; x_wconf 90' lang='lat' dir='ltr'><strong>rem</strong></span> <span class='ocrx_word' id='word_1_187' title='bbox 1049 1201 1271 1227; x_wconf 89' lang='lat' dir='ltr'><strong>necessarias</strong></span> 
     </span>
     <span class='ocr_line' id='line_1_24' title="bbox 176 1237 1270 1286; baseline -0.005 -9"><span class='ocrx_word' id='word_1_188' title='bbox 176 1241 357 1286; x_wconf 87' lang='lat' dir='ltr'><strong>impensas</strong></span> <span class='ocrx_word' id='word_1_189' title='bbox 390 1239 534 1275; x_wconf 87' lang='lat' dir='ltr'><strong>fecerit:</strong></span> <span class='ocrx_word' id='word_1_190' title='bbox 572 1250 644 1274; x_wconf 91' lang='lat' dir='ltr'><strong>non</strong></span> <span class='ocrx_word' id='word_1_191' title='bbox 678 1237 894 1282; x_wconf 88' lang='lat' dir='ltr'><strong>intellegitur</strong></span> <span class='ocrx_word' id='word_1_192' title='bbox 927 1237 1073 1282; x_wconf 86' lang='lat' dir='ltr'><strong>proprie</strong></span> <span class='ocrx_word' id='word_1_193' title='bbox 1108 1247 1152 1272; x_wconf 84' lang='lat' dir='ltr'><strong>ex</strong></span> <span class='ocrx_word' id='word_1_194' title='bbox 1185 1247 1270 1272; x_wconf 93' lang='lat' dir='ltr'><strong>con-</strong></span> 
     </span>
     <span class='ocr_line' id='line_1_25' title="bbox 178 1283 1270 1330; baseline -0.004 -9"><span class='ocrx_word' id='word_1_195' title='bbox 178 1290 298 1321; x_wconf 87' lang='lat' dir='ltr'><strong>tractu</strong></span> <span class='ocrx_word' id='word_1_196' title='bbox 320 1285 498 1330; x_wconf 90' lang='lat' dir='ltr'><strong>obligatus</strong></span> <span class='ocrx_word' id='word_1_197' title='bbox 522 1294 610 1327; x_wconf 89' lang='lat' dir='ltr'><strong>esse,</strong></span> <span class='ocrx_word' id='word_1_198' title='bbox 636 1284 697 1329; x_wconf 91' lang='lat' dir='ltr'><strong>qui</strong></span> <span class='ocrx_word' id='word_1_199' title='bbox 749 1293 769 1319; x_wconf 92' lang='lat' dir='ltr'><strong>e</strong></span> <span class='ocrx_word' id='word_1_200' title='bbox 791 1283 879 1318; x_wconf 86' lang='lat' dir='ltr'><strong>nihil</strong></span> <span class='ocrx_word' id='word_1_201' title='bbox 902 1283 996 1318; x_wconf 93' lang='lat' dir='ltr'><strong>inter</strong></span> <span class='ocrx_word' id='word_1_202' title='bbox 1020 1292 1058 1318; x_wconf 89' lang='lat' dir='ltr'><strong>se</strong></span> <span class='ocrx_word' id='word_1_203' title='bbox 1083 1285 1270 1318; x_wconf 84' lang='lat' dir='ltr'><strong>contraxe-</strong></span> 
     </span>
     <span class='ocr_line' id='line_1_26' title="bbox 178 1327 1271 1376; baseline -0.005 -9"><span class='ocrx_word' id='word_1_204' title='bbox 178 1335 280 1367; x_wconf 88' lang='lat' dir='ltr'><strong>runt:</strong></span> <span class='ocrx_word' id='word_1_205' title='bbox 306 1331 368 1367; x_wconf 92' lang='lat' dir='ltr'><strong>sed</strong></span> <span class='ocrx_word' id='word_1_206' title='bbox 379 1330 464 1376; x_wconf 93' lang='lat' dir='ltr'><strong>quia</strong></span> <span class='ocrx_word' id='word_1_207' title='bbox 476 1340 549 1365; x_wconf 90' lang='lat' dir='ltr'><strong>non</strong></span> <span class='ocrx_word' id='word_1_208' title='bbox 569 1340 613 1365; x_wconf 85' lang='lat' dir='ltr'><strong>ex</strong></span> <span class='ocrx_word' id='word_1_209' title='bbox 631 1339 690 1364; x_wconf 87' lang='lat' dir='ltr'><strong>ma</strong></span> <span class='ocrx_word' id='word_1_210' title='bbox 705 1338 724 1364; x_wconf 92' lang='lat' dir='ltr'><strong>e</strong></span> <span class='ocrx_word' id='word_1_211' title='bbox 752 1328 807 1364; x_wconf 94' lang='lat' dir='ltr'><strong>cio</strong></span> <span class='ocrx_word' id='word_1_212' title='bbox 826 1332 979 1371; x_wconf 89' lang='lat' dir='ltr'><strong>tenetur,</strong></span> <span class='ocrx_word' id='word_1_213' title='bbox 1000 1327 1104 1373; x_wconf 87' lang='lat' dir='ltr'><strong>quasi</strong></span> <span class='ocrx_word' id='word_1_214' title='bbox 1119 1337 1165 1363; x_wconf 84' lang='lat' dir='ltr'><strong>ex</strong></span> <span class='ocrx_word' id='word_1_215' title='bbox 1185 1338 1271 1363; x_wconf 92' lang='lat' dir='ltr'><strong>con-</strong></span> 
     </span>
     <span class='ocr_line' id='line_1_27' title="bbox 177 1372 1273 1418; baseline -0.004 -6"><span class='ocrx_word' id='word_1_216' title='bbox 177 1380 200 1412; x_wconf 79' lang='grc'>4</span> <span class='ocrx_word' id='word_1_217' title='bbox 245 1380 364 1412; x_wconf 88' lang='lat' dir='ltr'><strong>tractu</strong></span> <span class='ocrx_word' id='word_1_218' title='bbox 387 1375 500 1411; x_wconf 89' lang='lat' dir='ltr'><strong>teneri</strong></span> <span class='ocrx_word' id='word_1_219' title='bbox 522 1374 671 1411; x_wconf 89' lang='lat' dir='ltr'><strong>videtur.</strong></span> <span class='ocrx_word' id='word_1_220' title='bbox 718 1374 818 1409; x_wconf 91' lang='lat' dir='ltr'><strong>Idem</strong></span> <span class='ocrx_word' id='word_1_221' title='bbox 839 1373 928 1409; x_wconf 89' lang='lat' dir='ltr'><strong>iuris</strong></span> <span class='ocrx_word' id='word_1_222' title='bbox 952 1377 1008 1409; x_wconf 91' lang='lat' dir='ltr'><strong>est</strong></span> <span class='ocrx_word' id='word_1_223' title='bbox 1038 1372 1083 1409; x_wconf 89' lang='lat' dir='ltr'><strong>de</strong></span> <span class='ocrx_word' id='word_1_224' title='bbox 1115 1382 1177 1416; x_wconf 88' lang='lat' dir='ltr'><strong>eo,</strong></span> <span class='ocrx_word' id='word_1_225' title='bbox 1211 1372 1273 1418; x_wconf 91' lang='lat' dir='ltr'><strong>qui</strong></span> 
     </span>
     <span class='ocr_line' id='line_1_28' title="bbox 180 1418 1272 1459; baseline -0.005 0"><span class='ocrx_word' id='word_1_226' title='bbox 180 1422 347 1459; x_wconf 90' lang='lat' dir='ltr'><strong>coheredi</strong></span> <span class='ocrx_word' id='word_1_227' title='bbox 371 1432 436 1457; x_wconf 90' lang='lat' dir='ltr'><strong>suo</strong></span> <span class='ocrx_word' id='word_1_228' title='bbox 460 1420 616 1456; x_wconf 83' lang='lat' dir='ltr'><strong>familiae</strong></span> <span class='ocrx_word' id='word_1_229' title='bbox 638 1418 871 1456; x_wconf 83' lang='lat' dir='ltr'><strong>erciscundae</strong></span> <span class='ocrx_word' id='word_1_230' title='bbox 889 1418 1022 1454; x_wconf 91' lang='lat' dir='ltr'><strong>iudicio</strong></span> <span class='ocrx_word' id='word_1_231' title='bbox 1043 1428 1089 1453; x_wconf 86' lang='grc'><strong>01</strong></span> <span class='ocrx_word' id='word_1_232' title='bbox 1106 1418 1165 1454; x_wconf 88' lang='grc'><strong>1110</strong></span> <span class='ocrx_word' id='word_1_233' title='bbox 1185 1428 1272 1454; x_wconf 89' lang='lat' dir='ltr'><strong>cau-</strong></span> 
     </span>
     <span class='ocr_line' id='line_1_29' title="bbox 180 1464 1271 1512; baseline -0.005 -8"><span class='ocrx_word' id='word_1_234' title='bbox 180 1471 200 1503; x_wconf 83' lang='lat'><strong>5</strong></span> <span class='ocrx_word' id='word_1_235' title='bbox 250 1468 299 1504; x_wconf 88' lang='lat' dir='ltr'><strong>sis</strong></span> <span class='ocrx_word' id='word_1_236' title='bbox 334 1466 513 1512; x_wconf 90' lang='lat' dir='ltr'><strong>obligatus</strong></span> <span class='ocrx_word' id='word_1_237' title='bbox 548 1469 613 1501; x_wconf 90' lang='lat' dir='ltr'><strong>est.</strong></span> <span class='ocrx_word' id='word_1_238' title='bbox 660 1464 774 1501; x_wconf 88' lang='lat' dir='ltr'><strong>Heres</strong></span> <span class='ocrx_word' id='word_1_239' title='bbox 806 1474 948 1510; x_wconf 89' lang='lat' dir='ltr'><strong>quoque</strong></span> <span class='ocrx_word' id='word_1_240' title='bbox 978 1464 1176 1509; x_wconf 88' lang='lat' dir='ltr'><strong>legatorum</strong></span> <span class='ocrx_word' id='word_1_241' title='bbox 1206 1473 1271 1499; x_wconf 89' lang='lat' dir='ltr'><strong>no-</strong></span> 
     </span>
     <span class='ocr_line' id='line_1_30' title="bbox 180 1508 1273 1557; baseline -0.004 -9"><span class='ocrx_word' id='word_1_242' title='bbox 180 1513 277 1548; x_wconf 91' lang='lat' dir='ltr'><strong>mine</strong></span> <span class='ocrx_word' id='word_1_243' title='bbox 302 1523 377 1548; x_wconf 89' lang='lat' dir='ltr'><strong>non</strong></span> <span class='ocrx_word' id='word_1_244' title='bbox 400 1511 545 1557; x_wconf 87' lang='lat' dir='ltr'><strong>proprie</strong></span> <span class='ocrx_word' id='word_1_245' title='bbox 570 1521 614 1546; x_wconf 82' lang='lat' dir='ltr'><strong>ex</strong></span> <span class='ocrx_word' id='word_1_246' title='bbox 637 1513 828 1546; x_wconf 89' lang='lat' dir='ltr'><strong>contractu</strong></span> <span class='ocrx_word' id='word_1_247' title='bbox 852 1509 1031 1555; x_wconf 88' lang='lat' dir='ltr'><strong>obligatus</strong></span> <span class='ocrx_word' id='word_1_248' title='bbox 1054 1508 1176 1545; x_wconf 91' lang='lat' dir='ltr'><strong>intelle</strong></span> <span class='ocrx_word' id='word_1_249' title='bbox 1201 1508 1273 1544; x_wconf 84' lang='lat' dir='ltr'><strong>&#39;tur</strong></span> 
     </span>
     <span class='ocr_line' id='line_1_31' title="bbox 179 1554 1272 1604; baseline -0.004 -11"><span class='ocrx_word' id='word_1_250' title='bbox 179 1559 308 1604; x_wconf 90' lang='lat' dir='ltr'><strong>(neque</strong></span> <span class='ocrx_word' id='word_1_251' title='bbox 332 1557 425 1592; x_wconf 90' lang='lat' dir='ltr'><strong>enim</strong></span> <span class='ocrx_word' id='word_1_252' title='bbox 449 1567 531 1592; x_wconf 91' lang='lat' dir='ltr'><strong>cum</strong></span> <span class='ocrx_word' id='word_1_253' title='bbox 551 1555 682 1592; x_wconf 90' lang='lat' dir='ltr'><strong>herede</strong></span> <span class='ocrx_word' id='word_1_254' title='bbox 705 1565 821 1601; x_wconf 89' lang='lat' dir='ltr'><strong>neque</strong></span> <span class='ocrx_word' id='word_1_255' title='bbox 845 1566 927 1590; x_wconf 91' lang='lat' dir='ltr'><strong>cum</strong></span> <span class='ocrx_word' id='word_1_256' title='bbox 959 1554 1128 1590; x_wconf 87' lang='lat' dir='ltr'><strong>defuncto</strong></span> <span class='ocrx_word' id='word_1_257' title='bbox 1211 1565 1272 1589; x_wconf 93' lang='lat' dir='ltr'><strong>um</strong></span> 
     </span>
     <span class='ocr_line' id='line_1_32' title="bbox 178 1600 1272 1649; baseline -0.005 -10"><span class='ocrx_word' id='word_1_258' title='bbox 178 1603 356 1649; x_wconf 83' lang='lat' dir='ltr'><strong>negotium</strong></span> <span class='ocrx_word' id='word_1_259' title='bbox 382 1602 574 1646; x_wconf 87' lang='lat' dir='ltr'><strong>legatarius</strong></span> <span class='ocrx_word' id='word_1_260' title='bbox 597 1601 750 1647; x_wconf 86' lang='lat' dir='ltr'><strong>gessisse</strong></span> <span class='ocrx_word' id='word_1_261' title='bbox 773 1600 918 1646; x_wconf 88' lang='lat' dir='ltr'><strong>proprie</strong></span> <span class='ocrx_word' id='word_1_262' title='bbox 941 1600 1012 1636; x_wconf 92' lang='grc'><strong>(1101</strong></span> <span class='ocrx_word' id='word_1_263' title='bbox 1034 1603 1155 1645; x_wconf 89' lang='lat' dir='ltr'><strong>potest</strong></span> <span class='ocrx_word' id='word_1_264' title='bbox 1166 1600 1212 1643; x_wconf 68' lang='grc' dir='ltr'><strong>ε’);</strong></span> <span class='ocrx_word' id='word_1_265' title='bbox 1237 1603 1272 1635; x_wconf 90' lang='grc'><strong>01</strong></span> 
     </span>
     <span class='ocr_line' id='line_1_33' title="bbox 177 1644 1270 1692; baseline -0.004 -8"><span class='ocrx_word' id='word_1_266' title='bbox 177 1652 296 1684; x_wconf 84' lang='lat' dir='ltr'><strong>tamen</strong></span> <span class='ocrx_word' id='word_1_267' title='bbox 306 1649 332 1691; x_wconf 79' lang='lat'><strong>⁶,</strong></span> <span class='ocrx_word' id='word_1_268' title='bbox 364 1648 448 1692; x_wconf 92' lang='lat' dir='ltr'><strong>quia</strong></span> <span class='ocrx_word' id='word_1_269' title='bbox 480 1657 524 1682; x_wconf 88' lang='lat' dir='ltr'><strong>ex</strong></span> <span class='ocrx_word' id='word_1_270' title='bbox 555 1646 730 1682; x_wconf 89' lang='lat' dir='ltr'><strong>maleficio</strong></span> <span class='ocrx_word' id='word_1_271' title='bbox 763 1656 836 1682; x_wconf 93' lang='lat' dir='ltr'><strong>non</strong></span> <span class='ocrx_word' id='word_1_272' title='bbox 869 1649 924 1681; x_wconf 90' lang='lat' dir='ltr'><strong>est</strong></span> <span class='ocrx_word' id='word_1_273' title='bbox 957 1644 1132 1690; x_wconf 87' lang='lat' dir='ltr'><strong>obligatus</strong></span> <span class='ocrx_word' id='word_1_274' title='bbox 1154 1645 1270 1687; x_wconf 86' lang='lat' dir='ltr'><strong>heres,</strong></span> 
     </span>
     <span class='ocr_line' id='line_1_34' title="bbox 177 1690 1270 1739; baseline -0.004 -10"><span class='ocrx_word' id='word_1_275' title='bbox 177 1697 198 1729; x_wconf 87' lang='lat'><strong>6</strong></span> <span class='ocrx_word' id='word_1_276' title='bbox 245 1693 349 1739; x_wconf 84' lang='lat' dir='ltr'><strong>quasi</strong></span> <span class='ocrx_word' id='word_1_277' title='bbox 374 1703 418 1728; x_wconf 88' lang='grc'><strong>01</strong></span> <span class='ocrx_word' id='word_1_278' title='bbox 451 1695 640 1728; x_wconf 91' lang='lat' dir='ltr'><strong>contractu</strong></span> <span class='ocrx_word' id='word_1_279' title='bbox 673 1691 803 1727; x_wconf 89' lang='lat' dir='ltr'><strong>debere</strong></span> <span class='ocrx_word' id='word_1_280' title='bbox 832 1690 1060 1736; x_wconf 89' lang='lat' dir='ltr'><strong>intellegitur.</strong></span> <span class='ocrx_word' id='word_1_281' title='bbox 1107 1691 1198 1726; x_wconf 91' lang='lat' dir='ltr'><strong>Item</strong></span> <span class='ocrx_word' id='word_1_282' title='bbox 1228 1690 1270 1732; x_wconf 91' lang='lat' dir='ltr'><strong>is,</strong></span> 
     </span>
     <span class='ocr_line' id='line_1_35' title="bbox 180 1735 1272 1784; baseline -0.003 -10"><span class='ocrx_word' id='word_1_283' title='bbox 180 1739 238 1774; x_wconf 91' lang='lat' dir='ltr'><strong>cui</strong></span> <span class='ocrx_word' id='word_1_284' title='bbox 263 1739 342 1784; x_wconf 86' lang='lat' dir='ltr'><strong>quis</strong></span> <span class='ocrx_word' id='word_1_285' title='bbox 366 1749 432 1783; x_wconf 86' lang='lat' dir='ltr'><strong>per</strong></span> <span class='ocrx_word' id='word_1_286' title='bbox 456 1748 613 1773; x_wconf 89' lang='lat' dir='ltr'><strong>errorem</strong></span> <span class='ocrx_word' id='word_1_287' title='bbox 637 1747 710 1773; x_wconf 90' lang='lat' dir='ltr'><strong>non</strong></span> <span class='ocrx_word' id='word_1_288' title='bbox 742 1736 901 1773; x_wconf 90' lang='lat' dir='ltr'><strong>debitum</strong></span> <span class='ocrx_word' id='word_1_289' title='bbox 932 1736 1056 1779; x_wconf 90' lang='lat' dir='ltr'><strong>solvit,</strong></span> <span class='ocrx_word' id='word_1_290' title='bbox 1090 1735 1194 1781; x_wconf 84' lang='lat' dir='ltr'><strong>quasi</strong></span> <span class='ocrx_word' id='word_1_291' title='bbox 1227 1746 1272 1771; x_wconf 88' lang='grc'><strong>01</strong></span> 
     </span>
     <span class='ocr_line' id='line_1_36' title="bbox 178 1781 1272 1826; baseline -0.004 -7"><span class='ocrx_word' id='word_1_292' title='bbox 178 1787 368 1819; x_wconf 89' lang='lat' dir='ltr'><strong>contractu</strong></span> <span class='ocrx_word' id='word_1_293' title='bbox 393 1783 523 1819; x_wconf 89' lang='lat' dir='ltr'><strong>debere</strong></span> <span class='ocrx_word' id='word_1_294' title='bbox 544 1782 696 1819; x_wconf 87' lang='lat' dir='ltr'><strong>videtur.</strong></span> <span class='ocrx_word' id='word_1_295' title='bbox 729 1782 819 1818; x_wconf 88' lang='lat' dir='ltr'><strong>adeo</strong></span> <span class='ocrx_word' id='word_1_296' title='bbox 844 1782 938 1818; x_wconf 89' lang='lat' dir='ltr'><strong>enim</strong></span> <span class='ocrx_word' id='word_1_297' title='bbox 961 1792 1034 1817; x_wconf 89' lang='lat' dir='ltr'><strong>non</strong></span> <span class='ocrx_word' id='word_1_298' title='bbox 1057 1781 1272 1826; x_wconf 85' lang='lat' dir='ltr'><strong>intellegitur</strong></span> 
     </span>
     <span class='ocr_line' id='line_1_37' title="bbox 177 1826 1270 1874; baseline -0.003 -10"><span class='ocrx_word' id='word_1_299' title='bbox 177 1829 325 1874; x_wconf 88' lang='lat' dir='ltr'><strong>proprie</strong></span> <span class='ocrx_word' id='word_1_300' title='bbox 350 1839 393 1864; x_wconf 86' lang='lat' dir='ltr'><strong>ex</strong></span> <span class='ocrx_word' id='word_1_301' title='bbox 418 1832 608 1864; x_wconf 86' lang='lat' dir='ltr'><strong>contractu</strong></span> <span class='ocrx_word' id='word_1_302' title='bbox 632 1827 830 1872; x_wconf 88' lang='lat' dir='ltr'><strong>obligatus,</strong></span> <span class='ocrx_word' id='word_1_303' title='bbox 855 1830 915 1870; x_wconf 91' lang='lat' dir='ltr'><strong>ut,</strong></span> <span class='ocrx_word' id='word_1_304' title='bbox 946 1827 977 1862; x_wconf 87' lang='lat' dir='ltr'><strong>si</strong></span> <span class='ocrx_word' id='word_1_305' title='bbox 1002 1826 1189 1863; x_wconf 88' lang='lat' dir='ltr'><strong>certiorem</strong></span> <span class='ocrx_word' id='word_1_306' title='bbox 1213 1836 1270 1861; x_wconf 88' lang='lat' dir='ltr'><strong>ra-</strong></span> 
     </span>
     <span class='ocr_line' id='line_1_38' title="bbox 176 1871 1270 1919; baseline -0.003 -10"><span class='ocrx_word' id='word_1_307' title='bbox 176 1875 310 1911; x_wconf 89' lang='lat' dir='ltr'><strong>tionem</strong></span> <span class='ocrx_word' id='word_1_308' title='bbox 338 1884 540 1919; x_wconf 87' lang='lat' dir='ltr'><strong>sequamur,</strong></span> <span class='ocrx_word' id='word_1_309' title='bbox 562 1873 675 1918; x_wconf 90' lang='lat' dir='ltr'><strong>magis</strong></span> <span class='ocrx_word' id='word_1_310' title='bbox 687 1877 730 1908; x_wconf 91' lang='lat' dir='ltr'><strong>ut</strong></span> <span class='ocrx_word' id='word_1_311' title='bbox 741 1883 851 1918; x_wconf 88' lang='lat' dir='ltr'><strong>supra</strong></span> <span class='ocrx_word' id='word_1_312' title='bbox 863 1872 1016 1908; x_wconf 88' lang='lat' dir='ltr'><strong>diximus</strong></span> <span class='ocrx_word' id='word_1_313' title='bbox 1026 1882 1071 1907; x_wconf 90' lang='grc'><strong>01</strong></span> <span class='ocrx_word' id='word_1_314' title='bbox 1084 1871 1270 1914; x_wconf 88' lang='lat' dir='ltr'><strong>distractu,</strong></span> 
     </span>
     <span class='ocr_line' id='line_1_39' title="bbox 177 1918 1272 1965; baseline -0.003 -10"><span class='ocrx_word' id='word_1_315' title='bbox 177 1930 284 1965; x_wconf 90' lang='lat' dir='ltr'><strong>quam</strong></span> <span class='ocrx_word' id='word_1_316' title='bbox 307 1930 352 1955; x_wconf 85' lang='lat' dir='ltr'><strong>ex</strong></span> <span class='ocrx_word' id='word_1_317' title='bbox 385 1923 574 1955; x_wconf 89' lang='lat' dir='ltr'><strong>contractu</strong></span> <span class='ocrx_word' id='word_1_318' title='bbox 605 1918 720 1964; x_wconf 86' lang='lat' dir='ltr'><strong>possit</strong></span> <span class='ocrx_word' id='word_1_319' title='bbox 750 1918 821 1954; x_wconf 89' lang='lat' dir='ltr'><strong>dici</strong></span> <span class='ocrx_word' id='word_1_320' title='bbox 851 1918 1028 1963; x_wconf 89' lang='lat' dir='ltr'><strong>obligatus</strong></span> <span class='ocrx_word' id='word_1_321' title='bbox 1059 1927 1156 1953; x_wconf 86' lang='lat' dir='ltr'><strong>esse:</strong></span> <span class='ocrx_word' id='word_1_322' title='bbox 1189 1927 1272 1952; x_wconf 91' lang='lat' dir='ltr'><strong>nam</strong></span> 
     </span>
     <span class='ocr_line' id='line_1_40' title="bbox 177 1962 1271 2010; baseline -0.004 -9"><span class='ocrx_word' id='word_1_323' title='bbox 177 1966 238 2010; x_wconf 89' lang='lat' dir='ltr'><strong>qui</strong></span> <span class='ocrx_word' id='word_1_324' title='bbox 260 1964 420 2001; x_wconf 88' lang='lat' dir='ltr'><strong>solvendi</strong></span> <span class='ocrx_word' id='word_1_325' title='bbox 443 1964 562 2000; x_wconf 90' lang='lat' dir='ltr'><strong>animo</strong></span> <span class='ocrx_word' id='word_1_326' title='bbox 586 1964 776 2009; x_wconf 89' lang='lat' dir='ltr'><strong>pecuniam</strong></span> <span class='ocrx_word' id='word_1_327' title='bbox 800 1963 882 2006; x_wconf 93' lang='lat' dir='ltr'><strong>dat,</strong></span> <span class='ocrx_word' id='word_1_328' title='bbox 905 1963 943 1999; x_wconf 91' lang='lat' dir='ltr'><strong>in</strong></span> <span class='ocrx_word' id='word_1_329' title='bbox 970 1963 1041 1999; x_wconf 89' lang='lat' dir='ltr'><strong>hoc</strong></span> <span class='ocrx_word' id='word_1_330' title='bbox 1065 1962 1151 1998; x_wconf 90' lang='lat' dir='ltr'><strong>dare</strong></span> <span class='ocrx_word' id='word_1_331' title='bbox 1174 1962 1271 1998; x_wconf 86' lang='lat' dir='ltr'><strong>vide-</strong></span> 
     </span>
     <span class='ocr_line' id='line_1_41' title="bbox 175 2008 1269 2055; baseline -0.004 -9"><span class='ocrx_word' id='word_1_332' title='bbox 175 2015 254 2054; x_wconf 91' lang='lat' dir='ltr'><strong>tur,</strong></span> <span class='ocrx_word' id='word_1_333' title='bbox 286 2013 328 2046; x_wconf 92' lang='lat' dir='ltr'><strong>ut</strong></span> <span class='ocrx_word' id='word_1_334' title='bbox 358 2010 536 2045; x_wconf 90' lang='lat' dir='ltr'><strong>distrahat</strong></span> <span class='ocrx_word' id='word_1_335' title='bbox 566 2010 686 2055; x_wconf 90' lang='lat' dir='ltr'><strong>potius</strong></span> <span class='ocrx_word' id='word_1_336' title='bbox 718 2009 898 2054; x_wconf 88' lang='lat' dir='ltr'><strong>negotium</strong></span> <span class='ocrx_word' id='word_1_337' title='bbox 930 2019 1037 2054; x_wconf 90' lang='lat' dir='ltr'><strong>quam</strong></span> <span class='ocrx_word' id='word_1_338' title='bbox 1069 2008 1269 2044; x_wconf 88' lang='lat' dir='ltr'><strong>contrahat.</strong></span> 
     </span>
     <span class='ocr_line' id='line_1_42' title="bbox 176 2053 1271 2100; baseline -0.003 -9"><span class='ocrx_word' id='word_1_339' title='bbox 176 2055 241 2091; x_wconf 89' lang='lat' dir='ltr'><strong>sed</strong></span> <span class='ocrx_word' id='word_1_340' title='bbox 273 2059 394 2091; x_wconf 88' lang='lat' dir='ltr'><strong>tamen</strong></span> <span class='ocrx_word' id='word_1_341' title='bbox 425 2054 577 2100; x_wconf 81' lang='lat' dir='ltr'><strong>proinde</strong></span> <span class='ocrx_word' id='word_1_342' title='bbox 607 2054 637 2090; x_wconf 89' lang='lat' dir='ltr'><strong>is</strong></span> <span class='ocrx_word' id='word_1_343' title='bbox 670 2054 731 2100; x_wconf 92' lang='lat' dir='ltr'><strong>qui</strong></span> <span class='ocrx_word' id='word_1_344' title='bbox 762 2054 903 2099; x_wconf 89' lang='lat' dir='ltr'><strong>accepit</strong></span> <span class='ocrx_word' id='word_1_345' title='bbox 927 2054 1124 2098; x_wconf 87' lang='lat' dir='ltr'><strong>obligatur,</strong></span> <span class='ocrx_word' id='word_1_346' title='bbox 1161 2063 1205 2088; x_wconf 88' lang='lat' dir='ltr'><strong>ac</strong></span> <span class='ocrx_word' id='word_1_347' title='bbox 1241 2053 1271 2088; x_wconf 90' lang='lat' dir='ltr'><strong>si</strong></span> 
     </span>
     <span class='ocr_line' id='line_1_43' title="bbox 176 2099 1269 2142; baseline -0.003 -6"><span class='ocrx_word' id='word_1_348' title='bbox 176 2104 341 2136; x_wconf 88' lang='lat' dir='ltr'><strong>mutuum</strong></span> <span class='ocrx_word' id='word_1_349' title='bbox 375 2100 428 2135; x_wconf 91' lang='lat' dir='ltr'><strong>illi</strong></span> <span class='ocrx_word' id='word_1_350' title='bbox 463 2099 628 2142; x_wconf 86' lang='lat' dir='ltr'><strong>daretur,</strong></span> <span class='ocrx_word' id='word_1_351' title='bbox 673 2103 708 2135; x_wconf 92' lang='grc'><strong>01</strong></span> <span class='ocrx_word' id='word_1_352' title='bbox 741 2099 821 2135; x_wconf 91' lang='lat' dir='ltr'><strong>ideo</strong></span> <span class='ocrx_word' id='word_1_353' title='bbox 859 2099 1086 2135; x_wconf 88' lang='lat' dir='ltr'><strong>condictione</strong></span> <span class='ocrx_word' id='word_1_354' title='bbox 1117 2102 1269 2134; x_wconf 88' lang='lat' dir='ltr'><strong>tenetur.</strong></span> 
     </span>
     <span class='ocr_line' id='line_1_44' title="bbox 177 2144 1270 2191; baseline -0.002 -10"><span class='ocrx_word' id='word_1_355' title='bbox 177 2149 195 2181; x_wconf 82' lang='lat'><strong>7</strong></span> <span class='ocrx_word' id='word_1_356' title='bbox 243 2146 303 2182; x_wconf 85' lang='lat' dir='ltr'><strong>Ex</strong></span> <span class='ocrx_word' id='word_1_357' title='bbox 334 2145 548 2191; x_wconf 88' lang='lat' dir='ltr'><strong>quibusdam</strong></span> <span class='ocrx_word' id='word_1_358' title='bbox 578 2148 699 2180; x_wconf 88' lang='lat' dir='ltr'><strong>tamen</strong></span> <span class='ocrx_word' id='word_1_359' title='bbox 736 2145 853 2180; x_wconf 89' lang='lat' dir='ltr'><strong>causis</strong></span> <span class='ocrx_word' id='word_1_360' title='bbox 889 2144 1004 2190; x_wconf 91' lang='lat' dir='ltr'><strong>repeti</strong></span> <span class='ocrx_word' id='word_1_361' title='bbox 1035 2154 1107 2179; x_wconf 91' lang='lat' dir='ltr'><strong>non</strong></span> <span class='ocrx_word' id='word_1_362' title='bbox 1140 2147 1270 2189; x_wconf 90' lang='lat' dir='ltr'><strong>potest,</strong></span> 
     </span>
     <span class='ocr_line' id='line_1_45' title="bbox 178 2189 1271 2238; baseline -0.003 -11"><span class='ocrx_word' id='word_1_363' title='bbox 178 2191 275 2238; x_wconf 89' lang='lat' dir='ltr'><strong>quod</strong></span> <span class='ocrx_word' id='word_1_364' title='bbox 308 2201 374 2237; x_wconf 91' lang='lat' dir='ltr'><strong>per</strong></span> <span class='ocrx_word' id='word_1_365' title='bbox 409 2201 566 2227; x_wconf 89' lang='lat' dir='ltr'><strong>errorem</strong></span> <span class='ocrx_word' id='word_1_366' title='bbox 599 2201 673 2226; x_wconf 92' lang='lat' dir='ltr'><strong>non</strong></span> <span class='ocrx_word' id='word_1_367' title='bbox 709 2189 867 2226; x_wconf 90' lang='lat' dir='ltr'><strong>debitum</strong></span> <span class='ocrx_word' id='word_1_368' title='bbox 899 2190 1055 2225; x_wconf 87' lang='lat' dir='ltr'><strong>solutum</strong></span> <span class='ocrx_word' id='word_1_369' title='bbox 1091 2189 1148 2225; x_wconf 87' lang='lat' dir='ltr'><strong>sit.</strong></span> <span class='ocrx_word' id='word_1_370' title='bbox 1196 2189 1271 2225; x_wconf 83' lang='lat' dir='ltr'><strong>sic⁷</strong></span> 
     </span>
     <span class='ocr_line' id='line_1_46' title="bbox 176 2234 1270 2282; baseline -0.003 -10"><span class='ocrx_word' id='word_1_371' title='bbox 176 2246 330 2282; x_wconf 88' lang='lat' dir='ltr'><strong>namque</strong></span> <span class='ocrx_word' id='word_1_372' title='bbox 369 2236 606 2272; x_wconf 88' lang='lat' dir='ltr'><strong>definiverunt</strong></span> <span class='ocrx_word' id='word_1_373' title='bbox 635 2239 793 2271; x_wconf 88' lang='lat' dir='ltr'><strong>veteres:</strong></span> <span class='ocrx_word' id='word_1_374' title='bbox 830 2246 874 2271; x_wconf 86' lang='lat' dir='ltr'><strong>ex</strong></span> <span class='ocrx_word' id='word_1_375' title='bbox 905 2235 1035 2280; x_wconf 91' lang='lat' dir='ltr'><strong>quibus</strong></span> <span class='ocrx_word' id='word_1_376' title='bbox 1068 2235 1186 2270; x_wconf 87' lang='lat' dir='ltr'><strong>causis</strong></span> <span class='ocrx_word' id='word_1_377' title='bbox 1217 2234 1270 2269; x_wconf 91' lang='lat' dir='ltr'><strong>in-</strong></span> 
     </span>
     <span class='ocr_line' id='line_1_47' title="bbox 176 2279 1270 2324; baseline -0.004 -6"><span class='ocrx_word' id='word_1_378' title='bbox 176 2281 325 2318; x_wconf 88' lang='lat' dir='ltr'><strong>fitiando</strong></span> <span class='ocrx_word' id='word_1_379' title='bbox 348 2281 392 2317; x_wconf 91' lang='lat' dir='ltr'><strong>lis</strong></span> <span class='ocrx_word' id='word_1_380' title='bbox 425 2281 573 2324; x_wconf 90' lang='lat' dir='ltr'><strong>crescit,</strong></span> <span class='ocrx_word' id='word_1_381' title='bbox 606 2291 650 2317; x_wconf 83' lang='lat' dir='ltr'><strong>ex</strong></span> <span class='ocrx_word' id='word_1_382' title='bbox 673 2281 728 2316; x_wconf 90' lang='lat' dir='ltr'><strong>his</strong></span> <span class='ocrx_word' id='word_1_383' title='bbox 754 2281 872 2316; x_wconf 88' lang='lat' dir='ltr'><strong>causis</strong></span> <span class='ocrx_word' id='word_1_384' title='bbox 897 2291 970 2316; x_wconf 92' lang='lat' dir='ltr'><strong>non</strong></span> <span class='ocrx_word' id='word_1_385' title='bbox 994 2279 1153 2315; x_wconf 91' lang='lat' dir='ltr'><strong>debitum</strong></span> <span class='ocrx_word' id='word_1_386' title='bbox 1176 2279 1270 2315; x_wconf 89' lang='lat' dir='ltr'><strong>solu-</strong></span> 
     </span>
     <span class='ocr_line' id='line_1_48' title="bbox 176 2325 1272 2372; baseline -0.004 -9"><span class='ocrx_word' id='word_1_387' title='bbox 176 2331 252 2363; x_wconf 91' lang='lat' dir='ltr'><strong>tum</strong></span> <span class='ocrx_word' id='word_1_388' title='bbox 276 2327 391 2372; x_wconf 90' lang='lat' dir='ltr'><strong>repeti</strong></span> <span class='ocrx_word' id='word_1_389' title='bbox 413 2338 487 2363; x_wconf 89' lang='lat' dir='ltr'><strong>non</strong></span> <span class='ocrx_word' id='word_1_390' title='bbox 516 2337 642 2372; x_wconf 90' lang='lat' dir='ltr'><strong>posse,</strong></span> <span class='ocrx_word' id='word_1_391' title='bbox 674 2326 784 2362; x_wconf 91' lang='lat' dir='ltr'><strong>veluti</strong></span> <span class='ocrx_word' id='word_1_392' title='bbox 815 2335 860 2361; x_wconf 89' lang='grc'><strong>01</strong></span> <span class='ocrx_word' id='word_1_393' title='bbox 894 2326 969 2370; x_wconf 87' lang='lat' dir='ltr'><strong>lege</strong></span> <span class='ocrx_word' id='word_1_394' title='bbox 991 2325 1155 2371; x_wconf 88' lang='lat' dir='ltr'><strong>Aquilia,</strong></span> <span class='ocrx_word' id='word_1_395' title='bbox 1187 2325 1272 2359; x_wconf 90' lang='lat' dir='ltr'><strong>item</strong></span> 
     </span>
     <span class='ocr_line' id='line_1_49' title="bbox 177 2371 1271 2418; baseline -0.004 -9"><span class='ocrx_word' id='word_1_396' title='bbox 177 2383 221 2408; x_wconf 90' lang='grc'><strong>01</strong></span> <span class='ocrx_word' id='word_1_397' title='bbox 244 2373 372 2418; x_wconf 86' lang='lat' dir='ltr'><strong>legato.</strong></span> <span class='ocrx_word' id='word_1_398' title='bbox 422 2372 518 2418; x_wconf 89' lang='lat' dir='ltr'><strong>quod</strong></span> <span class='ocrx_word' id='word_1_399' title='bbox 541 2375 677 2408; x_wconf 91' lang='lat' dir='ltr'><strong>veteres</strong></span> <span class='ocrx_word' id='word_1_400' title='bbox 702 2371 843 2417; x_wconf 90' lang='lat' dir='ltr'><strong>quidem</strong></span> <span class='ocrx_word' id='word_1_401' title='bbox 866 2371 904 2406; x_wconf 92' lang='lat' dir='ltr'><strong>in</strong></span> <span class='ocrx_word' id='word_1_402' title='bbox 926 2371 982 2406; x_wconf 88' lang='lat' dir='ltr'><strong>his</strong></span> <span class='ocrx_word' id='word_1_403' title='bbox 1006 2371 1129 2415; x_wconf 89' lang='lat' dir='ltr'><strong>legatis</strong></span> <span class='ocrx_word' id='word_1_404' title='bbox 1153 2371 1271 2405; x_wconf 91' lang='lat' dir='ltr'><strong>locum</strong></span> 
     </span>
     <span class='ocr_line' id='line_1_50' title="bbox 176 2415 1271 2461; baseline -0.003 -8"><span class='ocrx_word' id='word_1_405' title='bbox 176 2418 310 2454; x_wconf 87' lang='lat' dir='ltr'><strong>habere</strong></span> <span class='ocrx_word' id='word_1_406' title='bbox 332 2418 540 2460; x_wconf 88' lang='lat' dir='ltr'><strong>voluerunt,</strong></span> <span class='ocrx_word' id='word_1_407' title='bbox 599 2426 667 2453; x_wconf 90' lang='lat' dir='ltr'><strong>uae</strong></span> <span class='ocrx_word' id='word_1_408' title='bbox 691 2420 791 2452; x_wconf 88' lang='lat' dir='ltr'><strong>certa</strong></span> <span class='ocrx_word' id='word_1_409' title='bbox 815 2416 1012 2452; x_wconf 90' lang='lat' dir='ltr'><strong>constituta</strong></span> <span class='ocrx_word' id='word_1_410' title='bbox 1035 2426 1100 2461; x_wconf 92' lang='lat' dir='ltr'><strong>per</strong></span> <span class='ocrx_word' id='word_1_411' title='bbox 1123 2415 1271 2450; x_wconf 88' lang='lat' dir='ltr'><strong>damna-</strong></span> 
     </span>
     <span class='ocr_line' id='line_1_51' title="bbox 176 2429 1270 2508; baseline -0.002 -10"><span class='ocrx_word' id='word_1_412' title='bbox 176 2463 309 2499; x_wconf 86' lang='lat' dir='ltr'><strong>tionem</strong></span> <span class='ocrx_word' id='word_1_413' title='bbox 334 2463 546 2508; x_wconf 85' lang='lat' dir='ltr'><strong>cuicumque</strong></span> <span class='ocrx_word' id='word_1_414' title='bbox 570 2429 715 2498; x_wconf 57' lang='lat' dir='ltr'><strong>gierant</strong></span> <span class='ocrx_word' id='word_1_415' title='bbox 738 2462 877 2507; x_wconf 87' lang='lat' dir='ltr'><strong>legata:</strong></span> <span class='ocrx_word' id='word_1_416' title='bbox 903 2466 1029 2497; x_wconf 88' lang='lat' dir='ltr'><strong>nostra</strong></span> <span class='ocrx_word' id='word_1_417' title='bbox 1044 2465 1163 2496; x_wconf 89' lang='lat' dir='ltr'><strong>autem</strong></span> <span class='ocrx_word' id='word_1_418' title='bbox 1186 2471 1270 2496; x_wconf 90' lang='lat' dir='ltr'><strong>con-</strong></span> 
     </span>
     <span class='ocr_line' id='line_1_52' title="bbox 177 2506 1271 2552; baseline -0.003 -8"><span class='ocrx_word' id='word_1_419' title='bbox 177 2509 339 2544; x_wconf 82' lang='lat' dir='ltr'><strong>stituti0⁸</strong></span> <span class='ocrx_word' id='word_1_420' title='bbox 363 2519 445 2544; x_wconf 91' lang='lat' dir='ltr'><strong>cum</strong></span> <span class='ocrx_word' id='word_1_421' title='bbox 468 2518 577 2543; x_wconf 91' lang='lat' dir='ltr'><strong>unam</strong></span> <span class='ocrx_word' id='word_1_422' title='bbox 600 2510 766 2543; x_wconf 88' lang='lat' dir='ltr'><strong>naturam</strong></span> <span class='ocrx_word' id='word_1_423' title='bbox 790 2507 955 2543; x_wconf 93' lang='lat' dir='ltr'><strong>omnibus</strong></span> <span class='ocrx_word' id='word_1_424' title='bbox 975 2506 1099 2552; x_wconf 89' lang='lat' dir='ltr'><strong>legatis</strong></span> <span class='ocrx_word' id='word_1_425' title='bbox 1118 2510 1153 2542; x_wconf 89' lang='lat' dir='ltr'><strong>et</strong></span> <span class='ocrx_word' id='word_1_426' title='bbox 1172 2506 1271 2541; x_wconf 87' lang='lat' dir='ltr'><strong>fidei-</strong></span> 
     </span>
     <span class='ocr_line' id='line_1_53' title="bbox 178 2551 1272 2597; baseline -0.003 -8"><span class='ocrx_word' id='word_1_427' title='bbox 178 2554 374 2589; x_wconf 90' lang='lat' dir='ltr'><strong>commissis</strong></span> <span class='ocrx_word' id='word_1_428' title='bbox 395 2553 555 2596; x_wconf 89' lang='lat' dir='ltr'><strong>indulsit,</strong></span> <span class='ocrx_word' id='word_1_429' title='bbox 580 2552 783 2589; x_wconf 87' lang='lat' dir='ltr'><strong>huiusmodi</strong></span> <span class='ocrx_word' id='word_1_430' title='bbox 804 2556 1032 2597; x_wconf 87' lang='lat' dir='ltr'><strong>augmentum</strong></span> <span class='ocrx_word' id='word_1_431' title='bbox 1051 2552 1089 2587; x_wconf 89' lang='lat' dir='ltr'><strong>in</strong></span> <span class='ocrx_word' id='word_1_432' title='bbox 1106 2551 1272 2588; x_wconf 88' lang='lat' dir='ltr'><strong>omnibus</strong></span> 
     </span>
     <span class='ocr_line' id='line_1_54' title="bbox 177 2597 1270 2644; baseline -0.003 -10"><span class='ocrx_word' id='word_1_433' title='bbox 177 2599 301 2644; x_wconf 84' lang='lat' dir='ltr'><strong>legatis</strong></span> <span class='ocrx_word' id='word_1_434' title='bbox 323 2602 359 2635; x_wconf 90' lang='lat' dir='ltr'><strong>et</strong></span> <span class='ocrx_word' id='word_1_435' title='bbox 376 2598 656 2635; x_wconf 88' lang='lat' dir='ltr'><strong>fideicommissis</strong></span> <span class='ocrx_word' id='word_1_436' title='bbox 678 2598 820 2634; x_wconf 85' lang='lat' dir='ltr'><strong>extendi</strong></span> <span class='ocrx_word' id='word_1_437' title='bbox 829 2598 960 2634; x_wconf 92' lang='lat' dir='ltr'><strong>voluit:</strong></span> <span class='ocrx_word' id='word_1_438' title='bbox 983 2597 1045 2633; x_wconf 88' lang='lat' dir='ltr'><strong>sed</strong></span> <span class='ocrx_word' id='word_1_439' title='bbox 1065 2608 1137 2633; x_wconf 91' lang='lat' dir='ltr'><strong>non</strong></span> <span class='ocrx_word' id='word_1_440' title='bbox 1158 2597 1270 2632; x_wconf 89' lang='lat' dir='ltr'><strong>omni-</strong></span> 
     </span>
     <span class='ocr_line' id='line_1_55' title="bbox 177 2642 1269 2690; baseline -0.002 -11"><span class='ocrx_word' id='word_1_441' title='bbox 177 2645 245 2680; x_wconf 89' lang='lat' dir='ltr'><strong>bus</strong></span> <span class='ocrx_word' id='word_1_442' title='bbox 269 2644 477 2690; x_wconf 82' lang='lat' dir='ltr'><strong>legatariis⁹</strong></span> <span class='ocrx_word' id='word_1_443' title='bbox 499 2644 687 2689; x_wconf 89' lang='lat' dir='ltr'><strong>praebuit,</strong></span> <span class='ocrx_word' id='word_1_444' title='bbox 720 2643 783 2679; x_wconf 83' lang='lat' dir='ltr'><strong>sed</strong></span> <span class='ocrx_word' id='word_1_445' title='bbox 805 2642 1052 2679; x_wconf 90' lang='lat' dir='ltr'><strong>tantummodo</strong></span> <span class='ocrx_word' id='word_1_446' title='bbox 1076 2643 1114 2677; x_wconf 92' lang='lat' dir='ltr'><strong>in</strong></span> <span class='ocrx_word' id='word_1_447' title='bbox 1138 2643 1194 2678; x_wconf 89' lang='lat' dir='ltr'><strong>his</strong></span> <span class='ocrx_word' id='word_1_448' title='bbox 1218 2642 1269 2677; x_wconf 92' lang='grc'><strong>10-</strong></span> 
     </span>
     <span class='ocr_line' id='line_1_56' title="bbox 176 2687 1271 2735; baseline -0.003 -10"><span class='ocrx_word' id='word_1_449' title='bbox 176 2689 269 2735; x_wconf 87' lang='lat' dir='ltr'><strong>gatis</strong></span> <span class='ocrx_word' id='word_1_450' title='bbox 302 2693 338 2725; x_wconf 89' lang='lat' dir='ltr'><strong>et</strong></span> <span class='ocrx_word' id='word_1_451' title='bbox 368 2689 670 2731; x_wconf 88' lang='lat' dir='ltr'><strong>fideicommissis,</strong></span> <span class='ocrx_word' id='word_1_452' title='bbox 708 2699 799 2734; x_wconf 87' lang='lat' dir='ltr'><strong>quae</strong></span> <span class='ocrx_word' id='word_1_453' title='bbox 835 2688 1077 2725; x_wconf 86' lang='lat' dir='ltr'><strong>sacrosanctis</strong></span> <span class='ocrx_word' id='word_1_454' title='bbox 1112 2687 1271 2723; x_wconf 87' lang='lat' dir='ltr'><strong>ecclesiis</strong></span> 
     </span>
     <span class='ocr_line' id='line_1_57' title="bbox 178 2733 1270 2780; baseline -0.003 -10"><span class='ocrx_word' id='word_1_455' title='bbox 178 2734 376 2780; x_wconf 90' lang='lat' dir='ltr'><strong>ceterisque</strong></span> <span class='ocrx_word' id='word_1_456' title='bbox 398 2734 659 2770; x_wconf 87' lang='lat' dir='ltr'><strong>venerabilibus</strong></span> <span class='ocrx_word' id='word_1_457' title='bbox 683 2734 784 2777; x_wconf 91' lang='lat' dir='ltr'><strong>locis,</strong></span> <span class='ocrx_word' id='word_1_458' title='bbox 809 2744 901 2780; x_wconf 86' lang='lat' dir='ltr'><strong>quae</strong></span> <span class='ocrx_word' id='word_1_459' title='bbox 924 2733 1102 2778; x_wconf 86' lang='lat' dir='ltr'><strong>religionis</strong></span> <span class='ocrx_word' id='word_1_460' title='bbox 1122 2733 1176 2768; x_wconf 92' lang='lat' dir='ltr'><strong>vel</strong></span> <span class='ocrx_word' id='word_1_461' title='bbox 1197 2733 1270 2777; x_wconf 85' lang='lat' dir='ltr'><strong>pie-</strong></span> 
     </span>
     <span class='ocr_line' id='line_1_58' title="bbox 177 2778 1272 2823; baseline -0.002 -8"><span class='ocrx_word' id='word_1_462' title='bbox 177 2780 262 2815; x_wconf 91' lang='lat' dir='ltr'><strong>tatis</strong></span> <span class='ocrx_word' id='word_1_463' title='bbox 285 2780 417 2815; x_wconf 91' lang='lat' dir='ltr'><strong>intuitu</strong></span> <span class='ocrx_word' id='word_1_464' title='bbox 440 2779 743 2822; x_wconf 87' lang='lat' dir='ltr'><strong>honorificantur,</strong></span> <span class='ocrx_word' id='word_1_465' title='bbox 776 2779 948 2815; x_wconf 87' lang='lat' dir='ltr'><strong>derelicta</strong></span> <span class='ocrx_word' id='word_1_466' title='bbox 978 2782 1082 2822; x_wconf 91' lang='lat' dir='ltr'><strong>sunt,</strong></span> <span class='ocrx_word' id='word_1_467' title='bbox 1118 2789 1209 2823; x_wconf 88' lang='lat' dir='ltr'><strong>quae</strong></span> <span class='ocrx_word' id='word_1_468' title='bbox 1242 2778 1272 2813; x_wconf 90' lang='lat' dir='ltr'><strong>si</strong></span> 
     </span>
     <span class='ocr_line' id='line_1_59' title="bbox 177 2825 896 2870; baseline -0.001 -10"><span class='ocrx_word' id='word_1_469' title='bbox 177 2825 337 2861; x_wconf 84' lang='lat' dir='ltr'><strong>indebita</strong></span> <span class='ocrx_word' id='word_1_470' title='bbox 359 2825 555 2868; x_wconf 87' lang='lat' dir='ltr'><strong>solvantur,</strong></span> <span class='ocrx_word' id='word_1_471' title='bbox 579 2836 651 2861; x_wconf 92' lang='lat' dir='ltr'><strong>non</strong></span> <span class='ocrx_word' id='word_1_472' title='bbox 675 2828 896 2870; x_wconf 88' lang='lat' dir='ltr'><strong>repetuntur.</strong></span> 
     </span>
    </p>
   </div>
   <div class='ocr_carea' id='block_1_3' title="bbox 630 2917 837 2958">
    <p class='ocr_par' dir='ltr' id='par_1_3' title="bbox 630 2917 837 2958">
     <span class='ocr_line' id='line_1_60' title="bbox 630 2917 837 2958; baseline 0 -1"><span class='ocrx_word' id='word_1_473' title='bbox 630 2918 797 2958; x_wconf 90' lang='lat' dir='ltr'>XXVIII</span> <span class='ocrx_word' id='word_1_474' title='bbox 808 2917 837 2938; x_wconf 86' lang='lat'><strong>¹⁰</strong></span> 
     </span>
    </p>
   </div>
   <div class='ocr_carea' id='block_1_4' title="bbox 268 2983 1185 3066">
    <p class='ocr_par' dir='ltr' id='par_1_4' title="bbox 268 2983 1185 3066">
     <span class='ocr_line' id='line_1_61' title="bbox 268 2983 1185 3021; baseline -0.002 -4"><span class='ocrx_word' id='word_1_475' title='bbox 268 2985 358 3018; x_wconf 86' lang='lat' dir='ltr'><strong>PER</strong></span> <span class='ocrx_word' id='word_1_476' title='bbox 382 2984 498 3021; x_wconf 80' lang='lat' dir='ltr'><strong>QUAS</strong></span> <span class='ocrx_word' id='word_1_477' title='bbox 523 2984 756 3017; x_wconf 86' lang='lat' dir='ltr'><strong>PERSONAS</strong></span> <span class='ocrx_word' id='word_1_478' title='bbox 781 2984 914 3016; x_wconf 88' lang='lat' dir='ltr'>NOBIS</span> <span class='ocrx_word' id='word_1_479' title='bbox 939 2983 1185 3016; x_wconf 84' lang='lat' dir='ltr'>OBLIGATIO</span> 
     </span>
     <span class='ocr_line' id='line_1_62' title="bbox 572 3029 867 3066; baseline 0.003 -5"><span class='ocrx_word' id='word_1_480' title='bbox 572 3029 867 3066; x_wconf 78' lang='lat' dir='ltr'><strong>ADQUIRITUR.</strong></span> 
     </span>
    </p>
   </div>
   <div class='ocr_carea' id='block_1_5' title="bbox 179 3095 1273 3277">
    <p class='ocr_par' dir='ltr' id='par_1_5' title="bbox 179 3095 1273 3277">
     <span class='ocr_line' id='line_1_63' title="bbox 230 3095 1272 3141; baseline -0.002 -9"><span class='ocrx_word' id='word_1_481' title='bbox 230 3097 254 3118; x_wconf 88' lang='lat'><strong>¹¹</strong></span> <span class='ocrx_word' id='word_1_482' title='bbox 267 3095 461 3141; x_wconf 77' lang='lat' dir='ltr'><strong>&#39;Expositis</strong></span> <span class='ocrx_word' id='word_1_483' title='bbox 484 3096 671 3141; x_wconf 87' lang='lat' dir='ltr'><strong>generibus</strong></span> <span class='ocrx_word' id='word_1_484' title='bbox 696 3095 969 3141; x_wconf 87' lang='lat' dir='ltr'><strong>obligationum,</strong></span> <span class='ocrx_word' id='word_1_485' title='bbox 1003 3105 1095 3140; x_wconf 88' lang='lat' dir='ltr'><strong>quae</strong></span> <span class='ocrx_word' id='word_1_486' title='bbox 1118 3105 1162 3130; x_wconf 88' lang='grc'><strong>01</strong></span> <span class='ocrx_word' id='word_1_487' title='bbox 1186 3105 1272 3130; x_wconf 90' lang='lat' dir='ltr'><strong>con·</strong></span> 
     </span>
     <span class='ocr_line' id='line_1_64' title="bbox 180 3139 1272 3186; baseline -0.002 -9"><span class='ocrx_word' id='word_1_488' title='bbox 180 3143 310 3177; x_wconf 87' lang='lat' dir='ltr'><strong>&#39;tractu</strong></span> <span class='ocrx_word' id='word_1_489' title='bbox 334 3141 389 3177; x_wconf 88' lang='lat' dir='ltr'><strong>vel</strong></span> <span class='ocrx_word' id='word_1_490' title='bbox 413 3141 516 3186; x_wconf 89' lang='lat' dir='ltr'><strong>quasi</strong></span> <span class='ocrx_word' id='word_1_491' title='bbox 541 3151 585 3176; x_wconf 88' lang='grc'><strong>01</strong></span> <span class='ocrx_word' id='word_1_492' title='bbox 611 3144 799 3176; x_wconf 90' lang='lat' dir='ltr'><strong>contractu</strong></span> <span class='ocrx_word' id='word_1_493' title='bbox 823 3144 1034 3183; x_wconf 87' lang='lat' dir='ltr'><strong>nascuntur,</strong></span> <span class='ocrx_word' id='word_1_494' title='bbox 1058 3139 1272 3175; x_wconf 89' lang='lat' dir='ltr'><strong>admonendi</strong></span> 
     </span>
     <span class='ocr_line' id='line_1_65' title="bbox 180 3185 1271 3232; baseline -0.003 -9"><span class='ocrx_word' id='word_1_495' title='bbox 180 3188 313 3223; x_wconf 90' lang='lat' dir='ltr'><strong>&#39;sumus</strong></span> <span class='ocrx_word' id='word_1_496' title='bbox 349 3186 488 3231; x_wconf 86' lang='lat' dir='ltr'><strong>adquiri</strong></span> <span class='ocrx_word' id='word_1_497' title='bbox 520 3186 621 3222; x_wconf 89' lang='lat' dir='ltr'><strong>vobis</strong></span> <span class='ocrx_word' id='word_1_498' title='bbox 654 3197 727 3221; x_wconf 91' lang='lat' dir='ltr'><strong>non</strong></span> <span class='ocrx_word' id='word_1_499' title='bbox 759 3186 874 3222; x_wconf 90' lang='lat' dir='ltr'><strong>solum</strong></span> <span class='ocrx_word' id='word_1_500' title='bbox 905 3196 970 3232; x_wconf 88' lang='lat' dir='ltr'><strong>pei·</strong></span> <span class='ocrx_word' id='word_1_501' title='bbox 1002 3188 1140 3221; x_wconf 89' lang='lat' dir='ltr'><strong>vosmet</strong></span> <span class='ocrx_word' id='word_1_502' title='bbox 1161 3185 1271 3230; x_wconf 89' lang='lat' dir='ltr'><strong>ipsos,</strong></span> 
     </span>
     <span class='ocr_line' id='line_1_66' title="bbox 179 3230 1273 3277; baseline -0.002 -10"><span class='ocrx_word' id='word_1_503' title='bbox 179 3231 253 3268; x_wconf 84' lang='lat' dir='ltr'><strong>&#39;sed</strong></span> <span class='ocrx_word' id='word_1_504' title='bbox 276 3231 382 3268; x_wconf 84' lang='lat' dir='ltr'><strong>etiam</strong></span> <span class='ocrx_word' id='word_1_505' title='bbox 405 3242 470 3277; x_wconf 91' lang='lat' dir='ltr'><strong>per</strong></span> <span class='ocrx_word' id='word_1_506' title='bbox 493 3241 554 3266; x_wconf 90' lang='lat' dir='ltr'><strong>eas</strong></span> <span class='ocrx_word' id='word_1_507' title='bbox 578 3241 720 3276; x_wconf 90' lang='lat' dir='ltr'><strong>quoque</strong></span> <span class='ocrx_word' id='word_1_508' title='bbox 743 3241 937 3276; x_wconf 88' lang='lat' dir='ltr'><strong>personas,</strong></span> <span class='ocrx_word' id='word_1_509' title='bbox 970 3241 1062 3277; x_wconf 89' lang='lat' dir='ltr'><strong>quae</strong></span> <span class='ocrx_word' id='word_1_510' title='bbox 1094 3230 1132 3266; x_wconf 90' lang='lat' dir='ltr'><strong>in</strong></span> <span class='ocrx_word' id='word_1_511' title='bbox 1154 3233 1273 3266; x_wconf 88' lang='lat' dir='ltr'><strong>vestra</strong></span> 
     </span>
    </p>
   </div>
   <div class='ocr_carea' id='block_1_6' title="bbox 183 3308 445 3315">
    <p class='ocr_par' dir='ltr' id='par_1_6' title="bbox 183 3308 445 3315">
     <span class='ocr_line' id='line_1_67' title="bbox 183 3308 445 3315; baseline 0 603"><span class='ocrx_word' id='word_1_512' title='bbox 183 3308 445 3315; x_wconf 95' lang='lat' dir='ltr'><strong> </strong></span> 
     </span>
    </p>
   </div>
   <div class='ocr_carea' id='block_1_7' title="bbox 180 3343 1272 3796">
    <p class='ocr_par' dir='ltr' id='par_1_7' title="bbox 180 3343 1272 3614">
     <span class='ocr_line' id='line_1_68' title="bbox 225 3343 1271 3388; baseline -0.002 -9"><span class='ocrx_word' id='word_1_513' title='bbox 225 3348 266 3387; x_wconf 85' lang='grc'><strong>(1)</strong></span> <span class='ocrx_word' id='word_1_514' title='bbox 290 3346 331 3379; x_wconf 83' lang='lat' dir='ltr'><strong>de</strong></span> <span class='ocrx_word' id='word_1_515' title='bbox 344 3346 388 3388; x_wconf 66' lang='grc' dir='ltr'><strong>(ἲ)</strong></span> <span class='ocrx_word' id='word_1_516' title='bbox 401 3345 615 3378; x_wconf 85' lang='lat' dir='ltr'><strong>exactissima</strong></span> <span class='ocrx_word' id='word_1_517' title='bbox 628 3356 658 3387; x_wconf 92' lang='lat' dir='ltr'><strong>q.</strong></span> <span class='ocrx_word' id='word_1_518' title='bbox 673 3345 854 3387; x_wconf 84' lang='lat' dir='ltr'><strong>diligentia</strong></span> <span class='ocrx_word' id='word_1_519' title='bbox 870 3346 903 3378; x_wconf 82' lang='lat' dir='ltr'><em>T</em></span> <span class='ocrx_word' id='word_1_520' title='bbox 1000 3348 1043 3385; x_wconf 97' lang='grc'><strong>(2)</strong></span> <span class='ocrx_word' id='word_1_521' title='bbox 1071 3349 1088 3384; x_wconf 64' lang='grc' dir='ltr'><strong><em>ᾖ</em></strong></span> <span class='ocrx_word' id='word_1_522' title='bbox 1103 3351 1120 3378; x_wconf 91' lang='grc'><strong>2</strong></span> <span class='ocrx_word' id='word_1_523' title='bbox 1134 3356 1173 3377; x_wconf 77' lang='lat' dir='ltr'><strong>ex</strong></span> <span class='ocrx_word' id='word_1_524' title='bbox 1189 3343 1271 3378; x_wconf 67' lang='lat' dir='ltr'><strong>Gaia·</strong></span> 
     </span>
     <span class='ocr_line' id='line_1_69' title="bbox 181 3389 1272 3435; baseline -0.003 -10"><span class='ocrx_word' id='word_1_525' title='bbox 181 3392 201 3425; x_wconf 86' lang='lat' dir='ltr'><strong>l.</strong></span> <span class='ocrx_word' id='word_1_526' title='bbox 215 3398 232 3426; x_wconf 79' lang='grc'><strong>3</strong></span> <span class='ocrx_word' id='word_1_527' title='bbox 245 3403 307 3425; x_wconf 85' lang='lat' dir='ltr'><strong>rer.</strong></span> <span class='ocrx_word' id='word_1_528' title='bbox 322 3397 395 3425; x_wconf 70' lang='lat' dir='ltr'><strong>coit.</strong></span> <span class='ocrx_word' id='word_1_529' title='bbox 412 3391 506 3435; x_wconf 66' lang='grc' dir='ltr'><strong>(Οἱς.</strong></span> <span class='ocrx_word' id='word_1_530' title='bbox 519 3391 574 3431; x_wconf 81' lang='grc'><strong>44,</strong></span> <span class='ocrx_word' id='word_1_531' title='bbox 589 3398 616 3430; x_wconf 76' lang='lat'><strong>7,</strong></span> <span class='ocrx_word' id='word_1_532' title='bbox 631 3398 658 3429; x_wconf 81' lang='lat'><strong>5,</strong></span> <span class='ocrx_word' id='word_1_533' title='bbox 673 3391 699 3431; x_wconf 94' lang='grc'><strong>1)</strong></span> <span class='ocrx_word' id='word_1_534' title='bbox 849 3392 891 3430; x_wconf 83' lang='grc'><strong>(3)</strong></span> <span class='ocrx_word' id='word_1_535' title='bbox 917 3391 963 3431; x_wconf 86' lang='grc'><strong>01]</strong></span> <span class='ocrx_word' id='word_1_536' title='bbox 979 3390 1105 3434; x_wconf 62' lang='grc' dir='ltr'><em>Οἱς-Θ,</em></span> <span class='ocrx_word' id='word_1_537' title='bbox 1120 3402 1177 3422; x_wconf 91' lang='lat' dir='ltr'><strong>om.</strong></span> <span class='ocrx_word' id='word_1_538' title='bbox 1193 3389 1272 3423; x_wconf 79' lang='lat' dir='ltr'><strong>libri</strong></span> 
     </span>
     <span class='ocr_line' id='line_1_70' title="bbox 180 3432 1267 3480; baseline -0.005 -9"><span class='ocrx_word' id='word_1_539' title='bbox 180 3439 224 3480; x_wconf 76' lang='grc'><strong>(4)</strong></span> <span class='ocrx_word' id='word_1_540' title='bbox 247 3437 333 3478; x_wconf 87' lang='grc'><strong>01110]</strong></span> <span class='ocrx_word' id='word_1_541' title='bbox 347 3435 440 3469; x_wconf 84' lang='lat' dir='ltr'><strong>solus</strong></span> <span class='ocrx_word' id='word_1_542' title='bbox 457 3436 514 3479; x_wconf 63' lang='grc' dir='ltr'><strong>Ἦ,</strong></span> <span class='ocrx_word' id='word_1_543' title='bbox 528 3435 602 3468; x_wconf 83' lang='lat' dir='ltr'><strong>eius</strong></span> <span class='ocrx_word' id='word_1_544' title='bbox 615 3434 706 3468; x_wconf 84' lang='lat' dir='ltr'><strong>solus</strong></span> <span class='ocrx_word' id='word_1_545' title='bbox 721 3432 805 3467; x_wconf 63' lang='lat'><strong>131⁸</strong></span> <span class='ocrx_word' id='word_1_546' title='bbox 911 3436 954 3476; x_wconf 86' lang='lat'><strong>(5)</strong></span> <span class='ocrx_word' id='word_1_547' title='bbox 979 3436 1027 3468; x_wconf 76' lang='lat' dir='ltr'><strong>sic</strong></span> <span class='ocrx_word' id='word_1_548' title='bbox 1042 3435 1154 3474; x_wconf 61' lang='lat' dir='ltr'><strong>Tomi</strong></span> <span class='ocrx_word' id='word_1_549' title='bbox 1164 3441 1267 3468; x_wconf 74' lang='lat' dir='ltr'><strong>tamen</strong></span> 
     </span>
     <span class='ocr_line' id='line_1_71' title="bbox 180 3479 1270 3524; baseline -0.005 -9"><span class='ocrx_word' id='word_1_550' title='bbox 180 3483 306 3516; x_wconf 75' lang='lat' dir='ltr'><strong>incerta</strong></span> <span class='ocrx_word' id='word_1_551' title='bbox 317 3481 386 3514; x_wconf 78' lang='lat' dir='ltr'><strong>dici</strong></span> <span class='ocrx_word' id='word_1_552' title='bbox 398 3483 522 3524; x_wconf 83' lang='lat' dir='ltr'><strong>potest)</strong></span> <span class='ocrx_word' id='word_1_553' title='bbox 536 3481 579 3521; x_wconf 87' lang='grc' dir='ltr'><strong>Ε,</strong></span> <span class='ocrx_word' id='word_1_554' title='bbox 591 3480 791 3522; x_wconf 80' lang='lat' dir='ltr'><strong>legatarium</strong></span> <span class='ocrx_word' id='word_1_555' title='bbox 805 3490 855 3521; x_wconf 87' lang='lat' dir='ltr'><strong>pr.</strong></span> <span class='ocrx_word' id='word_1_556' title='bbox 864 3490 948 3522; x_wconf 87' lang='lat' dir='ltr'><strong>gess.</strong></span> <span class='ocrx_word' id='word_1_557' title='bbox 958 3479 989 3511; x_wconf 90' lang='lat' dir='ltr'><strong>d.</strong></span> <span class='ocrx_word' id='word_1_558' title='bbox 998 3479 1132 3522; x_wconf 85' lang='lat' dir='ltr'><strong>posseB</strong></span> <span class='ocrx_word' id='word_1_559' title='bbox 1179 3481 1223 3519; x_wconf 69' lang='grc' dir='ltr'><strong>(ὅ)</strong></span> <span class='ocrx_word' id='word_1_560' title='bbox 1236 3481 1270 3512; x_wconf 83' lang='lat' dir='ltr'><strong>et</strong></span> 
     </span>
     <span class='ocr_line' id='line_1_72' title="bbox 180 3524 1269 3568; baseline -0.002 -9"><span class='ocrx_word' id='word_1_561' title='bbox 180 3528 306 3568; x_wconf 84' lang='lat' dir='ltr'><strong>tamen]</strong></span> <span class='ocrx_word' id='word_1_562' title='bbox 317 3526 375 3559; x_wconf 87' lang='lat' dir='ltr'><strong>sed</strong></span> <span class='ocrx_word' id='word_1_563' title='bbox 391 3527 425 3560; x_wconf 84' lang='lat' dir='ltr'><em>T</em></span> <span class='ocrx_word' id='word_1_564' title='bbox 534 3527 578 3567; x_wconf 84' lang='lat'><strong>(¹1)</strong></span> <span class='ocrx_word' id='word_1_565' title='bbox 603 3526 666 3566; x_wconf 81' lang='lat' dir='ltr'><strong>sic]</strong></span> <span class='ocrx_word' id='word_1_566' title='bbox 683 3525 719 3565; x_wconf 85' lang='lat' dir='ltr'><strong>T,</strong></span> <span class='ocrx_word' id='word_1_567' title='bbox 733 3537 790 3558; x_wconf 85' lang='lat' dir='ltr'><strong>om.</strong></span> <span class='ocrx_word' id='word_1_568' title='bbox 807 3525 843 3558; x_wconf 89' lang='lat' dir='ltr'><em>B</em></span> <span class='ocrx_word' id='word_1_569' title='bbox 936 3527 981 3563; x_wconf 85' lang='grc'><strong>(8)</strong></span> <span class='ocrx_word' id='word_1_570' title='bbox 1002 3527 1080 3558; x_wconf 80' lang='lat' dir='ltr'><strong>Cod.</strong></span> <span class='ocrx_word' id='word_1_571' title='bbox 1095 3527 1241 3566; x_wconf 73' lang='lat' dir='ltr'><strong>l‚3,45,·3</strong></span> <span class='ocrx_word' id='word_1_572' title='bbox 1253 3524 1269 3554; x_wconf 63' lang='lat'><strong>⁸?</strong></span> 
     </span>
     <span class='ocr_line' id='line_1_73' title="bbox 180 3568 1103 3614; baseline -0.004 -8"><span class='ocrx_word' id='word_1_573' title='bbox 180 3575 224 3611; x_wconf 74' lang='lat'><strong>(⁹)</strong></span> <span class='ocrx_word' id='word_1_574' title='bbox 249 3572 438 3614; x_wconf 79' lang='lat' dir='ltr'><strong>legatariis]</strong></span> <span class='ocrx_word' id='word_1_575' title='bbox 455 3569 542 3612; x_wconf 58' lang='lat' dir='ltr'><strong>(PE,</strong></span> <span class='ocrx_word' id='word_1_576' title='bbox 554 3570 691 3613; x_wconf 78' lang='lat' dir='ltr'><strong>legatiis</strong></span> <span class='ocrx_word' id='word_1_577' title='bbox 708 3571 761 3610; x_wconf 66' lang='grc' dir='ltr'><strong>θ’,</strong></span> <span class='ocrx_word' id='word_1_578' title='bbox 775 3569 796 3602; x_wconf 88' lang='grc'><strong>1.</strong></span> <span class='ocrx_word' id='word_1_579' title='bbox 814 3570 878 3602; x_wconf 88' lang='grc'><strong>1100</strong></span> <span class='ocrx_word' id='word_1_580' title='bbox 892 3569 938 3612; x_wconf 89' lang='lat' dir='ltr'><strong>B,</strong></span> <span class='ocrx_word' id='word_1_581' title='bbox 952 3569 1015 3601; x_wconf 90' lang='lat' dir='ltr'><strong>hoc</strong></span> <span class='ocrx_word' id='word_1_582' title='bbox 1029 3568 1051 3600; x_wconf 89' lang='lat'><strong>1.</strong></span> <span class='ocrx_word' id='word_1_583' title='bbox 1070 3569 1103 3602; x_wconf 90' lang='lat' dir='ltr'><em>T</em></span> 
     </span>
    </p>

    <p class='ocr_par' dir='ltr' id='par_1_8' title="bbox 181 3613 1271 3796">
     <span class='ocr_line' id='line_1_74' title="bbox 226 3613 1271 3661; baseline -0.005 -10"><span class='ocrx_word' id='word_1_584' title='bbox 226 3618 286 3657; x_wconf 89' lang='grc' dir='ltr'><strong>(ιο)</strong></span> <span class='ocrx_word' id='word_1_585' title='bbox 316 3617 366 3661; x_wconf 62' lang='lat' dir='ltr'><strong>Cn</strong></span> <span class='ocrx_word' id='word_1_586' title='bbox 387 3617 463 3651; x_wconf 81' lang='lat' dir='ltr'><strong>Gai.</strong></span> <span class='ocrx_word' id='word_1_587' title='bbox 478 3618 510 3656; x_wconf 83' lang='lat'><strong>3,</strong></span> <span class='ocrx_word' id='word_1_588' title='bbox 524 3623 651 3651; x_wconf 65' lang='grc'><strong>1004111</strong></span> <span class='ocrx_word' id='word_1_589' title='bbox 681 3616 760 3649; x_wconf 80' lang='lat' dir='ltr'><strong>Cod.</strong></span> <span class='ocrx_word' id='word_1_590' title='bbox 775 3616 806 3655; x_wconf 82' lang='lat'><strong>4,</strong></span> <span class='ocrx_word' id='word_1_591' title='bbox 820 3622 855 3649; x_wconf 77' lang='grc'><strong>21</strong></span> <span class='ocrx_word' id='word_1_592' title='bbox 995 3616 1051 3654; x_wconf 85' lang='grc'><strong>(111</strong></span> <span class='ocrx_word' id='word_1_593' title='bbox 1081 3613 1156 3647; x_wconf 80' lang='lat' dir='ltr'><strong>Gai.</strong></span> <span class='ocrx_word' id='word_1_594' title='bbox 1172 3614 1204 3654; x_wconf 85' lang='lat'><strong>3,</strong></span> <span class='ocrx_word' id='word_1_595' title='bbox 1218 3620 1271 3648; x_wconf 76' lang='lat'><strong>163</strong></span> 
     </span>
     <span class='ocr_line' id='line_1_75' title="bbox 181 3658 1271 3703; baseline -0.003 -8"><span class='ocrx_word' id='word_1_596' title='bbox 181 3664 239 3701; x_wconf 94' lang='grc'><strong>(12)</strong></span> <span class='ocrx_word' id='word_1_597' title='bbox 265 3662 365 3703; x_wconf 81' lang='lat' dir='ltr'><strong>filios]</strong></span> <span class='ocrx_word' id='word_1_598' title='bbox 383 3663 451 3702; x_wconf 80' lang='grc' dir='ltr'><strong>ΟΘ,</strong></span> <span class='ocrx_word' id='word_1_599' title='bbox 465 3661 552 3694; x_wconf 77' lang='lat' dir='ltr'><strong>filios</strong></span> <span class='ocrx_word' id='word_1_600' title='bbox 564 3663 692 3694; x_wconf 80' lang='lat' dir='ltr'><strong>vestros</strong></span> <span class='ocrx_word' id='word_1_601' title='bbox 706 3660 808 3693; x_wconf 61' lang='lat' dir='ltr'><strong>Bw?</strong></span> <span class='ocrx_word' id='word_1_602' title='bbox 935 3661 994 3697; x_wconf 84' lang='grc'><strong>(13)</strong></span> <span class='ocrx_word' id='word_1_603' title='bbox 1019 3658 1167 3700; x_wconf 87' lang='lat' dir='ltr'><strong>quidem]</strong></span> <span class='ocrx_word' id='word_1_604' title='bbox 1186 3659 1271 3697; x_wconf 75' lang='lat' dir='ltr'><strong>TO&#39;,</strong></span> 
     </span>
     <span class='ocr_line' id='line_1_76' title="bbox 182 3701 1271 3748; baseline -0.006 -9"><span class='ocrx_word' id='word_1_605' title='bbox 182 3719 242 3740; x_wconf 89' lang='lat' dir='ltr'><strong>om.</strong></span> <span class='ocrx_word' id='word_1_606' title='bbox 257 3704 343 3740; x_wconf 76' lang='lat'><strong>130⁶</strong></span> <span class='ocrx_word' id='word_1_607' title='bbox 510 3708 567 3747; x_wconf 81' lang='grc'><strong>(14)</strong></span> <span class='ocrx_word' id='word_1_608' title='bbox 593 3707 705 3748; x_wconf 82' lang='lat' dir='ltr'><strong>quam]</strong></span> <span class='ocrx_word' id='word_1_609' title='bbox 721 3705 799 3744; x_wconf 82' lang='grc' dir='ltr'><strong>ΒΘ,</strong></span> <span class='ocrx_word' id='word_1_610' title='bbox 815 3715 899 3747; x_wconf 88' lang='lat' dir='ltr'><strong>quae</strong></span> <span class='ocrx_word' id='word_1_611' title='bbox 917 3705 953 3743; x_wconf 88' lang='grc' dir='ltr'><strong>Τ,</strong></span> <span class='ocrx_word' id='word_1_612' title='bbox 966 3714 1063 3746; x_wconf 88' lang='lat' dir='ltr'><strong>quem</strong></span> <span class='ocrx_word' id='word_1_613' title='bbox 1081 3701 1131 3741; x_wconf 57' lang='lat'><strong>6⁶,</strong></span> <span class='ocrx_word' id='word_1_614' title='bbox 1149 3705 1208 3737; x_wconf 40' lang='lat' dir='ltr'><strong>ine.</strong></span> <span class='ocrx_word' id='word_1_615' title='bbox 1228 3704 1271 3733; x_wconf 61' lang='lat'><strong>(7⁶</strong></span> 
     </span>
     <span class='ocr_line' id='line_1_77' title="bbox 182 3750 1268 3796; baseline -0.005 -9"><span class='ocrx_word' id='word_1_616' title='bbox 182 3754 243 3796; x_wconf 75' lang='grc'><strong>(10)</strong></span> <span class='ocrx_word' id='word_1_617' title='bbox 262 3754 339 3788; x_wconf 81' lang='lat' dir='ltr'><strong>Cod.</strong></span> <span class='ocrx_word' id='word_1_618' title='bbox 353 3754 386 3795; x_wconf 89' lang='lat'><strong>6,</strong></span> <span class='ocrx_word' id='word_1_619' title='bbox 400 3760 444 3795; x_wconf 79' lang='lat'><strong>6¹,</strong></span> <span class='ocrx_word' id='word_1_620' title='bbox 458 3759 475 3786; x_wconf 79' lang='grc'>6</span> <span class='ocrx_word' id='word_1_621' title='bbox 544 3753 605 3794; x_wconf 81' lang='grc'><strong>(16)</strong></span> <span class='ocrx_word' id='word_1_622' title='bbox 620 3751 840 3792; x_wconf 78' lang='lat' dir='ltr'><strong>commodum]</strong></span> <span class='ocrx_word' id='word_1_623' title='bbox 855 3752 933 3792; x_wconf 82' lang='grc' dir='ltr'><strong>ΒΘ,</strong></span> <span class='ocrx_word' id='word_1_624' title='bbox 948 3761 1081 3793; x_wconf 87' lang='lat' dir='ltr'><strong>quoquo</strong></span> <span class='ocrx_word' id='word_1_625' title='bbox 1094 3750 1191 3782; x_wconf 90' lang='lat' dir='ltr'><strong>modo</strong></span> <span class='ocrx_word' id='word_1_626' title='bbox 1206 3750 1268 3783; x_wconf 82' lang='lat' dir='ltr'><strong>TC</strong></span> 
     </span>
    </p>
   </div>
   <div class='ocr_carea' id='block_1_8' title="bbox 1744 130 2425 173">
    <p class='ocr_par' dir='ltr' id='par_1_9' title="bbox 1744 130 2425 173">
     <span class='ocr_line' id='line_1_78' title="bbox 1744 130 2425 173; baseline 0.003 -10"><span class='ocrx_word' id='word_1_627' title='bbox 1744 130 1831 163; x_wconf 76' lang='lat' dir='ltr'><strong>PER</strong></span> <span class='ocrx_word' id='word_1_628' title='bbox 1845 131 1888 171; x_wconf 80' lang='lat' dir='ltr'><strong>Q.</strong></span> <span class='ocrx_word' id='word_1_629' title='bbox 1903 130 2026 163; x_wconf 83' lang='lat' dir='ltr'><strong>PERS.</strong></span> <span class='ocrx_word' id='word_1_630' title='bbox 2040 131 2174 164; x_wconf 77' lang='lat' dir='ltr'>NOBIS</span> <span class='ocrx_word' id='word_1_631' title='bbox 2202 130 2303 164; x_wconf 78' lang='lat'><strong>0131..</strong></span> <span class='ocrx_word' id='word_1_632' title='bbox 2319 131 2425 173; x_wconf 74' lang='lat' dir='ltr'><strong>ADQ.</strong></span> 
     </span>
    </p>
   </div>
   <div class='ocr_carea' id='block_1_9' title="bbox 1339 240 2431 1327">
    <p class='ocr_par' dir='ltr' id='par_1_10' title="bbox 1339 240 2431 1182">
     <span class='ocr_line' id='line_1_79' title="bbox 1341 240 2426 288; baseline 0.004 -12"><span class='ocrx_word' id='word_1_633' title='bbox 1341 240 1529 286; x_wconf 75' lang='lat' dir='ltr'><strong>&#39;potestate</strong></span> <span class='ocrx_word' id='word_1_634' title='bbox 1551 242 1665 285; x_wconf 62' lang='lat' dir='ltr'><strong>sunt:</strong></span> <span class='ocrx_word' id='word_1_635' title='bbox 1689 241 1796 279; x_wconf 89' lang='lat' dir='ltr'><strong>veluti</strong></span> <span class='ocrx_word' id='word_1_636' title='bbox 1819 252 1884 288; x_wconf 89' lang='lat' dir='ltr'><strong>per</strong></span> <span class='ocrx_word' id='word_1_637' title='bbox 1906 252 2029 279; x_wconf 88' lang='lat' dir='ltr'><strong>servos</strong></span> <span class='ocrx_word' id='word_1_638' title='bbox 2050 245 2188 279; x_wconf 84' lang='lat' dir='ltr'><strong>vestros</strong></span> <span class='ocrx_word' id='word_1_639' title='bbox 2211 246 2248 279; x_wconf 89' lang='lat' dir='ltr'><strong>et</strong></span> <span class='ocrx_word' id='word_1_640' title='bbox 2269 242 2362 280; x_wconf 85' lang='lat' dir='ltr'><strong>filios</strong></span> <span class='ocrx_word' id='word_1_641' title='bbox 2375 244 2426 280; x_wconf 82' lang='lat'><strong>¹²:</strong></span> 
     </span>
     <span class='ocr_line' id='line_1_80' title="bbox 1341 286 2426 335; baseline 0.004 -14"><span class='ocrx_word' id='word_1_642' title='bbox 1341 289 1383 322; x_wconf 90' lang='lat' dir='ltr'><strong>ut</strong></span> <span class='ocrx_word' id='word_1_643' title='bbox 1407 289 1549 329; x_wconf 88' lang='lat' dir='ltr'><strong>tamen,</strong></span> <span class='ocrx_word' id='word_1_644' title='bbox 1581 286 1678 332; x_wconf 89' lang='lat' dir='ltr'><strong>quod</strong></span> <span class='ocrx_word' id='word_1_645' title='bbox 1708 298 1773 333; x_wconf 90' lang='lat' dir='ltr'><strong>per</strong></span> <span class='ocrx_word' id='word_1_646' title='bbox 1796 298 1918 323; x_wconf 86' lang='lat' dir='ltr'><strong>servos</strong></span> <span class='ocrx_word' id='word_1_647' title='bbox 1943 287 2084 334; x_wconf 90' lang='lat' dir='ltr'><strong>quidem</strong></span> <span class='ocrx_word' id='word_1_648' title='bbox 2096 288 2123 310; x_wconf 85' lang='lat'><strong>¹³</strong></span> <span class='ocrx_word' id='word_1_649' title='bbox 2146 288 2247 325; x_wconf 87' lang='lat' dir='ltr'><strong>vobis</strong></span> <span class='ocrx_word' id='word_1_650' title='bbox 2271 288 2426 335; x_wconf 90' lang='lat' dir='ltr'><strong>adquiri-</strong></span> 
     </span>
     <span class='ocr_line' id='line_1_81' title="bbox 1339 332 2427 384; baseline 0.004 -18"><span class='ocrx_word' id='word_1_651' title='bbox 1339 335 1411 384; x_wconf 77' lang='lat' dir='ltr'><strong>tur,</strong></span> <span class='ocrx_word' id='word_1_652' title='bbox 1430 334 1546 367; x_wconf 91' lang='lat' dir='ltr'><strong>totum</strong></span> <span class='ocrx_word' id='word_1_653' title='bbox 1565 336 1721 368; x_wconf 89' lang='lat' dir='ltr'><strong>vestrum</strong></span> <span class='ocrx_word' id='word_1_654' title='bbox 1741 332 1815 376; x_wconf 89' lang='lat' dir='ltr'><strong>fiat,</strong></span> <span class='ocrx_word' id='word_1_655' title='bbox 1836 332 1932 378; x_wconf 91' lang='lat' dir='ltr'><strong>quod</strong></span> <span class='ocrx_word' id='word_1_656' title='bbox 1954 336 2072 369; x_wconf 91' lang='lat' dir='ltr'><strong>autem</strong></span> <span class='ocrx_word' id='word_1_657' title='bbox 2090 343 2155 379; x_wconf 89' lang='lat' dir='ltr'><strong>per</strong></span> <span class='ocrx_word' id='word_1_658' title='bbox 2174 333 2317 376; x_wconf 88' lang='lat' dir='ltr'><strong>liberos,</strong></span> <span class='ocrx_word' id='word_1_659' title='bbox 2338 345 2427 379; x_wconf 89' lang='lat' dir='ltr'><strong>quos</strong></span> 
     </span>
     <span class='ocr_line' id='line_1_82' title="bbox 1339 377 2427 424; baseline 0.002 -12"><span class='ocrx_word' id='word_1_660' title='bbox 1339 387 1376 412; x_wconf 89' lang='grc'><strong>111</strong></span> <span class='ocrx_word' id='word_1_661' title='bbox 1400 380 1580 422; x_wconf 89' lang='lat' dir='ltr'><strong>potestate</strong></span> <span class='ocrx_word' id='word_1_662' title='bbox 1602 377 1753 421; x_wconf 88' lang='lat' dir='ltr'><strong>habetis,</strong></span> <span class='ocrx_word' id='word_1_663' title='bbox 1779 388 1823 413; x_wconf 90' lang='grc'><strong>01</strong></span> <span class='ocrx_word' id='word_1_664' title='bbox 1842 378 2056 423; x_wconf 87' lang='lat' dir='ltr'><strong>obligatione</strong></span> <span class='ocrx_word' id='word_1_665' title='bbox 2073 377 2182 414; x_wconf 88' lang='lat' dir='ltr'><strong>fuerit</strong></span> <span class='ocrx_word' id='word_1_666' title='bbox 2200 378 2427 424; x_wconf 88' lang='lat' dir='ltr'><strong>adquisitum,</strong></span> 
     </span>
     <span class='ocr_line' id='line_1_83' title="bbox 1339 421 2429 476; baseline 0.003 -19"><span class='ocrx_word' id='word_1_667' title='bbox 1339 421 1409 457; x_wconf 91' lang='lat' dir='ltr'><strong>hoc</strong></span> <span class='ocrx_word' id='word_1_668' title='bbox 1433 421 1611 458; x_wconf 87' lang='lat' dir='ltr'><strong>dividatur</strong></span> <span class='ocrx_word' id='word_1_669' title='bbox 1634 423 1829 459; x_wconf 88' lang='lat' dir='ltr'><strong>secundum</strong></span> <span class='ocrx_word' id='word_1_670' title='bbox 1851 423 2036 468; x_wconf 82' lang='lat' dir='ltr'><strong>imaginem</strong></span> <span class='ocrx_word' id='word_1_671' title='bbox 2058 433 2178 459; x_wconf 89' lang='lat' dir='ltr'><strong>rerum</strong></span> <span class='ocrx_word' id='word_1_672' title='bbox 2199 424 2429 476; x_wconf 87' lang='lat' dir='ltr'><strong>proprietatis</strong></span> 
     </span>
     <span class='ocr_line' id='line_1_84' title="bbox 1341 466 2426 520; baseline 0.002 -18"><span class='ocrx_word' id='word_1_673' title='bbox 1341 470 1377 502; x_wconf 93' lang='lat' dir='ltr'><strong>et</strong></span> <span class='ocrx_word' id='word_1_674' title='bbox 1393 477 1480 503; x_wconf 89' lang='lat' dir='ltr'><strong>usus</strong></span> <span class='ocrx_word' id='word_1_675' title='bbox 1499 466 1651 510; x_wconf 85' lang='lat' dir='ltr'><strong>fructus,</strong></span> <span class='ocrx_word' id='word_1_676' title='bbox 1673 478 1781 520; x_wconf 84' lang='lat' dir='ltr'><strong>quam</strong></span> <span class='ocrx_word' id='word_1_677' title='bbox 1793 469 1820 490; x_wconf 86' lang='lat'><strong>¹⁴</strong></span> <span class='ocrx_word' id='word_1_678' title='bbox 1840 473 1966 504; x_wconf 90' lang='lat' dir='ltr'><strong>nostra</strong></span> <span class='ocrx_word' id='word_1_679' title='bbox 1985 467 2151 504; x_wconf 85' lang='lat' dir='ltr'><strong>discrevit</strong></span> <span class='ocrx_word' id='word_1_680' title='bbox 2162 469 2368 504; x_wconf 86' lang='lat' dir='ltr'><strong>constitutio</strong></span> <span class='ocrx_word' id='word_1_681' title='bbox 2383 470 2426 504; x_wconf 77' lang='lat'><strong>¹⁵:</strong></span> 
     </span>
     <span class='ocr_line' id='line_1_85' title="bbox 1340 511 2429 559; baseline 0.002 -12"><span class='ocrx_word' id='word_1_682' title='bbox 1340 515 1400 555; x_wconf 89' lang='lat' dir='ltr'><strong>ut,</strong></span> <span class='ocrx_word' id='word_1_683' title='bbox 1432 511 1529 558; x_wconf 91' lang='lat' dir='ltr'><strong>quod</strong></span> <span class='ocrx_word' id='word_1_684' title='bbox 1552 512 1598 548; x_wconf 92' lang='lat' dir='ltr'><strong>ab</strong></span> <span class='ocrx_word' id='word_1_685' title='bbox 1629 517 1770 550; x_wconf 88' lang='lat' dir='ltr'><strong>actione</strong></span> <span class='ocrx_word' id='word_1_686' title='bbox 1801 513 2027 550; x_wconf 89' lang='lat' dir='ltr'><strong>commodum</strong></span> <span class='ocrx_word' id='word_1_687' title='bbox 2040 514 2067 535; x_wconf 79' lang='lat'><strong>¹⁶</strong></span> <span class='ocrx_word' id='word_1_688' title='bbox 2089 514 2292 559; x_wconf 89' lang='lat' dir='ltr'><strong>perveniat,</strong></span> <span class='ocrx_word' id='word_1_689' title='bbox 2322 514 2429 550; x_wconf 90' lang='lat' dir='ltr'><strong>huius</strong></span> 
     </span>
     <span class='ocr_line' id='line_1_86' title="bbox 1340 557 2427 610; baseline 0.001 -18"><span class='ocrx_word' id='word_1_690' title='bbox 1340 568 1445 593; x_wconf 90' lang='lat' dir='ltr'><strong>usum</strong></span> <span class='ocrx_word' id='word_1_691' title='bbox 1476 557 1637 610; x_wconf 56' lang='lat' dir='ltr'><strong>tractum</strong></span> <span class='ocrx_word' id='word_1_692' title='bbox 1668 558 1809 604; x_wconf 89' lang='lat' dir='ltr'><strong>quidem</strong></span> <span class='ocrx_word' id='word_1_693' title='bbox 1832 559 1966 595; x_wconf 86' lang='lat' dir='ltr'><strong>habeat</strong></span> <span class='ocrx_word' id='word_1_694' title='bbox 1987 561 2109 604; x_wconf 89' lang='lat' dir='ltr'><strong>pater,</strong></span> <span class='ocrx_word' id='word_1_695' title='bbox 2138 559 2338 604; x_wconf 86' lang='lat' dir='ltr'><strong>proprietas</strong></span> <span class='ocrx_word' id='word_1_696' title='bbox 2363 569 2427 594; x_wconf 92' lang='lat' dir='ltr'><strong>au-</strong></span> 
     </span>
     <span class='ocr_line' id='line_1_87' title="bbox 1339 601 2430 649; baseline 0.001 -12"><span class='ocrx_word' id='word_1_697' title='bbox 1339 605 1411 638; x_wconf 91' lang='lat' dir='ltr'><strong>tem</strong></span> <span class='ocrx_word' id='word_1_698' title='bbox 1443 601 1515 639; x_wconf 91' lang='lat' dir='ltr'><strong>fiho</strong></span> <span class='ocrx_word' id='word_1_699' title='bbox 1548 606 1725 647; x_wconf 88' lang='lat' dir='ltr'><strong>servetur,</strong></span> <span class='ocrx_word' id='word_1_700' title='bbox 1757 604 1894 640; x_wconf 90' lang='lat' dir='ltr'><strong>scilicet</strong></span> <span class='ocrx_word' id='word_1_701' title='bbox 1924 607 2028 649; x_wconf 90' lang='lat' dir='ltr'><strong>patre</strong></span> <span class='ocrx_word' id='word_1_702' title='bbox 2059 604 2237 639; x_wconf 89' lang='lat' dir='ltr'><strong>actionem</strong></span> <span class='ocrx_word' id='word_1_703' title='bbox 2267 608 2430 640; x_wconf 92' lang='lat' dir='ltr'><strong>movente</strong></span> 
     </span>
     <span class='ocr_line' id='line_1_88' title="bbox 1340 647 2427 685; baseline 0.001 -2"><span class='ocrx_word' id='word_1_704' title='bbox 1340 647 1536 683; x_wconf 89' lang='lat' dir='ltr'><strong>secundum</strong></span> <span class='ocrx_word' id='word_1_705' title='bbox 1558 648 1717 684; x_wconf 89' lang='lat' dir='ltr'><strong>novellae</strong></span> <span class='ocrx_word' id='word_1_706' title='bbox 1740 653 1885 685; x_wconf 87' lang='lat' dir='ltr'><strong>nostrae</strong></span> <span class='ocrx_word' id='word_1_707' title='bbox 1917 649 2180 685; x_wconf 89' lang='lat' dir='ltr'><strong>constitutionis</strong></span> <span class='ocrx_word' id='word_1_708' title='bbox 2212 648 2427 685; x_wconf 90' lang='lat' dir='ltr'><strong>divisionem.</strong></span> 
     </span>
     <span class='ocr_line' id='line_1_89' title="bbox 1345 693 2429 739; baseline 0.001 -11"><span class='ocrx_word' id='word_1_709' title='bbox 1345 697 1358 728; x_wconf 89' lang='grc'><strong>1</strong></span> <span class='ocrx_word' id='word_1_710' title='bbox 1413 694 1440 715; x_wconf 85' lang='lat'><strong>¹⁷</strong></span> <span class='ocrx_word' id='word_1_711' title='bbox 1451 693 1549 728; x_wconf 78' lang='lat' dir='ltr'><strong>&#39;Item</strong></span> <span class='ocrx_word' id='word_1_712' title='bbox 1559 703 1627 739; x_wconf 89' lang='lat' dir='ltr'><strong>per</strong></span> <span class='ocrx_word' id='word_1_713' title='bbox 1646 694 1778 729; x_wconf 89' lang='lat' dir='ltr'><strong>liberos</strong></span> <span class='ocrx_word' id='word_1_714' title='bbox 1795 694 1955 731; x_wconf 89' lang='lat' dir='ltr'><strong>homines</strong></span> <span class='ocrx_word' id='word_1_715' title='bbox 1977 698 2013 730; x_wconf 92' lang='lat' dir='ltr'><strong>et</strong></span> <span class='ocrx_word' id='word_1_716' title='bbox 2031 694 2166 730; x_wconf 89' lang='lat' dir='ltr'><strong>alienos</strong></span> <span class='ocrx_word' id='word_1_717' title='bbox 2186 704 2318 737; x_wconf 90' lang='lat' dir='ltr'><strong>servos,</strong></span> <span class='ocrx_word' id='word_1_718' title='bbox 2340 704 2429 739; x_wconf 92' lang='lat' dir='ltr'><strong>quos</strong></span> 
     </span>
     <span class='ocr_line' id='line_1_90' title="bbox 1342 738 2429 785; baseline 0.001 -12"><span class='ocrx_word' id='word_1_719' title='bbox 1342 738 1446 774; x_wconf 75' lang='lat' dir='ltr'><strong>&#39;bona</strong></span> <span class='ocrx_word' id='word_1_720' title='bbox 1469 738 1540 774; x_wconf 91' lang='lat' dir='ltr'><strong>fide</strong></span> <span class='ocrx_word' id='word_1_721' title='bbox 1561 738 1762 784; x_wconf 88' lang='lat' dir='ltr'><strong>possidetis,</strong></span> <span class='ocrx_word' id='word_1_722' title='bbox 1787 739 1986 785; x_wconf 85' lang='lat' dir='ltr'><strong>adquiritur</strong></span> <span class='ocrx_word' id='word_1_723' title='bbox 2007 739 2121 782; x_wconf 89' lang='lat' dir='ltr'><strong>vobis,</strong></span> <span class='ocrx_word' id='word_1_724' title='bbox 2145 739 2209 775; x_wconf 89' lang='lat' dir='ltr'><strong>sed</strong></span> <span class='ocrx_word' id='word_1_725' title='bbox 2228 742 2366 774; x_wconf 92' lang='lat' dir='ltr'><strong>tantum</strong></span> <span class='ocrx_word' id='word_1_726' title='bbox 2386 749 2429 774; x_wconf 82' lang='lat' dir='ltr'><strong>ex</strong></span> 
     </span>
     <span class='ocr_line' id='line_1_91' title="bbox 1341 783 2430 831; baseline 0.002 -13"><span class='ocrx_word' id='word_1_727' title='bbox 1341 783 1491 819; x_wconf 69' lang='lat' dir='ltr'><strong>&#39;duabus</strong></span> <span class='ocrx_word' id='word_1_728' title='bbox 1523 783 1662 827; x_wconf 88' lang='lat' dir='ltr'><strong>causis,</strong></span> <span class='ocrx_word' id='word_1_729' title='bbox 1693 783 1730 819; x_wconf 90' lang='lat' dir='ltr'><strong>id</strong></span> <span class='ocrx_word' id='word_1_730' title='bbox 1762 788 1816 820; x_wconf 86' lang='lat' dir='ltr'><strong>est</strong></span> <span class='ocrx_word' id='word_1_731' title='bbox 1838 784 1870 820; x_wconf 89' lang='lat' dir='ltr'><strong>si</strong></span> <span class='ocrx_word' id='word_1_732' title='bbox 1917 785 1978 820; x_wconf 90' lang='lat' dir='ltr'><strong>uid</strong></span> <span class='ocrx_word' id='word_1_733' title='bbox 2001 795 2046 820; x_wconf 89' lang='grc'><strong>01</strong></span> <span class='ocrx_word' id='word_1_734' title='bbox 2068 785 2186 831; x_wconf 87' lang='lat' dir='ltr'><strong>operis</strong></span> <span class='ocrx_word' id='word_1_735' title='bbox 2210 784 2284 820; x_wconf 86' lang='lat' dir='ltr'><strong>suis</strong></span> <span class='ocrx_word' id='word_1_736' title='bbox 2306 784 2363 820; x_wconf 84' lang='lat' dir='ltr'><strong>vel</strong></span> <span class='ocrx_word' id='word_1_737' title='bbox 2386 794 2430 820; x_wconf 88' lang='lat' dir='ltr'><strong>ex</strong></span> 
     </span>
     <span class='ocr_line' id='line_1_92' title="bbox 1341 796 2429 881; baseline 0 -17"><span class='ocrx_word' id='word_1_738' title='bbox 1341 831 1361 881; x_wconf 58' lang='lat'>2</span> <span class='ocrx_word' id='word_1_739' title='bbox 1410 829 1458 864; x_wconf 87' lang='lat' dir='ltr'><strong>&#39;re</strong></span> <span class='ocrx_word' id='word_1_740' title='bbox 1488 832 1608 864; x_wconf 90' lang='lat' dir='ltr'><strong>vestra</strong></span> <span class='ocrx_word' id='word_1_741' title='bbox 1640 828 1840 874; x_wconf 89' lang='lat' dir='ltr'><strong>adquirant.</strong></span> <span class='ocrx_word' id='word_1_742' title='bbox 1887 796 1957 865; x_wconf 51' lang='lat' dir='ltr'><strong>fler</strong></span> <span class='ocrx_word' id='word_1_743' title='bbox 1987 840 2067 865; x_wconf 90' lang='lat' dir='ltr'><strong>euin</strong></span> <span class='ocrx_word' id='word_1_744' title='bbox 2101 840 2244 875; x_wconf 91' lang='lat' dir='ltr'><strong>quoque</strong></span> <span class='ocrx_word' id='word_1_745' title='bbox 2278 839 2429 870; x_wconf 87' lang='lat' dir='ltr'><strong>servum,</strong></span> 
     </span>
     <span class='ocr_line' id='line_1_93' title="bbox 1341 874 2429 919; baseline 0 -10"><span class='ocrx_word' id='word_1_746' title='bbox 1341 874 1387 909; x_wconf 82' lang='lat' dir='ltr'><strong>&#39;iii</strong></span> <span class='ocrx_word' id='word_1_747' title='bbox 1436 884 1482 910; x_wconf 94' lang='lat' dir='ltr'><strong>uo</strong></span> <span class='ocrx_word' id='word_1_748' title='bbox 1506 885 1610 910; x_wconf 89' lang='lat' dir='ltr'><strong>usum</strong></span> <span class='ocrx_word' id='word_1_749' title='bbox 1633 874 1790 910; x_wconf 81' lang='lat' dir='ltr'><strong>fructum</strong></span> <span class='ocrx_word' id='word_1_750' title='bbox 1812 874 1868 910; x_wconf 86' lang='lat' dir='ltr'><strong>vel</strong></span> <span class='ocrx_word' id='word_1_751' title='bbox 1891 885 1995 910; x_wconf 90' lang='lat' dir='ltr'><strong>usum</strong></span> <span class='ocrx_word' id='word_1_752' title='bbox 2018 875 2176 919; x_wconf 80' lang='lat' dir='ltr'><strong>habetis,</strong></span> <span class='ocrx_word' id='word_1_753' title='bbox 2200 874 2360 911; x_wconf 88' lang='lat' dir='ltr'><strong>similiter</strong></span> <span class='ocrx_word' id='word_1_754' title='bbox 2384 885 2429 910; x_wconf 81' lang='lat' dir='ltr'><strong>ex</strong></span> 
     </span>
     <span class='ocr_line' id='line_1_94' title="bbox 1341 919 2430 966; baseline -0.001 -11"><span class='ocrx_word' id='word_1_755' title='bbox 1341 922 1361 955; x_wconf 87' lang='lat'><strong>3</strong></span> <span class='ocrx_word' id='word_1_756' title='bbox 1408 919 1416 934; x_wconf 83' lang='lat'><em>&#39;</em></span> <span class='ocrx_word' id='word_1_757' title='bbox 1443 919 1560 956; x_wconf 89' lang='lat' dir='ltr'><strong>uabus</strong></span> <span class='ocrx_word' id='word_1_758' title='bbox 1582 919 1660 956; x_wconf 90' lang='lat' dir='ltr'><strong>istis</strong></span> <span class='ocrx_word' id='word_1_759' title='bbox 1685 919 1804 955; x_wconf 87' lang='lat' dir='ltr'><strong>causis</strong></span> <span class='ocrx_word' id='word_1_760' title='bbox 1823 919 1923 955; x_wconf 87' lang='lat' dir='ltr'><strong>vobis</strong></span> <span class='ocrx_word' id='word_1_761' title='bbox 1943 920 2152 966; x_wconf 89' lang='lat' dir='ltr'><strong>adquiritur.</strong></span> <span class='ocrx_word' id='word_1_762' title='bbox 2201 919 2430 955; x_wconf 89' lang='lat' dir='ltr'><strong>Communem</strong></span> 
     </span>
     <span class='ocr_line' id='line_1_95' title="bbox 1341 964 2428 1011; baseline 0 -11"><span class='ocrx_word' id='word_1_763' title='bbox 1341 965 1491 1000; x_wconf 77' lang='lat' dir='ltr'><strong>&#39;servum</strong></span> <span class='ocrx_word' id='word_1_764' title='bbox 1521 976 1586 1010; x_wconf 94' lang='lat' dir='ltr'><strong>pro</strong></span> <span class='ocrx_word' id='word_1_765' title='bbox 1619 964 1798 1001; x_wconf 90' lang='lat' dir='ltr'><strong>dominica</strong></span> <span class='ocrx_word' id='word_1_766' title='bbox 1829 969 1934 1010; x_wconf 89' lang='lat' dir='ltr'><strong>parte</strong></span> <span class='ocrx_word' id='word_1_767' title='bbox 1965 965 2115 1001; x_wconf 89' lang='lat' dir='ltr'><strong>dominis</strong></span> <span class='ocrx_word' id='word_1_768' title='bbox 2139 964 2329 1011; x_wconf 89' lang='lat' dir='ltr'><strong>adquirere</strong></span> <span class='ocrx_word' id='word_1_769' title='bbox 2352 975 2428 1000; x_wconf 88' lang='lat' dir='ltr'><strong>cer-</strong></span> 
     </span>
     <span class='ocr_line' id='line_1_96' title="bbox 1342 1010 2428 1056; baseline 0 -11"><span class='ocrx_word' id='word_1_770' title='bbox 1342 1010 1428 1045; x_wconf 82' lang='lat' dir='ltr'><strong>&#39;tum</strong></span> <span class='ocrx_word' id='word_1_771' title='bbox 1452 1013 1518 1053; x_wconf 90' lang='lat' dir='ltr'><strong>est,</strong></span> <span class='ocrx_word' id='word_1_772' title='bbox 1543 1014 1692 1056; x_wconf 87' lang='lat' dir='ltr'><strong>excepto</strong></span> <span class='ocrx_word' id='word_1_773' title='bbox 1718 1020 1772 1052; x_wconf 90' lang='lat' dir='ltr'><strong>eo,</strong></span> <span class='ocrx_word' id='word_1_774' title='bbox 1798 1010 1894 1055; x_wconf 91' lang='lat' dir='ltr'><strong>quod</strong></span> <span class='ocrx_word' id='word_1_775' title='bbox 1916 1010 1979 1045; x_wconf 91' lang='lat' dir='ltr'><strong>uni</strong></span> <span class='ocrx_word' id='word_1_776' title='bbox 1996 1010 2204 1046; x_wconf 90' lang='lat' dir='ltr'><strong>nominatim</strong></span> <span class='ocrx_word' id='word_1_777' title='bbox 2225 1010 2428 1055; x_wconf 85' lang='lat' dir='ltr'><strong>stipulando</strong></span> 
     </span>
     <span class='ocr_line' id='line_1_97' title="bbox 1342 1055 2431 1107; baseline 0 -17"><span class='ocrx_word' id='word_1_778' title='bbox 1342 1055 1416 1090; x_wconf 82' lang='lat' dir='ltr'><strong>&#39;aut</strong></span> <span class='ocrx_word' id='word_1_779' title='bbox 1426 1066 1492 1101; x_wconf 90' lang='lat' dir='ltr'><strong>per</strong></span> <span class='ocrx_word' id='word_1_780' title='bbox 1508 1055 1735 1091; x_wconf 85' lang='lat' dir='ltr'><strong>traditionem</strong></span> <span class='ocrx_word' id='word_1_781' title='bbox 1753 1055 1961 1107; x_wconf 84' lang='lat' dir='ltr'><strong>accipiendo</strong></span> <span class='ocrx_word' id='word_1_782' title='bbox 1981 1055 2032 1090; x_wconf 91' lang='lat' dir='ltr'><strong>illi</strong></span> <span class='ocrx_word' id='word_1_783' title='bbox 2051 1055 2118 1091; x_wconf 91' lang='grc'><strong>0011</strong></span> <span class='ocrx_word' id='word_1_784' title='bbox 2136 1055 2302 1101; x_wconf 89' lang='lat' dir='ltr'><strong>adquirit,</strong></span> <span class='ocrx_word' id='word_1_785' title='bbox 2323 1055 2431 1090; x_wconf 88' lang='lat' dir='ltr'><strong>veluti</strong></span> 
     </span>
     <span class='ocr_line' id='line_1_98' title="bbox 1342 1100 2429 1146; baseline 0 -11"><span class='ocrx_word' id='word_1_786' title='bbox 1342 1101 1432 1135; x_wconf 76' lang='lat' dir='ltr'><strong>&#39;cum</strong></span> <span class='ocrx_word' id='word_1_787' title='bbox 1463 1100 1514 1136; x_wconf 89' lang='lat' dir='ltr'><strong>ita</strong></span> <span class='ocrx_word' id='word_1_788' title='bbox 1546 1100 1754 1146; x_wconf 84' lang='lat' dir='ltr'><strong>stipuletur:</strong></span> <span class='ocrx_word' id='word_1_789' title='bbox 1786 1100 1892 1135; x_wconf 87' lang='lat' dir='ltr'><strong>‘Titio</strong></span> <span class='ocrx_word' id='word_1_790' title='bbox 1926 1100 2069 1136; x_wconf 91' lang='lat' dir='ltr'><strong>domino</strong></span> <span class='ocrx_word' id='word_1_791' title='bbox 2100 1111 2178 1136; x_wconf 90' lang='lat' dir='ltr'><strong>meo</strong></span> <span class='ocrx_word' id='word_1_792' title='bbox 2211 1100 2298 1136; x_wconf 91' lang='lat' dir='ltr'><strong>dare</strong></span> <span class='ocrx_word' id='word_1_793' title='bbox 2321 1111 2429 1145; x_wconf 88' lang='lat' dir='ltr'><strong>spon-</strong></span> 
     </span>
     <span class='ocr_line' id='line_1_99' title="bbox 1342 1145 2429 1182; baseline -0.001 -1"><span class='ocrx_word' id='word_1_794' title='bbox 1342 1145 1479 1181; x_wconf 81' lang='lat' dir='ltr'><strong>&#39;‘des?&#39;⁴</strong></span> <span class='ocrx_word' id='word_1_795' title='bbox 1510 1146 1573 1181; x_wconf 89' lang='lat' dir='ltr'><strong>sed</strong></span> <span class='ocrx_word' id='word_1_796' title='bbox 1597 1146 1627 1181; x_wconf 90' lang='lat' dir='ltr'><strong>si</strong></span> <span class='ocrx_word' id='word_1_797' title='bbox 1651 1145 1755 1181; x_wconf 92' lang='lat' dir='ltr'><strong>unius</strong></span> <span class='ocrx_word' id='word_1_798' title='bbox 1780 1145 1913 1181; x_wconf 90' lang='lat' dir='ltr'><strong>domini</strong></span> <span class='ocrx_word' id='word_1_799' title='bbox 1943 1145 2044 1181; x_wconf 89' lang='lat' dir='ltr'><strong>iussu</strong></span> <span class='ocrx_word' id='word_1_800' title='bbox 2076 1156 2198 1182; x_wconf 88' lang='lat' dir='ltr'><strong>servus</strong></span> <span class='ocrx_word' id='word_1_801' title='bbox 2228 1145 2338 1181; x_wconf 86' lang='lat' dir='ltr'><strong>fuerit</strong></span> <span class='ocrx_word' id='word_1_802' title='bbox 2367 1146 2429 1181; x_wconf 89' lang='lat' dir='ltr'><strong>sti-</strong></span> 
     </span>
    </p>

    <p class='ocr_par' dir='ltr' id='par_1_11' title="bbox 1366 1190 2429 1243">
     <span class='ocr_line' id='line_1_100' title="bbox 1366 1190 2429 1243; baseline -0.001 -17"><span class='ocrx_word' id='word_1_803' title='bbox 1366 1191 1496 1243; x_wconf 69' lang='grc'><strong>0101110,</strong></span> <span class='ocrx_word' id='word_1_804' title='bbox 1521 1191 1605 1226; x_wconf 90' lang='grc'><strong>11001</strong></span> <span class='ocrx_word' id='word_1_805' title='bbox 1628 1195 1735 1226; x_wconf 87' lang='grc'><strong>011100</strong></span> <span class='ocrx_word' id='word_1_806' title='bbox 1758 1190 1998 1234; x_wconf 86' lang='lat' dir='ltr'><strong>dubitabatur,</strong></span> <span class='ocrx_word' id='word_1_807' title='bbox 2023 1195 2142 1226; x_wconf 88' lang='lat' dir='ltr'><strong>tamen</strong></span> <span class='ocrx_word' id='word_1_808' title='bbox 2165 1195 2249 1236; x_wconf 88' lang='lat' dir='ltr'><strong>post</strong></span> <span class='ocrx_word' id='word_1_809' title='bbox 2270 1194 2429 1226; x_wconf 91' lang='lat' dir='ltr'><strong>nostram</strong></span> 
     </span>
    </p>

    <p class='ocr_par' dir='ltr' id='par_1_12' title="bbox 1341 1235 2429 1327">
     <span class='ocr_line' id='line_1_101' title="bbox 1366 1235 2429 1282; baseline -0.001 -11"><span class='ocrx_word' id='word_1_810' title='bbox 1366 1246 1557 1272; x_wconf 88' lang='lat' dir='ltr'><strong>ecisionem</strong></span> <span class='ocrx_word' id='word_1_811' title='bbox 1570 1237 1598 1258; x_wconf 77' lang='lat'><strong>¹⁸</strong></span> <span class='ocrx_word' id='word_1_812' title='bbox 1621 1246 1678 1272; x_wconf 89' lang='lat' dir='ltr'><strong>res</strong></span> <span class='ocrx_word' id='word_1_813' title='bbox 1703 1236 1868 1282; x_wconf 83' lang='lat' dir='ltr'><strong>expedita</strong></span> <span class='ocrx_word' id='word_1_814' title='bbox 1892 1240 1965 1279; x_wconf 89' lang='grc'><strong>001,</strong></span> <span class='ocrx_word' id='word_1_815' title='bbox 1998 1239 2039 1272; x_wconf 86' lang='grc'><strong>111</strong></span> <span class='ocrx_word' id='word_1_816' title='bbox 2067 1236 2119 1271; x_wconf 87' lang='grc'><strong>1111</strong></span> <span class='ocrx_word' id='word_1_817' title='bbox 2141 1239 2282 1271; x_wconf 86' lang='grc'><strong>1011111111</strong></span> <span class='ocrx_word' id='word_1_818' title='bbox 2305 1235 2429 1281; x_wconf 90' lang='lat' dir='ltr'><strong>adqui-</strong></span> 
     </span>
     <span class='ocr_line' id='line_1_102' title="bbox 1341 1281 2420 1327; baseline -0.001 -10"><span class='ocrx_word' id='word_1_819' title='bbox 1341 1285 1409 1325; x_wconf 86' lang='lat' dir='ltr'><strong>rat,</strong></span> <span class='ocrx_word' id='word_1_820' title='bbox 1435 1281 1495 1327; x_wconf 90' lang='lat' dir='ltr'><strong>qui</strong></span> <span class='ocrx_word' id='word_1_821' title='bbox 1518 1282 1588 1317; x_wconf 91' lang='lat' dir='ltr'><strong>hoc</strong></span> <span class='ocrx_word' id='word_1_822' title='bbox 1613 1282 1646 1317; x_wconf 92' lang='lat' dir='ltr'><strong>ei</strong></span> <span class='ocrx_word' id='word_1_823' title='bbox 1668 1281 1789 1317; x_wconf 81' lang='lat' dir='ltr'><strong>facere</strong></span> <span class='ocrx_word' id='word_1_824' title='bbox 1811 1281 1925 1325; x_wconf 87' lang='lat' dir='ltr'><strong>iussit,</strong></span> <span class='ocrx_word' id='word_1_825' title='bbox 1950 1285 1991 1317; x_wconf 92' lang='lat' dir='ltr'><strong>ut</strong></span> <span class='ocrx_word' id='word_1_826' title='bbox 2014 1292 2124 1327; x_wconf 91' lang='lat' dir='ltr'><strong>supra</strong></span> <span class='ocrx_word' id='word_1_827' title='bbox 2148 1281 2281 1317; x_wconf 90' lang='lat' dir='ltr'><strong>dictum</strong></span> <span class='ocrx_word' id='word_1_828' title='bbox 2305 1283 2420 1317; x_wconf 77' lang='lat' dir='ltr'><strong>est.¹⁸·</strong></span> 
     </span>
    </p>
   </div>
   <div class='ocr_carea' id='block_1_10' title="bbox 1451 1374 2315 1478">
    <p class='ocr_par' dir='ltr' id='par_1_13' title="bbox 1451 1374 2315 1478">
     <span class='ocr_line' id='line_1_103' title="bbox 1773 1374 1999 1415; baseline 0 -1"><span class='ocrx_word' id='word_1_829' title='bbox 1773 1374 1999 1415; x_wconf 83' lang='lat' dir='ltr'><strong>XXVHII¹⁹</strong></span> 
     </span>
     <span class='ocr_line' id='line_1_104' title="bbox 1451 1440 2315 1478; baseline -0.005 -1"><span class='ocrx_word' id='word_1_830' title='bbox 1451 1440 1617 1478; x_wconf 81' lang='lat' dir='ltr'>QUIBUS</span> <span class='ocrx_word' id='word_1_831' title='bbox 1641 1441 1782 1474; x_wconf 88' lang='lat' dir='ltr'>MODIS</span> <span class='ocrx_word' id='word_1_832' title='bbox 1807 1440 2052 1474; x_wconf 77' lang='lat' dir='ltr'>OBLIGATIO</span> <span class='ocrx_word' id='word_1_833' title='bbox 2075 1440 2315 1474; x_wconf 86' lang='lat' dir='ltr'><strong>TOLLITUR.</strong></span> 
     </span>
    </p>
   </div>
   <div class='ocr_carea' id='block_1_11' title="bbox 1337 1505 2433 3789">
    <p class='ocr_par' dir='ltr' id='par_1_14' title="bbox 1339 1505 2433 3383">
     <span class='ocr_line' id='line_1_105' title="bbox 1387 1505 2431 1553; baseline -0.003 -10"><span class='ocrx_word' id='word_1_834' title='bbox 1387 1507 1540 1544; x_wconf 88' lang='lat' dir='ltr'><strong>Tollitur</strong></span> <span class='ocrx_word' id='word_1_835' title='bbox 1563 1511 1681 1544; x_wconf 91' lang='lat' dir='ltr'><strong>autem</strong></span> <span class='ocrx_word' id='word_1_836' title='bbox 1705 1507 1819 1544; x_wconf 91' lang='lat' dir='ltr'><strong>omnis</strong></span> <span class='ocrx_word' id='word_1_837' title='bbox 1844 1507 2012 1553; x_wconf 86' lang='lat' dir='ltr'><strong>obligatio</strong></span> <span class='ocrx_word' id='word_1_838' title='bbox 2036 1506 2214 1543; x_wconf 88' lang='lat' dir='ltr'><strong>solutione</strong></span> <span class='ocrx_word' id='word_1_839' title='bbox 2235 1505 2311 1541; x_wconf 88' lang='lat' dir='ltr'><strong>eius</strong></span> <span class='ocrx_word' id='word_1_840' title='bbox 2335 1505 2431 1551; x_wconf 90' lang='lat' dir='ltr'><strong>quod</strong></span> 
     </span>
     <span class='ocr_line' id='line_1_106' title="bbox 1341 1550 2430 1599; baseline -0.004 -10"><span class='ocrx_word' id='word_1_841' title='bbox 1341 1552 1511 1597; x_wconf 86' lang='lat' dir='ltr'><strong>debetur,</strong></span> <span class='ocrx_word' id='word_1_842' title='bbox 1543 1554 1599 1589; x_wconf 87' lang='lat' dir='ltr'><strong>vel</strong></span> <span class='ocrx_word' id='word_1_843' title='bbox 1622 1554 1652 1590; x_wconf 90' lang='lat' dir='ltr'><strong>si</strong></span> <span class='ocrx_word' id='word_1_844' title='bbox 1675 1553 1754 1599; x_wconf 91' lang='lat' dir='ltr'><strong>quis</strong></span> <span class='ocrx_word' id='word_1_845' title='bbox 1779 1554 2023 1589; x_wconf 86' lang='lat' dir='ltr'><strong>consentiente</strong></span> <span class='ocrx_word' id='word_1_846' title='bbox 2046 1552 2221 1589; x_wconf 90' lang='lat' dir='ltr'><strong>creditore</strong></span> <span class='ocrx_word' id='word_1_847' title='bbox 2243 1550 2342 1586; x_wconf 87' lang='lat' dir='ltr'><strong>aliud</strong></span> <span class='ocrx_word' id='word_1_848' title='bbox 2365 1561 2430 1596; x_wconf 91' lang='lat' dir='ltr'><strong>pro</strong></span> 
     </span>
     <span class='ocr_line' id='line_1_107' title="bbox 1340 1596 2430 1643; baseline -0.003 -9"><span class='ocrx_word' id='word_1_849' title='bbox 1340 1598 1410 1634; x_wconf 89' lang='lat' dir='ltr'><strong>alio</strong></span> <span class='ocrx_word' id='word_1_850' title='bbox 1435 1599 1590 1635; x_wconf 90' lang='lat' dir='ltr'><strong>solverit.</strong></span> <span class='ocrx_word' id='word_1_851' title='bbox 1627 1609 1694 1634; x_wconf 91' lang='lat' dir='ltr'><strong>nec</strong></span> <span class='ocrx_word' id='word_1_852' title='bbox 1717 1602 1837 1634; x_wconf 89' lang='lat' dir='ltr'><strong>tamen</strong></span> <span class='ocrx_word' id='word_1_853' title='bbox 1859 1598 2027 1641; x_wconf 91' lang='lat' dir='ltr'><strong>interest,</strong></span> <span class='ocrx_word' id='word_1_854' title='bbox 2052 1598 2131 1643; x_wconf 90' lang='lat' dir='ltr'><strong>quis</strong></span> <span class='ocrx_word' id='word_1_855' title='bbox 2155 1596 2287 1639; x_wconf 89' lang='lat' dir='ltr'><strong>solvat,</strong></span> <span class='ocrx_word' id='word_1_856' title='bbox 2311 1600 2430 1631; x_wconf 90' lang='lat' dir='ltr'><strong>utrum</strong></span> 
     </span>
     <span class='ocr_line' id='line_1_108' title="bbox 1340 1641 2431 1689; baseline -0.003 -10"><span class='ocrx_word' id='word_1_857' title='bbox 1340 1644 1418 1689; x_wconf 90' lang='lat' dir='ltr'><strong>ipse</strong></span> <span class='ocrx_word' id='word_1_858' title='bbox 1442 1644 1503 1689; x_wconf 93' lang='lat' dir='ltr'><strong>qui</strong></span> <span class='ocrx_word' id='word_1_859' title='bbox 1526 1643 1632 1680; x_wconf 88' lang='lat' dir='ltr'><strong>debet</strong></span> <span class='ocrx_word' id='word_1_860' title='bbox 1655 1654 1702 1679; x_wconf 91' lang='lat' dir='ltr'><strong>an</strong></span> <span class='ocrx_word' id='word_1_861' title='bbox 1725 1644 1816 1679; x_wconf 90' lang='lat' dir='ltr'><strong>alius</strong></span> <span class='ocrx_word' id='word_1_862' title='bbox 1840 1655 1905 1689; x_wconf 91' lang='lat' dir='ltr'><strong>pro</strong></span> <span class='ocrx_word' id='word_1_863' title='bbox 1931 1654 1992 1680; x_wconf 90' lang='lat' dir='ltr'><strong>eo:</strong></span> <span class='ocrx_word' id='word_1_864' title='bbox 2024 1643 2199 1679; x_wconf 87' lang='lat' dir='ltr'><strong>liberatur</strong></span> <span class='ocrx_word' id='word_1_865' title='bbox 2230 1642 2324 1678; x_wconf 89' lang='lat' dir='ltr'><strong>enim</strong></span> <span class='ocrx_word' id='word_1_866' title='bbox 2356 1646 2391 1676; x_wconf 89' lang='grc'><strong>01</strong></span> <span class='ocrx_word' id='word_1_867' title='bbox 2401 1641 2431 1662; x_wconf 82' lang='lat'><strong>²⁰</strong></span> 
     </span>
     <span class='ocr_line' id='line_1_109' title="bbox 1341 1686 2432 1733; baseline -0.004 -8"><span class='ocrx_word' id='word_1_868' title='bbox 1341 1690 1411 1725; x_wconf 90' lang='lat' dir='ltr'><strong>alio</strong></span> <span class='ocrx_word' id='word_1_869' title='bbox 1437 1690 1606 1733; x_wconf 88' lang='lat' dir='ltr'><strong>solvente,</strong></span> <span class='ocrx_word' id='word_1_870' title='bbox 1631 1689 1704 1725; x_wconf 90' lang='lat' dir='ltr'><strong>sive</strong></span> <span class='ocrx_word' id='word_1_871' title='bbox 1727 1689 1862 1725; x_wconf 88' lang='lat' dir='ltr'><strong>sciente</strong></span> <span class='ocrx_word' id='word_1_872' title='bbox 1886 1688 2046 1725; x_wconf 87' lang='lat' dir='ltr'><strong>debitore</strong></span> <span class='ocrx_word' id='word_1_873' title='bbox 2068 1688 2142 1724; x_wconf 87' lang='lat' dir='ltr'><strong>sive</strong></span> <span class='ocrx_word' id='word_1_874' title='bbox 2165 1688 2352 1733; x_wconf 85' lang='lat' dir='ltr'><strong>ignorante</strong></span> <span class='ocrx_word' id='word_1_875' title='bbox 2376 1686 2432 1721; x_wconf 91' lang='lat' dir='ltr'><strong>vel</strong></span> 
     </span>
     <span class='ocr_line' id='line_1_110' title="bbox 1340 1731 2432 1777; baseline -0.004 -7"><span class='ocrx_word' id='word_1_876' title='bbox 1340 1734 1448 1770; x_wconf 89' lang='lat' dir='ltr'><strong>invito</strong></span> <span class='ocrx_word' id='word_1_877' title='bbox 1473 1734 1603 1770; x_wconf 91' lang='lat' dir='ltr'><strong>solutio</strong></span> <span class='ocrx_word' id='word_1_878' title='bbox 1628 1734 1703 1770; x_wconf 88' lang='lat' dir='ltr'><strong>fiat.</strong></span> <span class='ocrx_word' id='word_1_879' title='bbox 1736 1735 1821 1770; x_wconf 90' lang='lat' dir='ltr'><strong>item</strong></span> <span class='ocrx_word' id='word_1_880' title='bbox 1845 1735 1876 1770; x_wconf 88' lang='lat' dir='ltr'><strong>si</strong></span> <span class='ocrx_word' id='word_1_881' title='bbox 1897 1745 1981 1770; x_wconf 89' lang='lat' dir='ltr'><strong>reus</strong></span> <span class='ocrx_word' id='word_1_882' title='bbox 2005 1734 2169 1776; x_wconf 88' lang='lat' dir='ltr'><strong>solverit,</strong></span> <span class='ocrx_word' id='word_1_883' title='bbox 2194 1732 2301 1768; x_wconf 90' lang='lat' dir='ltr'><strong>etiam</strong></span> <span class='ocrx_word' id='word_1_884' title='bbox 2322 1731 2348 1767; x_wconf 90' lang='lat' dir='ltr'><strong>ii</strong></span> <span class='ocrx_word' id='word_1_885' title='bbox 2371 1731 2432 1777; x_wconf 91' lang='lat' dir='ltr'><strong>qui</strong></span> 
     </span>
     <span class='ocr_line' id='line_1_111' title="bbox 1340 1778 2431 1825; baseline -0.004 -10"><span class='ocrx_word' id='word_1_886' title='bbox 1340 1791 1406 1825; x_wconf 91' lang='lat' dir='ltr'><strong>pro</strong></span> <span class='ocrx_word' id='word_1_887' title='bbox 1439 1790 1481 1815; x_wconf 90' lang='grc'><strong>00</strong></span> <span class='ocrx_word' id='word_1_888' title='bbox 1513 1780 1782 1816; x_wconf 88' lang='lat' dir='ltr'><strong>intervenerunt</strong></span> <span class='ocrx_word' id='word_1_889' title='bbox 1803 1780 2012 1815; x_wconf 89' lang='lat' dir='ltr'><strong>liberantur.</strong></span> <span class='ocrx_word' id='word_1_890' title='bbox 2048 1779 2142 1815; x_wconf 87' lang='lat' dir='ltr'><strong>idem</strong></span> <span class='ocrx_word' id='word_1_891' title='bbox 2175 1789 2219 1814; x_wconf 92' lang='grc'><strong>01</strong></span> <span class='ocrx_word' id='word_1_892' title='bbox 2251 1778 2431 1813; x_wconf 86' lang='lat' dir='ltr'><strong>contrario</strong></span> 
     </span>
     <span class='ocr_line' id='line_1_112' title="bbox 1342 1823 2432 1874; baseline -0.004 -13"><span class='ocrx_word' id='word_1_893' title='bbox 1342 1825 1533 1870; x_wconf 88' lang='lat' dir='ltr'><strong>contingit,</strong></span> <span class='ocrx_word' id='word_1_894' title='bbox 1558 1825 1590 1861; x_wconf 90' lang='lat' dir='ltr'><strong>si</strong></span> <span class='ocrx_word' id='word_1_895' title='bbox 1612 1825 1801 1861; x_wconf 87' lang='lat' dir='ltr'><strong>fideiussor</strong></span> <span class='ocrx_word' id='word_1_896' title='bbox 1824 1825 1986 1861; x_wconf 90' lang='lat' dir='ltr'><strong>solverit:</strong></span> <span class='ocrx_word' id='word_1_897' title='bbox 2020 1835 2093 1860; x_wconf 91' lang='lat' dir='ltr'><strong>non</strong></span> <span class='ocrx_word' id='word_1_898' title='bbox 2117 1824 2209 1859; x_wconf 91' lang='lat' dir='ltr'><strong>enim</strong></span> <span class='ocrx_word' id='word_1_899' title='bbox 2233 1823 2332 1858; x_wconf 86' lang='lat' dir='ltr'><strong>solus</strong></span> <span class='ocrx_word' id='word_1_900' title='bbox 2354 1823 2432 1874; x_wconf 84' lang='lat' dir='ltr'><strong>ipse</strong></span> 
     </span>
     <span class='ocr_line' id='line_1_113' title="bbox 1345 1867 2430 1915; baseline -0.003 -10"><span class='ocrx_word' id='word_1_901' title='bbox 1345 1874 1359 1905; x_wconf 90' lang='lat'>1</span> <span class='ocrx_word' id='word_1_902' title='bbox 1409 1870 1598 1912; x_wconf 89' lang='lat' dir='ltr'><strong>liberatur,</strong></span> <span class='ocrx_word' id='word_1_903' title='bbox 1630 1870 1694 1906; x_wconf 87' lang='lat' dir='ltr'><strong>sed</strong></span> <span class='ocrx_word' id='word_1_904' title='bbox 1718 1870 1826 1906; x_wconf 91' lang='lat' dir='ltr'><strong>etiam</strong></span> <span class='ocrx_word' id='word_1_905' title='bbox 1847 1880 1942 1906; x_wconf 86' lang='lat' dir='ltr'><strong>reus.</strong></span> <span class='ocrx_word' id='word_1_906' title='bbox 1991 1870 2129 1905; x_wconf 83' lang='lat' dir='ltr'><strong>2¹&#39;Item</strong></span> <span class='ocrx_word' id='word_1_907' title='bbox 2152 1879 2216 1915; x_wconf 87' lang='lat' dir='ltr'><strong>per</strong></span> <span class='ocrx_word' id='word_1_908' title='bbox 2239 1867 2430 1912; x_wconf 86' lang='lat' dir='ltr'><strong>acceptila-</strong></span> 
     </span>
     <span class='ocr_line' id='line_1_114' title="bbox 1342 1912 2430 1975; baseline -0.004 -24"><span class='ocrx_word' id='word_1_909' title='bbox 1342 1916 1484 1975; x_wconf 42' lang='lat' dir='ltr'><strong>:ti-onem</strong></span> <span class='ocrx_word' id='word_1_910' title='bbox 1507 1916 1644 1968; x_wconf 77' lang='lat' dir='ltr'><strong>tollitur</strong></span> <span class='ocrx_word' id='word_1_911' title='bbox 1663 1915 1843 1960; x_wconf 87' lang='lat' dir='ltr'><strong>obligatio.</strong></span> <span class='ocrx_word' id='word_1_912' title='bbox 1870 1919 1936 1968; x_wconf 37' lang='lat' dir='ltr'><strong>‘est</strong></span> <span class='ocrx_word' id='word_1_913' title='bbox 1957 1919 2078 1950; x_wconf 90' lang='lat' dir='ltr'><strong>autem</strong></span> <span class='ocrx_word' id='word_1_914' title='bbox 2096 1913 2322 1966; x_wconf 72' lang='lat' dir='ltr'><strong>acceptilatio</strong></span> <span class='ocrx_word' id='word_1_915' title='bbox 2343 1912 2430 1964; x_wconf 78' lang='lat' dir='ltr'><strong>ima·</strong></span> 
     </span>
     <span class='ocr_line' id='line_1_115' title="bbox 1342 1958 2433 2050; baseline -0.003 -9"><span class='ocrx_word' id='word_1_916' title='bbox 1342 1960 1991 2050; x_wconf 48' lang='grc' dir='ltr'><strong>11151111111θέἒῖθεῖΨῶ</strong></span> <span class='ocrx_word' id='word_1_917' title='bbox 2007 1960 2205 2047; x_wconf 52' lang='grc' dir='ltr'><strong>ζίῗῑῖἷὲἲὲ,</strong></span> <span class='ocrx_word' id='word_1_918' title='bbox 2218 1958 2433 2049; x_wconf 57' lang='grc' dir='ltr'><strong>Ἑῖξὲΐὲιῗοὲἰὲ</strong></span> 
     </span>
     <span class='ocr_line' id='line_1_116' title="bbox 1342 2048 2433 2097; baseline -0.004 -10"><span class='ocrx_word' id='word_1_919' title='bbox 1342 2051 1439 2094; x_wconf 83' lang='lat' dir='ltr'><strong>&#39;fien&#39;‚</strong></span> <span class='ocrx_word' id='word_1_920' title='bbox 1465 2056 1506 2087; x_wconf 93' lang='lat' dir='ltr'><strong>ut</strong></span> <span class='ocrx_word' id='word_1_921' title='bbox 1528 2051 1687 2097; x_wconf 87' lang='lat' dir='ltr'><strong>patiatur</strong></span> <span class='ocrx_word' id='word_1_922' title='bbox 1709 2052 1800 2087; x_wconf 89' lang='lat' dir='ltr'><strong>haec</strong></span> <span class='ocrx_word' id='word_1_923' title='bbox 1820 2051 1930 2087; x_wconf 91' lang='lat' dir='ltr'><strong>verba</strong></span> <span class='ocrx_word' id='word_1_924' title='bbox 1950 2050 2146 2086; x_wconf 89' lang='lat' dir='ltr'><strong>debitorem</strong></span> <span class='ocrx_word' id='word_1_925' title='bbox 2162 2049 2298 2085; x_wconf 85' lang='lat' dir='ltr'><strong>dicere:</strong></span> <span class='ocrx_word' id='word_1_926' title='bbox 2324 2048 2433 2093; x_wconf 86' lang='lat' dir='ltr'><strong>‘quod</strong></span> 
     </span>
     <span class='ocr_line' id='line_1_117' title="bbox 1342 2094 2431 2142; baseline -0.004 -10"><span class='ocrx_word' id='word_1_927' title='bbox 1342 2098 1428 2142; x_wconf 84' lang='lat' dir='ltr'><strong>’‘ego</strong></span> <span class='ocrx_word' id='word_1_928' title='bbox 1452 2097 1517 2132; x_wconf 88' lang='lat' dir='ltr'><strong>tibi</strong></span> <span class='ocrx_word' id='word_1_929' title='bbox 1540 2097 1686 2142; x_wconf 90' lang='lat' dir='ltr'><strong>promisi</strong></span> <span class='ocrx_word' id='word_1_930' title='bbox 1717 2096 1876 2132; x_wconf 88' lang='lat' dir='ltr'><strong>habesne</strong></span> <span class='ocrx_word' id='word_1_931' title='bbox 1906 2095 2138 2141; x_wconf 83' lang='lat' dir='ltr'><strong>acceptum‘?’</strong></span> <span class='ocrx_word' id='word_1_932' title='bbox 2170 2099 2207 2131; x_wconf 89' lang='lat' dir='ltr'><strong>et</strong></span> <span class='ocrx_word' id='word_1_933' title='bbox 2229 2094 2346 2129; x_wconf 87' lang='lat' dir='ltr'><strong>Titius</strong></span> <span class='ocrx_word' id='word_1_934' title='bbox 2375 2104 2431 2128; x_wconf 84' lang='lat' dir='ltr'><strong>re-</strong></span> 
     </span>
     <span class='ocr_line' id='line_1_118' title="bbox 1343 2141 2432 2188; baseline -0.005 -10"><span class='ocrx_word' id='word_1_935' title='bbox 1343 2142 1529 2188; x_wconf 79' lang='lat' dir='ltr'><strong>&#39;spondeat</strong></span> <span class='ocrx_word' id='word_1_936' title='bbox 1552 2143 1720 2178; x_wconf 78' lang='lat' dir='ltr'><strong>‘habeo”:</strong></span> <span class='ocrx_word' id='word_1_937' title='bbox 1756 2141 1859 2178; x_wconf 81' lang='lat' dir='ltr'><strong>²²sed</strong></span> <span class='ocrx_word' id='word_1_938' title='bbox 1883 2146 1919 2177; x_wconf 91' lang='lat' dir='ltr'><strong>et</strong></span> <span class='ocrx_word' id='word_1_939' title='bbox 1942 2141 2079 2176; x_wconf 87' lang='lat' dir='ltr'><strong>Graece</strong></span> <span class='ocrx_word' id='word_1_940' title='bbox 2128 2144 2221 2176; x_wconf 89' lang='lat' dir='ltr'><strong>otest</strong></span> <span class='ocrx_word' id='word_1_941' title='bbox 2244 2143 2432 2184; x_wconf 89' lang='lat' dir='ltr'><strong>acceptum</strong></span> 
     </span>
     <span class='ocr_line' id='line_1_119' title="bbox 1341 2185 2431 2231; baseline -0.005 -8"><span class='ocrx_word' id='word_1_942' title='bbox 1341 2187 1429 2231; x_wconf 88' lang='lat' dir='ltr'><strong>fieri,</strong></span> <span class='ocrx_word' id='word_1_943' title='bbox 1451 2187 1642 2223; x_wconf 89' lang='lat' dir='ltr'><strong>dummodo</strong></span> <span class='ocrx_word' id='word_1_944' title='bbox 1664 2187 1716 2223; x_wconf 91' lang='lat' dir='ltr'><strong>sic</strong></span> <span class='ocrx_word' id='word_1_945' title='bbox 1737 2187 1812 2230; x_wconf 86' lang='lat' dir='ltr'><strong>fiat,</strong></span> <span class='ocrx_word' id='word_1_946' title='bbox 1833 2190 1873 2222; x_wconf 94' lang='lat' dir='ltr'><strong>ut</strong></span> <span class='ocrx_word' id='word_1_947' title='bbox 1884 2186 2024 2222; x_wconf 88' lang='lat' dir='ltr'><strong>Latinis</strong></span> <span class='ocrx_word' id='word_1_948' title='bbox 2036 2196 2097 2222; x_wconf 87' lang='lat' dir='ltr'><strong>ver</strong></span> <span class='ocrx_word' id='word_1_949' title='bbox 2121 2186 2151 2221; x_wconf 90' lang='lat' dir='ltr'><strong>is</strong></span> <span class='ocrx_word' id='word_1_950' title='bbox 2169 2185 2279 2221; x_wconf 85' lang='lat' dir='ltr'><strong>solet:</strong></span> <span class='ocrx_word' id='word_1_951' title='bbox 2306 2185 2338 2206; x_wconf 83' lang='lat'><strong>²³</strong></span> <span class='ocrx_word' id='word_1_952' title='bbox 2346 2186 2431 2226; x_wconf 69' lang='grc' dir='ltr'><strong><em>ἔχεις</em></strong></span> 
     </span>
     <span class='ocr_line' id='line_1_120' title="bbox 1341 2230 2432 2278; baseline -0.003 -12"><span class='ocrx_word' id='word_1_953' title='bbox 1341 2231 1468 2270; x_wconf 78' lang='grc' dir='ltr'><strong><em>λαβὼν</em></strong></span> <span class='ocrx_word' id='word_1_954' title='bbox 1491 2231 1646 2278; x_wconf 79' lang='grc' dir='ltr'><strong><em>δηνάρια</em></strong></span> <span class='ocrx_word' id='word_1_955' title='bbox 1667 2230 1779 2273; x_wconf 88' lang='grc' dir='ltr'><em>τόσα;</em></span> <span class='ocrx_word' id='word_1_956' title='bbox 1814 2234 1882 2274; x_wconf 55' lang='grc' dir='ltr'><strong>ἐβίω</strong></span> <span class='ocrx_word' id='word_1_957' title='bbox 1907 2230 2042 2276; x_wconf 79' lang='grc' dir='ltr'><strong><em>λαβών.</em></strong></span> <span class='ocrx_word' id='word_1_958' title='bbox 2080 2232 2202 2276; x_wconf 74' lang='lat' dir='ltr'><strong>2⁴&#39;quo</strong></span> <span class='ocrx_word' id='word_1_959' title='bbox 2233 2238 2361 2275; x_wconf 83' lang='lat' dir='ltr'><strong>genere</strong></span> <span class='ocrx_word' id='word_1_960' title='bbox 2392 2232 2432 2263; x_wconf 88' lang='lat' dir='ltr'><strong>ut</strong></span> 
     </span>
     <span class='ocr_line' id='line_1_121' title="bbox 1341 2276 2433 2322; baseline -0.004 -9"><span class='ocrx_word' id='word_1_961' title='bbox 1341 2278 1504 2314; x_wconf 77' lang='lat' dir='ltr'><strong>&#39;diximus</strong></span> <span class='ocrx_word' id='word_1_962' title='bbox 1527 2281 1667 2313; x_wconf 89' lang='lat' dir='ltr'><strong>tantum</strong></span> <span class='ocrx_word' id='word_1_963' title='bbox 1691 2288 1755 2313; x_wconf 87' lang='lat' dir='ltr'><strong>eae</strong></span> <span class='ocrx_word' id='word_1_964' title='bbox 1778 2277 2012 2322; x_wconf 87' lang='lat' dir='ltr'><strong>obligationes</strong></span> <span class='ocrx_word' id='word_1_965' title='bbox 2035 2276 2239 2318; x_wconf 86' lang='lat' dir='ltr'><strong>solvuntur,</strong></span> <span class='ocrx_word' id='word_1_966' title='bbox 2273 2285 2365 2321; x_wconf 90' lang='lat' dir='ltr'><strong>quae</strong></span> <span class='ocrx_word' id='word_1_967' title='bbox 2388 2284 2433 2308; x_wconf 86' lang='lat' dir='ltr'><strong>ex</strong></span> 
     </span>
     <span class='ocr_line' id='line_1_122' title="bbox 1341 2322 2432 2366; baseline -0.005 -7"><span class='ocrx_word' id='word_1_968' title='bbox 1341 2323 1467 2359; x_wconf 81' lang='lat' dir='ltr'><strong>*verbis</strong></span> <span class='ocrx_word' id='word_1_969' title='bbox 1492 2323 1711 2366; x_wconf 90' lang='lat' dir='ltr'><strong>consistunt,</strong></span> <span class='ocrx_word' id='word_1_970' title='bbox 1735 2334 1807 2358; x_wconf 92' lang='lat' dir='ltr'><strong>non</strong></span> <span class='ocrx_word' id='word_1_971' title='bbox 1832 2322 1939 2359; x_wconf 89' lang='lat' dir='ltr'><strong>etiam</strong></span> <span class='ocrx_word' id='word_1_972' title='bbox 1963 2326 2120 2358; x_wconf 86' lang='lat' dir='ltr'><strong>ceterae:</strong></span> <span class='ocrx_word' id='word_1_973' title='bbox 2154 2324 2432 2356; x_wconf 88' lang='lat' dir='ltr'><strong>consentaneum</strong></span> 
     </span>
     <span class='ocr_line' id='line_1_123' title="bbox 1341 2366 2432 2412; baseline -0.005 -8"><span class='ocrx_word' id='word_1_974' title='bbox 1341 2369 1444 2403; x_wconf 83' lang='lat' dir='ltr'><strong>&#39;enim</strong></span> <span class='ocrx_word' id='word_1_975' title='bbox 1479 2368 1593 2404; x_wconf 90' lang='lat' dir='ltr'><strong>visum</strong></span> <span class='ocrx_word' id='word_1_976' title='bbox 1633 2372 1687 2404; x_wconf 92' lang='lat' dir='ltr'><strong>est</strong></span> <span class='ocrx_word' id='word_1_977' title='bbox 1720 2368 1837 2404; x_wconf 90' lang='lat' dir='ltr'><strong>verbis</strong></span> <span class='ocrx_word' id='word_1_978' title='bbox 1872 2367 2008 2403; x_wconf 84' lang='lat' dir='ltr'><strong>factam</strong></span> <span class='ocrx_word' id='word_1_979' title='bbox 2041 2366 2292 2412; x_wconf 88' lang='lat' dir='ltr'><strong>obligationem</strong></span> <span class='ocrx_word' id='word_1_980' title='bbox 2325 2375 2432 2410; x_wconf 88' lang='lat' dir='ltr'><strong>posse</strong></span> 
     </span>
     <span class='ocr_line' id='line_1_124' title="bbox 1341 2411 2432 2457; baseline -0.003 -9"><span class='ocrx_word' id='word_1_981' title='bbox 1341 2413 1429 2449; x_wconf 70' lang='lat' dir='ltr'><strong>&#39;aliis</strong></span> <span class='ocrx_word' id='word_1_982' title='bbox 1461 2414 1578 2450; x_wconf 91' lang='lat' dir='ltr'><strong>verbis</strong></span> <span class='ocrx_word' id='word_1_983' title='bbox 1602 2413 1764 2450; x_wconf 83' lang='lat' dir='ltr'><strong>dissolvi:</strong></span> <span class='ocrx_word' id='word_1_984' title='bbox 1799 2412 1862 2449; x_wconf 88' lang='lat' dir='ltr'><strong>sed</strong></span> <span class='ocrx_word' id='word_1_985' title='bbox 1873 2413 1905 2435; x_wconf 76' lang='lat'><strong>²⁵</strong></span> <span class='ocrx_word' id='word_1_986' title='bbox 1927 2412 1983 2455; x_wconf 87' lang='lat' dir='ltr'><strong>id,</strong></span> <span class='ocrx_word' id='word_1_987' title='bbox 2014 2411 2110 2457; x_wconf 90' lang='lat' dir='ltr'><strong>quod</strong></span> <span class='ocrx_word' id='word_1_988' title='bbox 2142 2422 2186 2446; x_wconf 91' lang='grc'><strong>01</strong></span> <span class='ocrx_word' id='word_1_989' title='bbox 2219 2411 2290 2446; x_wconf 88' lang='lat' dir='ltr'><strong>alia</strong></span> <span class='ocrx_word' id='word_1_990' title='bbox 2321 2420 2432 2446; x_wconf 88' lang='lat' dir='ltr'><strong>causa</strong></span> 
     </span>
     <span class='ocr_line' id='line_1_125' title="bbox 1342 2457 2429 2504; baseline -0.004 -10"><span class='ocrx_word' id='word_1_991' title='bbox 1342 2459 1522 2502; x_wconf 72' lang='lat' dir='ltr'><strong>‘debetur,</strong></span> <span class='ocrx_word' id='word_1_992' title='bbox 1552 2462 1673 2504; x_wconf 89' lang='lat' dir='ltr'><strong>potest</strong></span> <span class='ocrx_word' id='word_1_993' title='bbox 1701 2459 1739 2494; x_wconf 90' lang='lat' dir='ltr'><strong>in</strong></span> <span class='ocrx_word' id='word_1_994' title='bbox 1771 2458 2037 2504; x_wconf 89' lang='lat' dir='ltr'><strong>stipulationem</strong></span> <span class='ocrx_word' id='word_1_995' title='bbox 2069 2457 2199 2493; x_wconf 87' lang='lat' dir='ltr'><strong>deduci</strong></span> <span class='ocrx_word' id='word_1_996' title='bbox 2222 2460 2259 2492; x_wconf 92' lang='lat' dir='ltr'><strong>et</strong></span> <span class='ocrx_word' id='word_1_997' title='bbox 2280 2466 2345 2501; x_wconf 89' lang='lat' dir='ltr'><strong>per</strong></span> <span class='ocrx_word' id='word_1_998' title='bbox 2369 2465 2429 2490; x_wconf 89' lang='lat' dir='ltr'><strong>ac-</strong></span> 
     </span>
     <span class='ocr_line' id='line_1_126' title="bbox 1341 2501 2430 2550; baseline -0.006 -10"><span class='ocrx_word' id='word_1_999' title='bbox 1341 2504 1614 2550; x_wconf 83' lang='lat' dir='ltr'><strong>&#39;ceptilationem</strong></span> <span class='ocrx_word' id='word_1_1000' title='bbox 1634 2503 1799 2540; x_wconf 59' lang='lat' dir='ltr'><strong>dissolvi!</strong></span> <span class='ocrx_word' id='word_1_1001' title='bbox 1831 2503 1925 2539; x_wconf 89' lang='lat' dir='ltr'><strong>sicut</strong></span> <span class='ocrx_word' id='word_1_1002' title='bbox 1945 2506 2063 2538; x_wconf 88' lang='lat' dir='ltr'><strong>autem</strong></span> <span class='ocrx_word' id='word_1_1003' title='bbox 2083 2501 2179 2547; x_wconf 86' lang='lat' dir='ltr'><strong>quod</strong></span> <span class='ocrx_word' id='word_1_1004' title='bbox 2195 2501 2345 2537; x_wconf 89' lang='lat' dir='ltr'><strong>debetur</strong></span> <span class='ocrx_word' id='word_1_1005' title='bbox 2366 2511 2430 2545; x_wconf 92' lang='lat' dir='ltr'><strong>pro</strong></span> 
     </span>
     <span class='ocr_line' id='line_1_127' title="bbox 1340 2546 2428 2595; baseline -0.004 -11"><span class='ocrx_word' id='word_1_1006' title='bbox 1340 2554 1444 2595; x_wconf 86' lang='lat' dir='ltr'><strong>parte</strong></span> <span class='ocrx_word' id='word_1_1007' title='bbox 1466 2554 1563 2586; x_wconf 88' lang='lat' dir='ltr'><strong>recte</strong></span> <span class='ocrx_word' id='word_1_1008' title='bbox 1586 2549 1745 2592; x_wconf 88' lang='lat' dir='ltr'><strong>solvitur,</strong></span> <span class='ocrx_word' id='word_1_1009' title='bbox 1769 2550 1821 2584; x_wconf 89' lang='lat' dir='ltr'><strong>ita</strong></span> <span class='ocrx_word' id='word_1_1010' title='bbox 1843 2549 1881 2584; x_wconf 91' lang='lat' dir='ltr'><strong>in</strong></span> <span class='ocrx_word' id='word_1_1011' title='bbox 1905 2552 2044 2593; x_wconf 87' lang='lat' dir='ltr'><strong>partem</strong></span> <span class='ocrx_word' id='word_1_1012' title='bbox 2067 2547 2178 2583; x_wconf 88' lang='lat' dir='ltr'><strong>debiti</strong></span> <span class='ocrx_word' id='word_1_1013' title='bbox 2201 2546 2428 2591; x_wconf 88' lang='lat' dir='ltr'><strong>acceptilatio</strong></span> 
     </span>
     <span class='ocr_line' id='line_1_128' title="bbox 1341 2590 2431 2640; baseline -0.004 -10"><span class='ocrx_word' id='word_1_1014' title='bbox 1341 2599 1360 2630; x_wconf 86' lang='lat'><strong>2</strong></span> <span class='ocrx_word' id='word_1_1015' title='bbox 1407 2595 1486 2630; x_wconf 90' lang='lat' dir='ltr'><strong>fieri</strong></span> <span class='ocrx_word' id='word_1_1016' title='bbox 1518 2598 1648 2640; x_wconf 88' lang='lat' dir='ltr'><strong>potest.</strong></span> <span class='ocrx_word' id='word_1_1017' title='bbox 1695 2594 1765 2630; x_wconf 87' lang='lat' dir='ltr'><strong>Est</strong></span> <span class='ocrx_word' id='word_1_1018' title='bbox 1796 2594 1939 2639; x_wconf 89' lang='lat' dir='ltr'><strong>prodita</strong></span> <span class='ocrx_word' id='word_1_1019' title='bbox 1969 2592 2173 2638; x_wconf 88' lang='lat' dir='ltr'><strong>stipulatio,</strong></span> <span class='ocrx_word' id='word_1_1020' title='bbox 2205 2601 2297 2638; x_wconf 91' lang='lat' dir='ltr'><strong>quae</strong></span> <span class='ocrx_word' id='word_1_1021' title='bbox 2327 2590 2431 2634; x_wconf 84' lang='lat' dir='ltr'><strong>vulgo</strong></span> 
     </span>
     <span class='ocr_line' id='line_1_129' title="bbox 1339 2637 2430 2686; baseline -0.004 -11"><span class='ocrx_word' id='word_1_1022' title='bbox 1339 2640 1532 2686; x_wconf 86' lang='lat' dir='ltr'><strong>Aquiliana</strong></span> <span class='ocrx_word' id='word_1_1023' title='bbox 1564 2640 1783 2685; x_wconf 82' lang='lat' dir='ltr'><strong>appellatur,</strong></span> <span class='ocrx_word' id='word_1_1024' title='bbox 1814 2650 1880 2685; x_wconf 91' lang='lat' dir='ltr'><strong>per</strong></span> <span class='ocrx_word' id='word_1_1025' title='bbox 1910 2649 2016 2684; x_wconf 89' lang='lat' dir='ltr'><strong>quam</strong></span> <span class='ocrx_word' id='word_1_1026' title='bbox 2048 2637 2313 2683; x_wconf 90' lang='lat' dir='ltr'><strong>stipulationem</strong></span> <span class='ocrx_word' id='word_1_1027' title='bbox 2345 2646 2430 2671; x_wconf 88' lang='lat' dir='ltr'><strong>con-</strong></span> 
     </span>
     <span class='ocr_line' id='line_1_130' title="bbox 1340 2680 2430 2731; baseline -0.006 -10"><span class='ocrx_word' id='word_1_1028' title='bbox 1340 2686 1461 2731; x_wconf 88' lang='lat' dir='ltr'><strong>tingit,</strong></span> <span class='ocrx_word' id='word_1_1029' title='bbox 1493 2688 1535 2720; x_wconf 90' lang='lat' dir='ltr'><strong>ut</strong></span> <span class='ocrx_word' id='word_1_1030' title='bbox 1565 2685 1721 2721; x_wconf 91' lang='lat' dir='ltr'><strong>omnium</strong></span> <span class='ocrx_word' id='word_1_1031' title='bbox 1743 2695 1863 2720; x_wconf 86' lang='lat' dir='ltr'><strong>rerum</strong></span> <span class='ocrx_word' id='word_1_1032' title='bbox 1886 2683 2053 2728; x_wconf 82' lang='lat' dir='ltr'><strong>obligatio</strong></span> <span class='ocrx_word' id='word_1_1033' title='bbox 2076 2683 2114 2718; x_wconf 93' lang='lat' dir='ltr'><strong>in</strong></span> <span class='ocrx_word' id='word_1_1034' title='bbox 2137 2682 2346 2727; x_wconf 87' lang='lat' dir='ltr'><strong>stipulatum</strong></span> <span class='ocrx_word' id='word_1_1035' title='bbox 2370 2680 2430 2715; x_wconf 90' lang='lat' dir='ltr'><strong>de-</strong></span> 
     </span>
     <span class='ocr_line' id='line_1_131' title="bbox 1341 2725 2430 2776; baseline -0.006 -10"><span class='ocrx_word' id='word_1_1036' title='bbox 1341 2731 1494 2767; x_wconf 87' lang='lat' dir='ltr'><strong>ducatur</strong></span> <span class='ocrx_word' id='word_1_1037' title='bbox 1518 2734 1554 2766; x_wconf 91' lang='grc'><strong>01</strong></span> <span class='ocrx_word' id='word_1_1038' title='bbox 1577 2741 1621 2766; x_wconf 85' lang='grc'><strong>00</strong></span> <span class='ocrx_word' id='word_1_1039' title='bbox 1643 2741 1708 2776; x_wconf 90' lang='lat' dir='ltr'><strong>per</strong></span> <span class='ocrx_word' id='word_1_1040' title='bbox 1731 2729 2039 2776; x_wconf 87' lang='lat' dir='ltr'><strong>acceptilationem</strong></span> <span class='ocrx_word' id='word_1_1041' title='bbox 2057 2728 2215 2763; x_wconf 89' lang='lat' dir='ltr'><strong>tollatur.</strong></span> <span class='ocrx_word' id='word_1_1042' title='bbox 2247 2725 2430 2772; x_wconf 86' lang='lat' dir='ltr'><strong>stipulatio</strong></span> 
     </span>
     <span class='ocr_line' id='line_1_132' title="bbox 1341 2771 2429 2825; baseline -0.005 -14"><span class='ocrx_word' id='word_1_1043' title='bbox 1341 2776 1433 2811; x_wconf 90' lang='lat' dir='ltr'><strong>enim</strong></span> <span class='ocrx_word' id='word_1_1044' title='bbox 1458 2775 1652 2821; x_wconf 89' lang='lat' dir='ltr'><strong>Aquiliana</strong></span> <span class='ocrx_word' id='word_1_1045' title='bbox 1683 2779 1792 2811; x_wconf 89' lang='lat' dir='ltr'><strong>novat</strong></span> <span class='ocrx_word' id='word_1_1046' title='bbox 1815 2784 1937 2810; x_wconf 88' lang='lat' dir='ltr'><strong>omnes</strong></span> <span class='ocrx_word' id='word_1_1047' title='bbox 1961 2773 2196 2825; x_wconf 80' lang='lat' dir='ltr'><strong>obligationes</strong></span> <span class='ocrx_word' id='word_1_1048' title='bbox 2221 2775 2257 2808; x_wconf 92' lang='lat' dir='ltr'><strong>et</strong></span> <span class='ocrx_word' id='word_1_1049' title='bbox 2279 2782 2302 2807; x_wconf 90' lang='lat' dir='ltr'><strong>a</strong></span> <span class='ocrx_word' id='word_1_1050' title='bbox 2325 2771 2429 2806; x_wconf 87' lang='lat' dir='ltr'><strong>Gallo</strong></span> 
     </span>
     <span class='ocr_line' id='line_1_133' title="bbox 1340 2816 2431 2867; baseline -0.005 -10"><span class='ocrx_word' id='word_1_1051' title='bbox 1340 2821 1483 2867; x_wconf 90' lang='lat' dir='ltr'><strong>Aquilio</strong></span> <span class='ocrx_word' id='word_1_1052' title='bbox 1518 2821 1570 2856; x_wconf 89' lang='lat' dir='ltr'><strong>ita</strong></span> <span class='ocrx_word' id='word_1_1053' title='bbox 1605 2821 1803 2866; x_wconf 87' lang='lat' dir='ltr'><strong>composita</strong></span> <span class='ocrx_word' id='word_1_1054' title='bbox 1836 2823 1908 2856; x_wconf 88' lang='lat' dir='ltr'><strong>est:</strong></span> <span class='ocrx_word' id='word_1_1055' title='bbox 1945 2817 2170 2864; x_wconf 77' lang='lat' dir='ltr'><strong>2⁶‘qu1dquid</strong></span> <span class='ocrx_word' id='word_1_1056' title='bbox 2201 2820 2238 2852; x_wconf 90' lang='lat' dir='ltr'><strong>te</strong></span> <span class='ocrx_word' id='word_1_1057' title='bbox 2269 2816 2355 2852; x_wconf 84' lang='lat' dir='ltr'><strong>milii</strong></span> <span class='ocrx_word' id='word_1_1058' title='bbox 2387 2826 2431 2851; x_wconf 89' lang='grc'><strong>01</strong></span> 
     </span>
     <span class='ocr_line' id='line_1_134' title="bbox 1341 2862 2429 2947; baseline -0.006 -45"><span class='ocrx_word' id='word_1_1059' title='bbox 1341 2870 1579 2947; x_wconf 43' lang='lat' dir='ltr'><strong>:quacumque</strong></span> <span class='ocrx_word' id='word_1_1060' title='bbox 1600 2877 1711 2933; x_wconf 63' lang='grc'><strong>00112010</strong></span> <span class='ocrx_word' id='word_1_1061' title='bbox 1732 2866 1817 2902; x_wconf 89' lang='lat' dir='ltr'><strong>dare</strong></span> <span class='ocrx_word' id='word_1_1062' title='bbox 1834 2865 1955 2901; x_wconf 86' lang='lat' dir='ltr'><strong>facere</strong></span> <span class='ocrx_word' id='word_1_1063' title='bbox 1974 2862 2315 2944; x_wconf 46' lang='lat' dir='ltr'><strong>gportefflzztgbit</strong></span> <span class='ocrx_word' id='word_1_1064' title='bbox 2325 2871 2429 2942; x_wconf 45' lang='lat' dir='ltr'>1313ss</span> 
     </span>
     <span class='ocr_line' id='line_1_135' title="bbox 1354 2918 2315 2948; baseline -0.006 0"><span class='ocrx_word' id='word_1_1065' title='bbox 1354 2922 1435 2948; x_wconf 87' lang='lat' dir='ltr'><strong>sens</strong></span> <span class='ocrx_word' id='word_1_1066' title='bbox 1459 2923 1497 2947; x_wconf 91' lang='lat' dir='ltr'><strong>in</strong></span> <span class='ocrx_word' id='word_1_1067' title='bbox 1554 2922 1609 2947; x_wconf 89' lang='grc'><strong>0111</strong></span> <span class='ocrx_word' id='word_1_1068' title='bbox 1739 2921 1864 2946; x_wconf 89' lang='lat' dir='ltr'><strong>uarum</strong></span> <span class='ocrx_word' id='word_1_1069' title='bbox 1890 2920 1934 2945; x_wconf 93' lang='lat' dir='ltr'><strong>ue</strong></span> <span class='ocrx_word' id='word_1_1070' title='bbox 1954 2920 1972 2944; x_wconf 90' lang='lat' dir='ltr'><strong>r</strong></span> <span class='ocrx_word' id='word_1_1071' title='bbox 1994 2920 2072 2944; x_wconf 90' lang='lat' dir='ltr'><strong>rum</strong></span> <span class='ocrx_word' id='word_1_1072' title='bbox 2254 2918 2315 2942; x_wconf 90' lang='lat' dir='ltr'><strong>um</strong></span> 
     </span>
     <span class='ocr_line' id='line_1_136' title="bbox 1341 2923 2431 3010; baseline -0.006 -17"><span class='ocrx_word' id='word_1_1073' title='bbox 1341 2960 1516 3010; x_wconf 75' lang='lat' dir='ltr'><strong>‘quaeque</strong></span> <span class='ocrx_word' id='word_1_1074' title='bbox 1539 2923 1665 2992; x_wconf 74' lang='grc' dir='ltr'><strong>011ονξο</strong></span> <span class='ocrx_word' id='word_1_1075' title='bbox 1687 2923 1812 3002; x_wconf 63' lang='lat' dir='ltr'><strong>pgtitio</strong></span> <span class='ocrx_word' id='word_1_1076' title='bbox 1831 2967 1852 2991; x_wconf 85' lang='lat' dir='ltr'><strong>v</strong></span> <span class='ocrx_word' id='word_1_1077' title='bbox 1907 2954 2076 2990; x_wconf 88' lang='lat' dir='ltr'><strong>adversus</strong></span> <span class='ocrx_word' id='word_1_1078' title='bbox 2097 2957 2133 2989; x_wconf 90' lang='lat' dir='ltr'><strong>te</strong></span> <span class='ocrx_word' id='word_1_1079' title='bbox 2151 2953 2354 3006; x_wconf 73' lang='lat' dir='ltr'><strong>persecutio</strong></span> <span class='ocrx_word' id='word_1_1080' title='bbox 2375 2956 2431 3004; x_wconf 79' lang='lat' dir='ltr'><strong>est</strong></span> 
     </span>
     <span class='ocr_line' id='line_1_137' title="bbox 1341 2997 2429 3050; baseline -0.006 -12"><span class='ocrx_word' id='word_1_1081' title='bbox 1341 3006 1422 3038; x_wconf 89' lang='lat' dir='ltr'><strong>‘erit</strong></span> <span class='ocrx_word' id='word_1_1082' title='bbox 1444 3002 1611 3048; x_wconf 88' lang='lat' dir='ltr'><strong>quodque</strong></span> <span class='ocrx_word' id='word_1_1083' title='bbox 1619 3002 1651 3023; x_wconf 82' lang='lat'><strong>²⁸</strong></span> <span class='ocrx_word' id='word_1_1084' title='bbox 1672 3005 1713 3037; x_wconf 93' lang='lat' dir='ltr'><strong>tu</strong></span> <span class='ocrx_word' id='word_1_1085' title='bbox 1736 3011 1854 3036; x_wconf 91' lang='lat' dir='ltr'><strong>meum</strong></span> <span class='ocrx_word' id='word_1_1086' title='bbox 1875 3000 1988 3035; x_wconf 90' lang='lat' dir='ltr'><strong>habes</strong></span> <span class='ocrx_word' id='word_1_1087' title='bbox 2011 3004 2110 3035; x_wconf 89' lang='lat' dir='ltr'><strong>tenes</strong></span> <span class='ocrx_word' id='word_1_1088' title='bbox 2133 2997 2295 3044; x_wconf 80' lang='lat' dir='ltr'><strong>possides</strong></span> <span class='ocrx_word' id='word_1_1089' title='bbox 2314 3007 2429 3050; x_wconf 82' lang='lat' dir='ltr'><strong>possi-</strong></span> 
     </span>
     <span class='ocr_line' id='line_1_138' title="bbox 1342 3042 2428 3090; baseline -0.006 -7"><span class='ocrx_word' id='word_1_1090' title='bbox 1342 3047 1501 3083; x_wconf 87' lang='lat' dir='ltr'><strong>‘deresve</strong></span> <span class='ocrx_word' id='word_1_1091' title='bbox 1510 3047 1542 3069; x_wconf 78' lang='lat'><strong>²⁹</strong></span> <span class='ocrx_word' id='word_1_1092' title='bbox 1565 3047 1692 3083; x_wconf 91' lang='lat' dir='ltr'><strong>dolove</strong></span> <span class='ocrx_word' id='word_1_1093' title='bbox 1714 3046 1808 3082; x_wconf 89' lang='lat' dir='ltr'><strong>malo</strong></span> <span class='ocrx_word' id='word_1_1094' title='bbox 1831 3045 1967 3087; x_wconf 77' lang='lat' dir='ltr'><strong>fecisti,</strong></span> <span class='ocrx_word' id='word_1_1095' title='bbox 1992 3055 2061 3090; x_wconf 87' lang='lat' dir='ltr'><strong>quo</strong></span> <span class='ocrx_word' id='word_1_1096' title='bbox 2085 3043 2201 3079; x_wconf 90' lang='lat' dir='ltr'><strong>minus</strong></span> <span class='ocrx_word' id='word_1_1097' title='bbox 2225 3042 2428 3088; x_wconf 81' lang='lat' dir='ltr'><strong>possideas:</strong></span> 
     </span>
     <span class='ocr_line' id='line_1_139' title="bbox 1342 3089 2428 3138; baseline -0.006 -10"><span class='ocrx_word' id='word_1_1098' title='bbox 1342 3093 1479 3138; x_wconf 90' lang='lat' dir='ltr'><strong>‘quanti</strong></span> <span class='ocrx_word' id='word_1_1099' title='bbox 1534 3102 1672 3138; x_wconf 92' lang='lat' dir='ltr'><strong>uaeque</strong></span> <span class='ocrx_word' id='word_1_1100' title='bbox 1703 3101 1826 3127; x_wconf 88' lang='lat' dir='ltr'><strong>earum</strong></span> <span class='ocrx_word' id='word_1_1101' title='bbox 1856 3101 1975 3126; x_wconf 89' lang='lat' dir='ltr'><strong>rerum</strong></span> <span class='ocrx_word' id='word_1_1102' title='bbox 2007 3100 2063 3126; x_wconf 91' lang='lat' dir='ltr'><strong>res</strong></span> <span class='ocrx_word' id='word_1_1103' title='bbox 2087 3089 2171 3131; x_wconf 88' lang='lat' dir='ltr'><strong>erit,</strong></span> <span class='ocrx_word' id='word_1_1104' title='bbox 2200 3091 2337 3123; x_wconf 88' lang='lat' dir='ltr'><strong>tantam</strong></span> <span class='ocrx_word' id='word_1_1105' title='bbox 2367 3097 2428 3132; x_wconf 88' lang='lat' dir='ltr'><strong>pe-</strong></span> 
     </span>
     <span class='ocr_line' id='line_1_140' title="bbox 1342 3103 2430 3185; baseline -0.006 -12"><span class='ocrx_word' id='word_1_1106' title='bbox 1342 3138 1495 3173; x_wconf 90' lang='lat' dir='ltr'><strong>‘cuniam</strong></span> <span class='ocrx_word' id='word_1_1107' title='bbox 1510 3103 1595 3173; x_wconf 46' lang='lat' dir='ltr'><strong>(kari</strong></span> <span class='ocrx_word' id='word_1_1108' title='bbox 1618 3137 1663 3173; x_wconf 90' lang='lat' dir='ltr'><strong>sti</strong></span> <span class='ocrx_word' id='word_1_1109' title='bbox 1690 3137 1808 3172; x_wconf 88' lang='lat' dir='ltr'><strong>ulatus</strong></span> <span class='ocrx_word' id='word_1_1110' title='bbox 1834 3140 1888 3172; x_wconf 88' lang='lat' dir='ltr'><strong>est</strong></span> <span class='ocrx_word' id='word_1_1111' title='bbox 1910 3135 2026 3171; x_wconf 87' lang='lat' dir='ltr'><strong>Aulus</strong></span> <span class='ocrx_word' id='word_1_1112' title='bbox 2049 3134 2211 3179; x_wconf 85' lang='lat' dir='ltr'><strong>Agerius,</strong></span> <span class='ocrx_word' id='word_1_1113' title='bbox 2235 3132 2430 3185; x_wconf 78' lang='lat' dir='ltr'><strong>spopondit</strong></span> 
     </span>
     <span class='ocr_line' id='line_1_141' title="bbox 1342 3177 2428 3228; baseline -0.006 -9"><span class='ocrx_word' id='word_1_1114' title='bbox 1342 3183 1544 3219; x_wconf 88' lang='lat' dir='ltr'><strong>‘Numerius</strong></span> <span class='ocrx_word' id='word_1_1115' title='bbox 1567 3182 1658 3228; x_wconf 85' lang='lat' dir='ltr'><strong>Negi</strong></span> <span class='ocrx_word' id='word_1_1116' title='bbox 1683 3182 1762 3218; x_wconf 87' lang='lat' dir='ltr'><strong>ius.’</strong></span> <span class='ocrx_word' id='word_1_1117' title='bbox 1797 3182 1883 3217; x_wconf 89' lang='lat' dir='ltr'><strong>item</strong></span> <span class='ocrx_word' id='word_1_1118' title='bbox 1913 3191 1934 3216; x_wconf 92' lang='grc'><strong>0</strong></span> <span class='ocrx_word' id='word_1_1119' title='bbox 1965 3180 2102 3216; x_wconf 91' lang='lat' dir='ltr'><strong>diverso</strong></span> <span class='ocrx_word' id='word_1_1120' title='bbox 2133 3178 2324 3214; x_wconf 77' lang='lat' dir='ltr'><strong>Numerius</strong></span> <span class='ocrx_word' id='word_1_1121' title='bbox 2356 3177 2428 3213; x_wconf 84' lang='lat' dir='ltr'><strong>Ne·</strong></span> 
     </span>
     <span class='ocr_line' id='line_1_142' title="bbox 1342 3221 2430 3274; baseline -0.006 -10"><span class='ocrx_word' id='word_1_1122' title='bbox 1342 3228 1458 3274; x_wconf 89' lang='lat' dir='ltr'><strong>gidius</strong></span> <span class='ocrx_word' id='word_1_1123' title='bbox 1492 3228 1722 3273; x_wconf 89' lang='lat' dir='ltr'><strong>interrogavit</strong></span> <span class='ocrx_word' id='word_1_1124' title='bbox 1755 3227 1888 3263; x_wconf 89' lang='lat' dir='ltr'><strong>Aulum</strong></span> <span class='ocrx_word' id='word_1_1125' title='bbox 1921 3225 2106 3271; x_wconf 85' lang='lat' dir='ltr'><strong>Agerium:</strong></span> <span class='ocrx_word' id='word_1_1126' title='bbox 2142 3222 2325 3269; x_wconf 88' lang='lat' dir='ltr'><strong>‘quidquid</strong></span> <span class='ocrx_word' id='word_1_1127' title='bbox 2364 3221 2430 3257; x_wconf 91' lang='lat' dir='ltr'><strong>tibi</strong></span> 
     </span>
     <span class='ocr_line' id='line_1_143' title="bbox 1341 3333 2422 3383; baseline -0.006 -9"><span class='ocrx_word' id='word_1_1128' title='bbox 1341 3342 1404 3383; x_wconf 73' lang='grc' dir='ltr'><strong>(ιτ)</strong></span> <span class='ocrx_word' id='word_1_1129' title='bbox 1418 3340 1495 3374; x_wconf 79' lang='lat' dir='ltr'><strong>Gai.</strong></span> <span class='ocrx_word' id='word_1_1130' title='bbox 1509 3340 1541 3381; x_wconf 89' lang='lat'><strong>3,</strong></span> <span class='ocrx_word' id='word_1_1131' title='bbox 1559 3346 1698 3374; x_wconf 58' lang='grc'><strong>101105.</strong></span> <span class='ocrx_word' id='word_1_1132' title='bbox 1714 3345 1764 3372; x_wconf 76' lang='grc'><strong>101</strong></span> <span class='ocrx_word' id='word_1_1133' title='bbox 1845 3338 1907 3378; x_wconf 79' lang='lat' dir='ltr'><strong>(is)</strong></span> <span class='ocrx_word' id='word_1_1134' title='bbox 1924 3336 2003 3370; x_wconf 83' lang='lat' dir='ltr'><strong>Ood.</strong></span> <span class='ocrx_word' id='word_1_1135' title='bbox 2015 3337 2048 3376; x_wconf 83' lang='lat'><strong>4,</strong></span> <span class='ocrx_word' id='word_1_1136' title='bbox 2063 3339 2139 3375; x_wconf 78' lang='grc'><strong>21,2</strong></span> <span class='ocrx_word' id='word_1_1137' title='bbox 2216 3333 2392 3374; x_wconf 74' lang='grc' dir='ltr'><strong>(10“)3,1·ι,</strong></span> <span class='ocrx_word' id='word_1_1138' title='bbox 2406 3340 2422 3367; x_wconf 82' lang='lat'><strong>³</strong></span> 
     </span>
    </p>

    <p class='ocr_par' dir='ltr' id='par_1_15' title="bbox 1337 3381 2430 3789">
     <span class='ocr_line' id='line_1_144' title="bbox 1383 3381 2427 3430; baseline -0.01 -9"><span class='ocrx_word' id='word_1_1139' title='bbox 1383 3388 1443 3428; x_wconf 81' lang='lat'><strong>(19)</strong></span> <span class='ocrx_word' id='word_1_1140' title='bbox 1473 3386 1523 3430; x_wconf 82' lang='lat' dir='ltr'><strong>Cf.</strong></span> <span class='ocrx_word' id='word_1_1141' title='bbox 1541 3386 1619 3420; x_wconf 78' lang='lat' dir='ltr'><strong>Gai.</strong></span> <span class='ocrx_word' id='word_1_1142' title='bbox 1630 3386 1661 3425; x_wconf 86' lang='lat'><strong>3,</strong></span> <span class='ocrx_word' id='word_1_1143' title='bbox 1672 3391 1799 3419; x_wconf 81' lang='grc'><strong>1110..101</strong></span> <span class='ocrx_word' id='word_1_1144' title='bbox 1824 3383 2042 3427; x_wconf 64' lang='lat' dir='ltr'><strong>D59.46,2..4</strong></span> <span class='ocrx_word' id='word_1_1145' title='bbox 2070 3381 2362 3420; x_wconf 72' lang='lat' dir='ltr'><strong>Cod.8,⁴i.ia(⁴2.</strong></span> <span class='ocrx_word' id='word_1_1146' title='bbox 2378 3384 2427 3419; x_wconf 76' lang='grc'><strong>44)</strong></span> 
     </span>
     <span class='ocr_line' id='line_1_145' title="bbox 1337 3421 2428 3474; baseline -0.01 -9"><span class='ocrx_word' id='word_1_1147' title='bbox 1337 3433 1402 3474; x_wconf 79' lang='grc'><strong>(2(1)</strong></span> <span class='ocrx_word' id='word_1_1148' title='bbox 1427 3432 1473 3472; x_wconf 85' lang='grc'><strong>01]</strong></span> <span class='ocrx_word' id='word_1_1149' title='bbox 1492 3431 1663 3472; x_wconf 79' lang='grc' dir='ltr'><strong><em>ΤΟΘ,οηι.</em></strong></span> <span class='ocrx_word' id='word_1_1150' title='bbox 1679 3429 1713 3462; x_wconf 86' lang='grc' dir='ltr'><em>Β</em></span> <span class='ocrx_word' id='word_1_1151' title='bbox 1784 3430 1842 3467; x_wconf 82' lang='grc'><strong>(21)</strong></span> <span class='ocrx_word' id='word_1_1152' title='bbox 1872 3428 1948 3461; x_wconf 73' lang='lat' dir='ltr'><strong>Gai.</strong></span> <span class='ocrx_word' id='word_1_1153' title='bbox 1963 3427 2061 3466; x_wconf 76' lang='grc'><strong>3,((111</strong></span> <span class='ocrx_word' id='word_1_1154' title='bbox 2121 3427 2185 3467; x_wconf 81' lang='grc'><strong>(221</strong></span> <span class='ocrx_word' id='word_1_1155' title='bbox 2210 3421 2428 3467; x_wconf 77' lang='grc' dir='ltr'><strong>0οᾱ...λαβώ·ν</strong></span> 
     </span>
     <span class='ocr_line' id='line_1_146' title="bbox 1339 3469 2426 3521; baseline -0.009 -10"><span class='ocrx_word' id='word_1_1156' title='bbox 1339 3490 1378 3511; x_wconf 78' lang='lat' dir='ltr'><strong>cz</strong></span> <span class='ocrx_word' id='word_1_1157' title='bbox 1388 3477 1470 3521; x_wconf 73' lang='lat' dir='ltr'><strong>Diy.</strong></span> <span class='ocrx_word' id='word_1_1158' title='bbox 1484 3478 1539 3517; x_wconf 80' lang='lat'><strong>46,</strong></span> <span class='ocrx_word' id='word_1_1159' title='bbox 1554 3483 1581 3515; x_wconf 76' lang='lat'><strong>4,</strong></span> <span class='ocrx_word' id='word_1_1160' title='bbox 1595 3483 1623 3516; x_wconf 82' lang='lat'><strong>8,</strong></span> <span class='ocrx_word' id='word_1_1161' title='bbox 1638 3482 1654 3509; x_wconf 79' lang='grc'><strong>4</strong></span> <span class='ocrx_word' id='word_1_1162' title='bbox 1668 3474 1762 3518; x_wconf 81' lang='lat' dir='ltr'><strong>(Ulp.</strong></span> <span class='ocrx_word' id='word_1_1163' title='bbox 1778 3474 1799 3506; x_wconf 90' lang='lat' dir='ltr'><strong>l.</strong></span> <span class='ocrx_word' id='word_1_1164' title='bbox 1814 3481 1849 3508; x_wconf 77' lang='lat'><strong>⁴8</strong></span> <span class='ocrx_word' id='word_1_1165' title='bbox 1865 3473 1911 3506; x_wconf 84' lang='lat' dir='ltr'><strong>ad</strong></span> <span class='ocrx_word' id='word_1_1166' title='bbox 1922 3472 2019 3513; x_wconf 77' lang='lat' dir='ltr'><strong>sab.)</strong></span> <span class='ocrx_word' id='word_1_1167' title='bbox 2153 3471 2215 3509; x_wconf 83' lang='grc'><strong>(23)</strong></span> <span class='ocrx_word' id='word_1_1168' title='bbox 2241 3471 2278 3503; x_wconf 77' lang='lat' dir='ltr'><strong>id</strong></span> <span class='ocrx_word' id='word_1_1169' title='bbox 2289 3477 2355 3503; x_wconf 69' lang='lat' dir='ltr'><strong>est.-</strong></span> <span class='ocrx_word' id='word_1_1170' title='bbox 2368 3469 2426 3500; x_wconf 76' lang='lat' dir='ltr'><strong>ha-</strong></span> 
     </span>
     <span class='ocr_line' id='line_1_147' title="bbox 1338 3514 2425 3563; baseline -0.007 -8"><span class='ocrx_word' id='word_1_1171' title='bbox 1338 3521 1440 3555; x_wconf 86' lang='lat' dir='ltr'><strong>besne</strong></span> <span class='ocrx_word' id='word_1_1172' title='bbox 1453 3524 1610 3563; x_wconf 83' lang='lat' dir='ltr'><strong>acceptos</strong></span> <span class='ocrx_word' id='word_1_1173' title='bbox 1623 3522 1674 3552; x_wconf 86' lang='lat' dir='ltr'><strong>tot</strong></span> <span class='ocrx_word' id='word_1_1174' title='bbox 1687 3519 1842 3551; x_wconf 82' lang='lat' dir='ltr'><strong>denarios</strong></span> <span class='ocrx_word' id='word_1_1175' title='bbox 1851 3517 1867 3550; x_wconf 78' lang='lat' dir='ltr'><strong>‘i’</strong></span> <span class='ocrx_word' id='word_1_1176' title='bbox 1880 3515 1987 3550; x_wconf 79' lang='lat' dir='ltr'><strong>habeo</strong></span> <span class='ocrx_word' id='word_1_1177' title='bbox 2146 3517 2208 3556; x_wconf 74' lang='grc'><strong>(24)</strong></span> <span class='ocrx_word' id='word_1_1178' title='bbox 2237 3514 2313 3548; x_wconf 74' lang='lat' dir='ltr'><strong>Gai.</strong></span> <span class='ocrx_word' id='word_1_1179' title='bbox 2328 3515 2359 3555; x_wconf 87' lang='lat'><strong>3,</strong></span> <span class='ocrx_word' id='word_1_1180' title='bbox 2374 3521 2425 3547; x_wconf 79' lang='lat'><strong>170</strong></span> 
     </span>
     <span class='ocr_line' id='line_1_148' title="bbox 1340 3561 2424 3607; baseline -0.009 -6"><span class='ocrx_word' id='word_1_1181' title='bbox 1340 3570 1401 3607; x_wconf 80' lang='lat'><strong>(25)</strong></span> <span class='ocrx_word' id='word_1_1182' title='bbox 1426 3566 1496 3607; x_wconf 86' lang='lat' dir='ltr'><strong>sed]</strong></span> <span class='ocrx_word' id='word_1_1183' title='bbox 1514 3566 1638 3607; x_wconf 57' lang='lat' dir='ltr'><strong>Gnate,</strong></span> <span class='ocrx_word' id='word_1_1184' title='bbox 1652 3564 1709 3597; x_wconf 82' lang='lat' dir='ltr'><strong>sed</strong></span> <span class='ocrx_word' id='word_1_1185' title='bbox 1723 3567 1757 3596; x_wconf 87' lang='lat' dir='ltr'><strong>et</strong></span> <span class='ocrx_word' id='word_1_1186' title='bbox 1770 3564 1848 3597; x_wconf 77' lang='lat' dir='ltr'><strong>libri</strong></span> <span class='ocrx_word' id='word_1_1187' title='bbox 2004 3562 2067 3602; x_wconf 76' lang='grc'><strong>(20)</strong></span> <span class='ocrx_word' id='word_1_1188' title='bbox 2092 3562 2135 3604; x_wconf 69' lang='lat' dir='ltr'><strong>qs.</strong></span> <span class='ocrx_word' id='word_1_1189' title='bbox 2150 3561 2229 3603; x_wconf 77' lang='lat' dir='ltr'><strong>Diy.</strong></span> <span class='ocrx_word' id='word_1_1190' title='bbox 2245 3561 2299 3598; x_wconf 78' lang='lat'><strong>46,</strong></span> <span class='ocrx_word' id='word_1_1191' title='bbox 2313 3566 2339 3599; x_wconf 78' lang='grc'><strong>4,</strong></span> <span class='ocrx_word' id='word_1_1192' title='bbox 2354 3565 2424 3598; x_wconf 81' lang='lat' dir='ltr'><strong>is,i</strong></span> 
     </span>
     <span class='ocr_line' id='line_1_149' title="bbox 1340 3601 2426 3654; baseline -0.009 -9"><span class='ocrx_word' id='word_1_1193' title='bbox 1340 3613 1403 3653; x_wconf 75' lang='grc'><strong>(21)</strong></span> <span class='ocrx_word' id='word_1_1194' title='bbox 1417 3611 1558 3652; x_wconf 81' lang='lat' dir='ltr'><strong>diemve]</strong></span> <span class='ocrx_word' id='word_1_1195' title='bbox 1573 3610 1746 3654; x_wconf 61' lang='lat' dir='ltr'><strong>PDiqfi,</strong></span> <span class='ocrx_word' id='word_1_1196' title='bbox 1760 3608 1848 3641; x_wconf 82' lang='lat' dir='ltr'><strong>diem</strong></span> <span class='ocrx_word' id='word_1_1197' title='bbox 1857 3607 1909 3640; x_wconf 88' lang='lat' dir='ltr'><strong>vel</strong></span> <span class='ocrx_word' id='word_1_1198' title='bbox 1918 3605 1979 3640; x_wconf 76' lang='lat' dir='ltr'><strong>sub</strong></span> <span class='ocrx_word' id='word_1_1199' title='bbox 1993 3605 2226 3638; x_wconf 86' lang='lat' dir='ltr'><strong>condicionem</strong></span> <span class='ocrx_word' id='word_1_1200' title='bbox 2236 3601 2330 3643; x_wconf 71' lang='lat' dir='ltr'><strong>BP,</strong></span> <span class='ocrx_word' id='word_1_1201' title='bbox 2341 3604 2426 3650; x_wconf 81' lang='lat' dir='ltr'><strong>dies·</strong></span> 
     </span>
     <span class='ocr_line' id='line_1_150' title="bbox 1341 3648 2430 3697; baseline -0.009 -7"><span class='ocrx_word' id='word_1_1202' title='bbox 1341 3667 1380 3690; x_wconf 85' lang='lat' dir='ltr'><strong>ve</strong></span> <span class='ocrx_word' id='word_1_1203' title='bbox 1403 3657 1468 3697; x_wconf 86' lang='lat' dir='ltr'><strong>(vel</strong></span> <span class='ocrx_word' id='word_1_1204' title='bbox 1491 3655 1552 3689; x_wconf 82' lang='lat' dir='ltr'><strong>sub</strong></span> <span class='ocrx_word' id='word_1_1205' title='bbox 1574 3654 1773 3688; x_wconf 89' lang='lat' dir='ltr'><strong>condicione</strong></span> <span class='ocrx_word' id='word_1_1206' title='bbox 1796 3654 1874 3686; x_wconf 83' lang='lat' dir='ltr'><strong>add.</strong></span> <span class='ocrx_word' id='word_1_1207' title='bbox 1891 3650 1946 3693; x_wconf 74' lang='lat'><strong>0⁸)</strong></span> <span class='ocrx_word' id='word_1_1208' title='bbox 1974 3649 2146 3693; x_wconf 88' lang='lat' dir='ltr'><strong>oportebit</strong></span> <span class='ocrx_word' id='word_1_1209' title='bbox 2166 3652 2376 3692; x_wconf 82' lang='lat' dir='ltr'><strong>oporteretve</strong></span> <span class='ocrx_word' id='word_1_1210' title='bbox 2401 3648 2430 3680; x_wconf 82' lang='lat' dir='ltr'><em>C</em></span> 
     </span>
     <span class='ocr_line' id='line_1_151' title="bbox 1343 3693 2426 3743; baseline -0.01 -7"><span class='ocrx_word' id='word_1_1211' title='bbox 1343 3705 1405 3743; x_wconf 84' lang='grc'><strong>(28)</strong></span> <span class='ocrx_word' id='word_1_1212' title='bbox 1431 3703 1479 3735; x_wconf 73' lang='lat' dir='ltr'><strong>si&#39;c</strong></span> <span class='ocrx_word' id='word_1_1213' title='bbox 1493 3702 1570 3734; x_wconf 74' lang='lat' dir='ltr'><strong>libri</strong></span> <span class='ocrx_word' id='word_1_1214' title='bbox 1582 3713 1649 3733; x_wconf 82' lang='lat' dir='ltr'><strong>cum</strong></span> <span class='ocrx_word' id='word_1_1215' title='bbox 1664 3700 1703 3737; x_wconf 77' lang='grc' dir='ltr'><strong>Θ,</strong></span> <span class='ocrx_word' id='word_1_1216' title='bbox 1719 3699 1846 3741; x_wconf 84' lang='lat' dir='ltr'><strong>quodve</strong></span> <span class='ocrx_word' id='word_1_1217' title='bbox 1860 3698 1939 3741; x_wconf 78' lang='lat' dir='ltr'><strong>Di‘q.</strong></span> <span class='ocrx_word' id='word_1_1218' title='bbox 2034 3696 2097 3737; x_wconf 79' lang='grc'><strong>(29)</strong></span> <span class='ocrx_word' id='word_1_1219' title='bbox 2122 3694 2365 3738; x_wconf 75' lang='lat' dir='ltr'><strong>possideresve]</strong></span> <span class='ocrx_word' id='word_1_1220' title='bbox 2380 3693 2426 3726; x_wconf 70' lang='lat' dir='ltr'><strong>sic</strong></span> 
     </span>
     <span class='ocr_line' id='line_1_152' title="bbox 1345 3745 1828 3789; baseline -0.01 -8"><span class='ocrx_word' id='word_1_1221' title='bbox 1345 3747 1422 3781; x_wconf 79' lang='lat' dir='ltr'><strong>libri</strong></span> <span class='ocrx_word' id='word_1_1222' title='bbox 1434 3760 1503 3781; x_wconf 81' lang='lat' dir='ltr'><strong>cum</strong></span> <span class='ocrx_word' id='word_1_1223' title='bbox 1520 3747 1560 3789; x_wconf 77' lang='grc' dir='ltr'><strong>Θ,</strong></span> <span class='ocrx_word' id='word_1_1224' title='bbox 1575 3753 1658 3779; x_wconf 77' lang='lat' dir='ltr'><strong>recte</strong></span> <span class='ocrx_word' id='word_1_1225' title='bbox 1673 3757 1731 3777; x_wconf 87' lang='lat' dir='ltr'><strong>om.</strong></span> <span class='ocrx_word' id='word_1_1226' title='bbox 1747 3745 1828 3789; x_wconf 53' lang='lat' dir='ltr'><strong>Diffi</strong></span> 
     </span>
    </p>
   </div>
  </div>
 </body>
</html>
