2528 3918
111 166 370 197 NUPTIARUM

159 273 211 312 38
237 275 343 310 IDEM
383 275 472 310 libro
515 273 671 309 secundo
714 275 971 308 sententiarum
1041 274 1078 310 Si
1145 274 1199 310 uis

110 320 269 356 officium
288 321 325 355 in
338 319 458 371 aliqua
469 318 652 363 provincia
663 318 896 360 administrat,
916 318 999 354 inde
1013 320 1115 354 oriun
1142 330 1199 354 am

110 366 166 401 vel
199 365 249 400 ibi
286 364 498 399 domicilium
531 364 722 398 habentem
764 374 911 398 uxorem
955 363 1085 399 ducere
1127 375 1199 400 non

111 414 240 456 potest,
262 410 420 454 quamvis
441 418 611 454 sponsare
632 419 704 443 non
723 409 966 453 prohibeatur,
987 409 1197 451 itascilicet,

110 460 162 498 ut,
188 455 217 490 si
266 459 323 489 ost
342 454 500 489 officium
520 453 719 498 depositum
740 453 891 488 noluerit
910 454 1037 488 mulier
1054 454 1198 499 nuptias

111 505 238 536 contra
265 510 342 542 ere,
373 499 481 534 liceat
511 499 544 533 ei
575 499 645 533 hoc
676 498 796 533 facere
828 498 918 533 arris
950 499 1197 534 tantummodo

113 549 127 580 1
178 544 325 580 redditis
358 545 469 589 quas¹
503 547 702 587 acceperat.
757 543 922 578 Veterem
955 553 1124 589 sponsam
1161 544 1199 578 in

109 590 301 635 provincia,
323 599 393 634 qua
414 589 491 633 quis
510 588 744 631 administrat,
757 599 905 624 uxorem
926 587 1057 623 ducere
1077 592 1198 633 potest

110 638 130 669 2
179 638 214 669 et
244 634 308 669 dos
341 634 426 669 data
456 644 528 668 non
558 633 601 668 fit
631 633 778 669 caduca.
835 633 903 678 Qui
940 634 977 668 in
1016 634 1199 679 provincia

109 679 244 724 aliquid
277 679 519 721 administrat,
551 678 588 713 111
621 688 664 713 00
693 678 876 724 provincia
913 678 1005 713 filias
1036 689 1122 713 suas
1161 679 1198 713 in

109 724 371 760 matrimonium
415 724 591 759 collocare
634 726 669 758 et
713 723 831 759 dotem
875 724 1091 759 constituere
1125 734 1198 759 non

110 769 328 815 prohibetur.

155 812 208 852 39
233 814 392 849 Panes
427 813 518 849 libro
560 817 666 848 sexto
709 813 759 848 ad
800 813 986 848 Plautium
1057 812 1196 848 Sororis

107 862 316 904 proneptem
358 869 430 893 non
472 869 617 903 possum
653 858 783 893 ducere
817 869 985 901 uxorem,
1030 858 1198 903 quoniam

111 908 126 940 1
175 904 332 949 parentis
355 904 434 939 loco
460 904 491 938 ei
515 913 604 938 sum.
653 903 691 939 Si
714 904 792 948 quis
816 914 861 939 ex
884 904 951 945 his,
977 913 1065 948 quas
1089 903 1196 938 mori-

106 949 175 985 bus
209 949 440 994 prohibemur
474 959 603 983 uxores
639 948 786 991 ducere,
824 948 985 991 duxerit,
1020 949 1196 984 incestum

107 994 238 1029 dicitur
262 994 491 1029 committere.

153 1038 206 1077 40
231 1038 460 1074 POMPONIUS
487 1038 578 1074 libro
610 1041 741 1083 quarto
776 1049 826 1074 ex
865 1037 1011 1073 Plautio
1074 1038 1194 1074 Aristo

106 1084 291 1129 respondit
320 1083 500 1128 privignae
530 1083 639 1118 filiam
672 1094 744 1118 11011
776 1083 887 1128 magis
927 1093 1073 1118 uxorem
1113 1084 1196 1119 duci

106 1139 213 1174 posse
237 1139 343 1174 quam
365 1129 479 1174 ipsam
503 1128 708 1174 privignam.

153 1173 203 1211 41
220 1173 409 1209 Manent
416 1183 459 1208 Us
468 1174 558 1210 libro
572 1175 735 1209 vicesimo
747 1176 852 1208 sexto
866 1173 1086 1219 diqestorum
1106 1173 1194 1210 Pro-

106 1219 212 1255 brum
235 1219 450 1265 intellegitur
474 1219 579 1253 etiam
609 1219 646 1253 in
676 1219 732 1253 his
755 1218 963 1253 mulieribus
988 1229 1077 1260 esse,
1103 1229 1195 1264 quae

106 1265 258 1310 turpiter
280 1265 437 1300 viverent
459 1265 634 1309 vulgoque
652 1267 839 1309 quaestum
858 1263 1032 1306 facerent,
1058 1264 1195 1299 etiamsi

112 1314 124 1344 1
175 1321 248 1345 non
271 1310 399 1355 palam.
436 1309 486 1344 Et
510 1310 540 1344 si
564 1319 635 1354 qua
658 1319 697 1344 se
719 1309 756 1343 in
781 1309 1024 1344 concubinatu
1047 1309 1193 1344 alterius

106 1365 212 1400 quam
234 1354 377 1399 patroni
399 1354 613 1396 tradidisset,
638 1354 762 1389 matris
785 1353 938 1389 familias
970 1354 1193 1389 honestatem

105 1411 178 1435 non
201 1400 396 1435 habuisse²
420 1399 511 1434 dico.

152 1442 205 1481 42
230 1444 272 1480 M
276 1453 484 1479 ODESTINUS
501 1444 591 1479 libro
611 1443 794 1490 singulari
813 1443 857 1478 de
875 1445 949 1479 ritu
961 1445 1170 1489 nuptiarum
1182 1446 1195 1465 ³

105 1489 253 1535 Semper
283 1490 320 1524 in
352 1488 660 1525 coniunctionibus
698 1499 771 1524 non
809 1489 924 1524 solum
963 1489 1049 1534 quid
1087 1489 1195 1524 liceat

111 1539 126 1569 1
178 1535 473 1570 considerandum
497 1538 562 1576 est,
587 1534 649 1568 sed
675 1537 710 1568 et
757 1534 818 1569 uid
840 1535 1030 1569 honestum
1054 1535 1110 1569 sit.
1158 1534 1195 1569 Si

105 1580 279 1615 senatoris
303 1580 377 1614 filia
395 1579 511 1624 neptis
531 1579 714 1624 proneptis
754 1580 902 1615 'bertino
924 1580 978 1614 vel
998 1580 1058 1625 qui
1082 1583 1195 1614 artem

104 1625 279 1660 ludicram
311 1625 469 1660 exercuit
502 1624 645 1659 cuiusve
677 1627 779 1670 pater
810 1628 966 1660 materve
996 1625 1033 1660 id
1056 1624 1192 1667 fecerit,

105 1671 277 1715 nupserit,
302 1670 449 1715 nuptiae
472 1680 544 1704 non
568 1673 682 1704 erunt.

151 1713 203 1753 43
236 1715 431 1751 ULPIANUS
468 1714 558 1750 libro
594 1716 718 1760 primo
753 1714 804 1749 ad
842 1714 954 1760 leqem
989 1713 1124 1751 Iuliam
1160 1720 1195 1750 et

107 1760 260 1808 Papiam
294 1759 419 1795 Palam
440 1763 626 1804 quaestum
645 1759 764 1794 facere
784 1759 940 1795 dicemus
960 1771 1033 1796 non
1052 1764 1194 1795 tantum

106 1816 195 1849 eam,
221 1815 312 1851 quae
334 1805 373 1839 111
395 1805 581 1850 lupanario
607 1815 645 1839 se
668 1805 860 1849 prostituit,
885 1815 1007 1840 verum
1031 1805 1138 1840 etiam
1162 1806 1192 1840 si

104 1862 176 1896 qua
207 1853 261 1893 (ut
293 1850 441 1892 adsolet)
474 1850 511 1884 in
541 1850 692 1884 taberna
726 1850 903 1894 cauponia
933 1851 988 1885 vel
1019 1861 1090 1895 qua
1122 1851 1194 1885 alia

107 1899 122 1930 1
172 1895 302 1941 pudori
325 1905 389 1930 suo
415 1906 487 1930 non
510 1895 637 1939 parcit.
685 1895 808 1930 Palam
833 1899 952 1930 autem
983 1896 1036 1931 510
1060 1896 1192 1941 accipi-

104 1951 183 1976 mus
207 1941 352 1986 passim,
377 1941 446 1975 hoc
469 1944 523 1975 est
546 1940 621 1974 sine
645 1939 794 1975 dilectu:
830 1950 902 1975 non
931 1941 962 1975 si
995 1951 1067 1986 qua
1090 1941 1192 1976 adul-

103 1986 189 2021 teris
213 1986 268 2021 vel
292 1985 553 2030 stupratoribus
579 1995 617 2020 se
642 1985 846 2027 committit,
879 1985 943 2020 sed
967 1996 1059 2030 quae
1081 1987 1192 2021 vicem

104 2034 124 2066 2
171 2031 387 2076 prostitutae
430 2030 590 2065 sustinet.
661 2031 750 2065 Item
794 2030 889 2075 quod
932 2041 1012 2066 cum
1047 2042 1119 2066 uno
1157 2035 1192 2067 et

103 2076 215 2112 altero
237 2076 390 2121 pecunia
410 2078 559 2119 accepta
580 2075 810 2117 commiscuit,
823 2085 896 2110 non
908 2075 1048 2111 videtur
1071 2077 1192 2121 palam

105 2124 124 2156 3
174 2131 323 2166 corpore
348 2124 534 2166 quaestum
557 2119 689 2155 facere.
738 2120 939 2156 Octavenus
970 2124 1090 2157 tamen
1113 2132 1190 2157 rec-

102 2166 237 2201 tissime
267 2166 316 2200 ait
347 2166 452 2200 etiam
484 2175 580 2207 eam,
614 2175 706 2210 quae
735 2166 811 2200 sine
835 2169 985 2210 quaestu
1010 2167 1131 2218 palam
1154 2177 1193 2202 se

103 2214 124 2246 4
171 2211 426 2256 prostituerit⁴,
470 2210 634 2245 debuisse
682 2211 737 2245 liis
781 2218 1039 2246 connumerari.
1109 2211 1192 2247 Non

103 2256 218 2291 solum
249 2260 367 2291 autem
399 2265 441 2291 ea
471 2266 563 2300 quae
594 2255 698 2297 facit,
724 2266 846 2290 verum
870 2266 912 2291 ea
936 2267 1077 2301 quoque
1100 2267 1192 2302 quae

101 2301 205 2343 fecit,
240 2301 306 2336 etsi
337 2300 456 2336 facere
488 2300 609 2343 desiit,
641 2300 717 2345 lege
747 2304 910 2336 notatur:
951 2311 1067 2347 neque
1099 2303 1191 2337 enim

103 2350 121 2380 5
170 2346 333 2381 aboletur
343 2345 535 2390 turpitudo,
550 2356 640 2390 quae
653 2349 779 2391 postea
790 2346 992 2381 intermissa
1011 2350 1076 2382 est.
1108 2346 1191 2382 Non

102 2395 157 2426 est
188 2391 442 2435 ignoscendum
474 2391 522 2432 ei,
556 2401 646 2436 quae
678 2392 826 2426 obtentu
885 2393 1081 2436 aupertatis
1114 2397 1189 2427 tur-

103 2439 123 2472 6
170 2436 350 2481 pissimam
362 2437 470 2471 vitam
483 2436 580 2480 egit.5
615 2436 850 2471 Lenocinium
874 2446 977 2471 acere
990 2447 1062 2472 non
1074 2437 1190 2472 minus

102 2484 121 2515 7
171 2484 225 2516 est
267 2491 374 2526 quam
416 2491 565 2526 corpore
600 2485 789 2526 quaestum
825 2491 1001 2517 exercere.
1069 2482 1190 2517 Lenas

102 2529 222 2561 autem
247 2536 307 2561 eas
340 2526 507 2568 dicimus,
533 2536 623 2571 quae
645 2526 808 2561 mulieres
834 2527 1080 2571 quaestuarias
1104 2538 1187 2572 pro-

102 2573 122 2606 8
169 2571 332 2606 stituunt.
379 2571 516 2606 Lenam
547 2571 761 2616 accipiemus
801 2575 836 2606 et
859 2581 958 2614 eam,
984 2583 1077 2617 quae
1102 2573 1189 2607 alte-

101 2619 121 2651 9
169 2616 243 2650 11115
275 2615 416 2651 1101111110
445 2616 514 2651 1100
548 2616 642 2652 vitae
678 2627 789 2661 genus
829 2620 982 2652 exercet.
1041 2617 1079 2652 Si
1120 2628 1191 2662 qua·

101 2671 302 2705 cauponam
327 2671 494 2696 exercens
517 2661 555 2696 in
575 2671 618 2696 ea
641 2671 793 2706 corpora
813 2662 1041 2707 quaestuaria
1057 2662 1191 2698 habeat

102 2706 156 2750 (ut
174 2706 306 2741 multae
319 2706 481 2741 adsolent
499 2706 564 2742 sub
577 2709 766 2751 praetextu
784 2706 1011 2742 instrumenti
1023 2707 1191 2752 cauponii

100 2751 311 2795 prostitutas
334 2751 497 2786 mulieres
521 2752 677 2794 habere),
703 2751 892 2787 dicendum
922 2752 1017 2787 hanc
1049 2762 1190 2797 quoque

104 2799 144 2830 10
192 2796 293 2831 lenae
332 2796 569 2840 appellatione
605 2797 789 2832 contineri.
861 2796 1015 2833 Senatus
1052 2797 1190 2833 censuit

102 2850 175 2875 11011
200 2842 409 2876 conveniens
434 2851 512 2876 esse
534 2842 597 2876 ulli
621 2842 777 2877 senatori
800 2852 948 2877 uxorem
972 2842 1102 2878 ducere
1126 2845 1189 2876 aut

100 2886 253 2920 retinere
266 2886 467 2920 damnatam
479 2886 622 2931 publico
642 2886 783 2929 iudicio,
804 2898 873 2932 quo
893 2887 1024 2922 iudicio
1045 2887 1190 2923 cuilibet

100 2940 144 2965 ex
167 2930 300 2975 populo
325 2931 475 2975 experiri
497 2931 591 2974 licet,
611 2931 679 2966 nisi
698 2932 728 2966 si
749 2932 807 2966 cui
837 2932 913 2976 lege
932 2932 1051 2977 aliqua
1082 2942 1187 2966 00011-

105 2978 140 3009 11
190 2975 293 3010 sandi
315 2976 458 3021 publico
482 2976 613 3011 iudicio
637 2987 709 3012 non
733 2981 788 3012 est
820 2980 992 3022 potestas.
1052 2977 1090 3011 Si
1118 2986 1189 3021 qua

99 3020 297 3055 calumniae
327 3021 456 3056 iudicio
491 3021 659 3056 damnata
690 3021 736 3056 sit
767 3032 812 3057 ex
842 3032 953 3057 causa
976 3022 1111 3067 publici
1133 3021 1187 3056 iu-

100 3064 183 3100 dicii
207 3069 242 3100 et
266 3076 357 3110 quae
380 3066 720 3110 praevaricationisf·
753 3066 922 3102 damnata
945 3072 1010 3109 est,
1045 3066 1186 3111 publico

102 3111 141 3143 12
188 3109 318 3146 iudicio
344 3111 510 3146 damnata
533 3121 612 3147 esse
634 3122 706 3147 11011
729 3111 878 3146 videtur.
912 3111 1011 3156 Quae
1030 3111 1068 3146 in
1086 3111 1186 3145 adul-

98 3153 188 3189 terio
214 3154 434 3200 deprehensa
457 3160 522 3198 est,
548 3156 649 3208 quasi
707 3157 824 3191 ublico
854 3156 986 3191 iudicio
1020 3156 1188 3190 damnata

99 3203 163 3234 est.
189 3200 338 3244 proinde
362 3201 391 3235 si
414 3201 579 3236 adulterii
604 3211 671 3236 con
699 3205 840 3236 emnata
860 3211 938 3236 0550
954 3205 1185 3246 proponatur,

98 3254 171 3278 non
194 3249 333 3279 tantum
358 3246 441 3290 quia
465 3246 686 3291 deprehensa
699 3250 754 3281 est
778 3246 843 3280 erit
856 3249 992 3288 notata,
1017 3245 1080 3280 sed
1105 3246 1188 3289 quia

98 3292 136 3323 et
158 3290 301 3333 publico
325 3290 456 3325 iudicio
482 3291 649 3325 damnata
674 3295 737 3326 est.
764 3291 859 3336 quod
893 3291 923 3325 si
953 3301 1026 3325 non
1056 3290 1103 3325 sit
1126 3290 1186 3324 de-

98 3334 285 3412 prehensa,
311 3334 478 3370 damnata
501 3339 631 3378 autem,
655 3335 788 3371 idcirco
813 3339 975 3376 notetur,
1004 3335 1088 3380 quia
1145 3346 1186 3368 u-

126 3378 194 3413 lico
219 3379 349 3415 iudicio
375 3380 542 3415 damnata
567 3384 638 3422 est,
665 3383 703 3415 at
734 3381 765 3415 si
796 3379 1015 3424 deprehensa
1046 3380 1106 3424 qui
1133 3389 1186 3413 em

99 3423 155 3464 sit,
181 3423 348 3458 damnata
377 3429 497 3460 autem
520 3436 592 3460 non
616 3425 681 3466 sit,
707 3426 852 3460 ⁷notata
876 3424 966 3458 erit?
998 3434 1061 3468 ego
1086 3428 1185 3468 puto,

101 3467 167 3501 etsi
190 3468 355 3503 absoluta
386 3470 432 3504 sit
461 3474 544 3514 post
575 3469 900 3514 deprehensionem,
926 3468 1044 3503 adhuc
1068 3472 1186 3502 tamen

101 3515 223 3546 notam
253 3513 303 3546 illi
334 3513 461 3549 obesse
493 3514 641 3556 debere,
678 3513 762 3558 quia
795 3523 917 3548 verum
952 3517 1006 3548 est
1040 3523 1118 3548 eam
1150 3513 1186 3546 in

101 3556 274 3591 adulterio
288 3557 556 3602 deprehensam,
568 3558 795 3603 quiaefactum
805 3558 874 3600 lex,
888 3568 961 3592 non
975 3557 1186 3592 sententiam

101 3669 141 3709 (1)
167 3669 297 3710 quosF
406 3668 450 3711 (2)
475 3679 546 3701 eam
561 3671 621 3705 ins.
645 3669 697 3702 F²

100 3714 143 3754 (4)
170 3713 449 3754 praestitueritF'
530 3715 570 3754 (5)
597 3714 699 3755 elegit
712 3716 784 3747 edd.

99 3758 144 3798 (¹1)
169 3767 212 3789 an
225 3758 286 3792 ins.
359 3759 403 3800 (8)
428 3761 551 3800 nepote
565 3759 889 3792 ins.Brencmannus

814 3671 854 3710 (3)
880 3686 925 3697 =
946 3671 992 3702 D.
1007 3671 1061 3710 50,
1076 3677 1117 3709 17,
1132 3676 1183 3702 197

879 3716 922 3755 (6)
949 3724 1048 3746 causa
1061 3715 1120 3747 ins.
1134 3712 1187 3745 F²

959 3759 1003 3798 (9)
1030 3761 1110 3790 nata
1124 3758 1185 3789 del.

1187 149 1270 197 297

2150 161 2353 204 XXIII2

1271 277 1312 310 13
1359 276 1542 311 notaverit.
1570 275 1651 311 Non
1664 276 1815 312 adicitur
1826 279 1883 314 hic
1896 285 1935 314 ut
1945 281 1982 315 in
2002 280 2078 326 lege
2090 282 2180 317 Iulia
2193 282 2238 317 de
2250 282 2352 318 adul·

1268 320 1365 355 teriis
1386 331 1408 355 a
1428 331 1497 366 quo
1511 320 1565 355 vel
1577 321 1639 355 ubi
1652 321 1922 365 deprehensam:
1945 326 2092 369 proinde
2111 327 2184 362 sive
2204 328 2352 363 maritus

1268 365 1341 400 sive
1365 365 1443 410 quis
1465 366 1556 400 alius
1580 365 1852 410 deprehendisse
1872 375 2102 421 proponatur,
2128 371 2268 407 videtur
2287 382 2351 408 no-

1267 414 1362 445 tata:
1387 410 1451 446 sed
1476 414 1511 446 et
1534 411 1565 446 si
1582 421 1654 446 non
1678 411 1715 445 in
1735 411 1839 447 domo
1860 415 1976 449 mariti
1998 416 2052 450 vel
2076 417 2187 460 patris
2212 417 2268 453 sui
2292 417 2351 453 de-

1267 456 1444 500 prehensa
1467 456 1524 498 sit,
1550 456 1617 490 erit
1640 459 1766 491 notata
1790 459 1982 493 secundum
2005 461 2112 496 verba
2134 462 2230 505 leg-is.

1314 499 1367 536 44
1392 499 1552 536 Panos
1567 501 1658 536 libro
1672 502 1795 546 primo
1809 502 1858 536 ad
1878 503 1988 548 leqem
2002 505 2133 541 Iuliam
2150 510 2184 541 et
2196 506 2350 553 Papiam

1267 544 1362 589 Lege
1385 545 1476 580 Iulia
1498 546 1550 580 ita
1574 549 1737 581 cavetur:
1772 546 1851 589 ‘Qui
1875 553 2017 583 senator
2048 554 2101 585 est
2133 551 2234 596 quive
2257 551 2351 588 filius

1268 592 1434 635 ‘neposve
1455 601 1498 626 ex
1516 590 1589 626 filio
1609 601 1830 642 proneposve
1850 602 1893 626 ex
1905 593 1917 613 ⁸
1937 593 2008 628 filio
2022 599 2105 630 nato
2120 596 2219 631 cuius
2230 606 2351 632 eorum

1268 637 1333 669 ‘est
1364 635 1449 678 erit,
1481 646 1527 670 ne
1559 646 1637 680 quis
1670 645 1791 670 eorum
1820 646 1987 680 sponsam
2018 650 2204 676 uxoremve
2235 642 2350 677 sciens

1268 680 1360 714 ‘dolo
1395 681 1489 715 malo
1526 681 1657 715 habeto
1692 681 1892 715 libertinam
1927 687 1990 717 aut
2024 695 2115 726 eam,
2151 696 2241 736 quae
2272 687 2351 731 ipsa

1267 725 1425 760 ‘cuiusve
1448 729 1551 770 patei·
1574 729 1730 760 materve
1753 730 1866 761 artem
1889 727 2060 762 ludicram
2095 730 2183 764 facit
2214 730 2348 766 fecerit.

1267 772 1365 804 ‘neve
1397 771 1571 805 senatoris
1603 770 1677 805 filia
1708 771 1867 815 neptisve
1897 782 1941 806 ex
1964 772 2034 808 filio
2060 776 2283 819 proneptisve
2307 787 2351 811 ex

1267 818 1408 859 ‘nepote
1430 815 1502 851 filio
1517 819 1601 850 nato
1623 816 1906 851 nata⁹libertino
1930 816 2014 858 eive,
2037 819 2095 862 qui
2113 819 2188 863 ipse
2209 821 2350 856 cuiusve

1266 863 1380 904 ‘pater
1411 864 1566 895 materve
1597 865 1709 895 artem
1739 861 1913 896 ludicram
1943 861 2030 896 facit
2061 863 2194 906 fecerit,
2220 875 2352 909 sponsa

1267 908 1432 949 ‘nuptave
1455 905 1571 940 sciens
1596 905 1676 940 dolo
1697 906 1790 941 malo
1812 910 1886 941 esto
1912 917 1999 941 neve
2023 908 2099 952 quis
2125 919 2244 943 eorum
2268 910 2349 945 dolo

1269 953 1283 984 1
1335 950 1439 984 ‘malo
1465 951 1581 985 sciens
1605 960 1773 995 sponsam
1786 961 1975 986 uxoremve
2000 962 2077 986 eam
2094 953 2246 989 habeto’.
2272 955 2351 990 Hoc

1266 995 1383 1039 capite
1413 995 1622 1039 prohibetur
1651 999 1796 1031 senator
1826 996 2027 1031 libertinam
2060 997 2189 1033 ducere
2221 1009 2349 1041 eamve,

1266 1041 1367 1075 cuius
1402 1043 1506 1084 pater
1541 1043 1697 1075 materve
1732 1045 1845 1075 artem
1878 1041 2050 1076 ludicram
2083 1041 2224 1078 fecerit:
2268 1044 2351 1078 item

1265 1088 1284 1119 2
1331 1085 1517 1120 libertinus
1560 1086 1735 1120 senatoris
1778 1085 1887 1120 filiam
1930 1086 2068 1122 ducere.
2134 1087 2217 1122 Non
2251 1089 2353 1123 obest

1265 1133 1283 1165 3
1332 1141 1436 1165 avum
1456 1134 1492 1164 et
1510 1131 1624 1165 aviam
1638 1135 1749 1165 artem
1769 1131 1943 1166 ludicram
1961 1131 2098 1167 fecisse.
2131 1131 2206 1167 Nec
2229 1132 2351 1167 distin-

1263 1175 1395 1220 guitur,
1408 1179 1511 1220 pater
1533 1176 1571 1210 in
1583 1179 1760 1220 potestate
1783 1176 1915 1210 habeat
1935 1176 2043 1211 filiam
2061 1186 2127 1211 nec
2147 1187 2208 1212 ne:
2234 1181 2353 1213 tamen

1262 1221 1396 1255 iustum
1419 1225 1558 1265 patrem
1581 1221 1853 1265 intellegendum
1878 1221 2079 1257 Octavenus
2111 1222 2179 1264 ait,
2205 1227 2353 1258 matrem

1263 1269 1285 1300 4
1332 1265 1439 1300 etiam
1484 1266 1513 1300 si
1557 1266 1661 1311 vulgo
1707 1266 1920 1311 conceperit.
1988 1267 2076 1302 Item
2110 1267 2197 1302 nihil
2232 1267 2351 1310 refert,

1265 1314 1283 1344 5
1332 1311 1506 1345 naturalis
1533 1311 1579 1346 sit
1601 1315 1704 1356 pater
1728 1321 1775 1346 011
1798 1311 1996 1356 adoptivus.
2032 1312 2091 1346 An
2110 1315 2146 1346 et
2162 1312 2193 1347 is
2213 1317 2352 1355 noceat,

1266 1355 1326 1400 qui
1368 1359 1560 1401 antequam
1604 1356 1792 1401 adoptaret
1835 1360 1947 1391 artem
1989 1357 2162 1391 ludicram
2203 1356 2352 1393 fecerit?

1265 1404 1373 1445 atque
1405 1401 1435 1436 si
1465 1401 1639 1436 naturalis
1671 1404 1774 1446 pater
1814 1405 2003 1445 antequam
2037 1401 2110 1436 filia
2145 1407 2353 1437 nasceretur
2418 1431 2420 1433 .

1264 1446 1415 1480 fecerit?
1449 1450 1484 1480 et
1508 1447 1538 1480 si
1561 1446 1666 1481 huius
1691 1450 1797 1482 notae
1820 1446 1925 1481 homo
1951 1446 2191 1491 adoptaverit,
2225 1447 2352 1483 deinde

1265 1491 1550 1535 emancipaverit,
1575 1502 1623 1526 an
1646 1502 1718 1526 non
1740 1491 1853 1536 possit
1877 1491 1983 1526 duci?
2015 1502 2058 1526 ac
2091 1492 2121 1527 si
2145 1492 2226 1527 talis
2250 1496 2352 1537 pater

1264 1537 1438 1571 naturalis
1464 1536 1699 1571 decessisset?
1739 1536 1802 1571 sed
1835 1536 1878 1570 de
1909 1537 1978 1571 1100
2011 1547 2097 1571 00511
2137 1537 2352 1572 contrariam

1264 1581 1349 1626 legis
1374 1582 1585 1616 sententiam
1611 1592 1687 1616 esse
1710 1581 1927 1626 Pomponius
1959 1585 2057 1616 recte
2087 1585 2209 1626 putat,
2234 1586 2275 1616 ut
2299 1583 2350 1618 eis

1265 1629 1284 1661 6
1332 1637 1403 1661 non
1429 1627 1774 1662 connumerentur.¹⁰
1820 1626 1858 1660 Si
1881 1629 2007 1670 postea
2030 1626 2202 1671 ingenuae
2227 1627 2349 1662 uxoris

1263 1676 1366 1716 pater
1396 1676 1552 1707 materve
1583 1675 1695 1706 artem
1725 1671 1900 1706 ludicram
1933 1670 2053 1706 facere
2085 1671 2251 1716 coeperit,
2283 1672 2349 1706 ini-

1264 1717 1470 1761 quissimum
1507 1720 1561 1751 est
1597 1717 1770 1751 dimittere
1804 1726 1881 1751 eam
1913 1716 2058 1758 debere,
2092 1727 2172 1751 cum
2204 1717 2351 1761 nuptiae

1262 1763 1413 1797 honeste
1445 1766 1652 1797 contractae
1683 1762 1754 1796 sint
1786 1765 1821 1796 et
1851 1761 2004 1796 fortasse
2037 1761 2107 1796 iam
2140 1761 2242 1796 liberi
2265 1772 2349 1806 pro-

1264 1810 1282 1841 7
1332 1807 1444 1842 creati
1467 1807 1547 1842 sint.
1595 1807 1706 1842 Plane
1730 1807 1761 1841 si
1783 1807 1862 1851 ipsa
1886 1810 1997 1840 artem
2027 1806 2199 1841 ludicram
2230 1805 2350 1841 facere

1264 1855 1282 1887 8
1332 1852 1499 1897 coeperit,
1519 1852 1641 1897 utique
1655 1851 1863 1887 dimittenda
1885 1852 1960 1885 erit.
1997 1851 2083 1893 Eas,
2102 1861 2190 1896 quas
2207 1851 2350 1895 ingenui

1264 1898 1371 1932 ceteri
1387 1898 1620 1942 prohibentur
1630 1897 1759 1934 ducere
1774 1906 1915 1939 uxores,
1934 1899 2114 1931 senatores
2124 1906 2196 1931 non
2207 1896 2347 1931 ducent.

1308 1941 1361 1979 45
1395 1942 1589 1978 Utmiws
1626 1942 1716 1977 libro
1761 1942 1865 1976 tertio
1909 1941 1958 1975 ad
2002 1940 2114 1986 leqem
2149 1940 2281 1976 Iuliam
2316 1945 2347 1976 et

1262 1987 1419 2033 Papiam
1465 1987 1507 2021 In
1532 1997 1573 2022 eo
1597 1987 1684 2029 iure,
1710 1986 1806 2031 quod
1826 1986 1911 2021 dicit
1933 1986 2043 2020 invito
2067 1989 2219 2030 patrono
2244 1986 2346 2021 liber-

1261 2036 1346 2075 tam,
1373 2042 1464 2077 quae
1488 2033 1520 2067 ei
1552 2035 1665 2077 nupta
1696 2035 1772 2074 est,
1808 2031 1869 2065 alii
1891 2031 2024 2065 nubere
2048 2041 2120 2065 non
2143 2041 2259 2075 posse,
2285 2041 2346 2075 pa-

1261 2081 1405 2113 tronum
1429 2078 1621 2122 accipimus
1647 2079 1699 2119 (ut
1722 2077 1893 2121 rescripto
1917 2075 2140 2119 imperatoris
2172 2076 2285 2110 nostri
2315 2080 2346 2110 et

1263 2122 1332 2158 divi
1356 2122 1466 2167 patris
1492 2123 1566 2157 eius
1591 2122 1803 2161 continetur)
1831 2124 1866 2155 et
1890 2130 1969 2155 eum
1989 2121 2049 2165 qui
2069 2121 2137 2155 hac
2157 2120 2233 2165 lege
2255 2121 2348 2162 emit,

1262 2171 1302 2202 ut
1336 2167 1584 2209 manumittat,
1627 2167 1711 2212 quia
1752 2166 1969 2200 manumissa
2011 2165 2139 2200 liberta
2182 2165 2348 2210 emptoris

1265 2215 1279 2246 1
1329 2212 1492 2247 habetur.
1548 2211 1616 2256 Qui
1649 2216 1767 2246 autem
1802 2210 1930 2245 iuravit
1964 2219 2002 2244 se
2035 2214 2246 2254 patronum,
2278 2210 2348 2244 hoc

1262 2260 1281 2292 2
1328 2257 1422 2292 1110111
1446 2268 1518 2292 11011
1541 2257 1697 2291 habebit.
1746 2256 1800 2291 Ne
1823 2256 1854 2290 is
1879 2254 2051 2299 quidem¹¹
2077 2255 2181 2289 debet
2203 2255 2343 2296 habere,

1262 2305 1281 2337 3
1330 2303 1390 2347 11111
1413 2313 1485 2338 11011
1510 2302 1583 2337 51115
1606 2301 1757 2336 nummis
1782 2300 2008 2345 comparavit.
2065 2299 2176 2333 Plane
2200 2299 2230 2333 si
2253 2299 2345 2333 filius

1259 2346 1413 2382 familias
1445 2347 1543 2382 miles
1580 2357 1656 2382 esse
1686 2349 1926 2391 proponatur,
1959 2355 2031 2395 non
2063 2344 2283 2395 dubitamus,
2315 2344 2344 2378 si

1261 2392 1452 2428 castrensis
1490 2392 1620 2437 peculii
1651 2391 1815 2426 ancillam
1851 2392 2112 2430 manumiserit,
2146 2392 2344 2439 competere

1261 2438 1293 2472 ei
1312 2438 1382 2473 hoc
1401 2437 1472 2472 ius:
1499 2441 1553 2472 est
1566 2436 1658 2471 enim
1672 2439 1845 2480 patronus
1866 2433 2060 2469 secundum
2074 2436 2343 2468 constitutiones

1259 2486 1281 2516 4
1327 2493 1394 2517 nec
1425 2482 1519 2526 patri
1550 2481 1624 2517 eius
1655 2481 1725 2516 hoc
1756 2480 1812 2514 ius
1837 2478 2013 2522 competit.
2061 2477 2140 2512 Hoc
2165 2481 2274 2521 caput
2297 2477 2343 2511 ad

1259 2531 1407 2572 nuptam
1442 2530 1581 2561 tantum
1611 2526 1773 2561 libertam
1806 2523 1978 2569 pertinet,
2010 2521 2056 2556 ad
2079 2531 2247 2573 sponsam
2271 2532 2342 2557 non

1258 2572 1430 2616 pertinet:
1474 2575 1510 2606 et
1543 2571 1622 2605 ideo
1666 2570 1773 2604 invito
1817 2572 1969 2613 patrono
2013 2570 2175 2601 nuntium
2211 2576 2343 2610 sponsa

1260 2621 1278 2651 5
1326 2617 1455 2651 liberta
1467 2616 1497 2651 si
1509 2615 1653 2657 miserit,
1672 2625 1751 2649 cum
1767 2613 1834 2648 alio
1849 2611 2036 2647 conubium
2056 2611 2174 2646 habet.
2207 2611 2342 2646 Deinde

1259 2661 1311 2696 ait
1341 2662 1397 2696 lex
1429 2661 1549 2696 ‘invito
1582 2659 1765 2704 patrono':
1805 2657 1952 2692 invitum
1982 2655 2144 2700 accipere
2174 2655 2341 2691 debemus

1259 2717 1349 2748 eum,
1374 2706 1434 2751 qui
1457 2716 1529 2740 non
1562 2704 1737 2740 consentit
1750 2703 1777 2723 ¹2
1811 2702 1856 2736 ad
1880 2701 2084 2735 divortium:
2117 2700 2250 2735 idcirco
2275 2711 2341 2736 1100

1258 2762 1280 2786 0
1303 2751 1438 2786 furioso
1464 2749 1665 2785 divertendo
1689 2747 1793 2783 solvit
1823 2756 1861 2781 se
1884 2746 1988 2780 huius
2020 2745 2104 2790 legis
2128 2745 2341 2780 necessitate

1258 2806 1325 2831 nec
1349 2796 1379 2831 si
1402 2796 1447 2830 ab
1472 2795 1655 2839 ignorante
1678 2791 1876 2827 divorterit:
1909 2790 2042 2824 rectius
2075 2789 2166 2824 enim
2196 2790 2254 2825 hic
2286 2790 2339 2825 in-

1259 2844 1279 2876 6
1327 2841 1419 2875 vitus
1444 2840 1573 2874 dicitur
1596 2848 1701 2883 quam
1725 2836 1784 2881 qui
1808 2835 1983 2870 dissensit.
2033 2834 2071 2869 Si
2101 2835 2146 2869 ab
2179 2834 2340 2870 hostibus

1257 2889 1430 2930 patronus
1461 2888 1587 2928 captus
1619 2892 1696 2917 esse
1728 2884 1969 2926 proponatur,
2000 2889 2124 2914 vereor
2154 2890 2199 2914 110
2255 2879 2340 2914 ossit

1256 2932 1326 2965 ista
1339 2929 1529 2964 conubium
1540 2928 1672 2962 habere
1684 2925 1861 2966 nubendo,
1876 2923 2168 2969 quemadmodum
2180 2890 2338 2965 haberet,

1258 2976 1287 3010 si
1310 2977 1470 3009 mortuus
1495 2976 1598 3007 esset.
1625 2975 1660 3006 et
1673 2971 1699 2991 ¹³
1722 2970 1783 3015 qui
1805 2969 1932 3004 Iuliani
1952 2969 2161 3004 sententiam
2173 2969 2338 3013 probant,

1258 3020 1416 3054 dicerent
1466 3028 1536 3052 non
1578 3016 1782 3051 habituram
1824 3013 2034 3049 conubium:
2098 3017 2202 3058 putat
2247 3014 2338 3048 enim

1256 3064 1414 3099 Iulianus
1447 3062 1576 3096 durare
1608 3061 1683 3095 eius
1714 3060 1862 3094 libertae
1890 3058 2151 3093 matrimonium
2175 3058 2278 3092 etiam
2301 3058 2337 3091 in

1257 3108 1460 3153 captivitate
1491 3109 1637 3150 propter
1670 3104 1812 3149 patroni
1845 3103 2086 3138 reverentiam.
2127 3107 2219 3137 certe
2249 3101 2336 3136 siin

1257 3155 1361 3188 aliam
1384 3152 1586 3187 servitutem
1609 3155 1782 3196 patronus
1806 3149 1852 3183 sit
1872 3148 2056 3189 deductus,
2081 3147 2205 3191 procul
2228 3145 2334 3180 dubio

1257 3198 1464 3233 dissolutum
1489 3200 1582 3230 esset
1605 3194 1876 3229 matrimonium.
2272 3233 2278 3239 ι

1302 3240 1355 3279 46
1384 3242 1505 3277 GAIUS
1521 3240 1611 3275 libro
1635 3243 1759 3274 octavo
1780 3238 1830 3273 ad
1851 3238 1963 3283 leqem
1983 3236 2114 3271 Iuliam
2135 3238 2169 3269 et
2181 3233 2333 3284 Papiam

1256 3287 1348 3322 Illud
1371 3285 1600 3321 dubitationis
1625 3287 1688 3325 est,
1714 3294 1760 3317 an
1784 3286 1819 3317 et
1843 3283 1902 3327 qui
1927 3289 2143 3332 communem
2174 3278 2335 3311 libertam

1256 3341 1402 3367 uxorem
1435 3330 1574 3364 duxerit
1605 3328 1651 3363 ad
1682 3328 1751 3362 1100
1783 3328 1838 3361 1115
1872 3327 2086 3361 admittatur.
2150 3321 2334 3356 Iavolenus

1255 3376 1404 3421 negavit,
1429 3375 1512 3418 quia
1535 3384 1607 3408 11011
1630 3373 1771 3418 proprie
1794 3371 1932 3406 videtur
1964 3370 2036 3404 eius
2068 3368 2211 3417 liberta,
2244 3373 2334 3409 quae

1256 3422 1359 3456 etiam
1384 3419 1529 3454 alterius
1548 3419 1611 3453 sit:
1637 3417 1715 3452 aliis
1729 3420 1854 3451 contra
1872 3416 1983 3450 visum
1997 3417 2059 3452 est,
2081 3421 2161 3455 quia
2173 3410 2333 3460 libertam

1256 3466 1330 3499 eius
1355 3474 1432 3499 esse
1455 3463 1576 3507 negari
1600 3473 1671 3497 non
1695 3464 1825 3506 potest,
1856 3460 1938 3494 licet
1961 3458 2102 3491 alterius
2128 3463 2265 3499 quoque
2288 3457 2333 3488 sit

1254 3511 1400 3544 liberta:
1427 3519 1532 3552 quam
1553 3507 1762 3542 sententiam
1786 3505 1942 3549 plerique
1965 3505 2060 3536 recte
2084 3499 2330 3549 probaverunt.

1302 3552 1353 3590 47
1379 3553 1538 3588 PAULUS
1578 3553 1667 3587 libro
1709 3549 1863 3585 secundo
1905 3547 1953 3581 ad
1987 3546 2095 3590 leqem
2132 3543 2263 3577 lulaeam
2298 3545 2333 3576 et

1255 3669 1314 3708 (10)
1339 3667 1596 3697 connumeretur
1619 3664 1692 3695 dett.
1891 3660 1945 3697 (11)
1970 3656 2057 3688 idem
2079 3656 2138 3687 ins.
2164 3653 2332 3686 Ruckerus

1257 3712 1314 3752 (12)
1340 3710 1510 3742 consensit
1523 3708 1557 3740 F
1568 3707 1583 3726 ²
1686 3707 1743 3746 (13)
1769 3706 1814 3744 et]
1827 3703 1883 3735 sed
1895 3713 1956 3735 scr.

2019 3799 2062 3832 38
