2528 3918
130 149 190 181 DE
219 147 487 182 ADULTERIIS
517 145 799 179 COERCENDIS

135 261 156 293 9
199 259 389 304 probetur,
424 258 518 295 idem
547 257 615 294 erit
645 256 834 293 dicendum
892 256 962 293 Sed
985 261 1023 294 et
1054 257 1218 303 quotiens

133 304 210 347 alii,
242 304 303 350 qui
334 308 417 349 post
447 303 612 339 maritum
634 306 671 338 et
698 306 836 347 patrem
859 313 1033 338 accusare
1056 305 1218 348 possunt,

135 348 183 384 ad
201 349 443 386 accusandum
465 348 667 395 prosiliunt,
689 348 768 393 lege
791 359 998 393 expressum
1022 352 1088 390 est,
1113 352 1153 384 ut
1175 347 1218 390 is,

131 394 236 430 cuius
260 394 304 430 de
335 404 378 431 ea
407 405 447 431 re
469 394 567 431 notio
599 397 672 438 est,
705 393 749 430 de
779 393 874 429 iusto
898 397 1109 430 accusatore
1134 404 1219 429 con-

131 440 258 477 stituat
268 442 291 476 ¹.

177 483 202 523 3
239 484 347 521 low
376 485 467 521 libro
501 483 659 520 secundo
693 483 738 519 de
771 483 948 520 adulteris
999 483 1079 519 Nisi
1113 483 1221 528 igitur

132 535 236 575 pater
275 530 441 566 maritum
481 528 651 565 infamem
692 532 757 564 aut
790 530 944 574 arguat²
985 532 1048 564 aut
1091 528 1219 564 doceat

133 575 313 612 colludere
335 574 446 620 magis
464 585 546 610 cum
564 584 675 610 uxore
699 585 805 620 quam
829 585 873 610 ex
896 574 1014 610 animo
1036 584 1219 616 accusare,

132 624 367 667 postponetur
389 620 530 656 marito.

179 665 203 703 4
228 666 333 702 Imm
368 666 460 702 libro
498 668 624 701 octavo
662 664 945 711 disputationum
992 664 1030 700 Si
1067 665 1219 700 maritus

132 711 356 757 praevenerit
385 720 628 755 accusareque
651 710 855 754 instituerit,
879 713 1041 754 tempora
1065 721 1138 745 non
1161 720 1218 745 ce-

133 757 223 792 dunt
244 757 356 802 patri,
391 755 510 801 quod³
541 756 807 792 accusationem
837 755 1026 791 instituere
1058 766 1129 791 non
1153 766 1218 800 po-

132 806 221 846 test,
252 801 304 837 sic
327 805 464 843 tamen,
499 804 557 843 ut,
590 801 733 846 quoad⁴
756 811 849 836 unus
873 805 1044 845 occupet,
1078 801 1149 835 utri
1175 811 1219 836 ue

131 851 293 892 tempora
316 846 456 889 cedant,
481 846 542 882 ubi
566 857 649 882 vero
672 845 822 882 maritus
845 846 1051 892 occupavit,
1077 812 1221 881 resigna

132 896 202 928 tem
230 903 294 928 ora
321 892 373 934 ei,
405 893 466 938 qui
496 893 695 937 occupare⁵
718 902 791 927 non
813 894 949 936 potest,
981 901 1054 927 non
1078 891 1218 927 cedant.

133 904 228 983 quog
260 941 296 972 et
323 937 362 972 in
394 948 437 973 eo
462 937 534 973 dici
557 940 695 982 potest,
727 936 787 982 qui
811 937 856 971 ab
880 936 1045 973 adultero
1076 937 1132 972 vel
1155 936 1218 972 ad-

132 983 248 1019 ultera
282 983 416 1028 coepit:
452 994 535 1019 nam
570 982 738 1018 adversus
774 992 871 1026 eum,
907 982 1079 1018 adversus
1115 992 1220 1028 quem

132 1040 206 1064 non
242 1028 378 1080 coepit,
414 1028 581 1064 desinunt
616 1027 649 1063 ei
677 1031 841 1072 tempora
878 1027 1015 1063 cedere.
1063 1028 1153 1063 haec
1181 1027 1220 1062 in

136 1077 151 1109 1
199 1073 336 1109 maritis
360 1077 396 1109 et
418 1073 581 1119 patribus
605 1072 702 1108 dicta
730 1076 824 1108 sunt.
871 1073 1063 1109 Extraneis
1088 1076 1218 1117 autem,

133 1119 195 1164 qui
217 1129 391 1154 accusare
414 1122 581 1165 possunt,
614 1118 807 1154 accusandi
829 1117 983 1154 facultas
1007 1122 1091 1164 post
1112 1119 1218 1153 mari-

133 1169 209 1200 tum
234 1167 270 1200 et
291 1168 430 1209 patrem
453 1163 680 1200 conceditur:
716 1174 799 1198 nam
829 1167 913 1208 post
936 1164 1121 1208 sexaginta
1144 1163 1219 1199 dies

133 1214 303 1255 quattuor
341 1219 480 1246 menses
523 1209 701 1245 extraneis
737 1209 870 1244 dantur
911 1212 947 1244 et
987 1209 1059 1262 ipsi
1101 1209 1216 1244 utiles.

133 1259 153 1289 2
201 1255 239 1291 Si
269 1258 354 1291 ante
392 1258 583 1290 extraneus
616 1254 810 1290 instituerit
848 1259 1133 1297 accusationem,
1173 1265 1219 1289 an

133 1300 417 1345 supervenienti⁶
440 1300 569 1335 marito
596 1300 823 1344 permittatur
848 1301 1042 1344 accusatio,
1077 1301 1217 1345 quaeri-

132 1350 202 1380 tur.
256 1349 294 1381 et
323 1346 435 1390 magis
467 1346 623 1381 arbitror
660 1346 730 1380 hoc
762 1356 903 1389 quoque
934 1356 1023 1381 casu
1054 1346 1217 1380 maritum

132 1390 365 1434 audiendum,
406 1391 437 1426 si
469 1401 542 1426 non
572 1390 794 1435 neglegentia
823 1395 1036 1436 praeventus
1067 1394 1133 1426 est.
1184 1395 1219 1426 et

131 1436 212 1471 ideo
237 1440 274 1471 et
302 1436 333 1472 si
364 1436 592 1472 accusatione
620 1436 785 1472 instituta
816 1436 984 1472 absoluta
1014 1436 1062 1480 sit
1091 1436 1219 1472 mulier

132 1484 302 1517 extraneo
341 1485 553 1524 accusante,
595 1485 716 1517 tamen
753 1481 880 1517 marito
918 1481 1024 1518 debet
1060 1482 1219 1527 permitti

133 1530 336 1562 restaurare
359 1527 643 1569 accusationem,
675 1527 707 1563 si
736 1526 884 1563 idoneas
909 1537 1039 1562 causas
1063 1528 1219 1572 allegare

132 1572 263 1615 nossit,
296 1572 425 1618 quibus
454 1572 643 1618 impeditus
666 1583 740 1608 non
761 1572 918 1608 instituit
940 1573 1217 1609 accusationem.

178 1616 203 1654 5
233 1617 426 1653 IULIANUS
458 1618 550 1654 libro
581 1618 825 1664 octaqensimo
862 1621 968 1655 sexto
997 1619 1219 1665 diqestorum

132 1663 165 1698 N
168 1666 289 1708 uptam
312 1663 399 1698 mihi
416 1662 582 1698 adulterii
598 1673 696 1698 ream
719 1663 896 1708 postulari
918 1674 1025 1708 posse
1044 1664 1083 1699 in
1100 1663 1220 1709 priore

132 1708 355 1744 matrimonio
387 1708 565 1744 commissi
593 1708 741 1744 dubium
771 1719 845 1744 non
874 1713 946 1751 est,
985 1719 1066 1744 cum
1094 1712 1220 1754 aperte

134 1754 211 1799 lege
233 1753 325 1789 Iulia
355 1753 399 1789 de
429 1753 613 1789 adulteriis
639 1753 843 1789 coercendis
868 1757 1054 1797 caveatur,
1087 1755 1118 1790 si
1141 1754 1219 1799 qui-

133 1799 213 1835 dem
231 1798 338 1834 vidua
356 1799 412 1843 sit,
433 1799 477 1834 de
497 1799 597 1835 cuius
616 1799 792 1834 adulterio
813 1804 948 1844 agetur,
969 1803 1010 1835 ut
1029 1803 1220 1836 accusator

132 1844 284 1880 liberum
315 1844 502 1880 arbitrium
535 1844 686 1887 habeat,
718 1844 920 1880 adulterum
951 1855 998 1880 an
1021 1845 1219 1881 adulteram

132 1890 231 1935 prius
254 1899 427 1925 accusare
449 1889 564 1925 malit:
589 1889 621 1925 si
643 1900 725 1926 vero
750 1893 863 1935 nupta
886 1890 942 1934 sit,
967 1893 1009 1926 ut
1031 1890 1131 1936 prius
1155 1890 1219 1926 ad-

132 1935 286 1970 ulterum
308 1938 468 1980 peragat,
493 1939 580 1970 tunc
603 1934 798 1971 mulierem.

178 1978 204 2018 6
241 1980 487 2016 Flammas
526 1980 617 2017 libro
653 1981 776 2027 primo
811 1981 856 2016 de
891 1980 1067 2017 adulteris
1122 1981 1222 2017 Inter

131 2026 262 2062 liberas
294 2029 435 2061 tantum
466 2036 639 2071 personas
668 2025 883 2062 adulterium
906 2029 1114 2072 stuprumve
1135 2037 1219 2073 pas-

133 2082 192 2107 sas
223 2071 282 2107 lex
305 2071 397 2106 Iulia
426 2071 546 2107 locum
573 2071 693 2106 habet.
742 2071 839 2116 quod
869 2075 988 2107 autem
1019 2072 1067 2108 ad
1097 2082 1220 2108 servas

132 2116 302 2170 pertinet,
334 2119 372 2152 et
392 2115 481 2161 legis
505 2116 670 2161 Aquiliae
700 2117 794 2152 actio
817 2116 924 2152 facile
946 2118 1084 2154 tenebit
1107 2121 1143 2153 et
1165 2117 1219 2153 in-

131 2162 304 2198 iuriarum
326 2171 470 2207 quoque
500 2162 670 2207 competit
699 2172 766 2198 nec
795 2162 864 2198 erit
886 2162 1094 2208 deneganda
1116 2173 1219 2208 prae-

132 2207 226 2243 toria
255 2217 397 2260 quoque
430 2207 525 2243 actio
558 2207 602 2242 de
633 2211 944 2259 servo-corrupto:
983 2218 1048 2244 nec
1071 2213 1221 2254 propter

131 2252 254 2298 plures
276 2255 437 2288 actiones
461 2251 680 2297 parcendum
703 2256 771 2288 erit
794 2253 832 2288 in
849 2253 1053 2289 huiusmodi
1074 2253 1220 2290 crimine

136 2302 147 2333 1
201 2308 274 2334 reo.
329 2298 408 2333 Lex
437 2302 602 2343 stuprum
632 2301 669 2333 et
698 2297 913 2334 adulterium
950 2298 1153 2344 promiscue
1185 2303 1221 2335 et

134 2342 535 2389 καταχρηστικώτερονΊ
559 2343 729 2388 appellat.
761 2343 826 2379 sed
843 2345 988 2389 proprie
1006 2344 1221 2380 adulterium

132 2389 171 2424 iii
193 2392 307 2435 nupta
326 2388 566 2431 committitur,
589 2391 738 2442 propter
759 2392 903 2434 partum
927 2400 972 2426 ex
994 2390 1108 2426 altero
1133 2401 1218 2425 con-

134 2446 154 2470 c
199 2437 277 2469 tum
294 2433 491 2479 composito
515 2444 675 2470 nomine:
700 2438 863 2479 stuprum
883 2445 966 2470 vero
990 2435 1029 2470 in
1051 2435 1220 2481 virginem

136 2479 167 2515 vi
193 2489 316 2515 uamve
353 2478 601 2523 committitur,
643 2479 738 2524 quod
768 2479 898 2516 Graeci
922 2479 1074 2526 φθορὰν
1096 2481 1219 2526 appel-

134 2527 154 2560 2
201 2524 288 2560 lant.
327 2524 440 2560 Filius
463 2524 620 2560 familiae
642 2525 793 2560 maritus
817 2525 863 2561 ab
887 2535 941 2568 eo,
967 2526 1029 2571 qui
1051 2526 1109 2562 sui
1129 2526 1220 2562 iuris

134 2573 206 2614 est,
245 2569 284 2605 in
315 2579 358 2606 ea
388 2570 466 2614 lege
493 2580 567 2606 non
598 2574 798 2615 separatur.
846 2570 948 2606 divus
981 2581 1123 2616 quoque
1145 2572 1219 2607 Ha-

133 2615 281 2651 drianus
310 2614 468 2651 Rosiano
501 2615 650 2651 Gemino
687 2616 823 2682 rescrip
846 2616 874 2651 't
903 2620 940 2652 et
974 2616 1084 2653 invito
1114 2621 1220 2670 patre

133 2664 153 2696 3
199 2659 315 2696 filium
336 2660 407 2696 hac
436 2660 513 2705 lege
542 2670 644 2696 reum
673 2659 793 2697 facere
818 2688 826 2696 .
873 2661 1026 2698 Maritus
1057 2665 1125 2698 etsi
1148 2662 1219 2699 duo

132 2716 214 2742 reos
237 2716 284 2742 ex
307 2705 377 2742 alio
401 2705 548 2742 crimine
566 2705 710 2748 habeat,
734 2706 867 2751 poterit
887 2706 965 2742 iure
987 2707 1053 2742 viri
1075 2708 1220 2743 tertium

133 2761 323 2795 accusare,
356 2750 523 2796 quoniam
547 2761 591 2786 ea
615 2761 726 2786 causa
758 2762 831 2787 non
855 2751 950 2787 cedit
972 2752 1010 2788 in
1032 2763 1220 2789 numerum

135 2799 334 2832 ceterarum
342 2795 368 2831 ⁹.

180 2839 204 2878 7
229 2840 467 2877 Maaourws
485 2840 577 2877 libro
600 2840 736 2877 decimo
761 2842 1024 2878 institutionum
1062 2843 1130 2888 Qui
1152 2854 1219 2889 pu-

134 2886 256 2932 pillam
280 2895 382 2921 suam
405 2885 506 2939 duxit
528 2895 676 2922 uxorem
693 2890 820 2923 contra
842 2891 988 2923 senatus
1006 2888 1219 2933 consultum,

134 2941 200 2968 nec
234 2931 498 2968 matrimomum
527 2934 583 2967 est
611 2931 682 2967 hoc
710 2935 747 2968 et
774 2936 894 2977 potest
921 2933 1088 2969 adulterii
1110 2944 1220 2970 accu-

133 2977 225 3022 sari,
256 2977 318 3021 qui
345 2979 446 3012 tutor
467 2976 524 3012 vel
547 2980 693 3013 curator
722 2977 792 3013 fuit
815 2982 851 3013 et
872 2978 967 3014 intra
989 2979 1220 3015 vicensimum

133 3026 274 3059 sextum
291 3032 425 3058 annum
448 3021 551 3057 duxit
573 3032 721 3058 uxorem
743 3033 814 3059 non
839 3033 862 3059 a
884 3025 988 3069 patre
1006 3023 1219 3070 desponsam

135 3067 191 3104 vel
213 3067 426 3104 destinatam
450 3066 505 3102 vel
527 3070 739 3104 testamento
763 3067 1036 3105 denominatam.

180 3109 205 3151 8
237 3111 289 3157 (7,
317 3114 389 3156 1)²⁰
423 3111 470 3148 In
501 3112 592 3148 libro
622 3113 778 3150 secundo
809 3114 855 3150 de
884 3114 1074 3150 adulteriis
1105 3114 1219 3151 Pim-

135 3167 251 3194 MAN!
278 3157 516 3194 Marcum
545 3161 648 3193 notat
705 3157 837 3195 Incesti
869 3169 1055 3196 commune
1086 3160 1220 3196 crimen

136 3203 306 3239 adversus
329 3203 419 3239 duos
445 3202 550 3238 simul
572 3202 742 3240 intentari
763 3207 892 3249 potest.

183 3246 209 3286 9
233 3245 287 3293 (8)
309 3247 451 3284 Inssun
483 3247 574 3283 libro
597 3248 753 3284 secundo
777 3249 822 3284 de
844 3249 1020 3285 adulteris
1066 3250 1135 3295 Qui
1155 3250 1218 3286 do-

136 3304 232 3329 mum
262 3303 381 3337 suam,
419 3296 460 3329 ut
495 3297 659 3338 stuprum
690 3293 944 3331 adulteriumve
982 3306 1064 3330 cum
1103 3295 1220 3331 aliena

135 3343 249 3375 matre
270 3337 424 3374 familias
456 3338 512 3374 vel
542 3349 623 3374 cum
644 3339 804 3375 masculo
827 3339 944 3383 fieret,
974 3340 1091 3376 sciens
1114 3350 1218 3386 prae-

135 3383 253 3420 buerit
273 3383 329 3419 vel
352 3387 539 3429 quaestum
562 3394 607 3419 ex
630 3383 805 3419 adulterio
824 3385 947 3421 uxoris
971 3395 1058 3421 suae
1074 3385 1218 3422 fecerit:

135 3429 390 3474 cuiuscumque
420 3429 468 3466 sit
498 3428 735 3471 condicionis,
771 3430 873 3474 quasi
897 3430 1038 3466 adulter
1060 3432 1218 3476 punitur.

139 3477 153 3509 1
203 3473 452 3520 Appellatione
476 3474 602 3510 domus
626 3474 883 3510 habitationem
906 3486 1047 3521 quoque
1061 3477 1088 3497 ¹²
1112 3476 1218 3521 signi-

135 3519 236 3555 ficari
257 3518 377 3565 palam
400 3522 465 3555 est.

1205 129 1292 180 795

2043 138 2317 182 XXXXVIII
2346 144 2371 181 5

1337 255 1386 294 10
1412 253 1466 309 (9)
1497 255 1691 309 Uli-flamus
1713 258 1802 294 libro
1827 263 1956 305 quarto
1981 260 2025 296 de
2048 261 2236 297 adulteriis
2270 261 2319 297 Et
2343 261 2373 297 si

1292 306 1304 336 1
1356 312 1460 354 amici
1491 313 1570 347 quis
1603 302 1745 337 domum
1769 305 2011 349 praebuisset,
2044 310 2196 342 tenetur.
2244 306 2314 342 Sed
2339 311 2374 342 et

1287 347 1318 383 si
1342 347 1421 392 quis
1450 357 1488 382 in
1516 357 1602 392 agro
1634 347 1803 384 balneove
1835 353 1998 395 stuprum
2028 352 2105 387 fieri
2137 351 2372 397 praebuisset.

1289 395 1308 427 2
1345 392 1610 444 ‘comprehendi
1633 392 1748 428 debet.
1785 394 1854 429 Sed
1878 400 1914 430 et
1937 395 1969 431 si
1991 396 2028 431 in
2052 397 2194 432 domum
2218 398 2372 443 aliquam

1288 438 1383 473 soliti
1413 437 1548 473 fuerint
1579 438 1767 473 convenire
1799 439 1845 474 ad
1868 442 2093 477 tractandum
2119 442 2162 478 de
2185 442 2371 484 adulterio,

1287 483 1355 518 etsi
1393 492 1436 518 eo
1473 482 1545 519 loci
1574 482 1662 517 nihil
1692 482 1802 519 fuerit
1825 485 2034 530 admissum,
2067 499 2188 522 verum
2202 489 2229 509 ¹³
2252 491 2373 522 tamen

1287 527 1426 563 videtur
1453 527 1485 563 is
1517 528 1659 563 domum
1693 539 1812 571 suam,
1851 533 1892 564 ut
1919 535 2080 576 stuprum
2119 533 2373 568 adulteriumve

1289 573 1586 616 committeretur,
1622 574 1849 619 praebuisse,
1885 576 1968 619 quia
1997 577 2072 613 sine
2104 578 2279 623 colloquio
2311 579 2373 613 illo

1288 618 1503 654 adulterium
1526 629 1600 654 non
1623 619 1914 655 committeretur.

1337 662 1383 700 11
1412 663 1495 707 (10)
1528 663 1774 699 Pmmmos
1802 665 1892 700 libro
1923 667 2079 702 secundo
2111 667 2155 702 dc
2186 668 2375 703 adulteriis

1287 709 1407 744 Mater
1430 713 1551 744 autem
1572 709 1727 745 familias
1747 709 1967 754 significatur
1991 722 2063 747 non
2086 716 2223 748 tantum
2247 718 2371 757 nupta,

1293 757 1305 789 l
1356 754 1420 790 sed
1451 754 1559 790 etiam
1597 754 1718 790 vidua.
1774 755 1943 790 Mulieres
1977 768 2117 801 quoque
2153 759 2221 793 hoc
2257 758 2374 803 capite

1287 799 1393 844 legis,
1430 800 1527 845 quod
1562 800 1705 836 domum
1740 801 1981 845 praebuerunt
2011 803 2065 836 vel
2096 814 2160 847 pro
2193 809 2373 849 comperto

1289 848 1308 879 2
1356 848 1413 881 stu
1441 856 1481 881 ro
1506 845 1639 889 aliquid
1658 856 1744 881 acce
1770 850 1886 887 erunt,
1910 849 2085 882 tenentur.
2118 848 2257 890 Mulier,
2283 859 2375 893 quae

1287 857 1476 926 θνίῒαιιὲαθ
1506 901 1660 944 poenae·
1677 856 1843 926 aquterii
1873 892 1989 936 gratia
2012 892 2224 943 lenocinium
2247 894 2374 928 fecerit

1288 939 1352 970 aut
1375 947 1395 971 o
1423 946 1504 971 eras
1536 946 1620 972 suas
1649 948 1688 972 in
1719 946 1886 972 scaenam
1910 937 2056 981 locavit,
2081 938 2245 973 adulterii
2268 949 2373 974 accu-

1288 981 1362 1017 sari
1386 947 1618 1026 damnarique
1638 993 1682 1025 ex
1705 985 1851 1017 senatus
1877 983 2041 1018 consulto
2066 987 2193 1028 potest.

1337 1024 1388 1063 12
1413 1025 1495 1070 (11)
1518 1026 1625 1062 IDEM
1654 1027 1744 1063 libro
1768 1027 1952 1073 sz'nqularz·
1973 1028 2017 1063 de
2041 1028 2215 1064 adulteris
2260 1029 2374 1072 Miles,

1289 1072 1349 1117 qui
1370 1083 1451 1107 cum
1475 1071 1639 1108 adultero
1660 1073 1782 1108 uxoris
1803 1082 1890 1108 suae
1914 1075 2042 1117 pactus
2060 1077 2125 1117 est,
2150 1074 2237 1109 solvi
2256 1084 2376 1109 sacra-

1292 1122 1304 1152 1
1355 1121 1475 1152 mento
1508 1117 1761 1162 deportarique
1794 1117 1910 1153 debet.
1958 1118 2128 1160 Militem,
2159 1119 2219 1164 qui
2243 1120 2376 1155 sororis

1287 1162 1398 1198 filiam
1421 1163 1460 1198 in
1493 1164 1727 1199 contubernio
1758 1163 1901 1207 habuit,
1936 1163 2019 1199 licet
2041 1175 2113 1199 non
2136 1164 2173 1199 in
2195 1165 2375 1199 matrimo-

1289 1213 1308 1242 2
1356 1208 1465 1250 nium,
1490 1209 1658 1244 adulterii
1707 1219 1798 1244 oena
1822 1209 1935 1244 teneri
1957 1209 2088 1244 rectius
2113 1209 2262 1244 dicetur.
2309 1210 2376 1251 Ea,

1288 1264 1381 1298 quae
1412 1254 1505 1289 inter
1537 1264 1617 1289 reas
1650 1220 1815 1289 usfulterii
1846 1257 1991 1299 recepta
2015 1256 2125 1297 esset,
2163 1255 2291 1290 absens
2316 1255 2376 1289 de-

1288 1302 1308 1334 3
1355 1298 1454 1334 fendi
1488 1310 1561 1335 non
1597 1303 1729 1344 potest.
1786 1299 1897 1335 Socer
1933 1310 2014 1334 cum
2047 1310 2177 1335 nurum
2213 1300 2377 1335 adulterii

1287 1348 1543 1380 accusaturum
1573 1355 1611 1380 se
1642 1344 1772 1380 libellis
1803 1344 1960 1390 praesidi
1992 1345 2084 1380 datis
2113 1349 2265 1380 testatus
2290 1345 2377 1380 fuis-

1287 1394 1354 1432 set,
1378 1390 1543 1425 maluit¹⁴
1568 1390 1797 1426 accusatione
1822 1390 1990 1425 desistere
2011 1394 2048 1425 et
2070 1391 2207 1426 lucrum
2231 1401 2275 1425 ex
2297 1391 2378 1425 dote

1286 1435 1399 1480 magis
1448 1439 1555 1471 etere.
1604 1435 1805 1480 quaeritur,
1838 1446 1885 1470 an
1914 1436 2117 1472 huiusmodi
2142 1441 2377 1471 commentum

1287 1481 1365 1517 eius
1385 1492 1406 1516 a
1432 1480 1524 1515 mitti
1541 1480 1734 1516 existimes.
1767 1480 1967 1526 respondit:
1993 1481 2198 1526 turpissimo
2218 1481 2376 1526 exemplo

1286 1526 1329 1569 is,
1354 1526 1415 1571 qui
1437 1537 1567 1561 nurum
1591 1536 1692 1562 suam
1715 1536 1889 1562 accusare
1911 1526 2142 1568 instituisset,
2167 1530 2293 1571 postea
2317 1526 2378 1561 de-

1288 1571 1415 1607 sistere
1450 1571 1576 1607 maluit
1618 1574 1810 1607 contentus
1849 1571 1988 1607 lucrum
2029 1583 2074 1607 ex
2109 1571 2192 1607 dote
2226 1571 2379 1607 retinere

1287 1620 1471 1662 tamquam
1495 1617 1602 1662 culpa
1625 1617 1782 1653 mulieris
1808 1616 1981 1662 dirempto
2005 1617 2245 1653 matrimonio:
2294 1627 2378 1652 uare

1288 1673 1362 1698 non
1385 1662 1507 1708 inique
1526 1662 1731 1707 repelletur,
1756 1663 1818 1707 qui
1841 1662 2064 1698 commodum
2089 1663 2181 1698 dotis
2201 1663 2259 1698 vin
2288 1663 2379 1698 ‘ctae

1289 1711 1311 1743 4
1359 1707 1485 1744 domus
1515 1718 1603 1754 suae
1641 1718 1865 1753 praeponere
1896 1718 1969 1743 non
2000 1708 2152 1743 erubuit.
2202 1707 2379 1743 Adulterii

1289 1764 1390 1789 reum
1419 1753 1516 1789 intra
1550 1753 1706 1799 quinque
1737 1763 1852 1789 annos
1877 1753 2067 1789 continuos
2091 1764 2113 1788 a
2136 1753 2194 1789 die
2222 1752 2378 1788 criminis

1290 1798 1436 1834 admissi
1482 1798 1653 1834 defuncta
1690 1809 1832 1852 quoque
1869 1798 2018 1834 muliere
2061 1798 2235 1844 postulari
2272 1808 2379 1842 posse

1290 1847 1309 1879 5
1358 1844 1477 1896 palam
1506 1847 1572 1880 est.
1636 1844 1790 1888 Quidam
1824 1854 1997 1880 accusare
2033 1844 2175 1880 volebat
2213 1843 2377 1879 adulterii

1289 1889 1472 1925 mullerem
1497 1893 1534 1925 et
1555 1889 1781 1934 postulabat,
1814 1900 1860 1926 ne
1883 1889 1952 1925 sibi
1976 1892 2270 1935 computarentur
2292 1889 2376 1932 dies,

1289 1945 1379 1980 quos
1410 1935 1448 1970 in
1479 1935 1679 1971 custodiam
1702 1934 1867 1971 fecisset:
1902 1945 1957 1971 me
1988 1935 2057 1970 hoc
2086 1935 2292 1970 admittente
2316 1944 2375 1969 ex-

1291 1980 1383 2016 stitit
1407 1980 1468 2025 qui
1491 1980 1576 2015 mihi
1601 1979 1875 2016 contradiceret.
1917 1980 2018 2016 cuius
2043 1980 2245 2025 opinionem
2269 1990 2315 2014 an
2338 1983 2376 2014 tu

1288 2026 1430 2070 probes,
1448 2036 1535 2070 rogo
1553 2026 1730 2061 maturius
1741 2027 1769 2048 ¹⁵
1785 2026 1872 2061 mihi
1892 2025 2041 2062 scribas.
2074 2025 2275 2070 respondit:
2301 2025 2376 2069 opi-

1288 2071 1430 2106 nionem
1448 2074 1548 2106 tuam
1566 2075 1603 2106 et
1621 2071 1732 2107 verba
1754 2070 1841 2116 legis
1864 2075 1901 2107 et
1918 2070 2095 2107 sententia
2115 2071 2295 2114 adiuvant,
2321 2069 2377 2105 cui

1288 2116 1426 2161 placuit
1456 2116 1562 2152 utiles
1593 2115 1669 2152 dies
1701 2117 1905 2152 accusatori
1937 2116 2195 2161 computandos
2221 2126 2317 2157 esse,
2341 2114 2376 2149 id

1289 2166 1344 2197 est
1381 2161 1510 2207 quibus
1556 2162 1674 2207 potuit
1712 2162 1952 2198 accusationis
1998 2161 2182 2198 soUemnia
2219 2161 2375 2206 implere.

1289 2217 1401 2252 quare
1425 2207 1502 2243 sine
1526 2206 1635 2242 dubio
1660 2207 1752 2250 dies,
1809 2208 1915 2243 uibus
1940 2207 2018 2252 quis
2050 2208 2087 2242 in
2112 2206 2275 2242 custodia
2298 2205 2367 2240 fuit

1287 2256 1392 2288 extra
1416 2253 1719 2298 computationem
1748 2257 1799 2287 uti
1817 2253 1888 2288 'um
1912 2253 2049 2288 dierum
2074 2251 2293 2288 existimanti
2312 2250 2376 2286 tibi

1289 2302 1309 2333 6
1357 2298 1572 2334 constitutos
1597 2298 1794 2334 contradici
1817 2309 1890 2334 non
1910 2298 2042 2334 debuit.
2081 2297 2272 2342 Sexaginta
2291 2296 2377 2338 dies,

1288 2343 1350 2388 qui
1380 2343 1508 2379 marito
1541 2343 1728 2379 accusanti
1740 2345 1769 2365 ¹⁶
1800 2344 1905 2379 utiles
1936 2347 2204 2389 computantur,
2240 2341 2377 2377 feriatis

1289 2399 1429 2434 quoque
1453 2389 1592 2431 diebus,
1616 2389 1648 2425 si
1670 2388 1775 2425 modo
1799 2389 2009 2424 facultatem
2028 2387 2202 2434 praesidis
2223 2386 2378 2422 adeundi

1289 2437 1480 2470 accusator
1502 2434 1648 2478 habuit,
1681 2434 1863 2470 numerari
1887 2438 2023 2470 certum
2047 2438 2119 2477 est,
2144 2433 2309 2479 quoniam
2333 2431 2377 2466 de

1288 2480 1397 2525 plano
1422 2490 1565 2525 quoque
1587 2479 1729 2515 libellus
1753 2479 1831 2514 dari
1860 2484 1992 2525 potest.
2040 2478 2135 2524 quod
2158 2477 2377 2523 privilegium

1289 2524 1320 2560 si
1343 2524 1473 2568 amisit,
1497 2535 1570 2560 non
1590 2525 1802 2570 prohibetur
1821 2525 1918 2560 intra
1940 2525 2029 2561 alios
2042 2525 2068 2546 ¹⁷
2092 2527 2261 2568 quattuor
2278 2532 2376 2557 men-

1290 2574 1307 2604 7
1357 2580 1414 2606 ses
1439 2570 1634 2615 querellam
1658 2580 1760 2606 suam
1784 2570 1881 2615 apud
1903 2570 2057 2606 iudicem
2080 2568 2228 2605 deferre.
2260 2567 2375 2612 Quae-

1288 2615 1451 2658 rebatur,
1496 2626 1544 2651 an
1579 2616 1658 2651 iure
1693 2616 1813 2651 mariti
1850 2616 1966 2661 possit
2003 2624 2176 2651 accusare
2207 2613 2260 2648 vir
2298 2623 2376 2647 eam

1287 2661 1470 2705 feminam,
1503 2671 1613 2706 quae,
1649 2671 1730 2696 cum
1760 2661 1793 2696 ei
1825 2660 2005 2706 desponsa
2035 2659 2214 2702 fuisset¹⁸,
2247 2658 2307 2693 alii
2332 2658 2377 2709 in

1287 2706 1551 2742 matrimonium
1583 2717 1606 2741 a
1642 2710 1746 2752 patre
1777 2706 1906 2742 fuisset
1937 2705 2122 2742 traditam.
2175 2702 2374 2754 respondit:

1288 2762 1417 2787 novam
1446 2762 1522 2787 rem
1552 2752 1740 2788 instituere
1769 2751 1974 2787 huiusmodi
2005 2753 2251 2786 accusatorem
2283 2758 2374 2783 ex1s-

1288 2797 1391 2839 timo,
1426 2797 1488 2842 qui
1511 2797 1677 2833 adulterii
1700 2798 1834 2833 crimen
1858 2797 1998 2833 obicere
2029 2796 2208 2832 desiderat
2229 2796 2377 2839 propter

1287 2843 1357 2878 hoc
1380 2846 1531 2884 tantum,
1556 2842 1652 2888 quod
1674 2842 1787 2887 priori
1803 2842 1873 2878 sibi
1892 2842 2070 2886 desponsa
2114 2841 2209 2876 uella
2232 2850 2254 2874 a
2273 2843 2376 2884 patre

1289 2891 1308 2923 8
1354 2888 1393 2923 in
1416 2888 1679 2923 matrimonium
1703 2887 1763 2922 alii
1785 2887 1895 2922 fuerit
1916 2887 2061 2922 tradita.
2131 2885 2275 2921 efuncto
2300 2893 2373 2918 ma-

1288 2936 1309 2967 9
1355 2933 1425 2968 rito
1450 2933 1616 2968 adulterii
1639 2943 1702 2968 rea
1726 2933 1853 2968 mulier
1875 2932 2089 2977 postulatur,
2115 2940 2206 2976 quae
2229 2932 2375 2974 propter

1287 2979 1507 3024 impuberem
1530 2978 1645 3013 filium
1668 2978 1745 3018 vult
1776 2977 1982 3013 dilationem
2006 2978 2052 3012 ab
2076 2979 2285 3026 accusatore
2307 2973 2372 3007 im-

1290 3028 1451 3069 petrare:
1489 3033 1536 3058 an
1565 3023 1695 3059 debeat
1725 3023 1865 3058 audiri?
1912 3021 2098 3068 respondi:
2135 3031 2206 3055 non
2235 3018 2374 3071 videtur

1289 3069 1377 3104 mihi
1412 3068 1604 3113 confugere
1640 3078 1683 3103 ea
1717 3068 1844 3103 mulier
1878 3068 1924 3103 ad
1957 3068 2087 3102 iustam
2122 3065 2372 3116 defensionem,

1288 3124 1380 3159 quae
1404 3117 1559 3149 aetatem
1578 3113 1643 3148 filii
1665 3113 1868 3158 praetendit
1891 3113 1937 3148 ad
1954 3111 2163 3148 eludendam
2181 3110 2372 3161 legitimam

1287 3159 1567 3195 accusationem:
1593 3169 1676 3193 nam
1697 3169 1769 3194 non
1789 3158 1912 3202 utique
1933 3157 2063 3192 crimen
2083 3155 2256 3197 adulterii,
2278 3152 2373 3205 quod

1287 3204 1427 3240 mulieri
1457 3204 1630 3246 obicitur,
1661 3204 1789 3239 infanti
1818 3203 2058 3249 praeiudicat,
2091 3210 2170 3235 cum
2200 3201 2314 3243 possit
2337 3201 2373 3232 et

1289 3250 1352 3285 illa
1375 3249 1539 3284 adultera
1562 3259 1640 3285 esse
1664 3253 1701 3284 et
1723 3249 1885 3295 impubes
1910 3248 2283 3297 defunctum-’patrem
2306 3242 2370 3276 ha-

1291 3298 1332 3330 10
1378 3294 1510 3330 buisse.
1558 3294 1702 3330 Volenti
1741 3294 1827 3328 mihi
1857 3303 1954 3328 ream
1986 3291 2150 3326 adulterii
2188 3287 2371 3333 postulare

1287 3350 1384 3383 eam,
1421 3349 1513 3384 quae
1552 3343 1636 3385 post
1670 3339 1896 3375 commissum
1931 3335 2142 3372 adulterium
2175 3334 2214 3368 in
2247 3332 2371 3368 eodeni

1287 3383 1514 3420 matrimonio
1538 3384 1828 3430 perseveraverit,
1854 3381 2111 3418 contradictum
2135 3382 2200 3414 est.
2226 3387 2370 3422 quaero,

1288 3440 1336 3466 an
1358 3430 1451 3464 iuste
1473 3439 1687 3475 responsum
1709 3429 1767 3465 sit.
1803 3427 2002 3472 respondit:
2026 3426 2189 3469 ignorare
2213 3433 2286 3475 non
2309 3422 2370 3473 de-

1287 3475 1398 3511 buisti
1422 3474 1571 3511 durante
1594 3485 1637 3511 eo
1660 3473 1900 3516 matrimonio,
1924 3472 1962 3506 in
1986 3481 2055 3515 quo
2081 3468 2293 3520 adulterium
2318 3467 2371 3502 dl-

1289 3520 1381 3555 citur
1416 3530 1494 3556 esse
1531 3520 1773 3564 commissum,
1809 3528 1881 3553 non
1914 3526 2020 3562 posse
2054 3515 2236 3549 mulierem
2274 3522 2371 3548 ream

136 3636 176 3677 (1)
199 3634 382 3668 constituet
399 3634 435 3668 F'

136 3680 233 3721 Hal.)
325 3680 370 3722 (3)
394 3689 461 3721 quo
473 3680 506 3713 F
514 3680 536 3722 ¹,
553 3680 612 3722 qui
624 3681 676 3712 ΡΞ
767 3681 810 3721 (4)
835 3679 967 3722 quodad
980 3681 1015 3714 F
1098 3683 1141 3722 (5)
1167 3690 1220 3712 ac-

137 3734 251 3758 cusare
263 3737 326 3758 scr.
417 3725 463 3767 (6)
487 3725 740 3768 superveniente
753 3726 786 3758 F
878 3725 922 3767 (Ἰ)
947 3726 984 3759 id
995 3733 1062 3760 est.-
1085 3725 1221 3758 abusive

137 3770 242 3811 magis
283 3780 286 3789 ¹
318 3771 363 3812 (8)
386 3779 479 3813 posse
491 3772 550 3804 ins.
565 3771 617 3803 F2
696 3772 741 3813 (9)
765 3772 950 3804 ceterorum
962 3769 1014 3803 F²
1091 3773 1151 3813 (1ο)
1177 3770 1221 3813 qs.

518 3636 561 3676 (2)
586 3636 646 3667 aut
664 3636 784 3677 arguat
802 3634 960 3667 infamem
978 3648 1040 3669 scr.
1061 3636 1222 3678 (similiter
1291 3635 1311 3667 l.
1326 3641 1361 3668 40
1378 3638 1394 3673 5
1411 3636 1428 3668 7
1444 3635 1474 3668 Ιι.
1490 3642 1509 3668 t.
1570 3636 1625 3676 (11)
1649 3631 1850 3675 papinianus
1863 3629 1913 3664 Γ2
1971 3630 2031 3673 (12)
2056 3637 2298 3669 quamffllmque
2310 3639 2369 3660 ⁸⁶⁷*-

1289 3680 1348 3720 (13)
1374 3690 1487 3712 verum
1509 3680 1570 3713 del.
1687 3680 1743 3716 (14)
1769 3675 1810 3708 ab
1831 3676 1890 3709 ins.
1913 3675 1963 3708 F2
2077 3678 2134 3712 (15)
2160 3673 2324 3706 matarius
2345 3672 2377 3704 F

1289 3725 1349 3766 (16)
1373 3727 1548 3758 accusante
1563 3725 1598 3758 F
1652 3724 1710 3764 (ιτ)
1735 3720 1865 3754 aliusF
1927 3721 1989 3762 (18)
2012 3719 2110 3752 fuisse
2125 3719 2160 3752 F
2217 3719 2277 3759 (19)
2303 3718 2368 3750 tra-

1289 3769 1393 3802 ditam
1406 3771 1439 3802 F

2014 3819 2099 3854 100*
