2528 3918
194 137 468 183 XXXXVIII
498 140 537 181 5.
562 139 586 179 6

190 270 326 306 poenae
349 263 481 296 metum
504 260 542 295 in
557 259 786 295 matrimomo
805 259 951 296 retineri
967 271 1074 306 posse
1095 258 1273 305 respondi,

191 309 210 339 5
258 305 342 351 quia
360 316 432 341 non
451 305 571 341 fuerat
589 305 753 340 adulterii
774 305 954 342 damnata.
989 305 1276 350 Praescriptione

190 351 347 396 quinque
371 361 546 386 annorum
576 350 710 386 crimen
733 350 861 387 incesti
884 350 1112 387 coniunctum
1136 349 1274 385 adulte-

190 399 211 431 6
257 395 311 431 rio
335 405 407 431 non
431 395 644 431 excluditur.
692 395 794 431 Duos
817 395 958 442 quidem
983 395 1167 437 adulterii,
1200 405 1275 430 ma-

190 450 264 476 rem
301 444 337 475 et
367 440 551 482 feminam,
589 444 736 486 propter
772 451 959 477 commune
998 440 1131 476 crimen
1170 439 1276 475 simul

191 496 261 520 non
284 485 362 520 iure
385 495 452 521 nec
475 496 498 520 a
521 485 595 521 viro
626 485 804 531 postulari
828 485 1003 522 convenit.
1052 496 1133 520 cum
1156 487 1277 520 tamen

191 530 331 565 duobus
363 529 611 566 denuntiatum
649 529 778 567 fuisset
807 531 853 567 ab
884 541 944 574 e0,
975 530 1035 575 qui
1064 533 1192 575 postea
1215 529 1275 565 de-

190 575 316 610 sistere
360 575 521 618 volebat,
564 575 794 612 abolitionem
838 586 916 612 esse
957 575 1195 611 necessariam
1239 574 1277 609 in

191 623 208 654 7
258 618 445 664 utriusque
473 630 663 666 personam
692 620 871 674 respondi.
931 620 1063 656 Incesti
1091 629 1277 656 commune

191 667 211 700 8
259 664 393 700 crimen
417 665 589 702 adversus
613 665 704 702 duos
728 666 833 702 simul
856 665 1026 701 intentari
1048 668 1178 711 potest.
1221 664 1277 700 De

190 709 301 745 servis
326 709 569 755 quaestionem
592 710 630 746 in
659 710 819 746 dominos
850 710 976 746 incesti
1000 710 1203 755 postulatos
1226 710 1276 744 ita

191 754 331 790 demum
367 755 567 791 habendam
606 756 791 802 respondi,
831 756 861 791 si
891 766 957 801 per
986 755 1199 791 adulterium
1222 754 1275 790 in-

192 802 328 836 cestum
353 810 432 836 esse
455 804 679 837 contractum
703 801 854 837 dicatur.

236 843 286 882 41
314 843 397 888 (40)
423 844 478 880 ΡΑ
487 855 582 882 vsvs
615 846 707 882 libro
731 856 826 881 nono
857 845 994 882 decimo
1017 856 1274 887 responsorum

190 889 400 934 Quaesitum
423 894 495 935 est,
529 901 575 926 an
608 901 668 933 ea,
702 901 807 936 quam
837 890 986 927 maritus
1017 890 1184 927 adulterii
1207 890 1276 926 cri-

190 935 286 971 mine
309 945 347 971 se
371 939 626 972 accusaturum
649 936 804 971 minatus
829 940 884 972 est
906 946 974 972 nec
991 937 1182 982 quicquam
1206 935 1278 980 egit

189 979 245 1016 vel
273 980 352 1016 iure
379 981 500 1016 mariti
530 981 585 1017 vel
614 981 691 1016 iure
722 981 883 1026 publico,
921 982 1057 1018 nubere
1086 981 1202 1027 possit
1233 981 1276 1022 ei,

190 1034 294 1106 auem
317 1026 354 1061 in
377 1036 421 1062 ea
444 1037 543 1062 reum
562 1025 728 1062 adulterii
746 1026 948 1062 destinavit.
972 1026 1108 1062 Paulus
1127 1036 1276 1071 respon-

215 1070 242 1106 it
272 1070 358 1106 nihil
387 1071 434 1106 im
462 1071 573 1115 edire,
604 1082 674 1117 quo
703 1071 821 1107 minus
851 1071 900 1115 ei,
936 1081 1040 1117 quem
1071 1075 1277 1117 suspectum

189 1115 362 1151 maritus¹
385 1082 530 1169 habuit,
562 1126 605 1152 ea
628 1116 678 1169 de.
696 1126 768 1161 qua
786 1117 969 1161 quaeritur
991 1117 1126 1169 nubere
1149 1116 1275 1169 possit.

194 1164 208 1196 1
257 1160 348 1196 Item
372 1166 572 1206 quaeritur,
598 1172 645 1197 an
668 1161 761 1197 idem
784 1161 932 1198 maritus
957 1161 1136 1198 destitisse
1159 1161 1277 1198 videa·

191 1210 250 1242 tur
278 1206 335 1242 vel
363 1206 578 1242 lenocinium
609 1207 844 1250 commisisse,
877 1207 939 1252 qui
961 1207 1112 1243 eandem
1134 1206 1279 1243 reduxit

192 1261 350 1286 uxorem.
399 1251 534 1287 Paulus
575 1252 762 1297 respondit
796 1262 896 1295 eum,
932 1253 993 1297 qui
1026 1256 1110 1298 post
1145 1252 1278 1288 crimen

191 1296 345 1332 adulteri
368 1296 582 1333 intentatum
607 1297 754 1333 eandem
779 1307 926 1333 uxorem
956 1297 1100 1333 reduxit
1109 1298 1134 1341 ²,
1168 1296 1276 1333 desti-

189 1341 277 1377 tisse
300 1341 411 1377 videri
441 1346 477 1377 et
499 1341 580 1378 ideo
611 1352 655 1378 ex
679 1342 802 1378 eadem
831 1342 909 1388 lege
931 1346 1060 1388 postea
1081 1342 1278 1379 accusandi

190 1387 223 1422 ei
245 1386 327 1422 ius³
349 1397 422 1422 non
445 1397 643 1432 superesse.

236 1429 290 1469 42
314 1430 397 1475 (41)
431 1431 538 1467 IDEM
568 1432 660 1468 libro
685 1433 807 1480 primo
836 1433 1095 1469 sententiarum
1141 1433 1184 1468 In
1208 1433 1276 1468 cri·

189 1476 285 1513 mine
313 1476 480 1512 adulterii
511 1477 611 1513 nulla
641 1477 760 1513 danda
788 1477 910 1514 dilatio
935 1481 1008 1523 est,
1040 1478 1109 1514 nisi
1133 1482 1175 1514 ut
1197 1489 1277 1524 per-

190 1532 300 1558 sonae
333 1522 585 1565 exhibeantur,
623 1526 687 1559 aut
715 1523 823 1558 iudex
861 1534 905 1559 ex
936 1523 1109 1569 qualitate
1145 1523 1278 1568 negotii

189 1571 307 1603 motus
331 1567 402 1602 hoc
425 1577 537 1603 causa
561 1567 705 1613 cognita
728 1569 939 1621 permiserit.
956 1575 967 1582 ⁹

236 1609 289 1650 43
307 1609 389 1655 (42)
411 1611 689 1649 TRYPHovas
709 1613 800 1649 libro
816 1613 973 1650 secundo
991 1613 1276 1661 disputationum

191 1657 230 1693 Si
252 1658 294 1700 is,
320 1658 381 1703 qui
404 1657 461 1693 ius
485 1658 674 1694 anulorum
695 1658 916 1705 impetravit,
942 1659 1155 1695 adulterium
1180 1669 1275 1695 com-

190 1702 285 1739 misit
307 1702 346 1738 in
368 1703 513 1756 patroni
535 1713 684 1739 uxorem
707 1707 771 1739 aut
793 1703 831 1739 in
854 1708 1044 1749 patronam
1068 1715 1188 1747 suam,
1213 1708 1279 1740 aut

188 1748 226 1783 in
250 1747 326 1784 eius
349 1757 425 1783 eive
434 1749 460 1791 ⁴,
494 1749 596 1784 cuius
626 1748 777 1785 libertus
809 1750 921 1795 patris
952 1752 1017 1785 aut
1039 1750 1181 1792 matris,
1211 1749 1277 1785 filii

189 1793 329 1829 filiaeve
352 1793 439 1829 fuit:
464 1803 511 1828 an
535 1796 576 1829 ut
597 1794 748 1830 libertus
771 1794 892 1839 puniri
914 1794 1067 1831 debeat?
1101 1799 1138 1830 et
1161 1795 1192 1830 si
1215 1794 1276 1830 de-

189 1838 389 1884 prehensus
413 1838 460 1874 sit
482 1838 521 1875 in
544 1839 733 1882 adulterio,
758 1850 805 1875 an
827 1840 973 1886 impune
997 1839 1206 1876 occidatur?
1242 1845 1278 1876 et

190 1884 300 1929 magis
346 1884 435 1920 robo
455 1883 701 1920 subiciendum
721 1887 883 1931 poenae-'¹
902 1885 1162 1928 libertinorum,
1188 1896 1276 1931 quo-

189 1929 286 1965 niam
331 1939 395 1974 ege
421 1929 515 1964 Iulia
544 1929 589 1965 de
617 1930 801 1966 adulteriis
832 1931 1037 1967 coercendis
1069 1931 1115 1966 ad
1144 1931 1278 1966 tuenda

189 1974 415 2010 matrimonia
437 1985 503 2020 pro
527 1974 702 2011 libertinis
727 1986 788 2012 eos
809 1975 957 2012 haberi⁶
986 1976 1126 2022 placuit
1157 1980 1193 2012 ct
1216 1976 1276 2012 de-

190 2019 356 2056 teriorem
388 2029 534 2055 causam
563 2031 628 2066 per
663 2020 762 2057 istud
795 2021 1007 2058 beneficium
1044 2026 1278 2067 patronorum

190 2064 316 2100 baberi
339 2075 411 2100 non
434 2069 588 2111 oportet.

236 2108 291 2148 44
315 2107 399 2154 (43)
425 2110 548 2146 θΑιυε
581 2110 673 2146 libro
706 2111 811 2146 tertio
852 2111 902 2147 ad
936 2111 1050 2157 lcqem
1089 2111 1277 2148 duodecim

191 2154 395 2192 tabularum
442 2155 480 2191 Si
510 2165 553 2191 ex
582 2156 659 2201 lege
687 2155 875 2201 repudium
906 2156 1054 2192 missum
1076 2167 1149 2193 non
1172 2157 1220 2193 sit
1242 2161 1279 2193 et

124 2228 133 2242 s
189 2200 324 2237 idcirco
349 2200 476 2236 mulier
498 2201 616 2237 adhuc
647 2206 761 2253 nupta
783 2211 863 2237 esse
886 2202 1066 2246 videatur,
1097 2206 1218 2238 tamen
1247 2201 1279 2238 si

215 2246 270 2282 uis
299 2256 378 2282 eam
410 2256 558 2282 uxorem
590 2246 747 2290 duxerit,
784 2247 924 2283 adulter
946 2258 1020 2283 non
1044 2248 1122 2283 erit.
1170 2248 1279 2294 idque

219 2290 333 2327 alvius
357 2290 516 2326 Iulianus
540 2291 740 2337 respondit,
773 2292 857 2338 quia
885 2292 1119 2336 adulterium,
1150 2293 1277 2338 inquit,

191 2337 267 2373 sine
298 2336 381 2372 dolo
412 2337 506 2372 malo
535 2348 607 2373 non
631 2336 878 2373 committitur:
914 2348 1129 2384 quamquam
1158 2338 1277 2374 dicen-

197 2381 277 2419 1um
286 2383 311 2424 ⁷,
336 2392 382 2416 ne
403 2381 445 2425 is,
470 2382 531 2427 qui
555 2383 662 2417 sciret
686 2392 764 2418 eam
788 2392 833 2418 ex
854 2383 932 2428 lege
958 2383 1182 2430 repudiatam
1205 2394 1278 2420 non

139 2441 144 2445 ·
194 2437 281 2470 esse,
306 2426 390 2463 dolo
413 2427 507 2462 malo
532 2427 741 2463 committat.

237 2470 291 2509 45
321 2470 405 2515 (44)
439 2471 687 2508 ΡΑΡῙΜΑΝυε
720 2472 811 2509 libro
851 2477 983 2519 quarto
1021 2484 1081 2509 res
1109 2484 1278 2510 onsorum

192 2517 374 2553 Defuncta
393 2527 535 2562 quoque
557 2528 665 2554 socru
686 2528 796 2599 {cuer
814 2517 941 2555 incesti
962 2522 1046 2565 post
1108 2519 1214 2564 bitur,
1238 2523 1280 2556 ut

191 2562 332 2598 adulter
354 2566 438 2608 post
460 2566 609 2599 mortem
628 2574 688 2599 mu
716 2573 797 2600 ens.

689 2701 780 2743 V1⁸.

323 2768 383 2801 AD
407 2767 570 2802 LEGEM
593 2767 761 2801 IULIAM
783 2768 846 2801 DE
870 2767 920 2801 VI
943 2767 1152 2802 PUBLIGA.

244 2832 260 2870 1
288 2832 525 2869 ManclAst
558 2833 649 2869 libro
682 2838 814 2880 quarto
846 2834 982 2871 decimo
1017 2835 1278 2870 institutionum

194 2878 289 2925 Lege
308 2878 399 2914 Iulia
422 2878 467 2913 de
488 2879 523 2914 vi
545 2878 692 2924 publica
714 2882 865 2924 tenetur,
890 2878 951 2925 qui
969 2889 1070 2915 arma
1092 2880 1165 2915 tela
1185 2879 1280 2916 domi

192 2934 281 2960 suae
304 2933 433 2969 agrove
456 2924 560 2959 inve⁹
591 2923 675 2958 villa
705 2927 849 2969 praeter
879 2935 983 2960 usum
1006 2924 1202 2961 venationis
1226 2925 1280 2960 vel

193 2969 329 3005 itineris
352 2968 407 3004 vel
430 2968 666 3013 navigationis
690 2970 855 3014 coegerit.

239 3011 265 3051 2
290 3013 493 3050 Scaevoia
523 3014 614 3049 libro
639 3019 770 3060 quarto
793 3014 1004 3062 reqularum
1039 3015 1280 3061 Excipiuntur

193 3063 313 3095 autem
345 3069 463 3102 arma,
502 3068 594 3105 quae
627 3058 705 3103 quis
741 3059 931 3105 promercii
973 3070 1084 3097 causa
1114 3060 1280 3096 habuerit

193 3104 434 3140 hereditateve
456 3103 489 3140 ei
513 3103 721 3139 obvenerint
733 3106 771 3141 ¹⁰.

238 3147 263 3187 3
288 3148 526 3185 Mammam
557 3149 648 3184 libro
686 3154 817 3195 quarto
848 3150 984 3187 decimo
1017 3151 1278 3186 institutionum

193 3194 234 3229 In
257 3194 381 3230 eadem
405 3203 516 3230 causa
537 3197 633 3236 sunt,
658 3195 719 3239 qui
742 3195 869 3231 turbae
892 3195 1120 3232 seditionisve
1142 3195 1278 3232 facien·

192 3239 260 3275 dae
284 3239 471 3275 consilium
498 3238 644 3275 inierint
673 3249 837 3276 servosve
868 3244 932 3276 aut
961 3240 1093 3277 liberos
1117 3240 1278 3277 homines

197 3288 210 3319 ι
259 3284 298 3320 in
320 3285 429 3320 armis
451 3284 653 3321 habuerint.
690 3284 827 3320 Eadem
850 3285 927 3331 lege
950 3289 1102 3329 tenetur,
1127 3286 1188 3332 qui
1210 3297 1277 3332 pu-

192 3400 232 3441 (ι)
256 3398 370 3432 mariti
387 3399 423 3433 F'
530 3400 575 3441 (2)
599 3397 771 3433 reduxerit
787 3398 840 3431 F*

193 3446 236 3486 (4)
261 3444 343 3486 eive]
364 3454 476 3477 eamve
495 3445 570 3479 edd.
695 3444 740 3486 (⁵)
762 3453 870 3487 poena
891 3444 924 3476 F

192 3490 236 3529 (¹1)
261 3487 438 3523 dicendum
451 3491 500 3522 est
514 3488 575 3531 Ρ,
595 3488 776 3522 videndum
787 3489 894 3523 Faber

238 3534 284 3575 (s)
310 3534 584 3572 Sab.1...s.s...s:
610 3534 677 3568 Ed.
691 3542 717 3568 4.
732 3541 760 3568 9.
775 3541 826 3573 10:
852 3533 1105 3577 Pap.11.12.—-
1123 3534 1207 3568 Bas.
1222 3537 1276 3576 60,

194 3586 239 3621 ιε,
256 3586 346 3613 ι...ιι.
366 3598 411 3604 -
435 3580 486 3623 Cs.
504 3579 583 3612 Cod.
602 3581 634 3621 9,
656 3586 688 3613 12
803 3579 851 3623 (o)
875 3577 965 3621 inve]
985 3579 1063 3611 nim
1082 3579 1148 3620 ΙΝ,
1166 3579 1205 3612 in
1225 3578 1276 3613 F⁶

193 3624 256 3666 (ιο)
274 3623 489 3658 obveneritF
527 3625 584 3667 (ιι)
602 3634 767 3657 concursu
779 3624 904 3658 ins.F'⁰
950 3625 1010 3666 (12)
1024 3624 1138 3668 staret]
1147 3624 1279 3659 fleretS

195 3670 253 3709 (1³)
277 3679 441 3702 concursu
454 3669 527 3702 edd.
597 3670 656 3711 (u)
681 3670 781 3711 quive
792 3682 854 3703 scr.
923 3668 985 3709 (15)
1010 3669 1084 3701 divo
1099 3670 1276 3703 Hadriano

195 3714 354 3748 adscribit
369 3714 579 3748 Callistratus
591 3714 637 3747 D.
652 3716 682 3751 5.
695 3722 719 3755 ι,
732 3721 766 3748 37
880 3715 941 3755 (ιο)
966 3714 1003 3748 id
1020 3720 1085 3747 est.-
1109 3715 1276 3748 oouunuui

193 3757 426 3793 Thessalorum
541 3761 600 3801 (ιτ)
624 3771 686 3793 scr.
707 3759 763 3791 sed
783 3759 879 3792 divus
897 3760 1038 3793 Severus
1057 3758 1202 3792 decrevit
1237 3762 1276 3793 ut

954 3400 997 3440 (3)
1022 3399 1054 3433 ei
1073 3399 1137 3442 ius]
1159 3399 1231 3432 eius
1251 3399 1287 3433 F

1038 3445 1085 3487 (6)
1109 3444 1230 3478 habere
1250 3445 1284 3478 F

1269 130 1350 178 800

1535 97 1587 199 Y
1610 147 1676 183 AD
1705 149 1857 182 LEGEM
1885 150 2044 182 mnam
2071 151 2133 183 DE
2162 152 2209 183 vl
2228 151 2427 184 mmmm

1346 260 1366 295 2
1412 258 1476 295 bes
1500 269 1581 294 cum
1603 257 1678 295 telo
1699 258 1738 295 in
1765 258 1910 305 publico
1933 258 2052 296 fuerit.
2098 259 2141 296 In
2162 259 2287 296 eadem
2317 270 2427 297 eausa

1345 308 1439 346 sunt,
1464 303 1524 349 qui
1547 303 1704 349 pessim0
1727 305 1887 351 exemplo
1911 308 2108 341 convocatu
2132 305 2304 342 seditione
2325 305 2427 342 villas

1345 348 1695 430 3⁸¹'iffl'issffsstu‘ss‘
1717 359 1798 440 ⁰:2¹3
1820 350 2090 431 tritaet?
2098 350 2428 441 ,kgssssfizsspssffiti

1688 419 1698 436 9

1346 442 1366 473 4
1414 443 1556 484 praeter
1579 439 1774 475 materiam.
1820 440 2012 476 Praeterea
2042 440 2190 486 punitur
2212 440 2318 476 huius
2342 440 2429 485 legis

1345 494 1481 564 {⁰033
1511 484 1752 574 ‘3312335535
1775 484 2430 576 V0s¹0df⁰¹33⁰2¹12²35l23533312m0ffi

1368 573 1463 610 ladio
1495 578 1559 610 aut
1589 574 1661 609 telo
1692 573 1855 620 rapiendi
1893 585 2004 611 causa
2035 575 2104 612 fuit
2133 576 2189 611 vel
2218 574 2430 621 prohibendi

1345 585 1528 655 {ominum
1560 629 1619 655 res
1650 629 1735 656 suas
1767 629 1927 674 servare²
1967 620 2090 657 eadem
2129 630 2247 667 poena
2275 623 2428 656 tenetur.

1346 668 1366 699 6
1412 663 1550 700 Eadem
1573 663 1652 710 lege
1675 666 1835 708 tenetur,
1867 676 1928 710 qm
1950 666 2153 702 hominibus
2177 665 2323 702 armatis
2346 675 2430 711 pos-

1346 719 1522 745 sessorem
1558 708 1664 745 domo
1696 719 1825 754 agrove
1856 721 1921 746 suo
1957 714 2022 747 aut
2054 711 2137 748 navi
2167 720 2235 748 sua
2264 710 2432 747 deiecerit

1346 764 1391 790 ex
1419 765 1442 789 u
1467 754 1603 790 naverit
1617 756 1645 777 ¹¹

1391 765 1417 836 Ξ
1442 764 1644 836 {nmmos
1671 799 1763 836 libro
1793 801 2118 847 quiriquaqcnsimo
2145 811 2240 837 nono
2265 800 2316 837 ad
2337 800 2431 837 edic-

1346 849 1420 879 tum
1467 845 1562 881 utive
1585 844 1623 880 id
1645 847 1760 881 staret
1772 845 1810 888 ¹2,
1834 845 1993 882 homines
2018 845 2308 882 commodaverit:

1392 888 1416 926 5
1449 889 1686 926 Manczazws
1716 890 1806 926 libro
1838 895 1970 936 quarto
2001 890 2137 927 decimo
2168 891 2431 927 institutionum
2480 917 2483 919 >

1346 935 1407 979 qui
1438 939 1544 971 coetu
1574 935 1789 971 conversu¹³
1819 936 1926 971 turba
1956 935 2130 972 seditione
2152 935 2356 972 incendium
2377 935 2430 972 fe-

1347 980 1451 1016 cerit:
1485 980 1615 1025 quique
1629 981 1655 1002 ¹⁴
1679 980 1858 1016 hominem
1882 980 1963 1017 dolo
1987 981 2081 1017 malo
2112 981 2299 1017 incluserit
2327 981 2431 1017 obse-

1347 1025 1454 1061 derit:
1504 1025 1583 1061 uive
1606 1025 1742 1069 fecerit,
1767 1027 1837 1071 qu'o
1860 1026 1976 1061 minus
2001 1026 2206 1072 sepeliatur,
2231 1036 2301 1072 quo
2319 1037 2354 1061 m
2403 1026 2412 1034 '

1346 1070 1455 1106 funus
1480 1036 1669 1123 diripiatur
1692 1070 1929 1107 distrahatur:
1963 1071 2067 1124 quive
2089 1081 2153 1117 per
2176 1071 2246 1107 vim
2275 1036 2432 1107 sibioffis

1347 1126 1452 1196 ‹lquegi
1469 1116 1688 1197 ogglgavegtit,
1706 1125 1803 1197 netga
1809 1126 1887 1169 eam
1909 1116 1994 1197 obhe
2004 1116 2233 1197 atiionenrlex
2250 1116 2430 1196 rescintdit.

1442 1172 1454 1196 1
1557 1172 1591 1196 vr
1746 1172 1763 1197 s
1804 1172 1922 1197 ssione
1952 1173 1973 1196 v
2064 1172 2195 1198 omimo
2251 1172 2362 1198 uaera
2378 1172 2421 1197 ur

1347 1209 1432 1242 ante
1463 1172 1750 1251 cognoscendxim
1778 1206 1823 1243 de
1851 1207 1885 1242 vi
1904 1217 2021 1252 ‘quam
2052 1206 2097 1243 de
2130 1173 2351 1252 proprietate
2379 1188 2433 1242 rei

1348 1251 1450 1287 divus
1473 1251 1559 1287 Pius
1575 1253 1603 1273 ¹⁵
1632 1252 1688 1295 τῷ
1714 1253 1826 1296 κοινῷ
1849 1253 1926 1286 τῶν
1950 1251 2144 1287 Θεσσαλῶν
2156 1253 2184 1274 ¹⁶
2216 1252 2354 1288 Graece
2376 1261 2432 1287 re·

1347 1296 1507 1341 scripsit:
1540 1295 1604 1332 sed
1635 1300 1671 1333 et
1702 1296 1877 1339 decrevit,
1918 1301 1959 1333 ut
1989 1297 2089 1342 prius
2113 1297 2158 1333 de
2181 1296 2216 1333 vi
2238 1301 2434 1343 quaeratur

1347 1345 1367 1376 2
1414 1352 1522 1387 quam
1552 1341 1596 1378 de
1625 1342 1703 1378 iure
1734 1341 1879 1378 dominii
1911 1343 1984 1378 sive
2023 1342 2261 1388 possessionis
2275 1343 2315 1378 ¹⁷.
2365 1341 2433 1387 Qui

1345 1390 1532 1422 vacantem
1563 1387 1746 1423 mulierem
1776 1388 1897 1433 rapuit
1919 1388 1975 1423 vel
1998 1391 2165 1433 nuptam,
2199 1387 2322 1424 ultimo
2346 1398 2432 1433 sup-

1346 1432 1452 1478 plicio
1482 1433 1629 1478 punitur
1659 1436 1710 1476 et,
1746 1433 1777 1468 si
1805 1437 1910 1479 pater
1937 1432 2103 1469 iniuriam
2130 1443 2233 1469 suam
2266 1433 2433 1478 precibus

1346 1482 1515 1514 exoratus
1532 1478 1719 1520 remiserit,
1743 1482 1864 1514 tamen
1887 1483 2079 1514 extraneus
2103 1478 2179 1514 sine
2201 1477 2435 1524 quinquennii

1346 1523 1629 1577 praescriptione
1644 1533 1744 1559 reum
1760 1523 1944 1568 postulare
1960 1523 2101 1568 poterit,
2123 1534 2204 1559 cum
2221 1528 2347 1569 raptus
2363 1523 2433 1559 cri-

1347 1578 1428 1604 men
1451 1569 1538 1613 legis
1560 1569 1673 1604 Iuliae
1686 1570 1714 1591 ¹⁸
1740 1569 1784 1604 de
1809 1568 1981 1604 adulteris
2003 1572 2218 1615 potestatem
2238 1567 2391 1604 excedit.

1393 1611 1417 1651 6
1450 1613 1645 1650 mmm
1672 1614 1763 1650 libro
1791 1615 1944 1667 septimo
1974 1613 2019 1650 de
2047 1614 2173 1660 officio
2199 1613 2434 1661 proconsulis

1346 1658 1396 1693 Et
1418 1669 1519 1702 eum,
1552 1659 1613 1705 qui
1643 1669 1795 1704 puerum
1823 1669 2016 1705 ingenuum
2045 1659 2181 1704 rapuit,
2239 1658 2433 1695 uniendum

1348 1704 1449 1740 divus
1480 1704 1567 1740 Pius
1609 1704 1795 1750 rescripsit
1830 1705 1868 1740 in
1905 1704 1996 1740 haec
2032 1705 2160 1740 verba:
2209 1708 2218 1723 ‘
2279 1703 2434 1749 emplum

1348 1749 1468 1785 ‘libelli
1497 1749 1571 1785 dati
1593 1749 1680 1785 mihi
1710 1760 1733 1785 a
1755 1749 1914 1785 Domitio
1939 1749 2080 1785 Silvano
2112 1749 2253 1785 nomine
2285 1748 2434 1785 Domitii

1348 1794 1493 1830 ‘Silvani
1514 1795 1636 1840 patrui
1659 1794 1774 1831 subici
1796 1794 1899 1839 iussi,
1924 1797 2043 1831 motus
2067 1794 2226 1840 querella
2248 1794 2338 1838 eius,
2362 1803 2434 1839 qua

1348 1839 1571 1885 ‘significavit
1593 1840 1705 1875 filium
1736 1851 1839 1876 suum
1862 1840 2073 1884 ingenuum,
2108 1840 2275 1876 iuvenem
2310 1838 2433 1875 admo·

1348 1884 1460 1929 ‘dum,
1485 1889 1628 1930 raptum
1651 1889 1759 1931 atque
1790 1885 2016 1927 conclusum,
2047 1895 2132 1921 mox
2159 1885 2366 1921 verberibus
2389 1894 2434 1920 ac

1348 1931 1546 1966 ‘tormentis
1583 1941 1697 1984 usque
1727 1930 1774 1966 ad
1805 1941 1982 1966 summum
2012 1930 2210 1975 periculum
2238 1929 2432 1972 adflictum,

1348 1975 1506 2011 ‘Gemine
1530 1976 1729 2012 carissime:
1765 1975 1869 2011 velim
1901 1975 2026 2011 audias
2051 1986 2130 2011 eum
2154 1979 2207 2018 et,
2237 1975 2268 2011 si
2291 1984 2433 2021 compe·

1347 2021 1448 2056 ‘reris
1472 2022 1563 2056 haec
1586 2021 1638 2056 ita
1660 2021 1828 2065 admissa,
1853 2031 1929 2057 rem
1953 2031 2074 2057 severe
2097 2020 2295 2066 exequaris·
2309 2021 2348 2056 ¹⁹.

1395 2064 1417 2102 7
1444 2066 1549 2102 Imm
1581 2067 1672 2103 libro
1696 2072 1822 2103 octavo
1846 2066 1891 2102 de
1913 2066 2040 2112 officio
2057 2066 2293 2113 proconsulis
2337 2065 2434 2110 Lege

1346 2111 1438 2146 Iulia
1461 2111 1505 2147 de
1528 2111 1562 2147 vi
1611 2111 1732 2147 ublica
1755 2115 1912 2154 tenetur,
1945 2111 2024 2156 qui,
2054 2122 2136 2146 cum
2158 2110 2344 2157 imperium
2366 2121 2432 2157 po-

1346 2160 1556 2193 testatemve
1615 2157 1756 2200 aberet,
1789 2157 1899 2193 civem
1930 2156 2132 2192 Romanum
2155 2156 2325 2192 adversus
2347 2166 2431 2202 pro·

1346 2202 1568 2238 vocationem
1605 2202 1785 2238 necaverit
1823 2201 2062 2238 verberaverit
2092 2201 2279 2238 iusseritve
2310 2200 2433 2247 quid²⁰

1346 2246 1424 2283 fieri
1443 2252 1507 2283 aut
1550 2247 1611 2283 uid
1629 2248 1667 2283 in
1689 2247 1820 2284 collum
1838 2247 2009 2291 iniecerit,
2033 2251 2074 2282 ut
2092 2250 2313 2292 torqueatur.
2347 2247 2433 2282 item

1347 2292 1443 2338 quod
1466 2293 1512 2328 ad
1526 2259 1669 2337 ‘legatos
1694 2296 1854 2329 oratores
1880 2293 2070 2328 comitesve
2093 2292 2275 2335 attinebit,
2299 2291 2330 2327 si
2352 2291 2431 2337 quis

1347 2348 1469 2374 eorum
1491 2339 1656 2383 pulsasse
1679 2343 1715 2374 et
1738 2338 1847 2374 sive²¹
1872 2338 2038 2373 iniuriam
2061 2337 2188 2374 fecisse
2211 2341 2390 2382 arguetur.

1387 2379 1418 2421 ’8
1442 2382 1679 2419 Mammas
1700 2383 1791 2420 libro
1815 2384 1941 2430 quinto
1958 2382 2191 2430 publicorum
2226 2382 2323 2427 Lege
2340 2381 2432 2417 Iulia

1347 2428 1391 2464 de
1422 2428 1457 2463 vi
1485 2428 1631 2474 publica
1662 2432 1822 2472 cavetur,
1858 2438 1903 2464 ne
1926 2428 2006 2474 quis
2029 2438 2130 2463 reum
2158 2427 2292 2463 vinciat
2320 2427 2432 2473 impe-

1347 2473 1484 2554 ddatve'
1519 2484 1590 2520 quo
1625 2474 1742 2510 minus
1776 2473 1914 2510 Romae
1947 2473 2043 2509 intra
2077 2473 2253 2509 certum2²
2289 2475 2431 2518 tempus

1347 2529 1369 2555 a
1395 2519 1452 2555 sit.

1394 2561 1419 2602 9
1446 2563 1604 2599 Pacius
1624 2563 1716 2599 libro
1738 2564 1889 2610 septimo
1913 2563 1963 2599 ad
1979 2563 2132 2599 edictum
2168 2563 2336 2598 Armatos
2358 2572 2432 2598 non

1347 2609 1471 2654 utique
1494 2618 1556 2645 eos
1586 2608 1790 2661 intellegere
1813 2608 2001 2651 debemus,
2034 2607 2095 2653 qui
2122 2607 2195 2643 tela
2216 2607 2431 2651 habuerunt,

1349 2654 1412 2691 sed
1436 2654 1542 2690 etiam
1565 2653 1652 2699 quid
1675 2653 1773 2690 ahud
1782 2654 1814 2676 ²³
1836 2663 1965 2690 nocere
1987 2656 2118 2699 potest.

1399 2698 1487 2738 102⁴
1518 2698 1712 2735 Umasws
1732 2699 1823 2735 libro
1840 2699 2094 2746 seaeaqcnsimo
2118 2702 2242 2734 octavo
2266 2697 2316 2733 ad
2337 2697 2431 2734 edic·

1349 2749 1423 2780 tum
1469 2743 1538 2789 Qui
1568 2743 1650 2780 (1010
1675 2744 1767 2780 malo
1791 2744 1935 2786 fecerit,
1960 2754 2029 2789 quo
2052 2743 2170 2779 minus
2194 2742 2328 2778 iudicia
2349 2746 2429 2778 tuto

1349 2793 1583 2826 exerceantur
1611 2792 1676 2824 aut
1704 2789 1841 2825 iudices
1871 2793 1913 2824 nt
1943 2792 2086 2834 oportet
2115 2788 2273 2824 iudicent
2301 2787 2358 2824 vel
2386 2788 2430 2831 is,

1349 2836 1410 2881 qui
1433 2838 1646 2880 potestatem
1669 2834 1898 2880 imperiumve
1926 2834 2088 2877 habebit,
2126 2843 2234 2879 quam
2243 2834 2274 2855 ²⁵
2307 2832 2340 2869 ei
2373 2832 2430 2869 ius

1349 2881 1427 2923 erit,
1452 2880 1622 2915 decernat
1643 2880 1792 2925 imperet
1814 2879 1940 2915 faciat:
1979 2879 2039 2931 qui
2069 2878 2172 2914 ludos
2200 2878 2430 2923 pecuniamve

1349 2926 1395 2962 ab
1420 2925 1539 2971 aliquo
1569 2924 1678 2961 invito
1710 2924 1871 2978 polliceri
1894 2924 2036 2970 pubhce
2058 2924 2265 2969 privatimve
2287 2933 2354 2969 per
2374 2923 2428 2959 in-

1347 2971 1475 3006 iuriam
1506 2969 1678 3015 exegerit:
1714 2972 1799 3005 item
1833 2970 1895 3023 qui
1929 2980 2010 3005 cum
2043 2969 2113 3005 telo
2149 2968 2230 3005 (1010
2263 2968 2358 3005 malo
2392 2968 2429 3004 in

1349 3016 1514 3052 contione
1523 3016 1554 3037 ²⁸
1584 3014 1694 3051 fuerit
1715 3019 1780 3051 aut
1800 3015 1862 3051 ubi
1890 3014 2059 3050 iudicium
2082 3014 2225 3060 publice
2247 3013 2428 3050 exercebi-

1348 3066 1419 3097 tur.
1467 3063 1638 3106 exceptus
1669 3063 1742 3103 est,
1778 3060 1839 3106 qui
1873 3064 2021 3105 propter
2047 3059 2270 3095 venationem
2297 3058 2430 3094 habeat

1348 3105 1508 3142 homines
1517 3105 1559 3148 ²⁷,
1583 3105 1645 3151 qui
1665 3115 1746 3141 cum
1768 3105 1891 3141 bestiis
1940 3108 2083 3150 ugnent,
2107 3104 2360 3150 ministrosque
2381 3103 2429 3139 ad

1352 3155 1366 3186 1
1416 3161 1460 3187 ea
1489 3150 1624 3186 habere
1653 3150 1870 3186 conceditur.
1914 3116 1995 3186 fiac
2025 3149 2102 3195 lege
2131 3152 2275 3185 tenetur
2302 3153 2339 3185 et
2367 3148 2429 3194 qui

1350 3196 1553 3232 convocatis
1583 3195 1785 3231 hominibus
1808 3195 1879 3231 vim
1901 3194 2044 3239 fecerit,
2068 3204 2138 3240 quo
2163 3194 2243 3240 quis
2265 3194 2428 3230 verbere-

1349 3245 1369 3277 2
1415 3244 1476 3277 tur
1498 3243 1536 3276 et
1549 3240 1731 3293 pulsetur,
1757 3241 1909 3286 ²⁸neque
1931 3241 2036 3276 homo
2060 3238 2201 3276 occisus
2224 3238 2281 3275 sit.
2317 3238 2426 3275 Dam-

1349 3290 1434 3323 nato
1459 3285 1504 3323 de
1525 3296 1559 3322 vi
1582 3286 1729 3331 publica
1751 3296 1846 3332 aqua
1868 3289 1904 3322 et
1925 3285 1998 3331 igni
2019 3284 2254 3321 interdicitur.

1344 3399 1439 3444 prius
1458 3409 1557 3442 quam
1577 3398 1617 3433 de
1628 3399 1662 3432 vi
1676 3401 1857 3442 quaeratur
1868 3398 1908 3433 de
1919 3398 1993 3432 iure
2003 3399 2216 3442 possessionis
2229 3400 2287 3443 (est
2303 3399 2381 3433 God.
2395 3400 2427 3440 7,

1347 3452 1394 3486 ⁶2,
1411 3447 1438 3486 ι)
1532 3446 1593 3487 (18)
1617 3443 1703 3478 iulia
1721 3445 1757 3477 F
1843 3445 1905 3486 (ιθ)
1929 3444 2083 3486 exquaris
2103 3445 2137 3477 F
2223 3445 2289 3486 (20)
2312 3454 2427 3477 eorum

1345 3500 1431 3532 quae
1441 3499 1542 3532 supra
1553 3490 1677 3533 scripta
1686 3490 1768 3523 sunt
1784 3490 1845 3523 ins.
1911 3490 1970 3530 (21)
1995 3489 2169 3523 comitesve
2179 3499 2294 3523 eorum
2306 3489 2426 3522 attine-

1345 3534 1535 3577 bit‚siquis
1545 3534 1689 3578 pulsasse
1700 3534 1771 3568 sive
1781 3547 1842 3567 scr.
1883 3553 1885 3555 -
1921 3535 1984 3573 (22)
2010 3535 2192 3568 oentumF
2257 3535 2320 3574 (28)
2344 3534 2427 3577 quid

1345 3578 1439 3613 aliud
1462 3579 1524 3622 ΙΝ,
1555 3590 1610 3613 eos
1633 3579 1693 3623 qui
1716 3578 1811 3613 aliud
1833 3578 1923 3622 quod
1953 3579 2021 3622 ΙΝ,
2051 3578 2216 3623 quidquid
2238 3578 2333 3613 aliud
2361 3592 2425 3615 scr.

1345 3625 1408 3667 (24)
1432 3626 1479 3658 ad
1492 3629 1508 3664 ς
1522 3632 1535 3659 1
1550 3627 1592 3668 cs.
1605 3625 1652 3659 D.
1665 3626 1720 3666 48,
1733 3632 1761 3667 τ,
1773 3631 1791 3659 2
1883 3625 1947 3667 (2ο)
1969 3624 2007 3658 in
2019 3635 2089 3658 rom
2105 3626 2165 3659 ina.
2257 3625 2322 3667 (20)
2346 3634 2424 3658 oon·

1344 3669 1466 3703 tinenti
1487 3670 1538 3703 ΙΝ
1585 3715 1637 3749 F,
1652 3668 1716 3712 (27)
1740 3669 1796 3703 oui
1815 3670 1951 3713 propter
1969 3670 2176 3703 venationem
2195 3669 2345 3703 homines
2361 3682 2424 3704 ser.

1345 3716 1408 3756 (28)
1432 3715 1494 3749 etsi
1510 3716 1572 3750 ine.
