2528 3918
149 128 314 160 EDICTO

146 238 251 275 simul
282 238 328 273 ad
360 238 546 283 utriusque
570 237 677 273 edicti
700 247 846 273 causam
870 247 985 273 annus
1011 239 1160 274 cessisse
1183 239 1232 274 vi-

147 283 303 319 debitur:
335 283 364 318 si
393 293 476 318 vero
508 283 717 328 interposito
749 286 910 336 tempore
939 283 1058 318 scierit
1090 287 1233 318 contro-

146 329 295 364 versiam
328 327 395 363 sibi
429 328 577 370 moveri,
617 328 751 373 poterit
785 332 892 363 etlam
926 329 1026 363 finito
1063 333 1232 374 tempore,

145 373 238 408 intra
272 373 368 418 quod
399 383 443 408 ex
473 373 588 417 prima
620 377 724 418 parte
760 373 934 409 bonorum
973 374 1233 419 possessionem

145 422 345 463 acceperat,
369 428 413 454 ex
437 418 598 462 sequenti
622 419 797 453 bonorum
816 420 1079 463 possessionem
1100 423 1230 464 petere.

146 473 252 508 quam
285 474 365 498 cum
390 462 583 507 acceperit,
616 467 790 509 perpetuo
822 465 1052 508 possessoriis
1082 464 1232 499 actioni-

144 509 211 544 bus
236 512 373 544 utetur:
400 507 463 543 sed
487 508 518 543 si
534 512 618 552 post
634 509 859 553 pubertatem
885 514 1012 545 contra
1037 520 1115 544 eum
1140 510 1231 544 iudi-

145 557 264 588 catum
287 553 406 595 fuerit,
431 553 704 597 denegabuntur
728 554 760 589 ei
783 554 953 590 actiones.

190 598 214 635 5
246 598 441 633 ULPJANUS
461 598 551 633 libro
577 599 881 645 quadraqensimo
898 601 1022 646 primo
1055 601 1104 635 ad
1135 601 1229 636 edic-

145 648 218 678 tum
266 643 337 679 Sed
361 643 391 679 si
414 643 455 687 is,
481 644 541 688 qui
566 645 845 680 controversiam
868 645 1043 690 impuberi
1063 645 1161 687 facit,
1187 656 1232 681 ex

145 689 267 725 liberis
293 689 349 731 sit,
378 689 522 731 eveniet,
554 692 604 732 ut,
630 690 701 724 sive
727 694 851 725 caveat
874 691 943 733 hic,
971 691 1028 726 cui
1052 695 1167 726 status
1191 691 1232 725 fit

145 734 404 776 controversia,
439 734 510 769 sive
541 745 612 770 non
641 739 782 778 caveat,
816 739 972 771 attamen
998 736 1101 772 simul
1126 737 1172 771 sit
1195 736 1232 771 in

147 782 162 814 1
209 779 482 824 possessionem.
528 779 565 814 Si
580 780 743 832 impubes
763 791 834 816 non
852 781 1064 816 defendatur
1078 781 1230 816 idcirco-

144 835 213 869 que
230 825 356 859 missus
373 824 470 859 sitin
489 835 750 869 possessmnem
770 826 877 861 etiam
898 827 1120 862 adversarius
1143 827 1229 869 eiuS,

142 870 301 905 actiones
326 869 560 905 hereditarias
586 870 663 915 quis
689 872 893 907 exercebit?
934 876 969 906 et
998 873 1049 906 ait
1070 872 1230 907 Iulianus

143 915 234 950 libro
267 915 458 950 vicensimo
492 921 618 960 quarto
654 915 872 960 digestorum
907 921 1108 953 curatorem
1144 928 1229 953 con-

143 960 244 995 stitui
275 960 420 1002 debere,
463 961 522 1005 qui
552 961 670 996 omnia
703 965 829 997 curet¹
861 963 1020 998 actiones
1053 965 1228 998 exerceat.

143 1006 294 1049 denique
319 1005 446 1040 scribit
467 1006 572 1040 etiam
597 1016 688 1050 eum,
715 1007 775 1051 qui
801 1018 881 1042 cum
901 1008 1085 1052 impubere
1101 1009 1229 1043 missus

143 1050 256 1085 estin
280 1051 560 1095 possessionem,
593 1052 753 1087 actiones
785 1063 891 1098 posse
924 1053 1092 1088 adversus
1126 1063 1228 1088 cura-

142 1099 255 1131 torem
267 1096 282 1116 2
304 1096 487 1131 intendere
503 1107 569 1132 nec
584 1107 662 1132 esse
678 1098 958 1142 prohibendum:
984 1099 1120 1133 nullum
1138 1099 1230 1133 enim

142 1151 206 1186 per
229 1141 298 1176 hoc
322 1141 582 1186 praeiudicium
605 1143 795 1178 hereditati
819 1143 913 1179 fieri:
939 1154 1022 1179 nam
1047 1148 1082 1178 et
1105 1144 1229 1179 adver-

142 1197 202 1221 sus
226 1186 343 1231 ipsum
392 1187 540 1231 upillum
551 1188 575 1227 ³,
609 1188 639 1223 si
664 1188 750 1223 satis
775 1188 940 1232 dedisset,
970 1192 1068 1224 recte
1092 1188 1228 1234 experi-

143 1234 161 1265 2
209 1235 318 1266 retur.
398 1232 537 1267 uotiens
569 1232 731 1278 impubes
763 1234 850 1269 satis
874 1245 946 1269 non
970 1234 1047 1277 dat,
1078 1234 1230 1269 mittitur

140 1276 176 1311 in
199 1276 459 1321 possessionem
484 1277 709 1314 adversarius
734 1279 829 1321 eius,
862 1280 935 1315 sive
959 1280 1045 1315 satis
1071 1279 1131 1315 det
1155 1279 1228 1315 sive

141 1332 212 1356 non
237 1321 308 1357 det.
356 1322 386 1356 si
409 1322 494 1357 velit
519 1323 741 1359 adversarius
768 1324 940 1360 committi
967 1325 1034 1360 sibi
1058 1325 1227 1360 adminis-

140 1367 346 1409 trationem,
373 1367 460 1402 satis
485 1368 569 1403 dare
593 1368 698 1404 debet
720 1369 877 1421 pupillo:
906 1373 1062 1406 ceterum
1087 1370 1116 1405 si
1140 1370 1228 1406 satis

114 1455 118 1459 ⁴
140 1422 212 1446 non
231 1412 299 1454 det,
325 1412 430 1447 debet
454 1416 598 1448 curator
624 1415 802 1457 consumi,
827 1425 892 1460 per
916 1426 1021 1460 quem
1044 1416 1140 1451 bona
1164 1415 1226 1450 ad-

140 1457 395 1493 ministrentur.
436 1457 662 1494 adversarius
686 1463 805 1495 autem
829 1461 860 1495 si
880 1461 967 1496 satis
985 1460 1133 1504 dederit,
1157 1471 1227 1504 res,

140 1512 232 1582 guae
261 1506 420 1548 tempore
448 1503 629 1548 periturae
660 1508 723 1539 aut
755 1505 948 1542 deteriores
972 1506 1117 1541 futurae
1144 1506 1226 1549 sint,

163 1547 338 1583 istrahere
370 1548 492 1584 debet:
530 1549 615 1584 item
645 1559 667 1585 a
698 1550 936 1594 debitoribus,
976 1552 1037 1597 qui
1067 1555 1228 1597 tempore

140 1592 398 1636 liberabuntur,
421 1594 560 1639 exigere
577 1594 700 1630 debet:
725 1599 844 1631 cetera
861 1607 942 1631 cum
959 1597 1095 1642 pupillo
1112 1597 1227 1643 possi-

141 1641 160 1672 3
209 1637 317 1673 debit.
354 1639 412 1673 An
436 1643 556 1674 autem
574 1641 740 1676 vescendi
761 1651 871 1677 causa
890 1642 1094 1678 deminuere
1114 1642 1228 1688 possit

138 1683 168 1718 is
223 1684 260 1718 ui
293 1693 337 1719 ex
369 1684 594 1720 Carboniano
626 1686 754 1721 missus
787 1690 857 1729 est,
890 1688 1082 1724 videamus.
1130 1691 1166 1723 et
1197 1687 1228 1723 si

120 1728 199 1773 qui
224 1739 280 1763 em
299 1729 385 1765 satis
405 1730 567 1775 impubes
589 1730 697 1774 dedit,
724 1732 796 1767 sive
817 1732 971 1768 decrevit
989 1743 1133 1778 praeses
1154 1743 1227 1770 sive

139 1784 222 1816 non,
248 1774 427 1809 deminuet
449 1775 614 1810 vescendi
639 1786 750 1812 causa
774 1780 809 1812 et
831 1778 901 1814 hoc
924 1779 1040 1814 minus
1065 1779 1228 1815 restituet

138 1819 345 1854 hereditatis
369 1819 523 1865 petitori.
561 1821 656 1866 quod
681 1822 710 1857 si
735 1823 822 1858 satis
847 1823 933 1858 dare
955 1834 1028 1859 non
1051 1825 1169 1869 potuit
1192 1827 1228 1860 et

138 1864 241 1899 aliter
264 1865 359 1900 alere
383 1875 421 1900 se
443 1865 583 1901 videtur
605 1877 678 1902 non
701 1878 826 1912 posse,
861 1868 1086 1905 deminuendi
1116 1880 1227 1906 causa

140 1919 252 1954 usque
283 1910 328 1944 ad
358 1910 414 1953 id,
447 1910 542 1954 quod
574 1911 749 1948 alimentis
782 1913 858 1949 eius
887 1915 1130 1950 necessarium
1159 1919 1225 1959 est,

139 1954 329 1990 mittendus
355 1959 417 1991 est.
465 1966 531 1991 nec
562 1957 690 1992 mirum
722 1958 828 1994 debet
858 1959 970 1994 videri
992 1960 1226 1996 hereditatem

139 2003 286 2045 propter
315 2000 483 2035 alimenta
511 2001 622 2036 minui
646 2003 739 2045 eius,
773 2014 877 2048 quem
908 2004 1062 2040 fortasse
1089 2006 1224 2041 iudica-

139 2045 233 2080 bitur
256 2045 367 2080 filium
391 2056 463 2081 non
488 2056 583 2089 esse,
609 2058 689 2082 cum
714 2048 870 2083 omnium
896 2049 1019 2085 edictis
1043 2054 1166 2086 venter
1187 2051 1225 2086 in

138 2090 396 2135 possessionem
419 2092 581 2126 mittatur
600 2095 634 2127 et
651 2093 820 2128 alimenta
839 2095 977 2129 mulieri
997 2099 1226 2140 praestentur

136 2138 284 2214 propter
315 2146 414 2178 eum,
445 2137 507 2181 qui
537 2140 657 2182 potest
678 2149 751 2174 non
774 2140 893 2182 nasci,
926 2140 1108 2186 maiorque
1138 2152 1225 2177 cura

163 2181 266 2215 ebeat
296 2180 457 2216 adhiberi
466 2182 491 2224 ⁴,
532 2192 578 2217 ne
605 2182 700 2219 fame
730 2188 856 2229 pereat
885 2185 999 2228 filius,
1039 2197 1145 2231 quam
1179 2197 1224 2222 ne

137 2226 251 2260 minor
273 2226 452 2262 hereditas
477 2227 523 2263 ad
546 2228 734 2272 petitorem
760 2230 962 2274 perveniat,
995 2231 1025 2266 si
1057 2233 1225 2277 apparuit

139 2274 158 2305 4
204 2270 314 2306 filium
338 2282 410 2306 non
434 2282 522 2307 esse.
569 2273 727 2309 Maxime
750 2279 869 2310 autem
891 2279 1000 2321 puto,
1033 2277 1063 2311 si
1093 2277 1223 2313 missus

137 2316 244 2351 fuerit
274 2316 312 2351 in
342 2318 603 2362 possessionem
627 2319 871 2363 adversarius,
905 2321 1178 2357 desiderandum
1202 2333 1224 2358 a

136 2364 311 2406 praetore,
337 2373 382 2397 ne
404 2362 641 2399 instrumenta
663 2364 701 2399 in
725 2366 987 2418 possessionem
1008 2377 1108 2402 suam
1129 2368 1221 2403 redi-

136 2410 214 2451 gat:
248 2411 405 2443 ceterum
429 2408 626 2454 decipietur
647 2411 824 2455 pupillus,
850 2411 933 2446 dum
956 2413 1011 2447 vel
1034 2413 1223 2448 instruitur

137 2451 359 2487 adversarius
398 2453 496 2488 eius5
535 2454 589 2489 vel
627 2455 733 2490 etiam
767 2456 980 2501 intercipere
1014 2468 1057 2493 ea
1090 2462 1220 2503 potest.

139 2500 157 2530 5
207 2496 295 2532 Cum
325 2501 444 2533 autem
471 2498 510 2533 in
538 2499 771 2536 satisdatione
799 2505 834 2536 et
856 2503 1012 2547 pupillus
1038 2506 1073 2538 et
1096 2504 1220 2539 adver-

137 2541 252 2577 sarius
286 2542 361 2578 eius
392 2548 548 2588 cessant,
579 2548 725 2580 curator
757 2547 1027 2583 constituendus
1058 2552 1129 2592 est,
1161 2549 1222 2594 qui

137 2587 231 2622 bona
254 2587 478 2623 administret
502 2593 537 2624 et
561 2590 773 2636 quandoque
801 2591 835 2627 ei
859 2592 919 2636 qui
941 2593 1074 2629 iudicio
1097 2594 1222 2630 vicerit

136 2632 312 2667 restituat.
360 2633 446 2678 quid
468 2637 588 2670 tamen
599 2636 624 2677 ⁶,
657 2635 688 2670 si
715 2639 852 2672 tutores
875 2637 1001 2683 pupilli
1024 2639 1134 2674 velint
1157 2639 1219 2674 ad-

135 2677 364 2713 ministrare?
402 2689 476 2715 non
504 2684 610 2715 erunt
640 2680 823 2724 audiendi,
855 2682 925 2718 nisi
947 2683 1035 2719 satis
1060 2684 1222 2720 dederint

136 2723 278 2802 uomitu?
300 2723 428 2769 pupilli
450 2728 515 2759 aut
538 2729 722 2761 curatores
753 2737 894 2771 quoque
924 2727 1019 2763 idem
1047 2729 1118 2774 ipsi
1149 2730 1221 2766 sint

137 2777 223 2803 cons
241 2778 254 2801 1
270 2768 334 2803 uti.

182 2809 207 2849 6
233 2812 289 2847 ΡΑ
297 2822 391 2849 ULUS
412 2813 502 2850 libro
527 2815 830 2862 quadraqensimo
847 2818 972 2863 primo
997 2818 1047 2854 ad
1065 2819 1218 2855 edictum

137 2857 192 2893 De
227 2857 331 2894 bonis
370 2859 494 2895 matris
529 2870 577 2895 an
614 2860 795 2897 decretum
833 2862 1130 2907 interponendum
1160 2865 1218 2908 sit,

138 2902 331 2947 quaeritur.
379 2908 414 2939 et
442 2904 624 2941 decretum
650 2907 792 2959 quidem
815 2917 888 2942 non
911 2912 966 2943 est
989 2909 1218 2954 interponen-

137 2949 238 2991 dum,
270 2948 392 2984 dilatio
425 2954 545 2986 autem
575 2951 781 2997 longlssima
810 2952 928 2988 danda
958 2958 1032 2997 est,
1086 2965 1154 2990 uae
1182 2956 1220 2990 in

138 2997 154 3028 1
203 2997 342 3038 tempus
375 2995 575 3040 pubertatis
606 2997 769 3032 extrahet
801 2998 992 3042 negotium.
1046 2999 1074 3034 P
1091 3010 1157 3035 ane
1189 3001 1220 3036 si

136 3038 241 3073 simul
275 3039 318 3074 de
348 3041 508 3084 paternis
532 3044 569 3076 et
592 3041 636 3077 de
657 3043 826 3078 maternis
850 3044 954 3079 bonis
979 3045 1219 3081 controversia

136 3084 183 3118 sit
204 3083 260 3119 vel
284 3084 390 3119 etiam
415 3086 459 3121 de
482 3086 617 3129 fratris,
642 3091 678 3122 et
701 3088 766 3123 has
792 3089 1049 3125 controversias
1074 3090 1111 3125 in
1129 3094 1218 3125 tem-

135 3139 203 3172 pus
240 3129 441 3174 pubertatis
477 3131 690 3167 differendas
722 3143 800 3168 esse
831 3133 990 3170 Iulianus
1022 3136 1217 3179 respondit.

137 3177 155 3207 2
204 3173 297 3209 Huic
321 3179 441 3211 autem
465 3177 580 3212 edicto
604 3177 706 3212 locus
730 3182 785 3213 est
808 3179 913 3214 etiam
937 3180 968 3215 si
985 3181 1031 3216 ab
1048 3180 1217 3216 intestato

137 3218 183 3253 ad
205 3219 381 3255 bonorum
404 3222 666 3266 possessionem
689 3222 833 3258 veniant
854 3224 974 3267 liberi,
1006 3226 1149 3261 tametsi
1172 3236 1218 3261 ex

135 3262 364 3316 inferioribus
392 3267 556 3311 partibus
584 3271 728 3312 petant,
762 3278 832 3312 qua
861 3269 1007 3314 legitimi
1032 3274 1217 3315 vocantur,

136 3319 304 3353 quomam
339 3311 394 3345 sui
422 3316 522 3354 sunt,
554 3313 610 3348 vel
639 3323 684 3348 ex
711 3313 789 3356 illa,
821 3324 893 3359 qua
916 3317 1075 3360 cognatis
1100 3316 1216 3351 datur.

136 3356 156 3387 3
203 3353 260 3388 Ita
283 3354 423 3390 demum
446 3361 566 3392 autem
588 3358 673 3393 huic
697 3358 812 3394 edicto
834 3359 936 3396 locus
961 3364 1026 3404 est,
1050 3361 1081 3397 si
1100 3365 1216 3396 status

136 3401 172 3433 et
194 3398 402 3435 hereditatis
427 3403 668 3438 controversia
691 3404 752 3438 sit:
778 3414 861 3439 nam
884 3404 916 3440 si
937 3408 1078 3441 tantum
1102 3410 1215 3442 status

136 3443 246 3487 (quod
273 3448 363 3488 puta
392 3456 514 3482 servus
546 3447 685 3483 dicatur
717 3452 808 3488 esse)
840 3459 907 3485 nec
937 3450 1011 3485 ulla
1042 3451 1217 3487 bonorum

137 3489 380 3525 controversia
408 3491 470 3535 sit,
501 3492 570 3527 hoc
600 3502 687 3528 casu
716 3493 864 3529 liberale
893 3494 1063 3531 iudicium
1095 3497 1217 3532 statim

135 3536 165 3585 4·
204 3534 454 3587 explicandum
478 3537 555 3575 erit.
590 3537 660 3581 Qui
677 3538 815 3583 pupillo
834 3541 1109 3576 controversiam
1130 3541 1218 3577 facit

137 3588 168 3613 si
190 3579 297 3614 simul
319 3590 400 3615 cum
422 3590 465 3616 eo
494 3581 532 3616 in
553 3583 815 3627 possessionem
838 3584 968 3621 missus
992 3589 1063 3631 est,
1094 3586 1144 3622 ali
1172 3596 1217 3622 ex

1230 114 1314 163 559

2091 118 2301 161 XXXVII
2334 121 2384 162 10

1303 238 1405 272 bonis
1437 237 1597 272 defuncti
1625 247 1697 272 non
1729 237 1871 274 debebit
1899 250 1965 275 nec
1996 240 2185 284 quicquam
2213 240 2258 276 de
2281 241 2383 276 bonis

1304 283 1524 318 deminuere:
1550 282 1639 316 haec
1664 283 1755 317 enim
1778 285 1956 327 possessio
1980 296 2045 330 pro
2069 285 2301 321 satisdatione
2326 297 2383 321 ce-

1303 331 1322 362 5
1370 328 1433 363 dit.
1469 328 1552 363 Non
1568 327 1683 362 solum
1699 328 1866 363 alimenta
1884 331 2019 374 pupillo
2044 330 2220 375 praestari
2243 331 2382 374 debent,

1302 373 1365 408 sed
1396 376 1433 408 et
1462 373 1500 408 in
1530 372 1652 409 studia
1681 376 1716 407 et
1738 373 1776 407 in
1801 378 1936 409 ceteras
1961 376 2181 411 necessarias
2205 376 2382 421 impensas

1303 422 1322 453 6
1371 419 1477 454 debet
1492 417 1648 463 impendi
1663 428 1730 463 pro
1746 419 1851 454 modo
1873 419 2105 455 facultatium.
2143 422 2231 456 Post
2253 422 2381 466 puber-

1301 466 1412 498 tatem
1436 464 1635 508 quaeritur,
1667 473 1713 497 an
1745 464 1877 499 actoris
1905 469 2026 509 partes
2056 467 2233 501 sustinere
2257 466 2382 501 debeat

1302 509 1363 552 qui
1395 518 1438 543 ex
1464 508 1690 544 Carboniano
1721 508 1851 544 missus
1882 513 1936 543 est
1964 510 2000 543 in
2030 512 2300 554 possessionem.
2349 518 2382 547 et

1301 563 1513 598 responsum
1536 557 1592 590 est
1613 553 1664 588 rei
1688 557 1809 597 partes
1834 563 1914 588 eum
1939 556 2115 590 sustinere
2140 557 2283 599 debere,
2308 568 2381 591 ma-

1300 598 1393 634 xime
1418 599 1448 634 si
1471 599 1574 634 cavit.
1622 598 1686 635 sed
1710 603 1746 633 et
1770 599 1800 633 si
1824 609 1897 634 non
1921 604 2079 642 caverat,
2103 601 2135 636 si
2159 612 2254 636 nunc
2277 612 2382 646 para-

1300 647 1360 679 tus
1396 644 1442 679 sit
1473 654 1615 686 cavere,
1653 643 1757 687 quasi
1790 654 1978 688 possessor
2014 647 2273 681 conveniendus
2309 652 2382 682 est:

1302 689 1397 733 quod
1427 690 1457 724 si
1487 700 1583 724 nunc
1611 699 1683 724 non
1708 693 1847 731 caveat,
1879 689 2058 733 possessio
2083 692 2296 726 transfertur
2320 693 2381 727 ad-

1300 734 1457 770 versario
1489 736 1576 770 satis
1608 733 1796 770 offerente:
1828 734 1977 779 perinde
2008 739 2115 779 atque
2138 736 2168 771 si
2192 747 2286 772 nunc
2309 739 2381 783 pri-

1299 790 1395 814 mum
1420 781 1465 814 ab
1490 790 1531 815 eo
1556 782 1738 825 peteretur
1761 779 1953 815 hereditas.

1347 823 1370 861 7
1402 825 1598 860 IULIANUS
1631 825 1722 860 libro
1763 826 1954 860 vicensimo
1993 830 2122 870 quarto
2163 828 2381 872 dz'qestorum

1300 870 1338 905 Si
1360 870 1525 915 impubes
1556 873 1705 914 negetur
1731 869 1809 905 iure
1832 870 2025 915 adoptatus
2050 874 2086 905 et
2108 870 2188 906 ideo
2212 876 2383 916 paternae

1299 916 1508 951 hereditatis
1548 916 1579 951 ei
1615 915 1858 950 controversia
1895 916 1976 958 fiat,
2014 926 2087 951 non
2123 917 2191 951 erit
2225 918 2382 962 iniquum

1303 964 1316 995 1
1367 961 1482 996 simile
1511 960 1735 996 Carboniano
1772 960 1956 995 decretum
1992 961 2181 1006 interponi.
2233 963 2322 997 Item
2352 965 2382 998 si

1299 1006 1459 1051 impubes
1492 1006 1530 1041 in
1562 1005 1790 1050 adoptionem
1819 1005 1924 1041 datus
1956 1015 2035 1041 esse
2069 1007 2209 1042 dicatur
2240 1012 2275 1042 et
2303 1009 2382 1043 ideo

1299 1056 1448 1096 negetur
1477 1051 1653 1086 naturalis
1683 1052 1795 1096 patris
1819 1050 1999 1086 hereditas
2023 1051 2069 1086 ad
2093 1062 2173 1086 eum
2196 1053 2381 1097 pertinere,

1300 1097 1384 1141 quia
1408 1100 1444 1132 et
1466 1097 1535 1132 hoc
1562 1107 1649 1132 casu
1674 1096 1866 1141 quaeritur,
1894 1107 1940 1131 an
1963 1096 2041 1131 iure
2064 1096 2128 1132 filii
2151 1097 2384 1133 hereditatem

1300 1146 1319 1176 2
1367 1143 1526 1187 optinere
1544 1142 1668 1187 possit,
1684 1142 1785 1176 locus
1801 1142 1868 1176 erit
1884 1142 2109 1185 Carboniano
2130 1142 2258 1178 edicto.
2297 1146 2383 1178 Cum

1298 1198 1380 1222 vero
1405 1189 1619 1232 proponitur
1642 1187 1878 1222 exheredatus
1903 1197 1997 1231 esse,
2029 1198 2101 1222 non
2133 1191 2188 1223 est
2217 1198 2382 1223 necessa—

1298 1233 1390 1267 rium
1421 1233 1699 1268 controversiam
1729 1232 1766 1266 in
1799 1236 1870 1267 tem
1897 1233 1963 1267 us⁷
2000 1233 2202 1277 pubertatis
2238 1233 2381 1276 differri,

1299 1278 1381 1322 quia
1404 1288 1478 1313 non
1502 1281 1545 1313 de
1559 1278 1671 1322 ipsius
1689 1276 1764 1318 filii,
1790 1278 1852 1312 sed
1893 1288 1911 1312 e
1929 1278 2158 1313 testamenti⁸
2181 1278 2258 1313 iure
2276 1289 2381 1322 quae-

1299 1327 1317 1357 3
1366 1324 1469 1358 ritur.
1519 1323 1557 1358 Si
1587 1328 1701 1358 mater
1731 1322 1826 1366 eius,
1860 1323 1917 1358 cui
1946 1327 1982 1358 et
2012 1323 2056 1358 de
2083 1323 2249 1358 libertate
2281 1328 2317 1359 et
2341 1325 2383 1358 de

1296 1369 1495 1404 hereditate
1523 1372 1675 1414 paterna
1707 1368 1950 1403 controversia
1978 1368 2036 1410 fit,
2073 1369 2110 1403 in
2140 1369 2382 1414 quaestionem

1296 1414 1471 1449 libertatis
1496 1417 1664 1457 vocatur,
1688 1413 1858 1448 iudicium
1883 1413 1926 1448 de
1949 1417 2063 1449 matre
2086 1425 2159 1450 non
2183 1425 2322 1459 semper
2345 1416 2382 1449 in

1297 1462 1438 1505 tempus
1462 1459 1662 1504 pubertatis
1688 1458 1921 1494 differendum
1945 1459 2030 1494 erit:
2055 1469 2138 1494 nam
2162 1463 2198 1494 et
2217 1461 2296 1505 ipsi,
2323 1462 2383 1505 qui

1298 1505 1480 1540 subiectus
1505 1515 1582 1540 esse
1607 1504 1753 1547 dicitur,
1785 1514 1828 1539 ex
1861 1514 1971 1539 causa
1994 1506 2256 1549 repraesentari
2281 1506 2378 1542 solet.

1296 1553 1319 1585 4
1365 1550 1537 1594 Quotiens
1554 1550 1819 1594 Carbonianum
1844 1549 2025 1585 decretum
2048 1550 2297 1595 interponitur,
2323 1561 2381 1587 eo-

1297 1595 1377 1630 dem
1406 1596 1486 1631 loco
1519 1606 1594 1630 rem
1623 1595 1747 1630 haberi
1778 1599 1938 1639 oportet,
1976 1606 2045 1640 quo
2078 1599 2188 1638 esset,
2222 1596 2251 1631 si
2282 1597 2380 1631 nulla

1299 1641 1541 1676 controversia
1563 1640 1665 1675 fieret
1689 1641 1732 1684 ei,
1758 1641 1817 1685 qui
1837 1641 2012 1676 bonorum
2035 1642 2296 1686 possessionem
2320 1652 2378 1677 ac-

1298 1690 1318 1721 5
1367 1686 1511 1731 ceperit.
1557 1686 1645 1720 Cum
1669 1690 1789 1721 autem
1814 1696 1857 1721 ex
1881 1686 2021 1722 duobus
2046 1686 2218 1721 fratribus
2243 1697 2287 1722 ex
2310 1687 2380 1723 hoc

1297 1731 1441 1767 decreto
1469 1731 1587 1767 missis
1618 1732 1709 1766 alter
1739 1741 1805 1775 pro
1836 1735 1939 1776 parte
1970 1741 2037 1767 sua
2067 1736 2252 1776 paternam
2275 1733 2378 1768 here-

1297 1777 1443 1812 ditatem
1466 1788 1539 1812 non
1564 1776 1736 1821 defendit,
1763 1777 1986 1821 compellitur
2009 1777 2100 1812 alter
2122 1781 2235 1813 totam
2259 1778 2378 1815 defen-

1297 1826 1317 1858 6
1365 1822 1448 1858 dere
1473 1826 1537 1857 aut
1559 1822 1724 1857 universa
1748 1822 1983 1858 creditoribus
2014 1822 2150 1858 cedere.
2197 1824 2379 1860 Interdum

1297 1868 1403 1903 etiam
1435 1868 1672 1903 exheredatus
1705 1867 1798 1902 filius
1829 1877 1873 1902 ex
1898 1867 2123 1903 Carboniano
2149 1868 2291 1905 decreto
2316 1870 2379 1905 bo-

1295 1923 1424 1949 norum
1446 1913 1709 1959 possessionem
1732 1912 1901 1957 accipiet,
1933 1913 1964 1947 si
1993 1924 2064 1948 non
2089 1918 2214 1949 contra
2237 1915 2379 1951 tabulas

1295 1959 1385 2003 petit
1408 1959 1584 1994 bonorum
1607 1958 1886 2003 possessionem,
1918 1958 1980 1993 sed
2009 1959 2055 1993 ab
2084 1958 2253 1995 intestato
2286 1961 2379 1996 unde

1295 2004 1400 2039 liberi
1424 2004 1521 2048 (quia
1544 2008 1648 2048 neget
1672 2003 1814 2039 tabulas
1838 2004 2042 2039 testamenti
2057 2004 2170 2049 patris
2185 2006 2274 2041 tales
2290 2017 2377 2050 esse,

1295 2053 1336 2083 ut
1368 2049 1563 2084 secundum
1596 2059 1656 2084 eas
1689 2049 1866 2084 bonorum
1888 2049 2067 2093 possessio
2092 2049 2170 2084 dari
2192 2052 2319 2095 possit)
2344 2058 2379 2087 et

1296 2097 1313 2128 7
1363 2094 1504 2129 dicatur
1526 2104 1598 2129 non
1622 2103 1700 2129 esse
1722 2093 1828 2128 filius.
1866 2094 1903 2128 Si
1925 2094 2084 2139 pupillus
2103 2095 2220 2131 liberti
2238 2099 2377 2141 paterni

1294 2139 1469 2174 bonorum
1491 2140 1754 2184 possessionem
1779 2143 1895 2184 petet,
1927 2143 2118 2183 negaretur
2140 2144 2261 2176 autem
2285 2142 2377 2178 filius

1293 2184 1437 2230 patroni
1461 2194 1557 2227 esse,
1590 2184 1698 2229 quia⁹
1729 2184 1773 2220 de
1802 2184 1961 2228 paternis
1987 2185 2088 2221 bonis
2112 2186 2211 2221 nulla
2235 2192 2376 2223 contro-

1294 2229 1410 2265 versia
1441 2228 1473 2264 ei
1495 2230 1613 2272 fieret,
1648 2228 1880 2265 differendum
1911 2230 1980 2266 hoc
2009 2230 2179 2266 iudicium
2208 2242 2280 2267 non
2311 2238 2375 2269 est.

1294 2275 1324 2310 si
1342 2285 1425 2310 vero
1447 2278 1531 2320 post
1547 2275 1797 2320 interpositum
1813 2274 2078 2310 Carbonianum
2094 2276 2276 2312 decretum
2287 2278 2376 2314 haec

1294 2330 1435 2365 quoque
1466 2320 1711 2356 controversia
1739 2324 1956 2364 moveretur,
1988 2321 2057 2356 hoc
2079 2321 2249 2356 iudicium
2280 2323 2317 2357 in
2340 2325 2376 2358 id

1295 2368 1314 2400 8
1361 2369 1430 2401 tem
1460 2376 1503 2401 us
1535 2366 1668 2401 differri
1700 2365 1816 2401 debet.
1865 2365 2071 2410 Quaesitum
2096 2370 2164 2410 est,
2197 2377 2243 2402 an
2273 2369 2375 2403 simu]

1293 2414 1328 2446 et
1351 2411 1437 2455 pup‘
1453 2411 1509 2447 lus
1533 2421 1579 2446 ex
1603 2411 1830 2447 Carboniano
1862 2415 1898 2446 et
1929 2411 2053 2455 scripti
2075 2412 2223 2448 heredes
2248 2423 2374 2449 secun-

1293 2456 1377 2491 dum
1408 2456 1551 2492 tabulas
1584 2456 1761 2492 bonorum
1784 2456 2046 2501 possessionem
2068 2457 2253 2492 haberent.
2301 2469 2374 2494 res-

1291 2501 1419 2547 pondi,
1451 2502 1482 2537 si
1510 2501 1604 2537 filius
1630 2512 1703 2537 non
1729 2505 1823 2537 esset
1845 2506 1909 2536 aut
1931 2511 2003 2536 non
2027 2503 2226 2546 accepisset
2250 2508 2374 2540 contra

1289 2547 1433 2582 tabulas
1457 2547 1513 2582 vel
1538 2548 1583 2582 ab
1597 2547 1767 2583 intestato
1782 2547 1956 2582 bonorum
1971 2548 2245 2591 possessionem,
2270 2549 2374 2585 simul

1291 2595 1326 2627 et
1348 2592 1465 2637 ipsum
1495 2602 1540 2628 ex
1565 2592 1790 2628 Carboniano
1819 2595 1856 2627 et
1884 2591 2037 2636 scriptos
2066 2592 2214 2628 heredes
2245 2604 2371 2630 secun-

1291 2637 1375 2673 dum
1398 2637 1541 2673 tabulas
1565 2638 1752 2673 habituros
1777 2637 1952 2672 bonorum
1974 2637 2248 2681 possessionem.

1337 2681 1360 2720 8
1386 2683 1612 2718 AFRICANUS
1632 2683 1723 2718 libro
1747 2688 1879 2728 quarto
1904 2683 2152 2728 quaestionum
2198 2683 2372 2729 Decessit,

1290 2739 1394 2773 quem
1410 2738 1475 2773 ego
1490 2727 1601 2763 filium
1616 2738 1735 2763 meum
1757 2731 1794 2762 et
1815 2727 1853 2762 in
1876 2737 1956 2762 mea
1977 2730 2154 2772 potestate
2179 2739 2257 2766 esse
2276 2730 2371 2766 dico:

1289 2774 1410 2809 existit
1437 2774 1617 2818 impubes,
1649 2773 1710 2817 qui
1739 2783 1820 2808 eum
1850 2775 1989 2817 patrem
2017 2772 2170 2809 familias
2200 2778 2236 2810 et
2264 2775 2310 2810 ad
2334 2787 2372 2811 se

1288 2819 1524 2854 hereditatem
1552 2819 1732 2863 pertinere
1763 2817 1878 2852 dicat:
1919 2818 2100 2853 decretum
2130 2821 2371 2856 necessarium

1293 2868 1307 2899 1
1357 2874 1436 2900 esse
1471 2864 1667 2908 respondit.
1722 2864 1812 2898 Item
1848 2862 2092 2907 emancipatus
2128 2864 2280 2900 decessit
2315 2867 2370 2900 in-

1289 2913 1420 2944 testato
1445 2909 1638 2953 superstite
1662 2908 1735 2944 filio
1759 2908 1953 2952 impubere,
1979 2908 2039 2952 qui
2062 2919 2101 2944 se
2121 2909 2153 2944 ei
2172 2920 2275 2945 suum
2295 2921 2371 2946 esse

1289 2954 1392 2989 dicit:
1418 2964 1437 2988 e
1462 2965 1482 2988 o
1508 2953 1684 2989 contendo
1709 2957 1791 2989 ante
1815 2953 2134 2998 emancipationem
2159 2960 2368 3001 conceptum

1289 3003 1396 3044 atque
1419 2999 1432 3033 i
1457 3009 1499 3034 eo
1523 2999 1559 3033 in
1583 3009 1662 3034 mea
1684 3002 1862 3043 potestate
1886 3009 1964 3034 esse
1987 3002 2023 3034 et
2046 2999 2141 3035 bona
2158 3001 2370 3046 emancipati

1288 3045 1335 3079 ad
1359 3054 1414 3079 me
1438 3043 1627 3088 pertinere.
1676 3048 1711 3078 et
1742 3044 1883 3088 quidem
1911 3044 2008 3079 hunc
2036 3043 2147 3079 filium
2178 3055 2255 3080 esse
2285 3057 2367 3080 con-

1288 3093 1378 3124 stat:
1410 3089 1474 3124 sed
1503 3089 1677 3124 hactenus
1709 3088 1753 3124 de
1783 3092 1880 3125 statu
1903 3089 1980 3125 eius
2005 3091 2201 3133 quaeritur,
2235 3091 2368 3134 quod¹⁰

1286 3135 1324 3169 in
1354 3137 1532 3179 potestate
1560 3134 1673 3179 patris
1703 3134 1811 3169 fuerit
1840 3144 1907 3170 nec
1937 3145 1999 3170 ne:
2040 3135 2216 3170 sententia
2251 3139 2368 3170 tamen

1287 3179 1395 3215 edicti
1443 3179 1546 3215 rocul
1570 3179 1679 3215 dubio
1702 3189 1747 3214 ex
1772 3179 1998 3216 Carboniano
2023 3179 2231 3214 admittitur.

1333 3222 1358 3262 9
1421 3234 1589 3259 ERAr'ws
1610 3225 1700 3260 libro
1723 3229 1828 3260 sexto
1853 3225 2138 3260 membranarum
2174 3224 2276 3268 Quod
2295 3225 2364 3259 La-

1287 3270 1354 3305 beo
1379 3269 1516 3311 scribit,
1541 3269 1705 3314 quotiens
1724 3270 1932 3315 suppositus
1955 3280 2033 3305 esse
2054 3269 2183 3303 dicitur
2197 3269 2364 3319 pupillus,

1288 3326 1369 3350 cum
1399 3325 1469 3359 quo
1501 3314 1545 3350 de
1573 3314 1687 3359 patris
1717 3315 1793 3351 eius
1817 3315 2013 3351 hereditate
2039 3318 2278 3364 controversia
2301 3318 2365 3356 est,

1287 3370 1414 3396 curare
1429 3363 1632 3404 praetorem
1648 3359 1787 3403 debere,
1813 3365 1854 3395 ut
1876 3360 1908 3395 is
1930 3360 1968 3395 in
1990 3358 2215 3404 possessione
2233 3362 2296 3394 sit:
2322 3359 2365 3410 de

1286 3416 1328 3440 eo
1352 3409 1440 3449 puto
1465 3415 1547 3440 eum
1570 3405 1658 3441 velle
1681 3405 1855 3450 intellegi,
1889 3406 1949 3449 qui
1977 3408 2060 3449 post
2082 3407 2230 3455 mortem
2252 3407 2364 3456 patris

1286 3450 1457 3492 familiae,
1512 3450 1550 3485 ui
1572 3460 1612 3486 se
1635 3450 1712 3486 sine
1735 3451 1856 3486 liberis
1881 3450 2051 3485 decedere
2076 3449 2239 3491 credidit,
2272 3449 2364 3484 fihus

1287 3496 1361 3530 eius
1386 3505 1465 3531 esse
1515 3495 1559 3530 ‘ci
1583 3496 1716 3541 coepit:
1740 3507 1823 3531 nam
1847 3496 1939 3536 eius,
1969 3494 2029 3539 qui
2052 3493 2217 3545 adgnitus
2241 3498 2295 3528 est
2318 3494 2363 3528 ab

1286 3551 1340 3582 eo,
1365 3540 1410 3575 de
1434 3540 1537 3576 cuius
1560 3540 1665 3577 bonis
1688 3541 1888 3587 quaeritur,
1917 3539 2045 3576 iustior
2067 3549 2104 3573 m
2128 3549 2170 3574 ea
2193 3549 2231 3574 re
2255 3549 2364 3574 causa

1286 3589 1341 3621 est
1364 3595 1471 3630 quam
1493 3585 1661 3632 postumi.

138 3690 179 3732 (1)
204 3693 237 3723 et
248 3693 309 3725 ins.
323 3693 398 3727 dete.

490 3695 534 3736 (2)
557 3694 712 3729 adversus
725 3699 911 3731 curatorem
925 3699 987 3733 del.
1073 3702 1114 3741 (3)
1139 3711 1216 3733 nam

138 3738 172 3768 et
182 3736 251 3778 ipse
262 3737 413 3780 pupillus
423 3750 486 3772 scr.

542 3741 584 3782 (4)
609 3741 761 3775 adhiberi
773 3742 890 3776 debeat
902 3743 952 3776 Ῑ<’2
1007 3746 1049 3787 (5)
1075 3745 1122 3778 eis
1133 3746 1215 3779 Hal.

1285 3700 1328 3741 (6)
1354 3702 1422 3733 tam
1435 3701 1471 3734 F

1286 3746 1332 3787 (9)
1357 3746 1447 3789 quia]
1462 3748 1621 3788 quamdiu
1634 3760 1695 3780 scr.

1577 3704 1619 3743 (7)
1643 3703 1680 3734 in
1698 3704 1825 3743 tempus
1844 3713 1900 3733 om.
1917 3701 1952 3733 F
2057 3701 2101 3741 (8)
2125 3701 2320 3732 testamento
2335 3701 2368 3732 F

1790 3748 1847 3787 (10)
1874 3746 1962 3787 quod
1976 3747 2036 3779 del.
2051 3747 2171 3779 velius.
2191 3747 2362 3788 quaeritur
