2528 3918
152 114 363 166 XXXXV
394 121 414 163 1
1225 110 1313 162 722

153 246 176 279 4
220 242 387 287 Idemque
411 243 467 278 est
495 239 539 276 de
562 249 680 286 poena
703 248 748 277 ex
778 239 1032 287 compromisso
1084 239 1115 274 si
1143 249 1236 277 unus

153 287 332 334 paruerit,
362 287 454 322 alter
483 297 556 322 non
610 285 744 322 aruerit
773 286 972 322 sententiae
995 266 1140 320 iudicis:
1174 283 1237 320 sed

153 344 177 369 a
206 331 381 368 coherede
412 331 445 367 ei
481 331 548 367 sat·
597 331 647 367 eri
679 330 795 367 debet.
849 341 916 373 nec
949 330 1040 366 enim
1072 328 1171 365 aliud
1200 329 1237 364 in

93 393 95 396 ·
154 378 210 414 his
234 376 524 423 stipulationibus
555 375 632 412 sine
660 376 789 412 iniuria
819 375 1039 421 stipulatoris
1069 374 1237 410 constitui

179 426 282 458 otest.

154 434 178 468 p
201 466 226 505 6
266 467 461 503 ULPIANUS
495 467 586 503 libro
616 467 740 513 primo
780 466 830 501 ad
863 465 1035 501 Sabinum
1092 465 1148 506 Is,
1180 464 1237 499 cui

154 512 257 549 bonis
279 512 507 547 interdictum
531 515 602 555 est,
635 512 680 547 sti
707 511 838 546 ulando
869 510 936 545 sibi
962 510 1133 554 adquirit,
1164 513 1236 544 tra-

155 558 240 593 dere
269 567 352 592 vero
385 567 456 592 non
486 560 607 603 potest
636 522 705 592 vef
729 555 971 610 promittendo
1004 555 1170 599 obligari:
1202 557 1239 590 et

153 603 234 638 ideo
258 612 324 638 nec
353 601 542 638 fideiussor
570 613 636 648 pro
662 612 703 637 eo
726 601 939 637 intervenire
963 600 1113 645 poterit,
1146 600 1238 635 sicut

153 658 220 684 nec
243 657 310 693 pro
334 646 482 684 furioso.

201 691 222 730 7
250 692 358 729 IDEM
376 692 468 728 libro
490 694 594 728 sexto
619 691 670 727 ad
688 690 860 727 Sabinum
895 689 1127 735 Impossibilis
1152 699 1236 724 con-

154 738 248 775 dicio
280 749 361 774 cum
390 738 428 772 in
458 736 661 773 faciendum
693 735 910 781 concipitur,
949 734 1237 787 stipulationibus

155 784 292 819 obstat:
318 783 422 818 aliter
445 786 553 827 atque
577 783 608 817 si
630 781 712 816 talis
738 780 899 816 condicio
923 779 1101 816 inseratur
1125 783 1237 824 stipu-

154 829 277 864 lationi
307 828 351 864 ‘si
381 828 418 863 in
448 827 584 863 caelum
615 837 687 862 non
716 825 928 861 ascenderit'
943 827 972 860 ¹:
1007 826 1113 860 nam²
1140 825 1237 860 utilis

155 878 192 908 et
239 883 385 909 raesens
409 877 464 908 est
486 876 523 908 et
545 872 733 917 pecuniam
758 870 930 906 creditam
954 870 1122 906 continet.

201 884 238 957 ἐ)
263 918 423 954 PAULUS
458 918 549 954 libro
581 916 738 952 secundo
778 916 828 951 ad
865 914 1038 951 Sabinum
1099 915 1141 950 In
1176 915 1239 950 illa

154 963 403 1010 stipulatione:
440 963 482 998 ‘si
513 961 675 997 kalendis
700 960 861 996 Stichum
891 971 964 996 non
987 960 1144 1003 dederis,
1177 960 1237 995 de-

155 1012 243 1045 ‘cem
267 1009 353 1044 dare
381 1007 536 1053 spondes
545 1007 573 1042 ‘P'
620 1010 760 1042 mortuo
793 1005 934 1041 homine
958 1006 1158 1051 quaeritur,
1191 1015 1238 1040 an

153 1054 274 1091 statim
305 1058 388 1089 ante
418 1052 590 1088 kalendas
621 1052 679 1096 agi
710 1051 834 1096 possit.
884 1050 1038 1086 Sabinus
1062 1051 1238 1086 Proculus

154 1098 433 1146 exspectandum
463 1097 555 1133 diem
586 1096 701 1132 actori
749 1100 867 1139 utant,
901 1096 997 1141 quod
1021 1100 1076 1131 est
1103 1096 1236 1132 verius:

152 1148 231 1180 tota
254 1144 346 1180 enim
369 1143 540 1188 obligatio
563 1142 631 1178 sub
651 1152 719 1178 con
745 1141 859 1177 ‘cione
877 1145 913 1176 et
935 1141 972 1176 in
996 1141 1088 1177 diem
1108 1141 1239 1177 collata

154 1195 208 1225 est
231 1193 268 1225 et
289 1189 374 1224 licet
405 1189 452 1223 ad
476 1187 721 1224 condicionem
750 1186 922 1222 committi
946 1186 1127 1229 videatur,
1163 1186 1238 1222 dies

152 1239 273 1270 tamen
304 1237 478 1280 superest.
526 1232 590 1268 sed
621 1243 703 1268 cum
726 1242 787 1276 eo,
820 1232 880 1276 qui
903 1232 955 1266 ita
978 1232 1158 1277 promisit:
1196 1231 1239 1267 ‘si

153 1280 260 1315 ‘intra
281 1279 455 1315 kalendas
480 1278 589 1323 digito
614 1277 752 1313 caelum
776 1287 848 1312 non
871 1277 1049 1322 tetigerit',
1074 1277 1131 1322 agi
1154 1288 1236 1322 pro-

152 1329 249 1407 tinga
287 1324 599 1404 Offisztiwhqaelaeiffit
612 1322 817 1420 gaessglolucsz
863 1322 1037 1403 &alm—um
1073 1366 1111 1402 Si
1122 1367 1238 1402 Titius

153 1415 302 1451 etSeius
323 1413 514 1459 separatim
533 1413 585 1448 ita
607 1413 767 1458 stipulati
787 1416 921 1448 essent:
948 1412 1109 1448 ‘fundum
1125 1412 1237 1454 illum,

153 1461 195 1496 ‘si
219 1460 269 1495 illi
291 1469 364 1495 non
388 1459 539 1501 dederis,
563 1458 649 1493 mihi
668 1458 753 1493 dare
773 1457 928 1503 spondes
937 1458 976 1502 Τ,
1001 1458 1107 1494 finem
1131 1457 1239 1493 dandi

152 1506 255 1559 alteri
276 1504 366 1548 fore,
391 1503 510 1558 quoad
532 1503 701 1539 iudicium
717 1504 951 1549 acciperetur,
977 1507 1013 1539 et
1030 1503 1110 1539 ideo
1130 1514 1236 1539 occu-

151 1549 384 1634 palltdsngZ
395 1553 639 1646 alggffonegrlrtio
671 1593 722 1629 ad
743 1592 918 1629 Sabinum
964 1593 1044 1630 Hoc
1066 1593 1144 1629 iure
1168 1593 1236 1628 uti-

152 1651 250 1683 mur,
279 1643 321 1675 ut
343 1650 388 1675 ex
415 1640 485 1675 hac
509 1638 755 1684 stipulatione:
790 1638 831 1673 ‘si
854 1638 989 1674 Lucius
1014 1638 1130 1674 Titius
1155 1642 1238 1674 ante

153 1685 336 1722 ‘kalendas
360 1685 477 1720 Maias
507 1684 546 1719 in
568 1684 709 1719 Italiam
733 1694 806 1719 non
828 1684 981 1727 venerit,
1007 1683 1129 1719 decem
1153 1683 1239 1719 dare

154 1734 182 1766 ‘s
210 1730 319 1766 ondes
327 1730 356 1766 ’θ’
381 1741 454 1766 ιιοιι
478 1732 561 1765 ante
584 1729 659 1775 peti
683 1729 872 1773 quicquam
895 1729 1019 1774 possit,
1045 1739 1152 1775 quam
1176 1739 1237 1764 ex-

152 1788 176 1822 p
192 1779 331 1812 oratum
354 1775 402 1811 sit
425 1778 509 1811 ante
532 1784 610 1810 eam
634 1774 727 1810 diem
749 1774 787 1808 in
810 1774 949 1809 Italiam
971 1774 1092 1809 venire
1105 1774 1238 1809 Titium

152 1830 363 1901 nondposse
390 1830 506 1866 neque
535 1819 675 1855 venisse
685 1820 709 1862 ³,
744 1819 817 1854 sive
841 1819 918 1854 vivo
942 1819 1015 1855 sive
1038 1822 1178 1855 mortuo
1202 1819 1238 1854 id

152 1866 230 1902 acci
255 1866 331 1901 erit.

204 1910 248 1948 11
290 1910 345 1946 ΡΑ
354 1919 448 1946 vsvs
487 1909 579 1945 libro
613 1907 770 1945 secundo
806 1908 857 1944 ad
889 1908 1065 1945 Sabinum
1123 1909 1237 1945 Filius

153 1956 236 1992 dum
270 1956 308 1991 in
344 1955 486 1992 civitate
510 1957 566 1990 est
600 1954 631 1990 si
656 1954 865 1999 stipuletur,
901 1954 996 1999 patri
1026 1964 1167 1990 reverso
1192 1955 1238 1990 ab

153 2001 317 2037 hostibus
340 2000 480 2036 videtur
501 1999 711 2044 adquisisse.

202 2044 253 2084 12
279 2045 507 2081 Poupomus
540 2045 631 2080 libro
666 2045 792 2090 quinto
823 2043 873 2079 ad
901 2043 1073 2080 Sabinum
1121 2044 1159 2080 Si
1187 2044 1239 2079 ita

152 2091 346 2145 stipulatus
369 2091 487 2126 fuero:
514 2089 649 2125 ‘decem
668 2092 732 2124 aut
755 2089 910 2134 quinque
934 2089 1012 2124 dari
1036 2090 1189 2135 spondes
1197 2090 1225 2125 ’θ’

176 2146 309 2181 umque
340 2136 530 2171 debentur:
560 2138 596 2170 et
619 2134 650 2169 si
671 2134 740 2170 ita:
778 2133 951 2170 ‘kalendis
982 2134 1159 2171 Ianuariis
1183 2117 1237 2170 vel

153 2185 162 2201 ‘
197 2181 370 2217 ebruariis
394 2180 473 2216 dari
492 2179 645 2233 spondes
654 2179 695 2222 Τ,
718 2177 865 2232 perinde
885 2182 949 2223 est,
974 2180 1078 2225 quasi
1102 2180 1237 2216 ‘kalen-

152 2227 220 2262 ‘dis
243 2225 459 2262 Februariis’
483 2229 530 2260 sti
556 2224 677 2260 ulatus
702 2234 778 2260 sim.

202 2269 251 2309 13
285 2271 479 2307 [Inpurus
499 2270 527 2305 li
548 2281 590 2305 ro
614 2280 710 2305 nono
734 2270 871 2305 decimo
895 2269 945 2305 ad
960 2268 1134 2306 Sabinum
1170 2270 1238 2315 Qui

152 2320 247 2352 ‘ante
265 2315 439 2352 kalendas
481 2314 650 2351 roximas’
671 2314 871 2360 stipuletur,
897 2314 1019 2351 similis
1038 2318 1092 2351 est
1110 2316 1152 2358 ei,
1178 2315 1238 2361 qui

153 2361 338 2398 ‘kalendis’
363 2360 434 2406 stip
475 2363 567 2395 atur.

203 2405 254 2444 14
278 2406 508 2442 Poupomvs
538 2405 629 2441 libro
665 2405 790 2451 quinto
823 2404 873 2440 ad
901 2403 1074 2442 Sabinum
1121 2404 1158 2441 Si
1187 2405 1238 2441 ita

152 2451 344 2498 stipulatus
362 2461 476 2487 essem
492 2450 557 2486 abs
572 2454 610 2486 te
626 2449 779 2486 ‘domum
798 2449 1014 2486 aedificari?
1038 2449 1094 2486 vel
1104 2450 1118 2471 ⁴
1135 2451 1237 2486 here-

153 2497 233 2532 dem
256 2507 372 2532 meum
396 2495 610 2531 damnavero
633 2495 787 2531 insulam
806 2494 1006 2539 aedificare,
1032 2495 1134 2531 Celso
1159 2496 1235 2541 pla·

153 2547 211 2577 cet
241 2552 313 2578 non
346 2544 429 2577 ante
459 2541 517 2586 agi
548 2550 654 2586 posse
678 2550 722 2576 ex
747 2550 790 2576 ea
814 2550 941 2585 causa,
967 2551 1072 2585 quam
1096 2544 1236 2586 tempus

152 2587 405 2667 ριἀειετὶεείιίειῦ
430 2596 514 2667 qupe
530 2586 652 2666 igisula,
673 2585 858 2667 taeedeigcaiti
887 2589 1026 2631 posset:
1059 2596 1126 2622 nec
1150 2586 1236 2622 fide·

151 2642 309 2668 iussores
357 2642 379 2667 a
394 2643 407 2667 ι
431 2641 478 2666 an
575 2642 630 2667 em
711 2641 735 2666 n
782 2642 830 2665 un
848 2641 909 2666 ur:

202 2675 253 2714 15
278 2676 385 2712 Imm
404 2676 495 2712 libro
520 2677 709 2712 vicensimo
733 2676 884 2723 septimo
908 2675 959 2711 ad
980 2674 1154 2711 Sabinum
1202 2680 1237 2711 et

153 2721 234 2758 ideo
269 2722 486 2766 haesitatur,
529 2721 560 2757 si
602 2721 723 2766 aliqua
756 2730 840 2766 pars
875 2720 1014 2756 insulae
1047 2719 1145 2757 facta
1179 2721 1235 2764 sit,

153 2766 280 2803 deinde
303 2766 467 2802 incendio
492 2770 704 2811 consumpta
727 2766 790 2809 sit,
827 2775 874 2801 an
897 2765 1072 2811 integrum
1094 2769 1236 2812 tempus

154 2811 431 2856 computandum
456 2811 502 2847 sit
524 2821 649 2847 rursus
666 2810 713 2846 ad
737 2810 995 2846 aedificandam
1017 2811 1170 2847 insulam
1190 2821 1236 2846 an

154 2866 235 2892 vero
260 2856 435 2901 reliquum
464 2856 649 2891 dumtaxat
672 2855 949 2901 exspectandum
981 2856 1077 2902 quod
1100 2856 1234 2892 deerat.

153 2905 191 2938 et
212 2901 328 2937 verius
352 2904 417 2943 est,
442 2903 506 2936 ut⁶
528 2901 705 2946 integrum
727 2900 761 2936 ei
784 2900 897 2936 detur.

203 2943 254 2984 16
278 2944 385 2982 Imm
403 2945 494 2982 libro
517 2952 622 2982 sexto
646 2946 696 2982 ad
718 2944 890 2982 Sabinum
926 2945 965 2982 Si
989 2945 1150 2982 Stichum
1174 2950 1237 2982 aut

153 2990 379 3036 Pamphilum
401 2990 485 3026 mihi
509 2990 640 3027 debeas
663 2994 700 3027 et
722 2990 814 3026 alter
836 3000 881 3026 ex
910 2991 961 3027 eis
990 3001 1090 3027 meus
1119 2991 1236 3028 factus

153 3036 202 3072 sit
231 3046 276 3073 ex
306 3035 425 3081 aliqua
455 3045 583 3078 causa,
612 3035 810 3088 reliquum⁷
842 3035 994 3072 debetur
1021 3037 1106 3072 milii
1136 3047 1158 3072 a
1186 3041 1233 3073 te.

157 3086 171 3116 1
222 3079 413 3126 Stipulatio
436 3080 639 3116 huiusmodi
670 3084 718 3116 ‘in
742 3091 854 3117 annos
879 3081 1047 3126 singulos’
1078 3091 1150 3117 una
1181 3085 1237 3118 est

152 3130 191 3162 et
219 3126 357 3161 incerta
387 3129 424 3161 et
452 3129 644 3171 perpetua,
682 3135 754 3161 non
790 3125 1084 3171 quemadmodum
1122 3127 1235 3164 simile

152 3171 307 3216 legatum
329 3173 445 3207 morte
467 3170 480 3206 l
547 3170 629 3205 tarii
652 3170 825 3207 finiretur.

203 3213 252 3253 17
284 3215 479 3252 mmm
519 3215 596 3251 ibro
619 3216 808 3251 vicensimo
832 3219 957 3252 octavo
989 3215 1039 3251 ad
1060 3215 1234 3252 Sabinum

153 3260 344 3340 Stilpulatio
380 3270 453 3314 npn
489 3259 584 3296 valet
618 3259 656 3296 in
695 3261 747 3296 rei
784 3261 1012 3306 promittendi
1048 3261 1234 3298 arbitrium

154 3304 616 3404 f²⁰1it⁸1223¹1¹45³3535³55⁰1m0
639 3349 774 3386 decimo
798 3351 848 3403 «ιρι
867 3350 1040 3387 sabinum
1087 3351 1155 3397 Qui
1179 3352 1233 3388 bis

151 3394 250 3476 {ggmt
268 3398 461 3440 promittit,
491 3395 595 3442 ipso·
623 3394 701 3431 iure
724 3395 876 3441 amphus
901 3406 1007 3442 quam
1031 3397 1138 3433 semel
1162 3407 1234 3433 non

215 3450 235 3475 e
251 3451 304 3475 ur.

200 3482 253 3522 19
277 3484 382 3521 loru
402 3484 493 3521 libro
568 3485 642 3521 into
665 3484 802 3522 decimo
825 3485 875 3521 ad
887 3484 1062 3522 Sabinum
1109 3486 1146 3523 Si
1170 3487 1234 3523 sti-

151 3529 289 3574 pulatio
311 3528 411 3566 facta
432 3529 557 3566 fuerit:
590 3530 632 3566 ‘si
663 3530 770 3577 culpa
800 3535 863 3566 tua
885 3528 1073 3567 divortium
1097 3531 1233 3568 factum

1480 0 1489 24 i

1490 20 1552 76 ἦ

1541 78 1545 98 i

2050 126 2112 164 DE
2143 126 2387 164 vmonmr

1306 237 1435 282 ‘fuerit
1459 237 1539 275 dari
1547 239 1588 284 Ψ,
1611 237 1710 276 nulla
1733 238 1916 285 stipulatio
1940 242 2006 284 est,
2031 241 2114 286 quia
2134 242 2291 278 contenti
2310 252 2388 279 esse

1305 283 1474 321 debemus
1498 283 1623 330 poenis
1646 284 1763 330 legum
1788 285 2070 330 comprehensis:
2100 286 2168 322 nisi
2198 287 2230 324 si
2258 291 2294 323 et
2324 288 2387 323 sti-

1305 328 1441 375 pulatio
1453 329 1683 409 htantundem
1714 330 1845 365 habeat
1875 340 2032 376 poenae,
2069 334 2203 377 quanta
2235 332 2312 378 lege
2343 334 2389 368 sit

1308 384 1387 409 com
1414 384 1452 410 re
1480 384 1576 410 ensa.

1352 417 1377 456 2
1437 418 1631 455 Uhpmws
1657 419 1748 455 libro
1775 420 1956 467 triqesi'mo
1981 424 2112 466 quarto
2143 422 2194 458 ad
2215 421 2387 459 Sabinum

1305 464 1517 500 Huiusmodi
1541 464 1787 510 stipulationes
1811 476 1883 501 non
1907 469 1992 501 sunt
2010 466 2171 503 inutiles:
2196 467 2302 513 ‘quod
2323 468 2387 503 tibi

1307 509 1434 544 ‘Titius
1458 509 1580 554 debet,
1614 520 1694 545 cum
1718 509 1856 546 debitor
1880 521 1957 546 esse
1980 510 2142 555 desierit,
2173 512 2258 548 dare
2281 523 2388 559 spon-

1307 553 1380 589 ‘des
1390 555 1418 589 ‘P
1458 565 1541 590 nam
1569 555 1664 590 valet
1695 554 1876 600 stipulatio
1913 557 2016 601 quasi
2053 557 2120 592 sub
2158 557 2280 603 quavis
2319 558 2390 594 alia

1307 598 1518 635 condicione
1542 603 1726 645 concepta.

1352 642 1402 681 21
1436 644 1664 680 Pomomvs
1693 644 1783 680 libro
1813 646 1939 691 quinto
1970 646 2106 682 decimo
2138 647 2189 682 ad
2216 646 2388 683 Sabinum

1308 689 1345 725 Si
1369 689 1519 725 divortio
1543 688 1640 725 facto
1665 699 1717 733 ea,
1742 700 1834 742 quae
1857 691 1945 726 nihil
1968 691 2005 726 in
2029 691 2112 727 dote
2130 692 2272 734 habeat,
2297 692 2390 728 dotis

1306 735 1447 770 nomine
1465 737 1607 770 centum
1626 734 1702 770 dari
1723 734 1922 779 stipuletur,
1943 736 1999 772 vel
2019 746 2111 782 quae
2130 740 2270 772 centuni
2290 737 2389 772 dum·

1306 783 1408 815 taxat
1441 780 1591 824 habeat,
1624 780 1778 815 ducenta
1801 779 1894 815 dotis
1918 781 2057 817 nomine
2081 781 2158 817 dari
2181 782 2388 827 stipuletur:

1307 824 1483 860 Proculus
1507 825 1576 866 ait,
1601 825 1631 859 si
1655 825 1808 860 ducenta
1831 825 2023 870 stipuletur
2045 837 2137 872 quae
2161 832 2301 863 centum
2326 828 2389 862 ha-

1307 870 1408 914 beat,
1447 870 1523 906 sine
1562 869 1670 906 dubio
1707 874 1849 905 centum
1888 870 2029 915 quidem
2066 872 2102 906 in
2141 872 2389 918 obligationem

1307 915 1445 957 venire,
1479 916 1550 950 alia
1580 919 1699 950 autem
1730 919 1871 950 centum
1903 917 2044 951 actione
2076 917 2120 952 de
2149 917 2232 952 dote
2257 917 2388 952 deberi.

1307 960 1494 995 dicendum
1518 961 1638 1005 itaque
1662 964 1734 1004 est,
1768 961 1904 996 etiamsi
1935 961 2022 996 nihil
2047 961 2093 997 sit
2115 962 2152 996 in
2176 962 2274 1006 dote,
2306 972 2388 998 cen-

1307 1009 1382 1040 tum
1401 1009 1520 1040 tamen
1538 1005 1656 1041 venire
1677 1006 1714 1040 in
1734 1006 1996 1050 stipulationem
2008 1007 2032 1049 ⁹,
2057 1007 2174 1050 sicuti,
2199 1018 2279 1042 cum
2297 1008 2391 1043 filiae

1306 1050 1362 1086 vel
1393 1050 1499 1086 matri
1525 1051 1580 1086 vel
1610 1050 1722 1086 sorori
1754 1051 1808 1086 vel
1839 1051 1900 1086 alii
1934 1051 2080 1088 cuilibet
2119 1052 2211 1088 dotis
2249 1053 2391 1088 nomine

1307 1096 1496 1140 legaretur,
1520 1095 1609 1131 utile
1632 1095 1787 1140 legatum
1812 1099 1916 1132 esset.

1354 1138 1408 1178 22
1433 1140 1592 1176 Pinus
1619 1141 1709 1176 libro
1738 1152 1833 1176 nono
1864 1141 1914 1176 ad
1941 1140 2113 1178 Sabinum
2161 1142 2200 1179 Si
2230 1143 2266 1179 id
2297 1144 2390 1189 quod

1307 1195 1433 1221 aui-um
1465 1186 1654 1231 putabam,
1693 1197 1774 1221 cum
1807 1196 1868 1222 aes
1903 1190 2015 1230 esset,
2057 1188 2248 1233 stipulatus
2281 1189 2326 1224 de
2355 1193 2389 1225 te

1307 1231 1428 1274 fuero,
1460 1231 1637 1267 teneberis
1667 1231 1752 1265 mihi
1783 1231 1890 1267 huius
1914 1233 2006 1267 aeris
2031 1233 2192 1276 nomine,
2224 1234 2389 1278 quoniam

1305 1277 1343 1311 in
1368 1286 1518 1322 corpore
1542 1276 1844 1312 consenserImus:
1870 1277 1933 1312 sed
1957 1287 2001 1312 ex
2025 1278 2097 1313 doli
2120 1279 2203 1314 mali
2228 1279 2389 1315 clausula

1306 1325 1424 1358 tecum
1448 1332 1561 1367 agam,
1586 1322 1617 1357 si
1641 1321 1758 1357 sciens
1781 1333 1836 1357 me
1859 1322 2040 1358 fefelleris.

1353 1364 1405 1404 23
1439 1367 1668 1403 POMPONIUS
1698 1366 1789 1402 libro
1820 1378 1916 1403 nono
1930 1369 1957 1389 ¹⁰
1987 1368 2036 1403 ad
2059 1367 2232 1404 Sabinum
2278 1369 2315 1404 Si
2346 1380 2389 1404 ex

1306 1412 1414 1457 legati
1437 1422 1547 1448 causa
1570 1415 1634 1447 aut
1657 1422 1702 1447 ex
1724 1412 1897 1457 stipulatu
1925 1413 2104 1448 hominem
2136 1419 2272 1449 certum
2305 1415 2389 1449 mihi

1308 1457 1457 1502 debeas,
1488 1468 1560 1493 non
1590 1457 1694 1493 aliter
1723 1461 1807 1502 post
1837 1461 1986 1494 mortem
2015 1459 2091 1494 eius
2115 1459 2270 1495 tenearis
2294 1460 2389 1503 mihi,

1307 1513 1414 1548 quam
1445 1503 1476 1538 si
1506 1512 1572 1548 per
1601 1506 1638 1538 te
1669 1502 1826 1545 steterit,
1858 1514 1928 1548 quo
1961 1503 2077 1539 minus
2100 1504 2179 1540 vivo
2203 1514 2244 1540 eo
2258 1506 2284 1526 ¹¹
2310 1515 2389 1540 eum

1307 1548 1394 1583 mihi
1425 1547 1548 1584 dares:
1592 1547 1687 1593 quod
1714 1548 1766 1582 ita
1795 1548 1853 1592 fit,
1884 1549 1915 1584 si
1947 1553 2011 1583 aut
2039 1549 2286 1595 interpellatus
2318 1561 2390 1585 non

1308 1593 1435 1629 dedisti
1459 1596 1523 1628 aut
1545 1593 1708 1628 occidisti
1731 1603 1823 1628 eum.

1353 1636 1406 1675 24
1438 1638 1598 1674 Panos
1630 1638 1720 1674 libro
1751 1649 1847 1674 nono
1878 1638 1928 1673 ad
1958 1637 2131 1674 Sabinum
2185 1639 2254 1675 Sed
2286 1640 2317 1675 si
2347 1650 2389 1675 ex

1307 1683 1479 1729 stipulatu
1503 1683 1664 1719 Stichum
1687 1683 1816 1718 debeat
1838 1683 2007 1728 pupillus,
2032 1694 2104 1719 non
2127 1684 2305 1719 videbitur
2326 1695 2392 1730 per

1306 1739 1387 1764 eum
1410 1738 1510 1764 mora
1532 1728 1620 1771 fieri,
1645 1731 1685 1763 ut
1708 1731 1849 1764 mortuo
1874 1738 1916 1764 eo
1940 1732 2113 1772 teneatur,
2137 1730 2206 1765 nisi
2224 1730 2255 1766 si
2273 1733 2392 1765 tutore

1308 1776 1454 1809 auctore
1478 1777 1541 1808 aut
1563 1774 1662 1809 solus
1685 1776 1784 1809 tutor
1806 1773 2062 1819 interpelletur.

1354 1816 1407 1856 25
1433 1818 1662 1854 Poupomvs
1681 1818 1772 1855 libro
1793 1819 1959 1854 vicesimo
1978 1819 2028 1854 ad
2044 1818 2218 1855 Sabinum
2259 1819 2298 1855 Si
2315 1820 2391 1856 dari

1307 1864 1457 1909 stipuler
1487 1863 1524 1899 id
1556 1863 1652 1909 quod
1683 1863 1768 1898 mihi
1805 1863 1877 1899 iani
1915 1874 1960 1899 ex
1999 1863 2171 1909 stipulatu
2208 1865 2390 1908 debeatur,

1309 1910 1412 1945 cuius
1435 1908 1674 1954 stipulationis
1698 1908 1839 1944 nomine
1863 1909 2071 1954 exceptione
2099 1913 2200 1946 tutus
2230 1910 2278 1946 sit
2307 1921 2390 1956 pro-

1308 1955 1453 1996 missor,
1486 1954 1702 1999 obligabitur
1732 1964 1777 1989 ex
1807 1953 2005 1999 posteriore
2028 1955 2273 2000 stipulatione,
2307 1957 2392 2001 quia

1310 2010 1352 2036 su
1380 1999 1473 2035 erior
1497 1999 1599 2045 quasi
1622 1999 1721 2034 nulla
1744 1999 1791 2034 sit
1814 2000 2022 2044 exceptione
2045 2000 2220 2036 obstante.

1353 2010 1407 2082 {6
1439 2044 1633 2080 Ulmanus
1652 2044 1744 2080 libro
1769 2044 2048 2091 quadraqesimo
2070 2046 2227 2081 secundo
2251 2046 2302 2082 ad
2323 2045 2390 2082 Sa-

1308 2090 1429 2126 binum
1475 2088 1697 2125 Generaliter
1719 2090 1881 2126 novimus
1899 2093 2023 2136 turpes
2042 2090 2290 2136 stipulationes
2311 2092 2389 2127 nul-

1308 2135 1376 2171 lius
1400 2144 1479 2171 esse
1502 2134 1689 2170 momenti:

1353 2178 1406 2217 27
1432 2180 1661 2216 Poupomos
1688 2180 1779 2216 libro
1808 2180 1997 2216 vicensimo
2025 2180 2182 2217 secundo
2210 2181 2261 2217 ad
2288 2181 2390 2218 Sabi—

1308 2236 1394 2261 num
1439 2224 1551 2260 veluti
1580 2224 1612 2261 si
1643 2225 1722 2271 quis
1753 2224 1981 2261 homicidium
2011 2225 2066 2261 vel
2097 2226 2319 2272 sacrilegium
2351 2237 2389 2262 se

1306 2270 1487 2316 facturum
1516 2269 1712 2316 promittat.
1761 2270 1824 2306 sed
1847 2274 1884 2306 et
1907 2270 2026 2306 officio
2049 2281 2191 2317 quoque
2214 2273 2389 2317 praetoris

1310 2316 1511 2352 continetur
1534 2325 1579 2351 ex
1601 2316 1804 2351 huiusmodi
1827 2315 2101 2361 obligationibus
2125 2317 2300 2353 actionem
2329 2317 2388 2352 de-

1311 2365 1325 2396 1
1375 2361 1508 2405 negari.
1557 2360 1595 2396 Si
1624 2361 1815 2440 stipulatus
1845 2361 1916 2396 hoc
1946 2361 2051 2397 modo
2076 2361 2197 2397 fuero:
2231 2363 2272 2399 ‘si
2294 2363 2390 2398 intra

1307 2406 1499 2442 ‘biennium
1536 2405 1662 2451 Capito
1691 2417 1750 2440 um
1783 2416 1857 2442 non
1891 2406 2113 2450 ascenderis,
2152 2407 2230 2443 dari
2239 2408 2278 2452 ?’‚
2317 2419 2388 2443 non

1310 2451 1379 2487 nisi
1402 2451 1596 2496 praeterito
1620 2451 1761 2487 biennio
1786 2454 1883 2487 recte
1932 2455 2035 2486 etam.

1352 2493 1405 2533 28
1431 2496 1487 2531 ΡΛ
1495 2505 1590 2532 mos
1609 2496 1700 2533 libro
1717 2496 1854 2532 decimo
1873 2507 1896 2531 a
1938 2495 2110 2532 Sabinum
2148 2495 2186 2531 Si
2204 2506 2279 2532 rem
2295 2497 2388 2532 tradi
2455 2497 2458 2499 ’

1306 2541 1536 2586 stipulamur,
1567 2551 1639 2576 non
1669 2540 1907 2586 intellegimur
1933 2541 2188 2587 proprietatem
2211 2541 2288 2578 eius
2311 2542 2387 2577 dari

1306 2587 1354 2623 sti
1380 2586 1511 2622 uiatori
1525 2587 1562 2628 ¹²,
1588 2586 1652 2622 sed
1674 2590 1813 2622 tantum
1836 2586 1940 2622 tradi.

1353 2597 1406 2669 29
1438 2630 1631 2668 ULPIANUs
1659 2631 1750 2668 libro
1781 2632 2083 2685 quadraqensimo
2112 2635 2217 2667 sexto
2249 2631 2299 2667 ad
2320 2631 2387 2668 Sa-

1307 2677 1427 2713 binum
1473 2676 1572 2712 Scire
1596 2676 1764 2712 debemus
1784 2687 1821 2712 ιιι
1840 2676 2131 2722 stipulationibus
2151 2679 2206 2712 tot
2225 2686 2304 2712 esse
2323 2677 2385 2712 sti·

1306 2722 1524 2767 pulationes,
1557 2725 1644 2767 quot
1668 2732 1826 2757 summae
1849 2725 1950 2765 sunt,
1982 2725 2107 2767 totque
2135 2731 2214 2758 esse
2236 2721 2385 2776 stipula-

1306 2767 1433 2811 tiones,
1458 2770 1546 2812 quot
1568 2766 1705 2812 species
1729 2771 1824 2802 sunt.
1860 2767 2054 2803 secundum
2078 2766 2174 2812 quod
2197 2770 2321 2810 evenit,
2347 2772 2386 2802 ut

1306 2813 1416 2848 mixta
1439 2821 1512 2847 una
1535 2821 1673 2848 summa
1694 2812 1750 2848 vel
1773 2812 1902 2857 specie,
1927 2822 2019 2858 quae
2042 2822 2115 2848 non
2137 2811 2205 2847 fuit
2223 2811 2262 2847 in
2281 2822 2385 2857 prae-

1307 2857 1446 2893 cedenti
1469 2857 1708 2902 stipulatione,
1733 2867 1806 2893 non
1825 2856 1889 2892 fiat
1907 2857 2059 2901 novatio,
2084 2856 2148 2893 sed
2166 2856 2276 2892 efficit
2295 2856 2384 2893 duas

1305 2912 1384 2938 esse
1408 2901 1665 2955 stipulationes.
1710 2902 1868 2948 quamvis
1893 2906 2011 2938 autem
2034 2902 2209 2947 placuerit
2231 2905 2286 2937 tot
2307 2911 2386 2938 esse

1304 2947 1571 2993 stipulationes,
1603 2950 1691 2992 quot
1721 2957 1898 2990 summae,
1930 2950 2054 2992 totque
2084 2956 2163 2983 esse
2185 2946 2383 2992 stipulatio-

1304 2994 1409 3028 nes¹³
1439 2996 1527 3038 quot
1555 3001 1630 3028 res:
1666 2995 1787 3027 tamen
1818 2992 1848 3028 si
1878 2993 2065 3038 pecuniam
2096 2991 2194 3038 quis,
2225 3001 2317 3037 quae
2346 2992 2384 3027 in

1305 3041 1500 3084 conspectu
1523 3040 1593 3080 est,
1626 3037 1673 3073 sti
1699 3037 1817 3073 ulatus
1841 3038 1905 3080 sit,
1935 3037 1990 3073 vel
2013 3047 2176 3073 acervum
2199 3037 2382 3082 pecuniae,

1304 3093 1376 3118 non
1404 3085 1459 3119 tot
1489 3082 1613 3118 sunt¹⁴
1646 3082 1912 3128 stipulationes,
1946 3086 2033 3128 quot
2060 3092 2281 3118 nummorum
2304 3092 2382 3117 cor-

1303 3137 1410 3173 pora,
1435 3126 1498 3163 sed
1520 3137 1593 3162 una
1616 3127 1816 3172 stipulatio:
1846 3138 1927 3163 nam
1949 3137 2014 3173 per
2037 3127 2194 3172 singulos
2218 3126 2382 3163 denarios

1303 3172 1461 3218 singulas
1485 3181 1564 3208 esse
1586 3172 1835 3217 stipulationes
1859 3172 2052 3208 absurdum
2074 3176 2139 3208 est.
2181 3171 2382 3217 stipulatio-

1303 3227 1384 3253 nem
1407 3226 1548 3263 quoque
1569 3217 1766 3262 legatorum
1790 3221 1932 3253 constat
1958 3226 2066 3252 unam
2097 3227 2193 3260 esse,
2249 3217 2382 3252 uamvis

1304 3262 1409 3308 plura
1431 3272 1584 3308 corpora
1607 3262 1679 3298 sint
1702 3263 1756 3299 vel
1779 3263 1884 3309 plura
1906 3263 2035 3307 legata.
2082 3261 2146 3298 sed
2170 3266 2206 3297 et
2243 3261 2381 3297 amiliae

1302 3307 1357 3343 vel
1387 3307 1543 3343 omnium
1573 3317 1755 3343 servorum
1790 3307 1971 3353 stipulatio
2009 3317 2081 3342 una
2116 3310 2182 3342 est.
2229 3306 2383 3352 itemque

1303 3351 1495 3406 quadrigae
1525 3356 1589 3387 aut
1618 3352 1878 3388 lecticariorum
1907 3352 2089 3397 stipulatio
2125 3362 2198 3387 una
2233 3355 2297 3388 est.
2345 3355 2383 3387 at

1302 3404 1333 3433 si
1357 3396 1436 3442 quis
1458 3396 1547 3432 illud
1570 3400 1607 3433 et
1628 3397 1717 3433 illud
1741 3397 1931 3443 stipulatus
1954 3397 2018 3439 sit,
2050 3399 2106 3432 tot
2136 3396 2382 3442 stipulationes

1306 3445 1319 3477 1
1371 3445 1473 3484 sunt,
1498 3446 1585 3487 quot
1608 3453 1769 3488 corpora.
1819 3442 1855 3478 Si
1878 3451 1901 3479 a
1925 3442 2005 3477 fure
2029 3441 2205 3477 hominem
2229 3441 2295 3478 sim
2318 3441 2382 3477 sti·

1301 3486 1463 3532 palatus,
1495 3487 1694 3532 quaesitum
1718 3491 1790 3530 est,
1813 3497 1861 3523 an
1883 3486 2069 3533 stipulatio
2092 3486 2219 3522 valeat.
2265 3490 2382 3522 movet

1302 3531 1563 3578 quaestionem,
1601 3532 1697 3578 quod
1733 3531 1925 3578 stipulatus
1961 3531 2136 3569 homin·-
2171 3531 2382 3577 plerumque

151 3642 192 3682 (i)
216 3641 400 3675 ascenderis
413 3642 492 3676 Hal.
570 3642 614 3683 (2)
639 3642 694 3675 hio
708 3643 767 3676 ins.
781 3641 831 3676 F·
908 3644 951 3684 (8)
976 3643 1114 3687 venisse]
1127 3643 1231 3678 inter-

150 3695 294 3738 essese-rs.
370 3688 414 3729 (i)
437 3687 530 3721 dine
553 3686 603 3721 Ρ
642 3732 651 3740 .
679 3689 723 3729 (ι)
748 3687 836 3721 diem
848 3687 909 3722 del.
987 3689 1033 3741 (ρ)
1056 3688 1233 3741 inimi*

151 3730 196 3772 (7)
220 3730 368 3774 reliquus
386 3732 458 3765 edd.
570 3732 617 3774 (8)
640 3731 717 3766 ideo
734 3732 769 3766 F
776 3732 787 3753 ¹
899 3732 945 3775 (ο)
967 3731 1184 3776 stipulatione
1202 3734 1238 3768 F

1299 3645 1360 3686 (io)
1385 3644 1418 3678 i'n
1436 3656 1565 3678 numero
1581 3657 1720 3679 morem
1738 3656 1807 3678 me
1820 3644 1904 3678 vidit
1919 3644 2071 3678 Citiaei‘us
2163 3645 2219 3685 (ιι)
2242 3643 2318 3677 vivo
2329 3643 2379 3685 eo]

1299 3689 1412 3722 vivum
1423 3700 1486 3723 scr.
1579 3690 1638 3732 (12)
1660 3688 1816 3733 stipulari
1826 3701 1889 3723 scr.
1981 3693 2040 3729 (is)
2063 3690 2146 3731 quot
2157 3697 2303 3722 summae
2314 3690 2378 3721 tot-

1299 3743 1365 3778 que
1375 3742 1443 3768 ene
1454 3732 1687 3777 stipulationes
1699 3736 1761 3770 del.
1853 3734 1914 3777 (u)
1936 3732 2005 3767 sint
2016 3733 2051 3767 F

2518 2751 2528 2863 una-‘wa
2523 2721 2528 2742 .-.
2524 2708 2528 2714 .
