2528 3918
160 112 422 144 om’ITENDA
450 111 736 142 HEREDITATE

160 223 323 260 heredem
355 232 435 258 eum
467 232 547 257 cum
579 221 743 257 libertate
773 219 985 261 instituerit,
1018 220 1129 266 magis
1156 222 1244 267 puto

158 269 236 305 fore
258 278 339 304 eum
361 267 512 302 liberum
535 270 572 302 et
593 265 833 302 necessarium
852 264 1037 301 heredem:
1062 276 1146 301 nam
1163 275 1245 301 cum

159 313 284 349 scribit
306 311 337 348 ei
360 312 573 354 libertatem,
598 311 739 347 vinculo
763 321 829 346 suo
852 309 1008 346 resolvit.
1057 314 1094 347 et
1114 311 1152 347 in
1174 310 1245 346 hoc

158 358 272 394 solum
295 356 410 392 redit¹
433 357 512 392 iure
534 356 757 402 postliminii,
789 359 831 391 ut
859 366 932 391 non
961 355 1090 391 iterum
1120 365 1244 392 servus

157 403 234 439 eius
257 402 340 445 fiat,
372 402 474 438 cuius
506 405 586 438 erat
615 405 805 446 antequam
833 403 1023 446 caperetur
1046 401 1129 443 (hoc
1152 400 1245 437 enim

157 447 244 483 satis
267 447 413 493 impium
438 448 517 489 est),
543 446 605 482 sed
626 451 666 481 ut
684 446 834 492 pristino
855 445 995 481 domino
1017 457 1118 481 suam
1139 445 1244 482 aesti-

157 493 348 528 mationem
372 491 571 527 omnimodo
596 491 725 528 offerat
748 491 801 527 vel
825 495 969 526 maneat
999 491 1031 526 ei
1055 492 1244 544 obligatus,

158 537 272 573 donec
298 537 453 584 pretium
477 536 609 572 solvat:
666 537 738 572 uod
769 536 946 572 libertatis
979 536 1101 572 favore
1131 539 1244 572 intro-

161 589 173 617 ι
228 582 373 618 ductum
393 585 457 618 est.
494 582 531 617 Si
555 582 633 627 quis
684 593 726 617 ac
750 581 828 626 lege
851 585 990 626 emptus
1011 581 1068 624 sit,
1091 584 1133 617 ut
1151 582 1247 618 intra

158 632 296 664 certum
329 627 418 663 diem
445 627 734 666 manumittatur,
767 631 804 662 et
834 637 914 662 cum
946 626 1112 662 libertate
1141 627 1246 662 heres

157 673 343 709 institutus
367 672 432 715 sit,
465 682 513 707 an
536 672 569 708 ei
592 671 874 708 succurrendum
898 671 963 714 sit,
995 675 1036 707 ut
1063 682 1103 708 se
1134 671 1245 708 absti-

156 721 259 760 neat,
289 717 483 753 videamus.
531 717 714 763 magisque
741 721 814 759 est,
846 720 904 759 ut,
937 716 1050 753 donec
1075 717 1150 753 dies
1173 727 1247 752 non

157 763 352 806 exstiterit,
382 763 498 808 possit
528 762 586 798 ei2
617 762 841 798 necessarius
868 762 972 798 heres
995 762 1092 798 effici
1115 766 1152 798 et
1173 772 1246 797 non

155 808 271 889 possit
307 818 386 844 sese
424 807 622 844 abstinere:
662 808 717 844 sin
756 812 876 843 autem
916 807 990 843 dies
1028 807 1246 853 praeteritus

173 853 283 895 uerit,
315 856 402 889 tunc
433 863 506 889 non
532 853 776 895 necessarius,
808 853 872 888 sed
895 852 1118 889 voluntarius
1141 853 1246 888 heres

156 897 314 934 efficitur
345 901 381 934 et

156 943 253 986 eius,
297 943 355 979 cui

157 992 177 1024 2
225 989 434 1024 debebatur.
482 988 520 1024 Si
551 989 631 1034 quis
663 988 801 1024 dederit
824 999 986 1024 nummos
1011 988 1175 1031 domino,
1205 991 1247 1023 ut

157 1035 449 1076 manumittatur,
480 1037 568 1079 puto
597 1034 680 1069 huic
704 1033 904 1070 omnimodo
929 1043 1009 1070 esse
1032 1043 1245 1070 succurren-

158 1082 178 1114 3
227 1079 320 1115 dum.
367 1079 518 1115 Praetor
550 1079 618 1115 ait:
660 1079 703 1115 ‘si
737 1089 802 1125 per
838 1088 919 1114 eum
954 1088 1076 1114 eamve
1110 1078 1246 1114 factum

158 1128 179 1160 4
228 1124 318 1167 ‘erit,
344 1134 414 1170 quo
463 1124 525 1159 uid
549 1135 594 1160 ex
617 1135 660 1160 ea
682 1124 883 1160 hereditate
913 1125 1161 1162 amoveretur'.
1210 1123 1247 1158 Si

158 1170 237 1216 quis
261 1180 348 1205 suus
372 1179 411 1205 se
460 1169 520 1205 ‘cit
543 1169 697 1206 retinere
719 1170 955 1206 hereditatem
977 1169 1082 1212 nolle,
1111 1168 1247 1221 aliquid

158 1218 277 1251 autem
301 1225 345 1250 ex
368 1214 566 1250 hereditate
589 1215 779 1257 amoverit,
811 1215 1014 1251 abstinendi
1036 1214 1246 1251 beneficium

158 1263 178 1295 5
226 1270 299 1296 non
329 1259 488 1296 habebit.
536 1260 619 1296 Non
642 1260 732 1296 dixit
779 1264 900 1296 raetor
931 1261 974 1296 ‘si
997 1260 1082 1306 quid
1105 1270 1245 1295 amove-

157 1305 240 1348 ‘rit’‚
264 1304 328 1341 sed
352 1305 394 1341 ‘si
416 1315 482 1351 per
503 1315 585 1341 eum
605 1315 726 1341 eamve
761 1309 881 1341 actum
901 1306 980 1348 erit,
1005 1316 1075 1351 quo
1097 1304 1183 1351 quid
1202 1314 1247 1340 ex

158 1354 213 1387 ‘ea
237 1351 489 1386 amoveretur':
523 1350 597 1386 sive
628 1360 711 1396 ergo
743 1350 821 1396 ipse
853 1351 1024 1386 amoverit
1051 1351 1124 1386 sive
1147 1360 1246 1386 amo-

158 1399 179 1432 6
225 1394 379 1431 vendum
403 1396 593 1438 curaverit,
618 1396 774 1431 edictum
797 1396 916 1431 locum
938 1396 1096 1432 habebit.
1136 1396 1246 1431 Amo-

157 1440 250 1476 visse
281 1449 363 1475 eum
394 1440 608 1486 accipimus,
640 1441 701 1486 qui
724 1440 810 1487 quid
834 1440 1026 1477 celaverit³
1049 1444 1113 1477 aut
1136 1441 1246 1476 inter-

158 1488 175 1520 7
223 1485 373 1521 verterit
395 1488 459 1520 aut
482 1486 754 1532 consumpserit.
798 1486 861 1521 Ait
883 1490 1030 1532 praetor
1053 1489 1136 1532 ‘quo
1161 1485 1248 1531 quid

169 1540 214 1567 ex
238 1540 281 1566 ea
305 1531 560 1566 amoveretur’:
592 1531 666 1567 sive
697 1535 817 1567 autem
849 1542 922 1567 una
944 1542 1003 1567 res
1028 1532 1102 1567 sive
1123 1530 1246 1577 plures

156 1575 292 1612 fuerint
315 1579 474 1618 amotae,
506 1576 621 1612 edicto
645 1576 746 1612 locus
771 1580 843 1619 est,
876 1577 950 1612 sive
972 1587 1017 1612 ex
1041 1586 1084 1612 ea
1106 1575 1246 1612 heredi-

157 1623 178 1657 8
223 1623 301 1656 tate
315 1621 387 1656 sint
402 1620 474 1656 sive
490 1621 537 1656 ad
553 1631 632 1656 eam
647 1621 881 1657 hereditatem
897 1621 1111 1667 pertineant.
1137 1622 1246 1656 Amo-

155 1675 240 1702 vere
262 1676 335 1702 non
357 1665 507 1709 videtur,
533 1667 593 1712 qui
616 1677 688 1702 non
712 1666 840 1703 callido
866 1667 983 1702 animo
1007 1676 1073 1702 nec
1093 1666 1247 1711 maligno

155 1721 232 1747 rem
254 1711 458 1757 reposuit⁴z
488 1722 533 1748 ne
555 1712 585 1748 is
611 1711 764 1765 quidem,
789 1712 850 1758 qui
872 1712 911 1747 in
933 1722 973 1748 re
996 1712 1139 1755 erravit,
1163 1711 1248 1747 dum

155 1759 263 1802 putat
292 1767 366 1792 non
397 1766 475 1792 esse
505 1757 765 1793 hered1tariam.
821 1757 851 1793 si
886 1757 995 1802 igitur
1026 1768 1099 1793 non
1130 1757 1247 1792 animo

156 1801 363 1846 amovendi,
394 1812 461 1838 nec
493 1805 534 1838 ut
559 1802 750 1838 hereditati
773 1802 942 1838 damnum
966 1802 1045 1845 det,
1076 1812 1153 1838 rem
1184 1802 1247 1837 ab·

156 1846 279 1890 stulit,
304 1847 368 1883 sed
392 1847 475 1883 dum
498 1851 604 1893 putat
625 1858 699 1883 non
722 1857 801 1883 esse
823 1847 1097 1890 hereditariam,
1127 1847 1247 1883 dicen-

158 1895 178 1927 9
226 1892 311 1928 dum
343 1897 399 1928 est
429 1903 509 1928 eum
542 1893 716 1929 amovisse
746 1903 820 1929 non
842 1892 967 1928 videri.
1015 1893 1114 1928 Haec
1138 1892 1249 1928 verba

155 1937 265 1973 edicti
286 1937 333 1972 ad
353 1948 433 1974 eum
452 1938 645 1983 pertinent,
667 1938 728 1983 qui
748 1942 831 1974 ante
851 1937 936 1984 quid
955 1937 1097 1982 amovit,
1121 1937 1249 1973 deinde

158 1992 197 2018 se
216 1982 391 2019 abstinet:
417 1987 575 2019 ceterum
597 1983 627 2019 si
647 1987 731 2019 ante
751 1993 790 2019 se
809 1983 991 2026 abstinuit,
1018 1982 1144 2019 deinde
1161 1986 1248 2018 tunc

156 2028 309 2071 amovit,
336 2028 396 2064 hic
418 2028 600 2064 videamus
625 2039 673 2064 an
696 2028 813 2064 edicto
837 2029 939 2065 locus
963 2029 1018 2064 sit.
1065 2027 1250 2073 magisque

157 2076 231 2114 est,
262 2076 305 2108 ut
334 2076 456 2118 putem
487 2073 569 2109 istic
594 2073 716 2110 Sabini
744 2074 957 2110 sententiam
981 2072 1247 2116 admittendam,

158 2118 296 2154 scilicet
317 2122 359 2154 ut
380 2118 471 2154 furti
521 2118 614 2154 otius
639 2119 781 2155 actione
805 2118 1043 2155 creditoribus
1062 2122 1247 2155 teneatur:

156 2163 287 2198 etenim
310 2163 371 2209 qui
389 2173 486 2200 seme
518 2174 558 2199 se
577 2164 761 2207 abstinuit,
786 2163 1083 2210 quemadmodum
1103 2173 1148 2199 ex
1166 2166 1251 2210 post

160 2208 291 2244 delicto
316 2208 520 2254 obligatur?

205 2250 258 2290 72
284 2252 443 2290 Panos
460 2254 550 2291 libro
562 2255 688 2300 primo
708 2254 759 2289 ad
773 2253 958 2290 Plautium
994 2253 1032 2290 Si
1048 2253 1129 2300 quis
1143 2253 1249 2290 heres

158 2299 210 2334 ita
240 2298 397 2345 scriptus
430 2298 555 2343 fuerit,
596 2302 638 2334 ut
671 2299 767 2335 intra
802 2303 939 2335 certum
969 2302 1110 2345 tempus
1143 2299 1251 2335 adeat

158 2343 391 2379 hereditatem
421 2347 476 2387 et,
508 2345 539 2380 si
570 2354 643 2380 non
673 2344 724 2380 ita
752 2344 898 2388 adierit,
930 2344 1023 2381 alius
1052 2344 1086 2381 ei
1115 2344 1248 2381 substi-

157 2391 293 2431 tuatur,
311 2389 411 2434 prior
430 2393 550 2425 autem
568 2390 672 2425 heres
693 2393 884 2435 antequam
904 2390 1020 2427 adiret
1035 2389 1246 2426 decesserit:

157 2443 260 2469 nemo
282 2433 434 2477 dubitat,
455 2435 541 2480 quin
560 2434 776 2471 substitutus
791 2435 956 2472 ultimum
972 2435 1064 2470 diem
1081 2435 1248 2471 aditionis

158 2489 221 2515 exs
249 2482 369 2515 ectare
391 2490 464 2515 non
487 2479 589 2515 solet.

438 901 532 935 otest
561 908 601 934 se
624 899 804 934 abstinere
828 897 1024 933 secundum
1047 897 1247 944 exemplum

416 942 717 979 deicommissaria
750 943 898 979 libertas
934 943 1002 979 sub
1037 943 1247 979 condicione

233 2522 257 2562 3
282 2524 391 2560 IDEM
409 2524 500 2560 libro
524 2525 675 2571 septimo
699 2524 750 2560 ad
771 2523 957 2560 Plautium
1012 2525 1049 2560 Si
1073 2525 1152 2571 quis
1175 2536 1249 2561 non

158 2569 263 2615 quasi
285 2569 408 2613 heres,
439 2569 503 2605 sed
526 2570 630 2615 quasi
652 2569 798 2615 patroni
820 2569 917 2606 fflius
941 2580 1047 2615 egens
1073 2581 1095 2605 a
1116 2570 1247 2607 liberto

158 2617 308 2667 paterno
334 2614 382 2649 ali
400 2614 496 2657 velit,
519 2614 649 2660 procul
671 2614 778 2651 dubio
801 2614 872 2651 hoc
896 2619 999 2651 extra
1023 2626 1169 2651 causam
1194 2619 1249 2651 est

157 2659 378 2740 imngscssndi
411 2669 450 2695 se
483 2660 587 2695 bonis
621 2660 800 2705 paternis,
838 2663 875 2696 et
907 2660 960 2696 ita
992 2664 1092 2696 recte
1125 2661 1247 2697 Labeo

158 2705 230 2740 scri
257 2705 285 2739 it
309 2731 317 2738 .

206 2747 258 2786 74
283 2749 390 2785 [osu
409 2749 499 2785 libro
523 2748 733 2785 duodecimo
757 2749 808 2785 ad
823 2748 1010 2785 Plautium
1053 2750 1120 2794 Qui
1142 2754 1250 2803 putat

158 2804 198 2829 se
229 2794 351 2830 decem
382 2794 469 2830 dare
498 2794 654 2837 iussum,
689 2805 770 2830 cum
799 2795 884 2840 quin
908 2805 955 2831 ue
977 2795 1095 2831 iussus
1121 2799 1186 2838 Sit,
1218 2796 1248 2831 si

162 2843 177 2874 1
228 2839 350 2875 decem
374 2839 522 2883 dederit,
545 2838 610 2875 fiet
629 2840 734 2875 heres
758 2839 876 2875 adeun
902 2850 934 2876 o.
974 2840 1025 2875 At
1043 2840 1073 2875 si
1093 2841 1248 2886 quinque

158 2888 324 2965 ἓὲἚῗθ
345 2884 487 2965 Ἦιῗῖῗὲ
506 2884 619 2965 daiga
644 2884 1167 2966 ffim1effessi¹ss¹dssffiessu⁵⁵33a
1181 2890 1248 2967 ⁶323

159 2973 294 3019 aliquid
323 2941 574 3020 plrofigit‚’ut‚
608 2974 639 3010 si
662 2985 684 3009 a
722 2975 905 3020 inpleverit
930 2957 1125 3021 reliquum,
1158 2975 1246 3011 alio-

158 3029 238 3054 rum
262 3018 419 3064 quinque
442 3019 586 3055 datione
607 3019 770 3055 videatur
794 3020 955 3056 condicio
988 3031 1068 3057 esse
1089 3021 1138 3056 im
1162 3021 1246 3057 leta.

160 3065 180 3098 2
228 3064 296 3109 Qui
319 3064 415 3100 bona
438 3064 508 3100 fide
531 3065 640 3100 servit
662 3064 694 3100 si
714 3065 817 3110 quasi
836 3065 936 3101 iussu
957 3065 1091 3102 domini
1109 3076 1131 3101 a
1158 3066 1247 3109 'ei-it,

161 3110 182 3143 3
227 3119 300 3144 ιιοιι
324 3108 549 3154 obligabitur.
598 3109 728 3145 Similis
756 3114 812 3146 est
838 3111 923 3147 huic
947 3111 1154 3154 statuliber,
1187 3111 1248 3157 qui

159 3152 278 3189 iussus
302 3154 349 3190 ab
371 3154 503 3190 herede
526 3154 626 3190 adire
644 3154 879 3191 hereditatem
898 3160 982 3202 post
1002 3156 1247 3192 condicionem

161 3199 183 3232 4
227 3197 402 3234 libertatis
422 3199 640 3243 existentem,
663 3210 743 3235 cum
762 3200 832 3236 hoc
851 3201 1043 3246 ignoraret,
1064 3201 1159 3237 adiit.
1192 3201 1247 3237 De

160 3251 216 3283 e0,
241 3243 300 3286 qui
322 3243 426 3279 heres
449 3244 634 3279 institutus
659 3245 705 3280 ab
727 3245 871 3291 aliquo⁶
895 3246 1046 3289 dubitat,
1072 3257 1119 3282 an
1137 3247 1246 3282 liber-

159 3289 217 3321 tas
249 3287 282 3322 ei
312 3297 357 3323 ex
386 3291 599 3325 testamento
623 3289 756 3325 domini
780 3291 964 3336 optigerit,
997 3303 1078 3327 cum
1107 3292 1248 3327 nesciat

162 3330 404 3368 condicionem
430 3333 605 3370 libertatis
629 3335 810 3371 exstitisse
832 3336 888 3371 vel
910 3336 1145 3373 hereditatem
1169 3337 1245 3372 adi-

160 3378 246 3419 tam,
271 3386 317 3411 an
337 3376 498 3414 adeundo
518 3379 622 3415 heres
641 3379 716 3422 fiat,
736 3380 935 3417 videndum.
972 3381 1130 3418 Iulianus
1149 3382 1246 3417 hunc

162 3420 299 3455 diceret
321 3420 399 3456 fieri
421 3422 595 3459 heredem.

209 3463 261 3502 75
286 3464 524 3503 Maeonius
540 3468 629 3504 libro
648 3480 744 3505 nono
763 3470 804 3505 di
828 3474 984 3506 oscorum
1022 3471 1081 3507 Ex
1101 3472 1246 3507 semisse

161 3509 278 3545 Titius
302 3510 405 3546 heres
428 3512 583 3557 scriptus
608 3517 680 3549 est:
714 3524 785 3559 qua
830 3515 922 3551 antis
955 3516 1133 3552 bonorum
1160 3527 1245 3562 pos-

163 3625 201 3663 (2)
228 3623 339 3656 reddit
359 3624 394 3656 F

164 3669 206 3709 (4)
232 3669 382 3711 seposuit
400 3681 463 3702 scr.

162 3714 205 3753 (7)
231 3713 354 3745 adierit
367 3714 402 3743 P

500 3627 542 3665 (22
568 3625 612 3666 ei]
632 3626 769 3660 interim
789 3640 851 3662 scr.

610 3670 652 3710 (5)
678 3671 816 3715 scripsit
836 3672 891 3706 12⁸2

1037 3677 1080 3715 (6)
1105 3675 1173 3708 alio
1196 3674 1247 3707 [³²

507 3715 552 3755 (8)
576 3720 748 3759 perempta
760 3718 819 3751 ins.

936 3719 980 3760 (9)
1006 3719 1160 3752 omittere
1173 3720 1245 3754 edd.

1236 94 1320 142 405

977 3631 1018 3670 (3)
1043 3629 1200 3662 celeve1it
1221 3630 1256 3663 F

2136 99 2347 142 XXVIIII
2376 102 2402 142 2

1313 219 1508 256 sessionem
1530 229 1596 265 per
1619 228 1776 254 errorem
1800 220 1899 264 petit.
1936 230 2082 266 quaero,
2107 231 2154 257 an
2172 221 2261 257 nihil
2281 225 2402 257 actum

1314 267 1361 301 sit
1384 275 1431 300 an
1455 274 1538 301 vero
1561 263 1710 310 perinde
1733 265 1851 299 omnia
1874 266 2051 301 servanda
2074 266 2163 310 sint,
2192 277 2236 302 ac
2260 267 2290 302 si
2315 278 2403 312 qua-

1314 310 1422 346 drans
1441 309 1645 346 nominatus
1663 319 1736 344 non
1754 309 1811 344 sit.
1843 311 2028 355 respondit
2046 311 2159 357 magis
2178 312 2268 347 nihil
2282 316 2403 348 actum

1313 365 1410 397 esse,
1466 353 1739 391 uemadmodum
1772 364 1852 390 cum
1883 365 1927 390 ex
1951 356 2096 392 semisse
2119 357 2276 403 scriptus
2299 357 2403 393 heres

1313 411 1357 436 ex
1405 411 1453 436 ua
1499 403 1583 436 ante
1603 409 1670 445 per
1693 409 1851 434 errorem
1874 400 1963 435 adiit
1985 401 2229 438 hereditatem.

1361 411 1413 483 ἦ
1436 444 1484 481 [Α
1493 454 1664 481 νοιιινσε
1685 444 1784 497 libro·
1800 448 1931 498 quarto
1957 447 2194 492 epistularum
2235 447 2273 483 Si
2296 451 2338 483 tu
2361 458 2405 484 ex

1312 494 1417 536 parte
1447 493 1551 526 sexta
1579 489 1647 526 sub
1680 489 1891 525 condicione
1919 491 2105 527 mstitutus
2137 492 2266 528 fuisses
2297 493 2402 529 heres

1313 540 1350 571 et
1372 535 1557 571 omittente
1579 538 1719 580 partem
1742 545 1845 570 suam
1863 535 1971 577 Titio,
1996 536 2055 571 cui
2074 537 2292 574 substitutus
2312 548 2405 579 eras,

1313 591 1358 616 ex
1389 580 1644 616 substitutione
1675 579 1831 623 adisses,
1864 580 1992 616 deinde
2023 581 2186 618 condicio
2218 584 2298 619 iure
2324 593 2404 619 sex-

1312 626 1423 662 tantis
1446 625 1652 668 exstitisset,
1685 635 1832 670 quaero,
1860 635 1908 661 an
1932 626 2031 662 adire
2054 637 2200 664 necesse
2222 628 2403 671 habueris,

1313 681 1359 707 ne
1390 674 1535 706 sextans
1565 672 1651 706 tuus
1682 670 1845 706 intereat.
1892 671 2094 717 respondit:
2127 672 2215 708 nihil
2243 673 2404 716 interest,

1314 720 1433 752 utrum
1456 725 1502 751 ex
1525 715 1780 751 substitutione
1802 716 1903 761 prius
1933 716 2104 752 adierim⁷
2136 727 2184 752 an
2215 728 2259 753 ex
2290 719 2406 764 prima

1314 761 1556 803 institutione,
1586 771 1667 796 cum
1691 761 1738 796 ab
1761 765 1916 807 utraque
1940 772 2051 797 causa
2074 773 2146 798 una
2169 763 2279 799 aditio
2304 763 2405 799 suffi-

1315 807 1404 842 ciatz
1437 809 1582 841 sextans
1606 805 1657 840 ita
1683 815 1746 848 ue,
1779 807 1840 851 qui
1865 807 1933 842 sub
1959 807 2167 843 condicione
2191 808 2295 844 datus
2320 809 2406 845 mihi

1321 857 1328 886 ι
1382 855 1455 894 est,
1484 850 1531 886 ad
1555 861 1612 886 me
1634 816 1750 886 stffium
1774 852 1939 897 pertinet.
1987 852 2078 888 Item
2101 853 2132 888 si
2155 856 2196 888 tu
2219 854 2405 897 sextantis,

1314 907 1359 933 ex
1394 907 1465 942 quo
1497 896 1683 932 institutus
1715 906 1811 932 esses
1842 897 1966 939 heres,
2007 897 2169 933 omiseris
2202 898 2406 943 aditionem,

1314 941 1488 987 numquid
1525 941 1689 984 dubitas,
1733 942 1820 987 quin
1862 952 1907 978 ex
1945 943 2203 979 substitutione
2242 943 2406 980 adeundo

1315 987 1480 1023 Titianae
1509 986 1624 1032 partis
1655 987 1846 1023 habiturus
1877 992 2017 1040 partem
2041 989 2165 1024 esses?
2204 998 2261 1025 res
2290 990 2407 1024 ondit:

1315 1043 1388 1068 non
1419 1032 1563 1073 dubito,
1603 1031 1706 1077 quin,
1748 1032 1804 1068 si⁸
1836 1043 1952 1078 prima
1985 1034 2209 1069 institutione
2242 1044 2264 1069 a
2292 1034 2407 1070 eundo

1314 1078 1419 1114 heres
1444 1087 1523 1113 esse
1545 1077 1699 1123 possim,
1731 1077 1770 1113 in
1790 1081 1972 1131 potestate
1996 1088 2075 1114 mea
2098 1079 2163 1122 sit,
2192 1089 2300 1125 quam
2323 1090 2407 1124 par-

1315 1126 1386 1159 tem
1409 1122 1617 1159 hereditatis
1642 1126 1706 1158 aut
1729 1124 1918 1159 am1ttere⁹
1940 1124 2043 1160 velim
2068 1128 2132 1159 aut
2153 1124 2344 1160 vindicare.

1362 1165 1413 1205 77
1440 1167 1670 1204 PoMPomvs
1699 1168 1792 1204 libro
1824 1174 1949 1205 octavo
1978 1169 2028 1204 ad
2049 1169 2222 1213 Quintum
2246 1169 2408 1206 Mucium

1315 1213 1409 1249 Illud
1433 1213 1590 1249 dubitari
1612 1217 1743 1259 potest,
1769 1223 1827 1257 an,
1853 1214 1894 1257 si,
1919 1224 2000 1250 cum
2014 1216 2042 1236 ¹⁰
2065 1218 2278 1250 testamento
2303 1215 2407 1251 heres

1314 1259 1500 1295 institutus
1532 1269 1647 1294 essem
1680 1259 1726 1294 ab
1757 1268 1820 1302 eo,
1861 1259 1923 1304 qui
1953 1259 2094 1296 etiamsi
2123 1260 2315 1296 intestatus
2349 1260 2410 1296 de-

1316 1304 1501 1347 cessisset,
1533 1304 1691 1349 legitima
1721 1303 1903 1340 hereditas
1936 1305 2012 1341 eius
2044 1305 2090 1341 ad
2121 1315 2179 1341 me
2201 1305 2410 1351 pertineret,

1315 1360 1364 1385 an
1404 1349 1511 1385 simul
1543 1353 1734 1395 utramque
1768 1349 2003 1386 hereditatem
2037 1351 2229 1396 repudiare
2262 1350 2410 1396 possim,

1341 1395 1484 1431 uoniam
1515 1398 1707 1440 antequam
1739 1404 1783 1430 ex
1806 1398 2020 1431 testamento
2044 1396 2280 1432 hereditatem
2302 1406 2410 1441 repu-

1316 1406 1462 1483 diatim,
1502 1439 1660 1485 legitima
1698 1440 1857 1476 nondum
1895 1441 1943 1476 ad
1978 1451 2034 1476 me
2067 1442 2234 1487 pertinet.
2288 1451 2411 1477 verum

1316 1485 1440 1522 eodem
1470 1489 1649 1521 momento
1682 1485 1871 1530 intellegor
1898 1489 1935 1521 et
1957 1496 2002 1522 ex
2025 1490 2240 1522 testamento
2265 1489 2302 1522 et
2324 1486 2410 1532 legi-

1315 1531 1439 1566 timam
1461 1530 1672 1576 repudiare,
1706 1531 1831 1574 sicuti,
1864 1531 1894 1567 si
1925 1531 2117 1576 legitimam
2147 1532 2252 1568 velim
2285 1531 2332 1567 ad
2355 1541 2412 1568 me

1315 1575 1506 1656 pertinere,
1531 1586 1613 1611 cum
1637 1576 1749 1612 sciam
1772 1579 1985 1613 testamento
2010 1577 2096 1612 mihi
2115 1577 2290 1620 relictam,
2313 1576 2409 1613 vide-

1340 1631 1383 1701 gr
1415 1624 1500 1673 ante
1529 1620 1721 1666 repudiare
1751 1624 2003 1657 testamentum
2016 1623 2044 1644 ¹¹
2076 1626 2113 1658 et
2143 1622 2195 1658 ita
2218 1622 2409 1667 legitimam

1317 1676 1339 1702 a
1389 1675 1527 1701 uisisse.

1393 1708 1417 1748 8
1441 1710 1549 1746 IDEM
1576 1710 1667 1747 libro
1701 1711 1883 1758 triqesimo
1933 1711 2035 1746 uinta
2059 1711 2110 1746 ad
2134 1711 2302 1754 Quintum
2328 1711 2409 1747 Mu·

1317 1756 1412 1792 cium
1459 1756 1541 1791 Duo
1565 1755 1696 1791 fratres
1720 1755 1885 1799 fuerant,
1943 1766 2014 1792 ona
2045 1757 2248 1792 communia
2269 1757 2408 1793 habue-

1315 1804 1418 1838 rant:
1452 1811 1576 1837 eorum
1607 1801 1699 1836 alter
1728 1801 1898 1837 intestato
1930 1805 2092 1837 mortuus
2116 1812 2221 1837 suum
2243 1802 2411 1838 heredem

1317 1858 1390 1883 non
1412 1846 1623 1892 reliquerat:
1649 1846 1763 1882 frater
1786 1847 1847 1893 qui
1869 1851 2058 1892 supererat
2081 1847 2227 1883 nolebat
2250 1847 2284 1883 ei
2307 1847 2411 1883 heres

1317 1901 1414 1928 esse:
1441 1892 1671 1934 consulebat,
1694 1902 1780 1928 num
1803 1893 1850 1928 ob
1875 1902 1953 1928 eam
1975 1902 2070 1936 rem,
2094 1892 2191 1938 quod
2215 1893 2411 1928 communi-

1317 1938 1398 1980 bus,
1423 1947 1505 1972 cum
1524 1937 1634 1973 sciret
1651 1947 1733 1972 eum
1751 1941 1933 1973 mortuum
1953 1947 2042 1980 esse,
2067 1948 2154 1974 usus
2176 1941 2281 1980 esset,
2307 1938 2409 1974 here-

1318 1982 1423 2018 ditati
1446 1992 1486 2018 se
1509 1982 1701 2028 alligasset.
1746 1992 1804 2019 res
1833 1982 1951 2025 ondit,
1982 1982 2051 2018 nisi
2082 1993 2124 2019 eo
2150 1982 2298 2019 consilio
2322 1988 2411 2019 usus

1318 2031 1433 2070 esset,
1466 2027 1563 2073 quod
1593 2027 1700 2064 vellet
1729 2038 1769 2064 se
1826 2027 1967 2064 eredem
1991 2038 2089 2071 esse,
2121 2038 2194 2064 non
2225 2028 2410 2074 adstringi.

1316 2073 1440 2118 itaque
1471 2082 1598 2109 cavere
1629 2072 1755 2116 debet,
1786 2083 1833 2109 ne
1863 2083 1936 2120 qua
1965 2073 2004 2108 in
2034 2084 2074 2109 re
2104 2074 2186 2119 plus
2216 2084 2284 2110 sua
2307 2078 2412 2120 parte

1318 2118 1595 2155 dominationem
1617 2118 1692 2154 inte
1738 2122 1872 2154 oneret.

1365 2160 1419 2201 79
1450 2162 1647 2199 ULPIANUS
1675 2164 1704 2199 li
1724 2175 1766 2199 ro
1798 2163 1957 2200 secundo
1989 2163 2039 2199 ad
2070 2163 2182 2211 leqem
2206 2163 2342 2200 Iuliam
2377 2168 2414 2200 et

1317 2208 1477 2255 Papiam
1535 2209 1678 2251 Placet,
1721 2209 1885 2254 quotiens
1921 2209 2122 2262 adquiritur
2155 2219 2222 2255 per
2257 2209 2412 2255 aliquem

1317 2253 1498 2290 hereditas
1529 2254 1586 2289 vel
1617 2253 1702 2300 quid
1733 2254 1832 2290 aliud
1862 2254 1896 2290 ei
1928 2265 2030 2290 cums
2063 2255 2142 2300 quis
2172 2254 2210 2289 in
2232 2258 2413 2300 potestate

1317 2301 1392 2342 est,
1417 2298 1606 2335 confestim
1631 2299 1772 2344 adquiri
1795 2299 1829 2335 ei
1853 2300 1955 2335 cuius
1980 2303 2035 2335 est
2056 2300 2094 2335 in
2116 2303 2316 2345 potestate,
2348 2310 2410 2336 ne-

1318 2354 1388 2390 que
1410 2347 1590 2380 momento
1615 2344 1735 2390 aliquo
1760 2345 1955 2381 subsistere
1968 2345 1995 2366 ¹²
2018 2345 2056 2380 in
2073 2355 2229 2397 persona
2248 2345 2326 2380 eius
2345 2355 2412 2391 per

1318 2399 1424 2435 quem
1447 2389 1651 2435 adquiritur
1675 2393 1711 2425 et
1733 2389 1786 2425 sic
1811 2389 1952 2436 adquiri
1975 2390 2008 2425 ei
2032 2400 2090 2426 cu1
2113 2390 2325 2435 adquiritur.

1365 2431 1417 2472 80
1450 2433 1612 2470 Panos
1638 2435 1730 2471 libro
1762 2435 1888 2487 quinto
1920 2435 1971 2471 ad
2001 2435 2114 2481 leqem
2140 2434 2277 2471 Iuliam
2291 2436 2320 2458 ¹³
2374 2435 2412 2472 Si

1317 2480 1416 2515 solus
1455 2480 1560 2515 heres
1599 2490 1644 2515 ex
1677 2480 1840 2533 pluribus
1875 2480 2040 2526 partibus
2075 2480 2176 2516 fuero
2213 2480 2409 2524 institutus,

1317 2535 1426 2560 unam
1456 2528 1597 2570 partem
1629 2529 1793 2561 omittere
1816 2535 1890 2561 non
1912 2535 2060 2571 possum
2084 2535 2150 2561 nec
2172 2526 2342 2569 interest,
2373 2526 2412 2562 in

1321 2574 1334 2605 1
1386 2569 1600 2616 quibusdam
1615 2571 1769 2606 habeam
1786 2570 2018 2606 substitutum
2034 2581 2101 2606 nec
2117 2580 2173 2606 ne.
2206 2570 2305 2607 Idem
2320 2575 2410 2618 puto

1317 2616 1436 2659 etiam,
1469 2616 1500 2651 si
1530 2615 1612 2651 aliis
1642 2615 1776 2652 mixtus
1789 2617 1816 2637 ¹⁴
1848 2615 2038 2651 heredibus
2070 2625 2115 2651 ex
2163 2616 2301 2652 luribus
2325 2627 2409 2662 par-

1316 2661 1414 2696 tibus
1434 2661 1540 2697 heres
1558 2661 1743 2696 institutus
1764 2661 1841 2704 sim,
1867 2660 1962 2706 quod
1981 2664 2017 2696 et
2035 2660 2094 2696 hic
2114 2671 2137 2696 a
2162 2661 2279 2697 eundo
2301 2672 2410 2697 unam

1316 2706 1517 2751 portionem
1548 2716 1671 2742 omnes
1685 2707 1713 2728 ¹⁵
1743 2706 1913 2751 adquiro,
1946 2705 1977 2741 si
2008 2709 2129 2742 tamen
2160 2706 2302 2743 delatae
2325 2707 2407 2743 sint.

1318 2754 1336 2786 2
1385 2752 1475 2787 Item
1498 2751 1530 2787 si
1553 2761 1676 2787 servus
1701 2761 1801 2787 meus
1825 2761 1870 2787 ex
1892 2754 1997 2796 parte
2020 2751 2124 2787 heres
2147 2751 2333 2788 institutus
2363 2753 2411 2788 sit

1315 2806 1424 2841 pure,
1457 2806 1501 2832 ex
1527 2800 1633 2842 parte
1664 2797 1731 2832 sub
1757 2796 1984 2839 condicione,
2017 2796 2101 2833 dato
2133 2797 2271 2833 scilicet
2303 2798 2408 2834 cohe-

1315 2841 1411 2884 rede,
1437 2845 1474 2877 et
1491 2841 1593 2877 iussu
1612 2851 1691 2877 meo
1712 2841 1850 2884 adierit,
1875 2841 2003 2877 deinde
2023 2851 2064 2877 eo
2085 2843 2301 2879 manumisso
2323 2854 2408 2878 cou-

1316 2886 1408 2921 dicio
1434 2886 1580 2922 alterius
1604 2886 1779 2932 portionis
1804 2886 1991 2930 exstiterit,
2015 2888 2132 2923 verius
2158 2891 2212 2923 est
2231 2899 2304 2924 non
2324 2888 2409 2923 mihi

1317 2941 1396 2966 esse
1419 2931 1635 2976 adquisitam
1653 2931 1751 2973 illam
1769 2932 1981 2977 portionem,
2007 2932 2070 2968 sed
2089 2933 2206 2978 ipsum
2228 2933 2408 2969 comitari:

1316 2976 1436 3011 omnia
1467 2976 1559 3011 enim
1591 2977 1696 3022 paria
1726 2986 1939 3030 permanere
1969 2977 2101 3013 debent
2130 2978 2229 3013 inid
2252 2982 2405 3024 tempus,

1316 3031 1386 3066 quo
1412 3021 1558 3057 alterius
1581 3021 1758 3066 portioms
1784 3022 1944 3058 condicio
1969 3026 2086 3058 exstet
2098 3023 2137 3066 ¹⁶,
2169 3027 2211 3059 ut
2239 3023 2406 3069 adquira-

1317 3069 1336 3101 3
1384 3069 1444 3101 tur
1467 3066 1519 3109 ei,
1554 3067 1611 3102 cui
1642 3067 1742 3112 prior
1764 3067 1884 3112 portio
1909 3067 2089 3113 adquisita
2113 3072 2177 3104 est.
2226 3069 2304 3113 Ego
2330 3068 2406 3113 qui·

1316 3110 1396 3146 dem
1426 3114 1514 3156 puto
1548 3115 1585 3148 et
1615 3112 1646 3148 si
1677 3112 1795 3148 adhuc
1826 3113 1863 3148 in
1886 3117 2066 3158 potestate
2089 3113 2153 3156 sit,
2185 3114 2314 3148 iterum
2342 3112 2406 3148 ad-

1316 3156 1471 3191 eundum
1503 3166 1602 3200 esse,
1637 3157 1668 3192 si
1700 3157 1861 3194 condicio
1895 3158 2089 3201 exstiterit,
2126 3162 2161 3194 et
2191 3158 2279 3193 illud
2310 3157 2406 3202 quod

1316 3200 1466 3236 dicimus
1491 3202 1599 3238 semel
1623 3202 1837 3246 adeundum,
1866 3203 1903 3239 in
1927 3204 2084 3239 eiusdem
2107 3213 2263 3248 persona
2287 3203 2405 3238 locum

1315 3246 1443 3326 liiatbet,
1482 3257 1555 3283 non
1596 3258 1677 3283 cum
1715 3258 1780 3294 per
1814 3249 1924 3285 alium
1958 3248 2179 3294 adquirenda
2215 3251 2269 3283 est
2303 3248 2405 3283 here-

1340 3301 1419 3327 ias.

1362 3333 1411 3373 81
1447 3335 1642 3373 [Ismaros
1662 3337 1753 3374 libro
1778 3339 1883 3374 tertio
1908 3338 2043 3374 decimo
2068 3338 2118 3373 ad
2141 3338 2252 3383 leqem
2269 3336 2403 3372 Iuliam

1314 3385 1349 3416 et
1369 3381 1526 3428 Papiam
1569 3381 1716 3418 Totiens
1740 3382 1879 3418 videtur
1901 3384 2004 3418 heres
2029 3383 2212 3418 institutus
2237 3381 2344 3417 etiam
2367 3382 2405 3416 in

1315 3436 1426 3462 causa
1457 3426 1720 3463 substitutionis
1752 3427 1888 3471 adisse,
1921 3428 2084 3473 quotiens
2116 3426 2305 3472 adquirere
2336 3425 2405 3461 sibi

1341 3471 1446 3506 ossit:
1471 3481 1554 3506 nam
1578 3471 1608 3507 si
1626 3476 1791 3508 mortuus
1811 3476 1916 3515 esset,
1942 3473 1987 3507 ad
2007 3472 2171 3507 heredem
2193 3482 2264 3506 non
2283 3474 2404 3506 trans-

1331 3519 1426 3552 erret
1450 3517 1751 3553 substitutionem.

2194 3630 2253 3670 (12)
2279 3627 2403 3661 substi-

1316 3631 1376 3672 (10)
1402 3639 1478 3662 oum
1492 3631 1554 3664 del.
1672 3634 1726 3673 (11)
1752 3641 1791 3663 ex
1805 3633 2003 3663 testamento
2016 3642 2078 3663 scr.

2137 3675 2196 3714 (14)
2219 3674 2334 3706 mixtis
2355 3671 2401 3707 F·

1315 3677 1384 3707 tere
1402 3675 1438 3708 F
1567 3680 1624 3718 (18)
1652 3681 1685 3708 et
1698 3676 1833 3719 papiam
1853 3676 1930 3708 add.
1951 3675 1999 3707 F²

1316 3721 1373 3761 (15)
1400 3730 1531 3753 omnem
1545 3721 1579 3754 F
1667 3722 1727 3763 (16)
1753 3721 1874 3753 existet
1885 3731 1947 3752 scr.
