2528 3918
110 118 172 156 DE
199 118 401 156 Ptmmcm
428 116 615 155 inmens

113 236 126 269 ί
175 233 266 270 bus¹
289 233 470 280 proditum
493 235 558 269 est.
605 232 656 268 Et
677 231 758 268 ideo
782 231 813 268 si
836 231 958 268 noxali
979 230 1111 267 iudicio
1135 230 1199 265 ad-

111 278 228 315 dictus
265 283 338 322 est,
374 278 564 315 observare
595 277 719 321 debet,
755 281 814 321 ut,
846 278 878 313 si
910 274 1200 314 condemnandus

108 323 284 360 videbitur
307 324 490 366 dominus,
515 323 567 359 ita
590 323 720 359 debeat
742 322 998 359 condemnare:
1024 321 1200 357 ‘Publium

109 369 294 406 ‘Maevium
324 369 439 405 Lucio
471 368 565 405 Titio
597 368 721 404 decem
752 369 870 404 aureis
903 367 1100 404 condemno
1136 369 1201 401 aut

108 417 128 450 2
175 417 319 451 ‘noxam
353 414 507 450 dedere.'
554 414 604 450 Et
635 414 666 450 si
695 414 734 449 in
767 424 840 449 rem
873 417 995 449 actum
1026 412 1091 455 sit,
1126 412 1200 447 sive

107 464 234 496 contra
256 460 445 506 petitorem
467 459 656 503 iudicavit,
681 458 863 495 absolvere
887 458 993 494 debet
1040 466 1198 493 ossesso-

106 515 198 549 rem,
222 506 296 542 sive
319 509 447 542 contra
468 514 729 551 possessorem,
760 504 885 540 iubere
908 514 987 540 eum
1037 502 1133 545 ebet,
1158 505 1200 537 ut

106 557 180 586 rem
210 551 326 597 ipsam
354 551 524 593 restituat
556 561 637 586 cum
667 549 857 586 fructibus.
894 549 957 585 sed
981 549 1012 585 si
1034 549 1072 583 in
1094 556 1198 594 prae-

106 596 198 632 senti
222 600 327 642 neget
350 606 389 632 se
413 605 599 650 possessor
618 596 809 631 restituere
831 605 938 640 posse
962 598 998 630 et
1021 594 1099 630 sine
1121 592 1198 628 fru-

106 642 290 678 stratione·
309 641 486 678 videbitur
516 645 656 687 tempus
688 639 900 676 restituendi
932 650 1043 676 causa
1065 641 1197 684 petere,

105 687 360 733 indulgendum
392 691 447 723 est
478 687 529 730 ei,
561 691 602 722 ut
632 690 753 722 tamen
784 685 829 722 de
858 686 930 722 litis
955 683 1199 721 aestimatione

107 737 233 769 caveat
255 743 336 769 cuin
359 732 588 776 fideiussore,
620 732 651 768 si
674 732 770 767 intra
792 735 933 777 tempus
958 730 1054 776 quod
1078 729 1111 765 ei
1134 728 1197 764 da-

106 782 182 814 tum
211 782 266 815 est
295 789 368 814 non
399 778 623 814 restituisset.
666 781 700 814 et
733 778 763 813 si
794 777 972 812 hereditas
1003 775 1117 822 petita
1140 774 1197 816 sit,

105 824 229 860 eadem
252 825 349 860 circa
371 824 512 860 fructus
530 824 778 866 interveniunt,
805 832 896 868 quae
917 822 1068 857 diximus
1087 821 1196 855 inter-

107 870 225 906 venire
247 871 286 906 in
310 870 531 915 singularum
554 879 672 904 rerum
695 868 878 914 petitione.
914 867 1055 903 illorum
1078 869 1198 901 autem

104 915 304 959 fructuum,
337 926 427 961 quos
459 916 566 961 culpa
590 924 656 950 sua
679 924 865 960 possessor
889 924 962 949 non
985 910 1197 959 perceperit,

105 961 142 996 in
165 965 317 1007 utraque
340 961 482 997 actione
505 960 629 997 eadem
652 960 744 995 ratio
767 969 883 1005 paene
905 958 948 993 fit
957 959 984 1001 ²,
1009 958 1039 994 si
1063 956 1196 1002 praedo

105 1006 222 1042 fuerit.
260 1007 292 1043 si
315 1017 397 1043 vero
422 1007 518 1043 bona
541 1006 611 1042 fide
634 1015 823 1050 possessor
845 1004 965 1047 fuerit,
990 1014 1064 1039 non
1086 1002 1196 1038 liabe-

104 1055 162 1088 tur
178 1052 272 1089 ratio
287 1056 579 1099 consumptorum
601 1060 715 1097 neque
733 1061 805 1086 non
851 1053 1092 1095 erceptorum:
1113 1050 1197 1093 post

103 1098 307 1134 inchoatam
319 1101 439 1133 autem
458 1097 666 1143 petitionem
686 1096 794 1132 etiam
853 1106 955 1131 orum
973 1094 1065 1130 ratio
1085 1093 1195 1128 habe-

104 1148 182 1187 tur,
207 1144 268 1190 qui
293 1144 400 1189 culpa
422 1142 640 1189 possessoris
690 1152 771 1177 erce
796 1141 825 1176 ti
845 1152 917 1177 non
937 1144 1022 1177 sunt
1040 1139 1095 1176 vel
1113 1148 1195 1185 per-

105 1193 124 1224 3
172 1190 267 1235 cepti
298 1189 500 1242 consumpti
529 1192 624 1225 sunt.
698 1188 711 1223 i
742 1197 764 1223 a
813 1186 1052 1222 exhibendum
1075 1188 1196 1220 actum

103 1235 222 1279 fuerit,
243 1245 314 1271 non
336 1234 481 1278 sufficit,
502 1235 533 1270 si
553 1234 721 1270 exhibeat
738 1243 814 1269 rem
830 1233 862 1268 is
882 1243 963 1268 cum
1008 1241 1055 1267 uo
1075 1233 1197 1266 actum

104 1284 177 1324 est,
202 1280 266 1317 sed
289 1291 380 1326 opus
404 1284 476 1323 est,
508 1284 549 1316 ut
572 1280 678 1316 etiam
702 1289 848 1315 causam
870 1278 922 1314 rei
946 1278 989 1313 de
1015 1279 1075 1312 eat
1097 1275 1195 1311 exhi-

105 1327 199 1370 bere,
223 1326 260 1362 id
283 1330 339 1362 est
362 1330 402 1361 ut
426 1336 504 1361 eam
528 1336 675 1362 causam
697 1325 832 1361 habeat
855 1327 975 1366 actor,
1000 1332 1108 1368 quam
1131 1321 1195 1356 ha-

103 1373 244 1408 biturus
267 1375 372 1415 esset,
394 1372 436 1415 si,
457 1383 538 1407 cum
582 1371 711 1406 rimuin
732 1370 779 1405 ad
798 1369 1038 1406 exhibendum
1056 1367 1195 1412 egisset,

103 1418 262 1455 exhibita
285 1428 342 1453 res
365 1417 511 1453 fuisset:
536 1418 548 1453 i
576 1427 689 1462 eoque
712 1416 742 1452 si
765 1415 858 1451 inter
880 1424 1000 1450 moras
1019 1415 1198 1458 usucapta

103 1464 150 1500 sit
169 1473 226 1500 res
246 1474 269 1499 a
286 1474 505 1510 possessore,
527 1462 637 1498 nihilo
659 1462 775 1497 minus
795 1460 1064 1496 condemnatur.
1090 1467 1195 1504 prae-

103 1508 202 1546 tefea
224 1509 407 1546 fructuum
438 1509 544 1544 medii
572 1508 762 1553 temporis,
792 1506 829 1542 id
860 1509 916 1542 est
946 1506 1043 1548 eius,
1075 1502 1197 1549 quod³

103 1560 187 1610 post
221 1558 410 1601 acceptum
443 1555 490 1590 ad
525 1553 763 1590 exhibendum
797 1551 968 1587 iudicium
1002 1554 1086 1586 ante
1121 1559 1197 1584 rem

103 1602 296 1638 iudicatam
326 1600 547 1644 intercessit,
578 1599 753 1635 rationem
782 1598 917 1633 habere
948 1597 1054 1632 debet
1076 1595 1194 1631 iudex.

103 1648 198 1693 quod
222 1648 253 1683 si
277 1650 382 1692 neget
402 1646 445 1689 is,
471 1657 552 1682 cum
573 1655 643 1691 quo
665 1644 712 1680 ad
732 1643 970 1680 exhibendum
988 1645 1109 1678 actum
1130 1643 1195 1682 est,

103 1695 139 1732 in
172 1693 352 1739 praesenti
384 1692 550 1728 exhibere
581 1701 620 1726 se
650 1700 757 1736 posse
781 1693 818 1725 et
839 1693 981 1734 tempus
1006 1685 1198 1723 exhibendi

105 1750 214 1775 causa
245 1742 347 1784 petat
376 1737 484 1784 idque
515 1737 592 1773 sine
614 1735 849 1772 frustratione
871 1733 1056 1780 postulare
1077 1732 1195 1769 videa-

105 1790 180 1829 tur,
205 1784 284 1821 dari
307 1784 339 1819 ei
362 1783 485 1826 debet,
510 1786 551 1818 ut
573 1786 693 1818 tamen
717 1784 843 1817 caveat
866 1791 904 1815 se
927 1779 1195 1815 restituturum:

104 1831 199 1877 quod
230 1831 261 1867 si
284 1839 400 1875 neque
422 1829 543 1865 statim
567 1828 668 1864 iussu
691 1826 820 1862 iudicis
843 1836 918 1861 rem
943 1825 1111 1860 exhibeat
1134 1833 1195 1858 ne-

104 1887 171 1923 que
177 1879 321 1958 dpostea
344 1875 584 1911 exhibiturum
608 1884 647 1909 se
671 1870 1126 1925 caveat-condemnandus
1150 1869 1198 1904 sit

104 1923 139 1959 in
154 1923 174 1960 i
203 1949 212 1965 ,
238 1921 335 1967 quod
358 1920 491 1957 actoris
514 1920 686 1955 intererat
709 1918 754 1953 ab
778 1920 879 1952 initio
903 1926 979 1952 rem
1003 1915 1196 1952 exhibitam

104 1972 123 2004 4
171 1977 260 2003 esse.
310 1966 348 2002 Si
378 1965 535 2002 familiae
567 1963 800 2001 erciscundae
830 1962 961 1998 iudicio
993 1964 1114 1997 actum
1138 1961 1195 2003 sit,

103 2014 259 2059 singulas
290 2022 348 2048 res
380 2011 527 2057 singulis
558 2010 748 2047 heredibus
779 2008 986 2044 adiudicare
1018 2006 1125 2043 debet
1148 2010 1195 2048 et,

104 2060 133 2096 si
156 2060 194 2094 in
226 2058 373 2094 alterius
405 2066 562 2103 persona
592 2064 829 2102 praegravare
860 2053 1023 2090 videatur
1056 2051 1194 2088 adiudi-

104 2105 217 2147 catio,
254 2104 361 2140 debet
390 2103 486 2139 hunc
517 2102 668 2138 invicem
703 2099 870 2136 coheredi
901 2102 1001 2135 certa
1029 2098 1194 2144 pecunia,

103 2151 197 2186 sicut
227 2150 298 2185 iam
330 2148 464 2184 dictum
481 2152 537 2183 est
548 2150 587 2195 θ’,
604 2146 853 2184 condemnare.
897 2155 939 2181 eo
964 2154 1106 2190 quoque
1130 2154 1194 2179 no-

103 2196 196 2232 mine
221 2194 387 2231 coheredi
411 2194 490 2240 quis
515 2203 561 2229 ue
584 2203 650 2229 suo
675 2190 967 2228 condemnandus
993 2193 1066 2233 est,
1099 2189 1196 2235 quod

102 2242 199 2277 solus
230 2240 370 2276 fructus
401 2240 487 2275 here
513 2238 607 2274 ‘tarii
636 2237 739 2274 fundi
763 2237 924 2282 percepit
948 2239 1011 2271 aut
1033 2245 1108 2271 rem
1131 2235 1194 2270 he-

104 2286 311 2323 reditariam
348 2285 507 2330 corrupit
542 2288 606 2320 aut
641 2282 873 2328 consumpsit.
922 2291 1014 2327 quae
1053 2281 1194 2327 quidem

102 2332 262 2368 similiter
292 2331 384 2368 inter
414 2330 534 2376 plures
567 2339 709 2382 quoque
740 2339 846 2374 quam
879 2327 969 2363 duos
1002 2326 1194 2363 coheredes

102 2382 122 2414 5
170 2378 449 2423 subsequuntur.
497 2375 635 2411 Eadem
654 2374 895 2410 interveniunt
914 2377 951 2409 et
970 2373 1000 2409 si
1018 2372 1195 2408 communi

103 2422 294 2460 dividundo
327 2422 371 2458 de
402 2422 563 2467 pluribus
594 2421 703 2456 rebus
735 2423 855 2455 actum
887 2419 1006 2455 fuerit.
1044 2419 1141 2464 quod
1164 2419 1194 2454 si

102 2469 147 2505 de
175 2479 249 2505 una
279 2478 337 2511 re,
369 2467 479 2503 veluti
510 2467 555 2502 de
585 2466 715 2508 fundo,
749 2466 779 2502 si
803 2465 946 2511 quidem
968 2465 1036 2501 iste
1058 2464 1193 2500 fundus

103 2514 287 2551 commode
310 2513 513 2559 regionibus
538 2512 745 2548 divisionem
768 2511 936 2556 recipiat,
970 2514 1092 2555 partes
1117 2510 1192 2546 eius

101 2560 248 2606 singulis
272 2559 479 2595 adiudicare
502 2558 608 2593 debet
632 2560 686 2600 et,
717 2557 748 2592 si
778 2557 884 2592 unius
915 2566 1001 2609 pars
1024 2566 1192 2601 praegra-

101 2615 186 2642 vare
216 2605 413 2648 videbitur,
444 2603 476 2640 is
506 2603 657 2639 invicem
681 2605 781 2638 certa
803 2611 956 2648 pecunia
978 2601 1082 2637 alteri
1107 2612 1192 2637 con-

102 2650 323 2687 demnandus
354 2653 424 2686 est:
458 2648 554 2695 quod
577 2649 608 2684 si
633 2647 818 2684 commode
841 2647 949 2683 dividi
971 2657 1044 2683 non
1067 2647 1192 2700 possit,

102 2697 157 2733 vel
179 2697 285 2733 homo
309 2695 403 2731 forte
426 2698 491 2731 aut
513 2694 629 2731 mulus
654 2693 720 2729 eiit
744 2693 786 2729 de
811 2704 881 2739 quo
905 2695 1025 2728 actum
1048 2696 1106 2735 sit,
1131 2692 1194 2728 uni

101 2745 199 2779 totus
232 2740 492 2777 adiudicandus
527 2743 582 2776 est
617 2743 653 2775 et
686 2739 739 2775 is⁴
771 2739 873 2774 alteri
908 2741 1007 2774 certa
1040 2738 1194 2783 pecunia

102 2791 124 2824 6
171 2785 473 2824 condemnandus.
522 2785 560 2821 Si
572 2785 697 2821 finium
717 2783 956 2830 regundorum
973 2786 1095 2819 actum
1114 2783 1192 2819 fue-

102 2833 168 2876 rit,
202 2832 378 2878 dispicere
401 2831 506 2867 debet
528 2831 654 2874 iudex,
687 2841 734 2866 an
757 2829 962 2865 necessaria
985 2829 1032 2865 sit
1055 2828 1191 2864 adiudi-

102 2878 209 2914 catio.
246 2887 338 2924 quae
361 2887 449 2914 sane
471 2887 543 2913 uno
568 2887 656 2912 casu
679 2875 884 2912 necessaria
908 2877 972 2917 est,
997 2874 1029 2910 si
1052 2874 1191 2910 eviden-

101 2924 251 2960 tioribus
274 2923 406 2959 finibus
431 2922 598 2975 distingui
622 2932 727 2967 agros
752 2919 971 2957 commodius
994 2920 1061 2963 sit,
1086 2929 1192 2965 quam

102 2969 186 3005 olim
216 2968 369 3005 fuissent
400 2967 574 3004 distincti:
606 2978 689 3003 nam
712 2970 799 3003 tunc
823 2975 970 3002 necesse
995 2968 1047 3001 est
1072 2975 1116 3000 ex
1140 2965 1191 3000 al-

101 3014 212 3051 terius
236 3024 323 3060 agro
347 3016 487 3059 partem
510 3013 665 3059 aliquam
689 3013 835 3048 alterius
859 3011 935 3057 agri
959 3011 1102 3047 domino
1127 3009 1191 3046 ad-

101 3059 261 3097 iudicari.
299 3070 369 3105 quo
394 3069 482 3095 casu
506 3058 719 3095 conveniens
744 3061 817 3101 est,
850 3061 890 3093 ut
912 3057 943 3092 is
967 3056 1070 3092 alteri
1094 3058 1193 3092 certa

102 3105 255 3151 pecunia
278 3105 407 3140 debeat
430 3103 669 3140 condemnari.
706 3114 748 3140 eo
761 3102 1081 3149 quoque⁵n0mine
1094 3101 1192 3137 dam-

103 3150 242 3186 nandus
278 3154 333 3186 est
366 3150 444 3195 quis
468 3160 515 3186 ue
545 3150 616 3185 hoc
652 3149 805 3192 iudicio,
845 3147 942 3194 quod
971 3147 1066 3183 forte
1098 3147 1193 3183 circa

102 3196 191 3232 fines
226 3195 401 3231 malitiose
478 3194 563 3241 quid
597 3194 791 3237 commisit,
826 3193 926 3230 verbi
958 3193 1075 3239 gratia
1110 3192 1194 3245 quia

102 3241 238 3287 lapides
261 3240 386 3276 finales
409 3239 551 3276 furatus
575 3243 630 3276 est
653 3244 717 3275 aut
740 3240 887 3275 arbores
905 3238 1031 3274 finales
1052 3238 1190 3274 cecidit.

104 3286 349 3322 contumaciae
380 3296 521 3331 quoque
543 3285 685 3321 nomine
710 3285 860 3331 quisque
883 3294 925 3320 eo
949 3283 1080 3320 iudicio
1106 3294 1191 3319 con-

103 3331 307 3375 demnatur,
337 3330 446 3367 veluti
478 3331 509 3367 si
539 3330 619 3376 quis
641 3330 787 3367 iubente
809 3330 927 3366 iudice
949 3329 1066 3366 metiri
1088 3338 1193 3374 agros

815 1095 823 1103 ι

154 3447 194 3487 (1)
218 3445 380 3487 moribus]
393 3446 428 3478 E
437 3445 485 3485 W,
499 3455 519 3477 a
531 3444 716 3477 maioribus
729 3446 777 3486 B,
796 3444 840 3489 τῇ
852 3444 929 3476 τῶν
941 3444 1069 3489 σοφῶν
1079 3454 1193 3486 νομο-

105 3489 216 3532 θεσίᾳ
231 3491 262 3524 Θ
382 3491 426 3532 (2)
450 3489 501 3531 fit]
515 3490 561 3530 B,
574 3488 718 3522 liabetur
740 3490 814 3523 WE
935 3491 977 3531 (3)
1003 3488 1105 3531 quod]
1127 3486 1193 3541 W7’3

107 3536 167 3578 qui
180 3536 215 3569 Β
228 3536 319 3570 W¹⁸E
326 3547 334 3568 z
356 3536 417 3569 καὶ
432 3533 513 3570 τοὺς
529 3533 691 3580 καρποὺς
697 3531 736 3568 δὲ
743 3534 808 3567 τοῦ
816 3535 925 3578 μέσον
935 3531 1075 3579 χρόνον,
1088 3534 1174 3566 τοῦτ

105 3580 183 3613 ἔστι
202 3579 284 3615 τοὺς
304 3578 396 3624 μετὰ
406 3577 656 3626 προκάταρξιν
666 3581 767 3624 μέχρι
779 3575 975 3620 καταδίκης
990 3579 1031 3622 Θ,
1045 3580 1134 3622 quod
1141 3579 1196 3612 vix

111 3629 232 3662 recedit
252 3640 274 3661 a
293 3635 406 3661 nostra
427 3628 559 3661 lectione
627 3626 685 3668 (3⁸)
709 3626 743 3667 4,
756 3631 786 3666 8,
799 3632 836 3659 20
905 3624 951 3666 (4)
974 3624 1016 3666 is]
1034 3625 1148 3667 BW·‚
1168 3624 1199 3658 i·

113 3673 256 3706 invicem
269 3672 305 3706 E
311 3670 372 3706 W·
439 3672 485 3714 (5)
508 3671 656 3714 quoque]
668 3669 713 3710 Ε,
731 3679 797 3711 que
808 3669 844 3703 B
855 3669 899 3703 W

154 3719 198 3757 (6)
228 3717 278 3759 Cf.
291 3716 373 3760 Diy.
387 3716 441 3756 48,
454 3723 469 3750 1
539 3718 583 3756 (τ)
609 3714 783 3747 infamiam
796 3716 819 3746 i.
832 3724 907 3746 cum
922 3714 1057 3754 damno]
1078 3713 1195 3753 WEe,

111 3760 163 3794 vel
176 3761 236 3793 inf.
251 3761 275 3795 i.
288 3771 306 3794 c
330 3761 360 3793 d.
375 3761 422 3801 B,
434 3759 487 3793 vel
500 3759 683 3802 dampnum
696 3759 748 3792 vel
760 3758 936 3792 infamiam
949 3759 971 3791 i.
986 3769 1061 3791 cum
1075 3758 1196 3790 damno

1206 101 1260 150 55

1908 106 2056 151 INST.
2087 106 2291 164 1111,.17.
2314 110 2362 153 is

1273 234 1292 266 7
1340 240 1471 276 passus
1502 242 1575 267 non
1597 230 1715 267 fuerit.
1764 232 1867 278 Quod
1891 237 2011 270 autem
2034 234 2112 271 istis
2135 234 2274 270 iudiciis
2298 235 2363 270 ali-

1272 277 1331 311 cui
1362 276 1606 313 adiudicatum
1637 278 1702 320 sit,
1735 278 1773 313 id
1803 280 1925 315 statim
1957 280 2032 316 eius
2063 280 2105 315 fit
2135 280 2193 316 cui
2224 280 2363 317 adiudi-

1271 326 1390 357 catum
1415 325 1480 358 est.

1732 372 1862 411 XVIII
1872 372 1887 393 ⁰

1556 437 1616 470 DE
1642 436 1851 471 PUBLiCIS
1876 439 2077 474 IUDICIIS.

1316 502 1468 555 Publica
1491 503 1624 556 iudicia
1647 513 1764 548 neque
1787 514 1851 549 per
1874 505 2036 541 actiones
2061 506 2273 543 ordinantur
2297 518 2363 544 nec

1271 558 1414 584 omnino
1440 549 1634 595 quidquam
1657 549 1771 584 simile
1802 549 1937 585 habent
1969 552 2095 588 ceteris
2127 552 2286 596 iudiciis,
2319 553 2364 590 de

1271 594 1702 647 quibus-locutisumus,
1726 604 1927 648 magnaque
1951 596 2136 633 diversitas
2162 603 2216 634 est
2240 609 2363 635 eorum

1273 642 1287 674 1
1339 642 1375 674 et
1402 650 1440 675 in
1469 639 1698 675 instituendis
1732 643 1768 676 et
1789 652 1827 676 in
1851 641 2069 677 exercendis.
2118 643 2269 680 Publica
2297 654 2362 680 au-

1269 688 1341 720 tem
1366 684 1463 720 dicta
1487 690 1582 729 sunt,
1608 685 1703 731 quod
1727 686 1837 721 cuivis
1863 697 1907 721 ex
1930 688 2065 732 populo
2091 690 2274 725 exsecutio
2301 701 2361 727 eo-

1270 733 1289 765 2
1337 741 1415 765 rum
1424 731 1634 777 plerumque
1643 730 1761 767 datur.
1786 731 2018 768 Publicorum
2030 733 2239 771 iudiciorum
2252 747 2361 781 quae-

1268 775 1351 828 dam
1375 776 1544 822 capitalia
1567 779 1662 820 sunt,
1686 777 1862 822 quaedam
1885 788 1958 813 non
1980 779 2158 823 capitalia.
2194 783 2363 826 capitalia

1269 821 1428 865 dicimus,
1453 833 1546 868 quae
1570 822 1693 858 ultimo
1718 833 1761 858 su
1787 822 1894 868 plicio
1919 822 2094 859 adficiunt
2117 826 2171 860 vel
2190 836 2306 872 aquae
2326 833 2362 863 et

1267 866 1357 911 ignis
1387 867 1639 904 interdictione
1669 868 1725 904 vel
1748 834 1999 913 ‹ieportatione
2022 870 2078 905 vel
2102 871 2263 907 metallo:
2303 884 2360 908 ce-

1266 915 1356 965 tera·
1377 913 1408 948 si
1439 923 1515 959 qua
1541 913 1724 949 infamiam
1755 914 1918 959 irrogant
1950 925 2032 950 cum
2064 915 2218 952 damno⁷
2250 929 2359 963 pecu-

1267 968 1393 1000 mano,
1414 959 1505 995 haec
1522 959 1668 1004 publica
1681 959 1824 1005 quidem
1837 963 1932 1003 sunt,
1953 971 2027 996 non
2046 964 2167 997 tamen
2181 973 2224 997 ca
2250 964 2359 1000 italia.

1267 1006 1287 1039 3
1379 1004 1531 1040 Publica
1554 1008 1676 1040 autem
1698 1004 1831 1041 iudicia
1854 1009 1939 1040 sunt
1961 1005 2063 1042 haec.
2099 1007 2157 1042 lex
2178 1009 2219 1044 Iu
2232 1009 2267 1043 ia
2287 1020 2362 1044 ma-

1265 1049 1416 1093 iestatis,
1441 1060 1533 1096 quae
1555 1051 1593 1086 in
1617 1061 1689 1093 eos,
1714 1051 1775 1104 qui
1795 1053 1923 1086 contra
1941 1051 2192 1097 imperatorem
2213 1055 2268 1089 vel
2288 1066 2363 1090 rem

1265 1094 1446 1147 publicam
1469 1095 1606 1148 aliquid
1629 1096 1742 1132 moliti
1765 1099 1859 1139 sunt,
1885 1107 1990 1132 suum
2012 1098 2167 1143 vigorem
2192 1100 2361 1136 extendit.

1267 1150 1385 1194 culus·
1401 1151 1519 1187 poena
1542 1151 1682 1177 animae
1706 1142 1932 1178 amissionem
1956 1143 2109 1179 sustinet
2133 1148 2169 1180 et
2191 1147 2364 1181 memoria

1267 1189 1288 1221 4
1335 1197 1388 1223 rei
1419 1191 1455 1222 et
1478 1190 1562 1233 post
1584 1191 1735 1223 mortem
1759 1187 1959 1224 damnatur.
2007 1189 2097 1224 Item
2120 1190 2179 1225 lex
2203 1191 2294 1226 Iulia
2320 1192 2364 1226 de

1267 1231 1449 1269 adulteriis
1488 1232 1714 1276 coercendis,
1751 1243 1844 1279 quae
1881 1244 1954 1269 non
1985 1235 2100 1270 solum
2129 1239 2364 1272 temeratores

1267 1277 1465 1314 alienarum
1485 1278 1694 1325 nuptiarum
1712 1278 1831 1323 gladio
1851 1279 1966 1324 punit,
1990 1280 2054 1316 sed
2073 1280 2179 1317 etiam
2203 1292 2277 1325 eos,
2303 1283 2363 1328 qui

1267 1333 1348 1359 cum
1379 1324 1549 1360 masculis
1579 1324 1765 1360 infandam
1795 1324 1978 1360 libidinem
2014 1336 2181 1363 exercere
2213 1328 2361 1363 audent.

1266 1368 1329 1404 sed
1361 1369 1485 1422 eadem
1515 1371 1593 1415 lege
1615 1370 1706 1406 Iulia
1737 1370 1845 1406 etiam
1869 1371 1984 1416 stupri
2006 1370 2180 1416 flagitium
2203 1374 2363 1418 punitur,

1267 1425 1348 1468 cum
1372 1426 1451 1461 quis
1483 1416 1561 1451 sine
1590 1415 1625 1452 vi
1655 1416 1711 1452 vel
1741 1416 1912 1462 virginem
1943 1417 2000 1452 vel
2035 1417 2178 1454 viduam
2212 1419 2364 1455 honeste

1265 1465 1441 1496 viventem
1464 1462 1693 1514 stupraverit.
1729 1471 1883 1508 poenam
1907 1466 2028 1498 autem
2051 1463 2176 1499 eadem
2195 1465 2254 1500 lex
2272 1465 2362 1500 irro-

1265 1509 1328 1551 gat
1376 1507 1613 1551 eccatoribus,
1637 1507 1669 1543 si
1691 1507 1832 1543 honesti
1855 1510 1950 1551 sunt,
1975 1508 2254 1553 publicationem
2278 1521 2362 1556 par-

1265 1552 1312 1587 tis
1362 1552 1501 1588 'midiae
1523 1553 1712 1595 bonorum,
1737 1553 1768 1588 si
1790 1553 1962 1596 humileS,
1989 1564 2030 1589 co
2077 1556 2149 1590 oris
2175 1557 2362 1592 coercitio-

1267 1600 1286 1632 5
1332 1608 1416 1651 nem
1447 1609 1530 1634 cum
1560 1598 1788 1652 relegatione.
1836 1599 1927 1634 Item
1956 1599 2015 1634 lex
2068 1601 2206 1637 ornelia
2238 1602 2282 1638 de
2314 1602 2362 1638 si-

1267 1644 1392 1687 cariis,
1409 1653 1521 1690 quae
1549 1643 1749 1680 homicidas
1779 1643 1897 1680 ultore
1926 1644 2022 1681 ferro
2054 1647 2283 1692 persequitur
2306 1647 2361 1683 vel

1267 1699 1340 1732 eos,
1365 1690 1426 1735 qui
1449 1689 1603 1726 hominis
1627 1689 1815 1726 occidendi
1839 1700 1950 1726 causa
1971 1701 2052 1726 cum
2071 1692 2142 1728 telo
2164 1693 2360 1728 ambulant.

1265 1735 1376 1770 telum
1396 1739 1528 1779 autem,
1548 1739 1590 1771 ut
1609 1734 1721 1772 Gaius
1742 1738 1865 1771 noster
1882 1736 1918 1771 in
1930 1736 1944 1758 ⁸
1961 1736 2257 1783 interpretatione
2275 1738 2362 1784 legis

1266 1780 1454 1816 duodecim
1473 1781 1704 1817 tabularum⁹
1723 1781 1898 1826 scriptum
1916 1782 2071 1827 reliquit,
2090 1783 2196 1829 vulgo
2219 1784 2361 1830 quidem

1265 1825 1302 1878 id
1325 1836 1372 1879 ap
1400 1827 1546 1870 ellatur,
1580 1826 1677 1872 quod
1708 1827 1754 1862 ab
1780 1837 1867 1862 arcu
1890 1827 2061 1863 mittitur:
2095 1829 2158 1864 sed
2190 1833 2226 1866 et
2257 1840 2363 1865 omne

1266 1882 1320 1917 Sig
1385 1876 1508 1916 catur,
1556 1872 1630 1908 uod
1653 1882 1762 1908 manu
1787 1872 1974 1908 cuiusdam
1997 1873 2167 1910 mittitur:
2200 1875 2363 1921 sequitur

1267 1927 1369 1962 ergo,
1401 1921 1443 1954 ut
1475 1921 1511 1953 et
1556 1918 1633 1964 apis
1663 1922 1699 1953 et
1730 1918 1864 1964 lignum
1896 1921 1933 1954 et
1959 1918 2095 1955 ferrum
2119 1921 2190 1956 hoc
2215 1921 2360 1956 nomine

1267 1963 1502 1999 contineatur.
1540 1963 1746 2009 dictumque
1769 1964 1815 1999 ab
1839 1974 1901 2007 eo,
1933 1964 2029 2009 quod
2060 1965 2098 2000 in
2128 1965 2362 2012 longinquum

1265 2009 1438 2052 mittitur,
1470 2019 1493 2044 a
1516 2008 1657 2045 Graeca
1685 2019 1774 2045 voce
1803 2009 2014 2055 figuratum,
2049 2006 2123 2046 ἀπὸ
2145 2013 2210 2046 τοῦ
2233 2010 2361 2055 τηλοῦι

1265 2058 1302 2089 et
1321 2055 1415 2090 hanc
1435 2054 1730 2100 significationem
1750 2054 1908 2091 invenire
1919 2065 2109 2101 possumus
2122 2059 2158 2092 et
2169 2057 2206 2092 in
2221 2057 2361 2094 Graeco

1266 2100 1425 2136 nomine:
1458 2110 1543 2136 nam
1567 2100 1663 2146 quod
1686 2110 1752 2136 nos
1775 2100 1886 2136 telum
1910 2101 2145 2147 appellamus,
2177 2102 2230 2139 illi
2253 2102 2357 2147 βέλος

1265 2146 1448 2192 appellant
1480 2141 1555 2181 ἀπὸ
1585 2148 1650 2180 τοῦ
1679 2143 1895 2190 βάλλεσθαι.
1941 2146 2109 2183 admonet
2139 2158 2206 2184 nos
2239 2148 2359 2185 Xeno-

1264 2193 1362 2272 phou
1374 2192 1412 2228 ¹⁰.
1450 2201 1534 2227 nam
1556 2191 1608 2226 ita
1631 2191 1794 2237 scripsit:
1819 2194 1881 2226 καὶ
1902 2190 1949 2227 τὰ
1972 2191 2058 2237 βέλη
2084 2190 2174 2238 ὁμοῦ
2197 2196 2358 2241 ἐφέρετο,

1287 2235 1396 2285 όγχαι,
1418 2235 1628 2282 τοξεύματα,
1649 2234 1854 2283 σφενδόναι,
1876 2236 2040 2273 πλεῖστοι
2061 2236 2101 2273 δὲ
2121 2242 2181 2273 καὶ
2200 2237 2359 2275 λίθοιῐί.

1264 2283 1384 2319 sicarii
1408 2286 1529 2319 autem
1552 2282 1781 2328 appellantur
1804 2292 1826 2318 a
1849 2283 1936 2327 sica,
1985 2284 2059 2320 uod
2083 2284 2263 2330 significat
2285 2285 2359 2320 fer-

1263 2339 1364 2364 reum
1389 2328 1552 2364 cultrum.
1589 2328 1712 2364 eadem
1731 2328 1808 2374 lege
1826 2332 1862 2364 et
1880 2339 1968 2365 vene
1996 2330 2028 2365 ci
2047 2331 2166 2375 capite
2187 2330 2358 2366 damnan-

1263 2379 1342 2418 tur,
1375 2374 1436 2427 qui
1468 2374 1606 2409 artibus
1630 2373 1782 2417 odiosis,
1814 2377 1888 2409 tam
1903 2375 1930 2396 ¹²
1953 2376 2097 2411 venenis
2121 2376 2177 2411 vel
2201 2376 2359 2411 susurris

1263 2420 1410 2465 magicis
1441 2420 1603 2455 homines
1635 2419 1845 2455 occiderunt
1876 2420 1932 2455 vel
1967 2421 2063 2456 mala
2097 2421 2359 2457 medicamenta

1264 2469 1284 2502 6
1330 2465 1474 2511 publice
1494 2465 1737 2500 vendiderunt.
1785 2465 1869 2500 Alia
1893 2465 2019 2501 deinde
2041 2466 2099 2501 lex
2123 2467 2359 2512 asperrimum

1264 2512 1397 2548 crimen
1430 2520 1524 2546 nova
1554 2520 1672 2556 poena
1702 2510 1947 2556 persequitur,
1985 2521 2077 2557 quae
2109 2512 2282 2557 Pompeia
2313 2512 2359 2548 de

1263 2556 1462 2603 parricidiis
1485 2559 1645 2591 vocatur.
1683 2566 1754 2600 qua
1778 2560 1933 2599 cavetur,
1958 2560 2009 2599 ut,
2040 2557 2107 2593 ¹³si
2130 2557 2209 2603 quis
2227 2568 2358 2603 paren-

1262 2604 1308 2638 tis
1333 2606 1397 2638 aut
1419 2601 1483 2637 filii
1506 2604 1570 2636 aut
1592 2601 1735 2637 omnino
1760 2600 1971 2637 adfectionis
1993 2602 2081 2645 eius,
2107 2613 2200 2648 quae
2218 2614 2358 2639 nuncu-

1262 2648 1409 2694 patione
1431 2645 1613 2693 parricidii
1637 2646 1859 2689 continetur,
1890 2646 1968 2682 fata
1991 2648 2258 2694 properaverit,
2284 2649 2357 2685 sive

1264 2695 1356 2730 clam
1380 2693 1454 2729 sive
1476 2692 1596 2737 palam
1618 2691 1655 2727 id
1679 2702 1789 2727 ausus
1812 2691 1939 2735 fuerit,
1971 2703 2038 2729 nec
2062 2703 2134 2729 non
2167 2694 2218 2737 is,
2253 2695 2356 2730 cuius

1263 2739 1344 2775 dolo
1369 2738 1462 2774 malo
1480 2737 1518 2773 id
1536 2738 1674 2773 factum
1695 2740 1760 2780 est,
1783 2737 1840 2773 vel
1860 2738 2025 2774 conscius
2045 2739 2201 2775 criminis
2226 2740 2357 2782 existit,

1262 2785 1346 2820 licet
1369 2788 1562 2820 extraneus
1579 2783 1637 2825 sit,
1661 2793 1779 2828 poena
1797 2783 1979 2828 parricidii
1996 2784 2167 2837 punietur
2188 2787 2223 2820 et
2241 2795 2357 2831 neque

1261 2829 1378 2876 gladio
1411 2838 1527 2874 neque
1556 2828 1697 2881 ignibus
1721 2838 1766 2864 ne
1792 2838 1838 2864 ue
1860 2828 1935 2864 ulla
1958 2829 2030 2865 aha
2054 2830 2216 2866 sollemni
2240 2841 2357 2876 poena

1262 2875 1467 2917 subicietur,
1492 2873 1555 2909 sed
1573 2876 1716 2909 insutus
1737 2884 1756 2909 c
1809 2884 1851 2910 eo
1874 2885 1955 2910 cum
1976 2885 2066 2911 cane
2087 2879 2123 2911 et
2142 2875 2234 2921 gallo
2254 2876 2356 2922 galli-

1262 2930 1374 2956 naceo
1412 2922 1449 2955 et
1470 2919 1505 2954 vi
1531 2928 1592 2954 era
1615 2923 1652 2954 et
1674 2918 1777 2955 simia
1800 2922 1836 2955 et
1857 2919 1951 2955 inter
1974 2921 2050 2957 eius
2081 2920 2212 2957 ferales
2244 2931 2356 2967 angu-

1262 2930 1658 3018 stias-compregiensua
1683 2964 1880 3001 secundum
1904 2965 2000 3011 quod
2023 2966 2177 3012 reglonis
2201 2967 2356 3020 qualitas

1262 3011 1394 3053 tulerit,
1418 3010 1474 3046 vel
1495 3020 1534 3044 in
1555 3010 1711 3045 vicinum
1733 3020 1834 3046 mare
1856 3010 1911 3046 vel
1929 3010 1968 3046 in
1988 3021 2128 3048 amnem
2146 3012 2355 3058 proiciatur,

1262 3060 1303 3092 ut
1333 3055 1431 3092 omni
1462 3055 1714 3091 elementorum
1745 3066 1813 3092 usu
1836 3056 1936 3092 vivus
1961 3067 2084 3093 carere
2106 3057 2256 3103 incipiat
2280 3061 2317 3093 et
2328 3059 2356 3079 ¹⁴

1263 3101 1296 3138 ei
1319 3101 1456 3137 caelum
1479 3101 1682 3146 superstiti,
1705 3103 1803 3137 terra
1826 3104 1966 3138 mortuo
1991 3102 2186 3139 auferatur.
2224 3103 2254 3138 si
2277 3103 2356 3145 quis

1262 3151 1383 3183 autem
1406 3146 1496 3182 alias
1520 3145 1733 3191 cognatione
1755 3147 1809 3183 vel
1833 3147 2019 3183 adfinitate
2040 3149 2252 3184 coniunctas
2275 3158 2355 3191 per·

1262 3202 1371 3229 sonas
1401 3191 1599 3244 necaverit,
1657 3201 1784 3228 oenam
1813 3192 1826 3228 l
1872 3192 1902 3228 is
1927 3192 2112 3230 Corneliae
2145 3192 2189 3228 de
2217 3194 2355 3230 sicariis

1264 3242 1282 3273 7
1332 3236 1520 3273 sustinebit
1533 3238 1571 3272 ¹⁵.
1637 3240 1709 3273 tem
1740 3237 1798 3273 lex
1859 3238 1996 3274 ornelia
2027 3239 2071 3275 de
2104 3238 2226 3282 falsis,
2263 3248 2356 3284 quae

1264 3282 1371 3319 etiam
1393 3282 1665 3318 testamentaria
1686 3286 1853 3326 vocatur,
1885 3294 2038 3329 poenam
2061 3284 2195 3330 irrogat
2219 3284 2269 3326 ei,
2295 3284 2355 3328 qui

1262 3330 1516 3364 testamentum
1535 3328 1591 3364 vel
1610 3327 1708 3364 aliud
1726 3329 2000 3365 instrumentum
2020 3329 2151 3366 falsum
2172 3329 2355 3373 scripserit

1263 3442 1320 3482 Al,
1334 3441 1387 3474 vel
1399 3442 1557 3476 damnum
1570 3442 1623 3475 vel
1635 3442 1776 3475 infamia
1788 3443 1810 3476 i.
1825 3441 1942 3476 ΑΜΑΡ
2088 3443 2133 3483 (8)
2159 3442 2209 3482 in]
2222 3440 2275 3483 Al,
2290 3453 2349 3474 om.

1264 3488 1320 3520 rel·
1469 3488 1516 3529 (9)
1539 3488 1621 3532 Diq.
1636 3489 1691 3529 50,
1705 3495 1749 3529 16,
1764 3495 1829 3528 233,
1845 3496 1862 3522 2
2024 3489 2084 3527 (ιο)
2108 3487 2216 3520 Anah.
2230 3488 2261 3526 5,
2276 3493 2304 3525 2,
2320 3493 2350 3520 14

1265 3534 1319 3574 (11)
1345 3533 1382 3566 id
1394 3540 1459 3566 est.-
1479 3535 1514 3565 et
1525 3533 1594 3566 tela
1606 3532 1707 3567 simul
1720 3532 1950 3573 mittebantur,
1965 3534 2090 3573 hastae,
2106 3532 2260 3573 sagittae,
2275 3531 2352 3563 fun-

1264 3577 1336 3618 dae,
1350 3577 1510 3620 permulti
1521 3581 1554 3612 et
1564 3578 1696 3621 lapides
1790 3580 1848 3620 (12)
1874 3579 1955 3618 tam]
1967 3578 2043 3617 AE,
2057 3589 2114 3610 om.
2130 3577 2176 3616 B,
2191 3579 2351 3608 tam..ma-

1264 3622 1351 3664 gicis
1364 3635 1423 3657 om.
1437 3623 1471 3657 R
1633 3627 1691 3667 (13)
1716 3624 1746 3656 si
1760 3624 1871 3667 quis..
1884 3648 1891 3655 .
1902 3622 2075 3655 auferatur
2087 3634 2126 3655 ex
2142 3622 2221 3655 Cod.
2234 3622 2265 3661 9,
2280 3629 2323 3661 17,
2337 3628 2351 3656 1

1266 3673 1326 3749 (ἓ)
1350 3672 1396 3712 et]
1407 3670 1486 3750 ΒΞ,
1505 3674 1544 3704 ut
1557 3672 1592 3704 B
1605 3672 1683 3705 cod.
1754 3673 1812 3713 (15)
1836 3672 1883 3703 sic
1901 3671 1988 3711 deta,
2008 3669 2158 3701 subsistit
2172 3669 2256 3711 RB,
2275 3669 2352 3703 sub-

1299 3716 1426 3749 'tuetur
