2528 3918
112 133 175 164 DE
204 131 402 164 NAU'rlco
431 131 642 163 FAENORE

110 245 184 277 tum
231 241 336 286 Quod
357 242 396 276 in
417 241 557 276 fructus
580 240 789 284 redigendos
812 239 1011 284 impensum
1036 241 1100 282 est,
1124 248 1198 275 non

110 286 301 331 ambigitur
322 286 420 332 ipsos
442 285 582 321 fructus
598 284 808 319 'deminuere
832 283 971 319 debere.

155 329 207 368 47
241 330 445 367 Scaevoia
475 330 566 366 libro
598 340 693 364 nono
725 329 945 375 diqestorum
998 327 1198 375 Respondit

111 379 278 422 paratum
300 375 469 411 iudicium
493 375 678 420 accipere,
710 374 741 409 si
771 374 816 408 ab
848 373 1051 410 adversario
1077 383 1196 410 cessa·

109 425 185 457 tum
210 426 275 464 est,
298 430 436 456 moram
457 419 579 456 facere
601 429 674 455 non
696 419 815 454 videri.

158 462 209 504 48
241 465 349 501 IDEM
367 465 457 500 libro
481 465 647 500 vicesimo
669 463 826 500 secundo
850 463 1071 510 diqestorum
1116 463 1197 499 Ma-

109 511 199 547 ritus
223 511 327 546 uxori
350 519 436 545 suae
459 520 562 545 usum
585 509 742 544 fructum
765 508 892 544 tertiae
914 508 1027 554 partis
1047 512 1093 551 et,
1118 519 1199 544 cum

109 557 240 591 liberos
263 555 467 597 habuisset,
492 555 746 599 proprietatem
768 553 915 598 legavit:
949 563 1028 588 eam
1050 563 1200 589 uxorem

108 600 256 636 heredes
278 600 362 636 falsi
385 600 589 635 testamenti
612 602 648 634 et
671 599 821 634 aliorum
842 598 1028 634 criminum
1048 608 1198 634 accusaf

108 649 246 688 verunt,
270 655 342 691 qua
360 655 399 680 re
415 644 585 690 impedita
605 648 659 680 est
677 644 874 689 legatorum
893 643 1038 688 petitio:
1062 643 1199 679 interea

110 694 146 726 et
176 690 270 725 filius
301 690 333 726 ei
363 689 501 725 mulieri
528 693 634 724 natus
667 692 722 725 est
753 699 865 734 eoque
897 688 1059 724 condicio
1091 688 1199 733 legati

109 736 254 770 exstitit.
292 735 491 780 quaesitum
516 738 580 777 est,
601 745 681 770 cum
700 737 952 769 testamentum
974 732 1106 769 falsum
1125 743 1198 768 non

110 791 188 816 esse
217 779 442 826 apparuerit,
475 790 522 814 an
550 779 690 815 fructus
723 779 830 814 etiam
853 778 991 814 mulieri
1022 778 1199 824 praestari

110 826 272 861 debeant.
305 824 490 870 respondit
512 823 755 869 praestandos.

155 868 208 908 49
232 870 279 906 IA
288 878 458 905 VOLENUS
466 869 557 905 libro
571 870 675 905 tertio
688 879 739 911 ex
742 868 1010 915 posterioribus
1020 867 1200 904 Labeonis

113 915 268 951 Fructus
291 915 344 951 rei
367 918 422 950 est
443 915 499 950 vel
521 914 661 960 pignori
685 913 770 949 dare
791 913 910 949 licere.

619 1053 657 1090 11
667 1051 692 1091 ¹.

387 1118 448 1149 DE
473 1116 673 1150 NAurico
697 1117 923 1150 FAENORE.

157 1182 175 1220 1
203 1181 458 1219 Movissrmos
470 1183 562 1219 libro
579 1182 716 1220 decimo
724 1182 993 1230 pandectarum
1025 1182 1197 1218 Traiecti-

109 1229 166 1264 cia
199 1238 242 1263 ea
269 1229 423 1273 pecunia
455 1231 510 1263 est
544 1238 636 1273 quae
662 1231 763 1263 trans
791 1238 890 1263 mare
914 1227 1071 1263 vehitur:
1105 1230 1198 1263 cete-

108 1284 187 1308 rum
218 1273 250 1308 si
281 1273 403 1309 eodem
434 1273 504 1309 loci
527 1277 778 1316 consumatur,
801 1283 875 1308 non
899 1273 966 1308 erit
988 1272 1196 1308 traiecticia.

109 1318 172 1354 sed
196 1318 396 1360 videndum,
421 1328 468 1353 an
491 1328 627 1354 merces
652 1329 696 1354 ex
719 1328 762 1353 ea
785 1318 939 1363 pecunia
971 1321 1199 1363 comparatae

107 1364 144 1399 in
169 1373 211 1398 ea
232 1373 343 1399 causa
361 1363 564 1399 habentur?
595 1367 630 1398 et
652 1364 812 1406 interes't,
831 1366 951 1398 utrum
970 1363 1077 1398 etiam
1099 1363 1199 1408 ipsae

107 1408 265 1453 periculo
283 1408 486 1488 ficreditoris
521 1408 703 1454 navigent:
751 1412 838 1443 tunc
873 1409 965 1443 enim
1000 1408 1200 1444 traiecticia

108 1453 261 1499 pecunia
309 1457 335 1489 t.

154 1495 179 1535 2
203 1498 432 1534 Poupomvs
451 1498 541 1534 libro
566 1500 670 1534 tertio
695 1509 746 1534 ex
763 1497 910 1534 Plautio
942 1497 1065 1532 Labeo
1086 1497 1147 1539 ait,
1169 1496 1200 1531 si

107 1554 209 1579 nemo
229 1543 286 1586 sit,
308 1544 369 1588 qui
388 1554 410 1578 a
428 1547 532 1588 parte
549 1543 775 1589 promissoris
798 1542 1018 1595 interpellari
1040 1541 1197 1577 traiecti-

109 1589 185 1624 ciae
214 1589 389 1634 pecuniae
418 1589 543 1634 possit,
574 1588 611 1624 id
639 1589 757 1634 ipsum
787 1591 980 1623 testatione
1011 1586 1199 1632 complecti

108 1634 248 1675 debere,
273 1637 314 1669 ut
336 1644 402 1679 pro
426 1634 596 1679 petitione
619 1634 656 1669 id
680 1633 832 1670 cederet.

154 1677 178 1717 3
204 1678 460 1714 Moosssmws
479 1679 570 1714 libro
595 1684 726 1725 quarto
749 1678 961 1725 reqularum
995 1677 1198 1712 Innautica

106 1724 261 1770 pecunia
284 1734 329 1759 ex
352 1733 394 1759 eo
405 1723 500 1776 ²·die
522 1724 720 1776 periculum
743 1727 883 1769 spectat
904 1722 1128 1765 creditorem,
1153 1732 1198 1758 ex

108 1780 177 1814 quo
202 1779 328 1805 navem
351 1779 518 1814 navigare
542 1773 731 1805 convemat

154 1813 179 1851 4
204 1813 452 1850 PAPINIANUS
467 1814 559 1850 libro
573 1815 678 1850 tertio
697 1824 954 1860 responsorum
977 1812 1076 1848 Nihil
1088 1812 1197 1847 inter-

108 1863 180 1902 est,
212 1859 411 1895 traiecticia
440 1859 594 1904 pecunia
622 1860 698 1895 sine
724 1859 887 1912 periculo
920 1857 1105 1894 creditoris
1137 1868 1197 1892 ac-

109 1908 215 1950 cepta
238 1905 285 1940 sit
307 1915 354 1939 an
378 1909 462 1949 post
485 1904 576 1940 diem
599 1907 853 1950 praestitutum
884 1907 920 1938 et
951 1902 1199 1939 condicionem

107 1950 288 1995 impletam
308 1950 505 1995 periculum
525 1960 604 1985 esse
625 1949 808 1986 creditoris
829 1948 981 1984 desierit.
1006 1948 1199 1994 utrubique

109 1995 214 2040 igitur
237 1994 351 2030 maius
374 1994 531 2039 legitima
551 2005 661 2030 usura
679 1995 806 2030 faenus
826 2005 900 2029 non
918 1993 1115 2036 debebitur,
1135 1992 1199 2028 sed

107 2041 143 2074 in
167 2040 288 2085 priore
316 2039 457 2085 quidem
481 2040 599 2085 specie
624 2051 781 2085 semper,
813 2039 849 2074 in
874 2039 987 2075 altera
1016 2048 1099 2074 vero
1125 2038 1197 2073 dis-

109 2095 213 2121 cusso
245 2085 422 2130 periculo:
464 2095 530 2121 nec
572 2085 723 2130 pignora
753 2084 808 2120 vel
838 2084 1062 2130 hypothecae
1093 2083 1196 2118 titulo

113 2134 124 2164 1
171 2130 316 2166 maioris
328 2140 459 2165 usurae
470 2130 697 2166 tenebuntur.
723 2130 794 2165 Pro
808 2130 925 2175 operis
938 2129 1030 2165 servi
1040 2128 1197 2164 traiecti-

108 2175 186 2211 ciae
217 2175 391 2220 pecuniae
423 2175 538 2220 gratia
572 2176 687 2211 secuti
744 2175 817 2210 uod
852 2175 891 2210 in
929 2174 1087 2219 singulos
1123 2173 1197 2209 dies

107 2221 144 2256 in
167 2221 376 2266 stipulatum
400 2220 593 2256 deductum
618 2225 682 2264 est,
707 2231 729 2256 a
771 2220 878 2256 finem
900 2219 1114 2256 centesimae
1126 2229 1198 2254 non

107 2266 202 2301 ultra
226 2265 374 2311 duplum
397 2265 556 2302 debetur.
580 2266 642 2301 in3
673 2266 904 2311 stipulatione
933 2264 1092 2301 faenoris
1141 2268 1199 2299 ost

108 2311 200 2346 diem
222 2311 373 2356 periculi
396 2311 588 2356 separatim
611 2311 822 2356 interposita
845 2309 942 2363 quod
971 2310 1008 2345 in
1040 2320 1083 2345 ea
1127 2309 1196 2354 egi-

107 2357 215 2391 timae
238 2366 369 2391 usurae
392 2356 522 2399 deerit,
552 2367 617 2402 per
648 2357 798 2392 alteram
821 2355 1088 2401 stipulationem
1112 2364 1196 2400 ope-

107 2411 228 2436 rarum
252 2401 485 2446 supplebitur.

154 2445 178 2483 5
203 2445 408 2482 Seuerou
442 2446 534 2482 libro
577 2449 683 2482 sexto
717 2456 974 2493 responsorum
1042 2444 1198 2480 Periculi

107 2491 261 2536 pretium
285 2495 340 2527 est
362 2494 398 2526 et
420 2491 451 2527 si
475 2491 684 2527 condicione
707 2491 865 2536 quamvis
884 2490 1027 2537 poenali
1045 2500 1119 2525 non
1135 2499 1196 2525 ex-

109 2537 257 2572 sistente
278 2539 489 2581 recepturus
509 2537 558 2572 sis
579 2535 674 2582 quod
695 2536 833 2572 dederis
853 2540 889 2571 et
907 2535 1112 2582 insuperali
1137 2534 1198 2570 uid

107 2585 251 2627 praeter
269 2581 469 2627 pecuniam,
490 2582 520 2617 si
531 2581 637 2617 modo
649 2581 687 2616 in
700 2581 799 2617 aleae
819 2592 836 2617 s
864 2581 974 2617 eciem
987 2591 1059 2617 non
1072 2591 1115 2615 ca
1141 2583 1196 2615 at:

107 2627 218 2663 veluti
251 2636 313 2670 ea,
347 2636 392 2662 ex
425 2627 554 2672 quibus
587 2626 830 2663 condictiones
878 2626 980 2662 nasci
1003 2626 1132 2668 solent,
1155 2628 1197 2660 ut

109 2673 152 2707 ‘si
183 2673 282 2707 non⁶
311 2672 564 2714 manumittas’,
598 2672 641 2707 ‘si
670 2682 744 2707 non
774 2671 861 2707 illud
891 2671 1026 2714 faeias’,
1059 2671 1102 2706 ‘si
1125 2680 1198 2705 non

109 2717 334 2753 convaluero’
374 2720 410 2753 et
444 2720 574 2753 cetera.
619 2727 686 2752 nec
729 2716 926 2760 dubitabis,
961 2717 993 2752 si
1052 2715 1198 2751 iscatori

109 2766 297 2807 erogaturo
321 2762 359 2797 in
382 2766 594 2808 apparatum
616 2762 807 2807 plurimum
829 2761 1005 2807 pecuniae
1054 2760 1196 2802 ederim,

109 2811 160 2849 ut,
182 2808 213 2842 si
233 2807 396 2852 cepisset,
416 2807 590 2850 redderet,
612 2811 648 2842 et
668 2807 836 2849 athletae,
856 2807 952 2843 unde
964 2817 1003 2842 se
1016 2805 1199 2841 exhiberet

113 2855 126 2886 1
179 2856 439 2898 exerceretque,
453 2857 504 2895 ut,
524 2853 555 2888 si
574 2852 728 2895 vicisset,
748 2852 923 2888 redderet.
948 2852 991 2887 In
1010 2851 1066 2886 his
1078 2853 1198 2885 autem

110 2898 275 2932 omnibus
308 2901 343 2933 et
373 2901 519 2943 pactum
550 2898 626 2933 sine
658 2897 889 2943 stipulatione
920 2897 967 2932 ad
999 2895 1198 2941 augendam

110 2942 361 2986 obligationem
408 2943 539 2978 rodest.

156 2985 180 3024 6
205 2986 263 3022 ΡΛ
270 2996 314 3022 σι,
321 2996 365 3023 Us
387 2988 464 3023 ibro
477 2988 777 3040 vicesimoquinto
790 2988 1040 3033 quaestionum
1059 2985 1196 3020 Faene-

109 3035 208 3067 rator
227 3032 416 3077 pecuniam
435 3033 553 3067 usuris
572 3033 757 3068 maritimis
775 3036 935 3067 mutuam
955 3030 1072 3066 dando
1091 3039 1197 3074 quas-

110 3076 192 3112 dam
223 3087 358 3112 merces
389 3077 427 3112 in
457 3087 548 3113 nave
604 3078 718 3122 ignori
752 3078 909 3122 accepit,
942 3087 985 3111 ex
1017 3075 1144 3121 quibus
1169 3073 1198 3109 si

110 3132 183 3156 non
214 3122 391 3167 potuisset
420 3126 535 3158 totum
591 3123 723 3158 ebitum
747 3123 898 3165 exsolvi,
932 3121 1083 3156 aliarum
1106 3129 1197 3154 mer-

112 3166 206 3201 cium
237 3167 315 3202 aliis
351 3167 500 3203 navibus
530 3168 777 3213 impositarum
815 3178 880 3212 pro
907 3167 1039 3210 riisque
1076 3164 1196 3199 faene-

110 3211 291 3247 ratoribus
320 3212 556 3256 obligatarum
587 3213 618 3248 si
649 3213 734 3258 quid
772 3222 861 3257 supe
898 3211 1026 3252 uisset,
1061 3208 1199 3254 pignori

111 3256 263 3301 accepit.
304 3257 504 3303 quaesitum
534 3260 590 3293 est
620 3268 710 3293 nave
766 3257 887 3302 ropria
919 3259 1122 3301 perempta,
1155 3263 1198 3288 ex

113 3311 184 3345 qua
207 3304 322 3337 totum
345 3302 434 3338 solvi
456 3302 583 3347 potuit,
609 3313 655 3338 an
674 3302 712 3337 id
756 3312 900 3337 amnum
919 3300 966 3336 ad
989 3298 1198 3335 creditorem

45 3370 55 3386 7
111 3346 299 3389 pertineat,
321 3346 417 3382 intra
438 3347 672 3392 praestitutos
697 3347 772 3382 dies
803 3347 934 3381 amissa
956 3354 1057 3387 nave,
1082 3354 1129 3378 an
1152 3342 1199 3377 ad

113 3394 311 3430 ceterarum
329 3392 472 3427 navium
484 3391 700 3436 superfluum
713 3391 852 3426 admitti
863 3390 987 3435 possit.
1011 3386 1197 3433 respondi:

115 3434 203 3469 alias
227 3436 368 3479 quidem
391 3436 548 3482 pignoris
561 3436 750 3472 deminutio
770 3435 818 3470 ad
836 3435 1003 3470 damnum
1016 3431 1198 3473 debitoris,

1186 115 1269 162 289

2091 123 2221 166 XXII
2252 126 2347 167 2.3

1265 248 1339 274 non
1362 238 1469 291 etiam
1492 239 1538 275 ad
1563 240 1745 276 creditoris
1768 242 1937 285 pertinet:
1971 242 2034 278 sed
2054 254 2134 279 cum
2157 244 2352 281 traiecticia

1265 293 1419 329 pecunia
1441 287 1494 319 ita
1517 284 1640 327 datur,
1659 289 1705 336 ‘ut
1727 296 1798 320 non
1822 287 1909 323 alias
1933 288 2056 333 petitio
2082 289 2157 324 eius
2182 289 2349 325 creditori

1267 332 1467 374 competat,
1501 339 1607 374 quam
1639 339 1669 364 si
1700 330 1797 365 salva
1835 332 1933 367 navis
1971 332 2065 368 intra
2096 337 2233 370 statuta
2262 338 2350 370 tem-

1265 383 1358 419 pora
1392 374 1612 418 pervenerit,
1647 374 1660 408 i
1686 374 1760 410 sius
1793 376 1915 411 crediti
1946 378 2112 423 obligatio
2144 389 2216 414 iion
2240 380 2350 415 exsis-

1266 421 1365 454 tente
1389 418 1598 454 condicione
1622 418 1666 454 de
1683 420 1793 454 ecisse
1817 420 1972 463 videtur,
2004 427 2040 457 et
2062 423 2140 458 ideo
2165 423 2351 469 pignorum

1267 473 1408 508 quoque
1430 464 1630 508 persecutio
1662 469 1846 509 perempta
1877 470 1930 500 est
1960 467 2063 502 etiam
2096 478 2234 511 eorum,
2260 479 2352 514 quae

1267 518 1341 560 non
1365 512 1449 543 sunt
1468 508 1601 544 amissa
1613 509 1638 543 ⁶.
1672 509 1702 543 si
1726 509 1824 543 navis
1842 510 1935 544 intra
1954 513 2182 556 praestitutos
2196 513 2269 549 dies
2288 524 2350 559 pe-

1267 555 1383 595 risset,
1409 556 1445 588 et
1469 553 1713 589 condicionem
1738 554 1975 598 stipulationis
2000 557 2192 593 defecisse⁷
2227 558 2349 601 videri,

1267 597 1346 633 ideo
1372 608 1418 633 ue
1450 598 1526 634 sine
1557 608 1667 634 causa
1698 598 1742 633 de
1773 599 1958 644 pignorum
1981 603 2235 645 persecutione,
2260 614 2351 648 quae

1267 642 1305 677 in
1377 642 1418 678 ”s
1460 643 1610 678 navibus
1644 643 1809 686 fuerunt,
1846 645 1978 688 quaeri.
2034 647 2150 682 nando
2186 658 2267 693 ergo
2304 648 2351 684 ad

1267 687 1407 739 illorum
1430 688 1617 733 pignorum
1640 688 1924 733 persecutionem
1949 657 2101 726 creditor
2125 692 2261 727 admitti
2278 703 2348 745 po-

1267 733 1399 767 tuerit?
1430 733 1566 768 scilicet
1596 737 1683 769 tunc
1715 744 1797 768 cum
1828 734 1987 769 condicio
2023 736 2194 771 exstiterit
2217 738 2350 790 obhga-

1267 777 1374 812 tionis
1399 781 1433 812 et
1457 778 1526 814 alio
1552 788 1639 814 casu
1670 779 1798 823 pignus
1830 779 1998 813 amissum
2027 779 2135 815 fuerit
2164 782 2217 817 vel
2248 783 2351 818 vilius

1268 822 1478 857 distractum
1514 823 1569 859 vel
1600 823 1630 858 si
1660 823 1760 858 navis
1791 827 1918 868 postea
1946 824 2106 868 perierit,
2140 836 2244 871 quam
2278 827 2351 863 dies

1266 867 1477 912 praefinitus
1500 868 1659 913 periculo
1686 871 1833 903 exactus
1856 868 1974 904 fuerit.

1314 910 1339 949 7
1372 912 1481 947 IDEM
1514 913 1604 949 libro
1639 914 1743 948 tertio
1774 913 1824 948 ad
1853 913 2007 949 edietum
2064 915 2105 949 In
2141 916 2351 960 quibusdam

1269 958 1512 993 contractibus
1545 958 1652 993 etiam
1688 968 1820 994 usurae
1850 958 2024 993 debentur
2061 961 2352 1004 quemadmodum

1267 1012 1332 1047 per
1355 1003 1632 1047 stipulationem.
1665 1013 1748 1038 nam
1779 1003 1809 1038 si
1841 1003 1970 1039 dedero
2003 1004 2123 1039 decem
2146 1005 2351 1048 traiecticia,

1268 1050 1309 1099 ut
1339 1047 1438 1082 salva
1476 1058 1566 1083 nave
1605 1051 1736 1084 sortem
1766 1059 1848 1083 cum
1887 1049 1991 1084 certis
2028 1050 2144 1084 usuris
2169 1050 2351 1102 recipiam,

1269 1092 1459 1128 dicendum
1483 1096 1538 1128 est
1559 1103 1666 1138 posse
1690 1103 1746 1129 me
1769 1097 1901 1129 sortem
1926 1104 2006 1128 cum
2036 1095 2153 1129 usuris
2184 1104 2352 1139 recipere.

1316 1134 1340 1175 8
1372 1137 1568 1174 ULPIANUS
1587 1138 1678 1174 libro
1702 1139 1967 1185 septuaqesimo
1998 1140 2148 1184 septimo
2182 1139 2231 1174 ad
2260 1140 2353 1175 edic-

1270 1185 1344 1218 tum
1391 1182 1533 1218 Servius
1568 1183 1620 1218 ait
1649 1183 1823 1229 pecuniae
1853 1183 2070 1219 traiecticiae
2099 1194 2251 1229 poenam
2282 1184 2356 1229 peti

1269 1238 1342 1264 non
1364 1238 1481 1273 posse,
1507 1228 1538 1263 si
1560 1238 1626 1273 per
1650 1228 1859 1264 creditorem
1881 1228 2046 1271 stetisset,
2068 1239 2137 1273 quo
2150 1229 2265 1264 minus
2278 1239 2355 1264 eain

1268 1273 1364 1308 intra
1389 1277 1526 1308 certum
1549 1277 1689 1318 tempus
1712 1274 1962 1318 praestitutum
1987 1273 2150 1318 accipiat.

1316 1316 1341 1356 9
1365 1318 1498 1353 LABEO
1521 1318 1612 1354 libro
1636 1319 1761 1364 quinto
1778 1317 1961 1364 pitlaeanon
1985 1330 2008 1354 a
2031 1317 2149 1354 Paulo
2178 1319 2356 1364 epitoma-

1270 1366 1386 1399 torum
1456 1363 1494 1398 Si
1534 1363 1754 1399 traiecticiae
1787 1363 1960 1415 pecuniae
2000 1373 2117 1415 poena
2154 1364 2219 1405 (uti
2252 1363 2354 1406 solet)

1269 1408 1445 1454 promissa
1469 1412 1533 1451 est,
1559 1409 1717 1453 quamvis
1742 1418 1783 1444 eo
1809 1407 1885 1451 die,
1918 1409 1978 1453 qui
1997 1418 2134 1460 primus
2165 1408 2355 1444 solvendae
2415 1437 2418 1439 .

1269 1453 1444 1533 pecuniae
1473 1453 1601 1496 fuerit,
1634 1464 1737 1506 nemo
1767 1453 1924 1506 vixerit,-
1946 1464 2007 1498 qui
2037 1453 2139 1488 eam⁸
2167 1453 2355 1505 pecuniam

1295 1499 1426 1541 eberet,
1450 1502 1571 1534 tamen
1590 1499 1736 1543 perinde
1756 1501 1927 1534 committi
1949 1498 2089 1544 poena⁹
2111 1502 2241 1543 potest,
2262 1508 2305 1533 ac
2326 1508 2355 1533 si

1268 1543 1396 1579 fuisset
1418 1544 1522 1579 heres
1547 1544 1726 1579 debitoris.

1749 1682 1820 1720 111.
1838 1680 1867 1701 ¹⁰

1298 1747 1360 1778 DE
1387 1746 1746 1779 PROBATIONIBUS
1769 1747 1830 1779 ET
1853 1746 2319 1780 PRAESUMPTIONIBUS.

1317 1811 1336 1849 1
1363 1811 1611 1848 Papnvmws
1630 1812 1720 1848 libro
1752 1813 1856 1848 tertio
1888 1813 2137 1858 quaestionum
2183 1811 2352 1856 Quotiens

1268 1861 1515 1903 quaereretur,
1539 1867 1650 1903 genus
1683 1858 1740 1893 vel
1761 1861 1901 1902 gentem
1925 1858 2003 1902 quis
2026 1857 2176 1892 haberet
2207 1866 2272 1892 nec
2297 1867 2352 1900 ne,

1268 1913 1348 1938 eum
1397 1903 1526 1938 robare
1549 1906 1701 1948 oportet.

1314 1945 1339 1984 2
1397 1957 1525 1983 AULUS
1544 1948 1636 1983 libro
1659 1958 1751 1983 sexa
1778 1948 1887 1983 esimo
1910 1958 2005 1982 nono
2038 1946 2088 1982 ad
2109 1946 2262 1982 edictum
2307 1945 2354 1981 Εἰ

1266 1993 1441 2028 incumbit
1463 1993 1628 2038 probatio
1653 1992 1714 2038 qui
1761 1993 1834 2035 icit,
1858 2003 1930 2028 non
1954 1991 2015 2037 qui
2037 1995 2154 2036 negat.

1314 2036 1338 2076 3
1364 2037 1710 2074 ΡΔΡΙΜΑΝσεῖίὒνο
1722 2048 1816 2073 nono
1828 2047 2082 2083 responsorum
2107 2035 2195 2071 Cum
2206 2035 2354 2071 tacitum

1266 2083 1578 2119 fideicommissum
1602 2083 1647 2117 ab
1672 2093 1713 2118 eo
1738 2082 1854 2125 datur,
1879 2082 1939 2127 qui
1957 2085 2031 2116 tam
2051 2081 2087 2116 in
2110 2081 2223 2126 primo
2248 2090 2354 2125 quam

1266 2129 1304 2163 in
1327 2128 1483 2164 secundo
1515 2131 1728 2163 testamento
1763 2138 1828 2172 pro
1863 2126 1986 2162 eadem
2016 2130 2119 2172 parte
2152 2126 2207 2161 vel
2229 2129 2354 2171 postea

1266 2184 1332 2219 pro
1357 2173 1490 2209 maiore
1513 2173 1617 2208 heres
1641 2173 1819 2215 scribitur,
1840 2172 2007 2224 probatio
2038 2173 2196 2206 mutatae
2229 2170 2352 2222 volun7

1266 2218 1352 2254 tatis
1376 2218 1409 2254 ei
1433 2218 1540 2254 debet
1562 2218 1766 2253 incumbere
1790 2228 1850 2262 qui
1877 2216 2094 2257 convenitur,
2121 2226 2201 2251 cum
2225 2218 2353 2250 secreti

1267 2264 1425 2309 suscepti
1456 2263 1548 2299 ratio
1579 2263 1786 2308 plerumque
1810 2261 1959 2297 dominis
1989 2271 2107 2296 rerum
2138 2259 2353 2305 persuadeat

1267 2319 1328 2345 eos
1350 2309 1402 2344 ita
1424 2308 1573 2344 heredes
1597 2308 1761 2350 scribere,
1787 2317 1935 2352 quorum
1959 2305 2064 2340 fidem
2088 2305 2139 2340 ele
2163 2308 2266 2339 erunt
2279 2305 2317 2339 ¹¹.

1312 2352 1339 2391 4
1363 2353 1420 2389 ΡΑ
1428 2363 1523 2389 ULUS
1561 2353 1652 2389 libro
1690 2356 1794 2387 sexto
1833 2361 2086 2397 responsorum
2187 2348 2351 2393 espondit

1267 2402 1462 2444 emptorem
1485 2398 1638 2443 probare
1663 2397 1802 2439 debere,
1827 2407 1907 2431 eum
1925 2406 2063 2431 servum
2087 2394 2130 2429 de
2151 2404 2220 2439 quo
2243 2403 2350 2438 quae-

1266 2445 1357 2480 ritur
1380 2447 1572 2488 antequam
1597 2446 1727 2478 emeret
1749 2442 1891 2486 fugisse.

1312 2488 1337 2526 5
1362 2488 1471 2524 IDEM
1500 2488 1590 2523 libro
1626 2498 1722 2522 nono
1756 2495 2010 2532 responsorum
2066 2483 2124 2518 Ab
2160 2492 2202 2518 ea
2235 2484 2348 2533 parte,

1267 2544 1359 2580 quae
1383 2533 1469 2568 dicit
1493 2533 1733 2568 adversarium
1757 2541 1860 2566 suum
1883 2530 1928 2564 ab
1953 2529 2068 2573 aliquo
2092 2528 2170 2579 iure
2192 2526 2348 2578 prohibi:

1266 2583 1342 2614 tum
1366 2588 1443 2613 esse
1466 2578 1667 2623 specialiter
1689 2577 1764 2620 lege
1787 2575 1841 2610 vel
1866 2573 2127 2614 constitutione,
2151 2571 2188 2606 id
2205 2571 2350 2616 probari

1271 2628 1285 2659 1
1336 2627 1511 2676 oportere.
1566 2622 1663 2657 Idem
1694 2619 1896 2665 respondit,
1929 2619 1959 2654 si
1990 2618 2068 2663 quis
2101 2619 2206 2661 negat
2229 2625 2348 2651 eman-

1268 2669 1482 2714 cipationem
1501 2670 1597 2702 recte
1616 2666 1760 2708 factam,
1773 2664 2019 2709 probationem
2038 2663 2155 2707 ipsum
2165 2664 2350 2706 praestare

1268 2714 1407 2749 debere.

1313 2756 1338 2796 6
1363 2757 1566 2794 SOAEVOLA
1586 2756 1675 2791 libro
1694 2753 1850 2790 secundo
1869 2762 2123 2799 responsorum
2154 2750 2349 2785 Patronum

1267 2803 1454 2838 manifeste
1487 2802 1615 2837 docere
1647 2799 1776 2835 debere
1806 2798 1971 2833 libertum
2002 2797 2040 2831 in
2062 2795 2226 2831 fraudem
2249 2804 2349 2830 suain

1267 2847 1400 2893 aliquid
1416 2847 1565 2888 dedisse,
1585 2849 1625 2880 ut
1644 2847 1782 2890 partem
1802 2843 1876 2879 eius
1888 2841 1984 2888 quod
2001 2841 2039 2876 in
2050 2839 2214 2876 fraudem
2226 2839 2348 2875 datum

1267 2896 1361 2929 esset
1410 2895 1505 2927 osset
1528 2900 1688 2926 avocare.

1313 2936 1336 2974 7
1394 2946 1520 2972 AULUS
1540 2935 1629 2970 libro
1653 2932 1809 2969 secundo
1832 2931 2088 2966 sententiarum
2099 2930 2129 2951 ¹²
2152 2928 2240 2964 Cum
2288 2937 2345 2961 ro·

1266 2983 1364 3018 batio
1374 2981 1504 3034 prioris
1517 2979 1622 3024 fugae
1635 2978 1763 3019 deficit,
1777 2977 1870 3012 servi
1883 2974 2082 3021 quaestioni
2095 2974 2123 2996 ¹³
2135 2973 2262 3026 creden
2288 2981 2346 3023 uin

1268 3032 1339 3063 est:
1371 3038 1407 3061 in
1432 3036 1470 3060 se
1494 3025 1585 3059 enim
1609 3022 1835 3067 interrogari,
1859 3032 1931 3057 non
1961 3030 2027 3066 pro
2060 3019 2201 3055 domino
2226 3020 2289 3052 aut
2310 3026 2346 3050 in

1267 3072 1447 3108 dominum
1469 3069 1615 3104 videtur.
2221 3105 2229 3113 .
2292 3103 2300 3111 .

1313 3115 1337 3154 8
1363 3116 1468 3151 IDEM
1487 3114 1577 3150 libro
1601 3115 1725 3149 octavo
1749 3111 1883 3147 decimo
1908 3110 1957 3146 ad
1977 3109 2159 3145 Plautium
2194 3105 2230 3140 Si
2252 3103 2344 3138 filius

1267 3163 1302 3197 in
1312 3163 1491 3213 potestate
1510 3158 1622 3203 patris
1642 3167 1720 3192 esse
1732 3157 1758 3178 ¹⁴
1770 3159 1883 3201 neget,
1902 3158 2046 3200 praetor
2058 3150 2238 3197 cog‘noscit
2251 3150 2289 3189 ¹⁵,
2303 3151 2344 3197 ut

1293 3217 1364 3242 rior
1387 3205 1514 3240 doceat
1536 3202 1648 3244 filius,
1681 3201 1764 3247 quia
1796 3205 1832 3236 et
1886 3211 1925 3235 ro
1957 3200 2088 3244 pietate
2118 3204 2222 3247 quam
2273 3194 2343 3243 ,am

1268 3218 1375 3287 {lebet
1397 3251 1579 3294 praestare
1608 3247 1679 3283 hoc
1709 3249 1852 3282 statuen
1879 3255 1938 3279 um
1962 3247 2015 3278 est
2039 3246 2073 3277 et
2095 3249 2177 3290 quia
2198 3247 2236 3272 se
2283 3235 2342 3286 be·-

1270 3307 1348 3331 rum
1372 3303 1448 3329 esse
1472 3291 1732 3338 quodammodo
1757 3289 1956 3326 contendit:
1987 3287 2072 3338 ideo⁸
2099 3294 2189 3319 enim
2220 3284 2255 3316 et
2284 3289 2344 3324 qui

1270 3341 1316 3376 ad
1338 3340 1538 3374 libertatem
1586 3336 1769 3378 roclamat,
1819 3335 1891 3370 rior
1914 3333 2039 3368 docere
2062 3329 2211 3381 iubetur.

1315 3382 1339 3422 9
1367 3384 1511 3419 CELSUS
1530 3381 1558 3417 li
1599 3392 1620 3417 o
1638 3381 1762 3427 primo
1811 3381 2002 3425 iqestorum
2043 3374 2080 3408 Si
2102 3374 2244 3417 pactum
2263 3366 2341 3419 fac-

1267 3433 1343 3464 tum
1366 3428 1422 3470 sit,
1446 3427 1484 3462 in
1508 3437 1578 3471 quo
1609 3425 1749 3461 heredis
1780 3423 1910 3458 mentio
1941 3431 2011 3456 non
2041 3418 2121 3458 fiat,
2153 3415 2341 3459 quaeritur.

116 3486 2337 3518 Μί-

113 3551 152 3591 (1)
176 3548 240 3580 Ed.
266 3556 343 3582 1...3.
363 3557 390 3582 τ.
412 3557 459 3589 s.;
491 3549 577 3592 Pap.
599 3557 690 3589 4...c;
725 3550 815 3592 App.
835 3556 864 3582 a.
887 3565 933 3572 -
952 3546 1032 3580 Bas.
1046 3548 1101 3586 53,
1114 3554 1141 3579 s.
1156 3562 1198 3569 -·

117 3593 168 3636 Cf.
190 3592 268 3626 Cod.
281 3595 313 3632 4,
327 3600 362 3627 33
477 3596 519 3634 (2)
545 3604 584 3626 ea
602 3594 654 3627 ΡΙ
757 3595 800 3634 (3)
826 3593 863 3625 in
876 3593 938 3626 del.
1052 3593 1095 3631 (4)
1120 3599 1199 3622 con-

114 3637 265 3670 diciones
277 3638 312 3671 F
418 3639 461 3679 (5)
486 3648 554 3670 non
571 3639 640 3672 Cui.
653 3650 717 3672 sec.
735 3638 780 3680 B,
805 3650 866 3672 om.
883 3637 918 3669 F
1022 3637 1067 3677 (6)
1092 3634 1200 3677 ipsius

114 3683 235 3715 crediti
292 3693 362 3715 non
375 3686 455 3715 sunt
466 3683 589 3715 amissa
601 3683 664 3716 del.
763 3685 805 3724 (7)
820 3682 936 3714 defisse
944 3680 979 3714 F

114 3728 201 3770 eain]
213 3738 311 3769 quain
319 3727 354 3760 F
441 3729 485 3769 (9)
506 3737 650 3769 poenam
659 3727 694 3760 F
713 3727 722 3736 ⁸

1082 3680 1129 3721 (s)
1142 3677 1201 3720 qui
1269 3687 1331 3708 sec.
1345 3674 1381 3707 B
1393 3686 1457 3707 scr.

1314 3542 1372 3582 (io)
1397 3540 1484 3582 Pap.
1502 3546 1528 3573 1.
1539 3546 1620 3573 3...7.
1636 3545 1684 3572 25.
1699 3544 1754 3575 263
1777 3536 1842 3569 Ed.
1865 3541 1892 3567 2.
1914 3539 2013 3566 s...17.
2031 3536 2082 3566 243
2106 3528 2185 3559 Sab.
2214 3528 2340 3563 18···²³3

1268 3587 1346 3629 App
1371 3591 1496 3619 27...2s.
1512 3601 1559 3608 —
1574 3583 1726 3623 Bas.22‚
1741 3588 1763 3620 1,
1778 3585 1885 3614 1—29.
1896 3595 1941 3601 —-
1958 3576 2006 3618 Cs.
2025 3573 2099 3606 Cod.
2113 3572 2145 3610 4,
2159 3576 2189 3603 ιτ
2285 3567 2339 3606 (ιι)

1270 3641 1325 3663 eos
1337 3631 1458 3662 iterum
1473 3627 1609 3660 heredes
1622 3625 1773 3666 scribere,
1788 3631 1927 3665 quorum
1939 3619 2033 3651 fidem
2053 3613 2152 3648 semel
2171 3611 2341 3653 elegerunt

1534 3674 1593 3714 (12)
1617 3669 1953 3708 =Paulu32,1·1,13.
1982 3707 1991 3714 ι
2048 3661 2107 3713 (13)
2132 3653 2340 3699 responsioni

1510 3718 1568 3758 (14)
1593 3726 1627 3748 se
1651 3717 1711 3749 ins.
1734 3714 1807 3746 dett.
1900 3709 1957 3751 (15)
1981 3708 2100 3792 naar-32⁸.

1271 3719 1397 3752 Paulus
