2528 3918
97 125 223 166 QUOD
238 124 429 164 QUISQUE
443 122 560 155 IURIS
574 123 623 153 IN
637 122 735 152 ALT.
752 122 872 153 STAT.
889 121 984 153 CET.

146 232 197 271 19
228 233 423 270 ULPIANUS
450 232 542 268 libro
565 234 670 267 sexto
690 231 1049 277 fideicommissorum
1096 231 1184 266 Cum

97 279 270 325 quaedam
281 279 400 324 puella
419 277 515 322 apud
537 279 796 321 competentem
818 276 971 311 iudicem
989 277 1086 313 litem
1106 287 1183 312 sus-

97 328 258 369 ceperat,
294 323 421 359 deinde
446 321 682 357 condemnata
705 325 803 364 erat,
826 325 1026 373 posteaque
1050 322 1097 358 ad
1119 322 1185 357 viri

95 368 356 404 matrimonium
369 367 429 402 alii
440 366 676 403 iurisdictioni
685 367 836 402 subiect1
843 370 1064 411 pervenerat,
1076 376 1183 412 quae-

95 415 259 456 rebatur,
290 423 337 449 an
360 412 489 458 prioris
512 411 641 450 iudicis
673 411 850 447 sententia
881 413 1027 457 exsequi
1057 412 1182 458 possit.

95 459 169 494 dixi
191 468 307 503 posse,
343 458 428 503 quia
451 460 534 492 ante
556 456 678 492 fuerat
701 457 879 492 sententia
903 457 1018 492 dicta:
1054 457 1117 493 sed
1149 460 1185 492 et

93 505 124 539 si
153 507 236 548 post
267 506 471 548 susceptam
502 502 738 546 cognitionem
769 505 853 537 ante
877 503 1091 538 sententiam
1114 502 1184 538 hoc

94 548 246 590 eveniet,
278 548 371 583 idem
394 550 576 593 putarem,
608 546 856 592 sententiaque
880 557 902 582 a
925 548 1045 592 priore
1066 547 1184 582 iudice

92 597 189 629 recte
222 593 347 629 fertur.
419 592 492 628 uod
539 592 727 627 eneraliter
750 596 786 627 et
808 592 847 627 in
870 593 1036 628 omnibus
1059 593 1183 628 huius-

96 642 111 674 1
161 638 300 674 cemodi
324 638 399 674 casi
425 647 466 672 us
499 648 519 673 0
548 637 760 673 servandum
794 640 858 673 est.
908 636 1079 681 Quotiens
1112 637 1156 672 de
1172 638 1182 658 ¹

93 684 294 729 quantitate
307 683 354 718 ad
364 682 644 718 iurisdictionem
655 682 855 727 pertinente
874 683 1070 726 quaeritur,
1091 693 1182 718 sem-

91 739 158 809 38ss
179 732 351 774 quantum
373 731 518 773 petatur
541 727 783 773 quaerendum
807 730 880 770 est,
912 739 985 763 non
1010 731 1183 774 quantum

116 784 135 809 e
161 777 274 814 eatur.

137 816 190 856 20
214 818 375 854 Panas
403 818 496 854 libro
511 819 636 865 primo
660 818 711 854 ad
732 817 886 863 edictum
933 818 1049 853 Extra
1078 817 1182 853 terri-

90 864 220 899 torium
243 864 299 899 ius
324 863 456 899 dicenti
478 864 623 909 impune
646 874 719 899 non
741 866 900 908 paretur.
938 863 1032 898 idem
1056 866 1122 905 est,
1148 866 1183 898 et

90 909 120 944 si
144 919 253 954 supra
275 909 555 945 iurisdictionem
580 918 682 945 suam
705 908 790 945 velit
812 908 867 944 ius
892 908 1021 944 dicere.

594 1001 668 1040 11².

90 1067 211 1104 QUOD
235 1067 436 1105 QUISQUE
458 1066 581 1099 IURIS
602 1068 649 1099 IN
671 1066 894 1099 ALTERUM
916 1066 1180 1107 STATUERIT,

271 1113 331 1145 UT
354 1113 458 1145 IPSE
482 1112 646 1144 EODEM
669 1112 780 1145 IURE
805 1112 998 1146 UTATUR.

137 1175 155 1213 1
191 1175 385 1214 Uzpzmvs
405 1178 496 1215 libro
521 1179 626 1214 tertio
650 1178 701 1214 ad
722 1178 876 1214 edictum
922 1178 1002 1214 Hoc
1026 1177 1181 1213 edictum

88 1232 261 1258 summam
284 1222 395 1260 habet
417 1223 653 1276 aequitatem,
689 1226 724 1259 et
747 1223 824 1259 sine
848 1223 1059 1269 cuiusquam
1088 1222 1180 1258 indi-

86 1267 254 1312 gnatione
276 1268 389 1304 iusta:
425 1280 503 1314 quls
528 1269 621 1304 enim
645 1269 896 1313 aspernabitur
918 1269 1011 1304 idem
1034 1268 1090 1303 ius
1114 1267 1181 1303 sibi

90 1315 105 1347 1
156 1312 244 1356 dici,
280 1314 377 1358 quod
407 1314 485 1359 ipse
516 1314 595 1349 aliis
628 1314 717 1349 dixit
746 1314 803 1349 vel
827 1314 897 1349 dici
922 1313 1065 1349 effecit}>
1098 1310 1180 1357 ‘Qui

85 1354 345 1402 ‘magistratum
375 1362 634 1404 potestatemve
664 1359 833 1402 habebit,
867 1359 898 1394 si
931 1358 1017 1404 quid
1047 1358 1084 1394 in
1116 1358 1179 1393 ali-

85 1399 204 1456 :quem
227 1403 309 1438 novi
331 1404 419 1439 iuris
443 1404 620 1447 statuerit,
644 1404 723 1449 ipse
741 1404 955 1450 quandoque
976 1403 1179 1439 adversario

97 1447 304 1493 postulante
313 1449 436 1485 eodem
447 1449 525 1485 iure
537 1450 590 1484 uti
602 1449 719 1485 debet.
745 1450 776 1485 si
788 1450 867 1494 quis
878 1450 892 1471 ³
905 1449 1002 1494 apud
1018 1459 1108 1491 eum,
1119 1448 1181 1494 qui

84 1489 343 1546 :magistratum
355 1497 640 1540 potestatemque
650 1495 665 1516 ⁴
676 1494 836 1537 habebit,
851 1494 985 1539 aliquid
997 1494 1080 1529 novi
1091 1493 1179 1528 iuris

85 1539 312 1591 (optinuerit,
337 1539 479 1585 quando
506 1550 551 1575 ue
573 1542 701 1584 postea
725 1539 928 1575 adversario
954 1539 1030 1574 eius
1053 1542 1178 1583 postu-

98 1583 196 1618 lante
219 1583 342 1619 eodem
365 1585 443 1620 iure
467 1595 488 1619 a
513 1594 636 1620 versus
661 1595 742 1620 eum
765 1582 1018 1620 decernetur¹z
1044 1584 1182 1619 scilicet

87 1631 127 1663 ut
158 1628 254 1680 quod
287 1629 364 1674 ipse
395 1629 474 1675 quis
505 1629 543 1664 in
575 1629 721 1665 alterius
744 1639 900 1674 persona
925 1639 967 1664 ae
993 1639 1078 1664 uum
1103 1638 1181 1664 esse

87 1673 306 1716 cred1disset‚
330 1674 368 1710 id
390 1675 428 1711 in
450 1674 562 1719 ipsius
610 1684 728 1729 uoque
750 1684 905 1719 persona
927 1684 972 1709 va
987 1684 1046 1709 ere
1064 1673 1180 1719 patia-

87 1720 107 1753 2
154 1721 224 1754 tur.
270 1719 370 1755 Haec
395 1723 513 1755 autem
536 1730 597 1755 ver
623 1730 661 1755 a:
695 1719 791 1765 quod
811 1719 977 1755 statuerit
997 1719 1057 1764 qui
1075 1719 1180 1754 iuris-

87 1763 234 1801 dictioni
257 1761 416 1809 praeest'
442 1775 524 1800 cum
555 1764 686 1800 effectu
717 1764 932 1809 accipimus,
965 1774 1039 1799 non
1069 1764 1178 1799 verbo

86 1812 208 1844 tenus:
242 1813 278 1844 et
299 1809 380 1845 ideo
405 1810 446 1853 si,
472 1820 553 1846 cum
577 1810 681 1845 vellet
704 1813 882 1852 statuere,
932 1809 1108 1845 rohibitus
1134 1809 1181 1844 sit

87 1864 154 1889 nec
179 1853 345 1889 effectum
370 1855 551 1890 decretum
574 1855 712 1897 habuit,
739 1858 858 1890 cessat
882 1865 901 1890 e
928 1855 1047 1890 'ctum.
1096 1863 1179 1888 nam

87 1899 213 1934 statuit
245 1900 394 1935 verbum
426 1910 501 1936 rem
531 1899 729 1945 perfectam
753 1899 931 1945 significat
955 1902 990 1935 et
1014 1909 1179 1934 consum-

86 1947 218 1978 matam
242 1944 426 1987 iniuriam,
462 1955 534 1980 non
558 1948 733 1989 coeptam.
783 1948 819 1980 et
841 1945 922 1980 ideo
948 1945 978 1980 si
1002 1944 1096 1979 inter
1119 1954 1180 1980 eos

87 1989 165 2034 quis
178 1989 306 2025 dixerit
316 1989 384 2032 ius,
408 1991 501 2025 inter
525 2000 615 2035 quos
638 1989 920 2025 iurisdictionem
943 2000 1017 2025 non
1041 1989 1180 2032 habuit,

87 2034 254 2086 quoniam
285 2045 350 2080 pro
384 2035 481 2071 nullo
505 2035 574 2071 1100
597 2035 752 2070 habetur
774 2044 840 2070 nec
865 2038 920 2070 est
942 2035 1015 2070 ulla
1039 2037 1179 2070 senten-

86 2083 148 2121 tia,
173 2089 314 2115 cessare
339 2080 493 2115 edictum
516 2083 702 2125 putamus:
729 2080 814 2125 quid
835 2080 927 2115 enim
948 2079 1051 2116 offuit
1072 2089 1180 2115 cona-

86 2127 156 2166 tus,
183 2135 265 2160 cum
286 2125 417 2160 iniuria
439 2126 576 2161 nullum
598 2125 764 2161 habuerit
788 2125 979 2161 effectum?

133 2167 158 2206 2
183 2169 344 2205 PAULUS
363 2170 455 2206 libro
480 2172 584 2206 tertio
609 2171 660 2206 ad
681 2171 835 2206 edictum
870 2171 950 2206 Hoc
974 2170 1090 2206 edicto
1116 2170 1179 2205 do-

86 2215 141 2250 lus
166 2214 273 2250 debet
295 2215 351 2251 ius
375 2215 526 2251 dicentis
549 2216 687 2261 puniri:
719 2225 803 2251 nam
832 2215 863 2251 si
893 2215 1091 2251 adsessoris
1114 2215 1180 2250 im·

86 2260 275 2340 prudentia
296 2260 352 2296 ius
376 2261 480 2296 aliter
511 2261 644 2296 dictum
678 2261 726 2296 sit
757 2271 864 2306 quam
897 2260 1075 2306 oportuit,
1108 2271 1180 2296 non

111 2305 193 2340 ebet
214 2305 284 2341 hoc
306 2306 529 2350 magistratui
552 2305 709 2348 officere,
734 2306 798 2341 sed
820 2306 889 2351 ipsi
912 2305 1101 2341 adsessori.

132 2347 156 2387 3
189 2349 385 2386 Uzmws
411 2350 504 2387 libro
527 2352 631 2386 tertio
655 2351 705 2386 ad
727 2350 881 2386 edictum
929 2350 967 2385 Si
1002 2350 1081 2395 quis
1111 2350 1178 2385 ini—

88 2395 221 2438 quum⁵
244 2393 300 2429 ius
325 2395 494 2430 adversus
513 2395 667 2440 aliquem
680 2394 884 2439 impetravit
891 2396 918 2438 ⁰,
941 2405 984 2431 eo
999 2395 1078 2430 iure
1095 2399 1176 2430 uta-

88 2441 147 2473 tur
168 2439 220 2473 ita
244 2439 394 2481 demum,
420 2440 450 2474 si
465 2450 530 2484 per
545 2440 823 2485 postulationem
843 2440 919 2475 eius
935 2440 1006 2476 hoc
1022 2440 1175 2476 venerit:

88 2486 242 2518 ceterum
266 2484 298 2518 si
319 2484 399 2529 ipso
422 2494 496 2520 non
519 2485 734 2529 postulante,
758 2495 832 2520 non
856 2488 1052 2521 coercetur.
1090 2485 1180 2521 sed⁷

88 2528 118 2564 si
136 2528 349 2573 impetravit,
374 2529 448 2564 sive
470 2540 557 2565 usus
582 2533 636 2566 est
658 2530 735 2564 iure
759 2530 807 2564 ali
832 2540 889 2572 uo,
915 2530 988 2566 sive
1010 2530 1178 2575 impetra-

89 2573 138 2608 vit
160 2577 201 2608 ut
224 2577 386 2609 uteretur
407 2574 493 2610 licet
515 2584 603 2610 usus
626 2584 700 2610 non
724 2574 790 2616 sit,
842 2585 885 2610 oc
910 2575 1025 2611 edicto
1050 2575 1178 2621 punia-

91 2620 105 2652 1
154 2621 223 2653 tur.
272 2618 310 2654 Si
331 2623 545 2664 procurator
556 2629 656 2655 meus
668 2620 873 2664 postulavit,
898 2620 1081 2665 quaeritur
1101 2620 1178 2664 quis

88 2663 211 2698 eodem
241 2663 319 2699 iure
350 2667 491 2700 utatur:
529 2668 565 2700 et
594 2667 699 2709 putat
721 2665 939 2710 Pomponius
971 2675 1028 2700 me
1052 2665 1178 2707 solum,

88 2708 236 2753 utique⁸
259 2708 290 2743 si
313 2709 382 2744 hoc
406 2710 438 2744 ei
462 2710 665 2755 specialiter
687 2709 854 2744 mandavi
883 2710 940 2744 vel
971 2713 1091 2745 ratum
1114 2710 1178 2745 ha-

87 2752 159 2788 bui.
208 2753 239 2788 si
268 2756 389 2789 tamen
420 2758 520 2790 tutor
549 2754 605 2790 vel
629 2757 774 2790 curator
797 2754 923 2790 furiosi
945 2755 1180 2799 postulaverit

87 2798 142 2833 vel
165 2798 415 2842 adulescentis,
439 2800 515 2844 ipse
537 2799 608 2835 hoc
634 2799 749 2835 edicto
774 2803 971 2835 coercetur.
1007 2800 1092 2836 item
1116 2800 1179 2835 ad-

88 2852 210 2878 versus
233 2847 504 2889 procuratorem
527 2844 563 2880 id
588 2844 849 2881 observandum
874 2848 948 2887 est,
983 2845 1014 2880 si
1043 2845 1082 2880 in
1105 2855 1180 2880 rem

89 2890 109 2922 2
156 2898 257 2923 suam
287 2888 396 2925 fuerit
418 2889 535 2925 datus.
582 2890 682 2925 Haec
705 2899 822 2934 poena
846 2889 1015 2925 adversus
1040 2900 1180 2925 omnem

89 2933 276 2976 statuitur,
310 2934 370 2986 qui
395 2935 433 2969 in
457 2935 612 2970 edictum
635 2934 778 2977 incidit,
811 2945 883 2971 non
907 2935 1023 2971 solum
1047 2945 1088 2971 eo
1113 2946 1178 2980 po-

89 2978 245 3014 stulante
268 2990 330 3024 qui
353 2979 398 3014 ab
425 2989 465 3015 eo
489 2980 610 3016 laesus
634 2983 698 3023 est,
723 2980 787 3016 sed
810 2980 918 3022 omni,
944 2980 1005 3025 qui
1018 2981 1178 3025 quando-

90 3024 109 3057 3
156 3033 225 3068 que
256 3024 447 3069 experitur.
496 3025 534 3060 Si
565 3025 597 3061 is
628 3035 693 3070 pro
727 3036 797 3078 quo
822 3035 839 3061 s
867 3025 1046 3070 opondisti
1068 3026 1178 3071 impe-

89 3069 254 3121 traverit,
285 3079 331 3104 ne
364 3069 491 3115 aliquis
523 3069 662 3106 debitor
682 3070 795 3115 ipsius
819 3037 988 3107 agversus
1012 3081 1093 3106 eum
1118 3082 1178 3106 ex-

91 3116 252 3158 ceptione
281 3117 422 3157 utatur,
455 3115 582 3151 deinde
604 3118 645 3151 tu
667 3116 705 3152 in
728 3115 887 3160 negotio,
921 3116 960 3151 in
992 3127 1062 3161 quo
1095 3126 1178 3161 spo-

89 3158 256 3236 pondisti,
269 3159 354 3194 velis
368 3160 575 3205 exceptione
593 3161 666 3195 uti:
691 3171 758 3196 nec
777 3165 814 3196 te
832 3171 899 3197 nec
910 3161 1028 3206 ipsum
1038 3164 1180 3207 oportet

115 3213 157 3238 oc
191 3203 401 3249 impetrare,
438 3206 505 3240 etsi
539 3205 717 3240 interdum
747 3206 896 3250 patiaris
926 3206 1112 3249 iniuriam,
1149 3207 1179 3241 si

90 3247 255 3284 solvendo
287 3249 428 3285 debitor
459 3260 533 3286 non
556 3251 613 3286 sit.
661 3250 724 3286 sed
748 3251 778 3286 51
801 3254 842 3286 111
864 3251 1021 3286 incidisti
1043 3252 1081 3287 in
1099 3251 1183 3287 edic-

89 3294 178 3335 tum,
219 3304 303 3330 reus
327 3294 468 3339 quidem
491 3298 613 3331 utetur
636 3296 857 3340 exceptione,
881 3299 1006 3332 tunon
1018 3297 1177 3332 utaris⁹z

90 3346 165 3389 nec·
211 3349 303 3374 oena
332 3343 397 3374 tua
428 3340 475 3375 ad
508 3350 609 3376 reum
638 3340 870 3385 promittendi
897 3342 1107 3386 pertinebit:
1144 3345 1180 3376 et

89 3383 111 3432 ft
155 3393 167 3416 1
193 3393 237 3435 eq
257 3383 415 3419 mandati
433 3385 611 3420 actionem
630 3396 703 3421 non
723 3386 884 3421 habebis.
923 3386 961 3421 Si
972 3386 1066 3422 filius
1079 3397 1178 3422 meus

88 3435 125 3460 111
148 3431 357 3472 mag1stratu
379 3429 417 3465 in
439 3429 509 3465 hoc
533 3430 688 3466 edictum
710 3430 846 3473 incidit,
870 3441 917 3466 an
935 3432 973 3467 in
992 3432 1048 3467 his
1064 3432 1178 3467 actio-

91 3539 420 3625 (l)(2d)832nt²i.f-Bas.
435 3588 465 3627 7,
476 3594 502 3627 3,
518 3594 627 3622 23...26
722 3590 763 3629 (3)
789 3588 871 3631 quid
884 3589 918 3621 F
997 3590 1039 3631 (4)
1065 3592 1176 3632 potes-

90 3629 232 3661 tatemve
241 3628 271 3663 S
389 3631 432 3672 (5)
457 3631 499 3664 ad
512 3632 659 3666 edictum
671 3634 731 3667 ins.
741 3634 776 3666 F
888 3634 933 3675 (6)
959 3634 1140 3676 imperavit
1149 3634 1185 3667 F

90 3672 133 3713 (Ἴ)
157 3674 205 3706 sic
216 3673 322 3707 Pcum
333 3674 378 3716 B,
389 3678 423 3707 et
434 3676 495 3710 ins.
503 3677 540 3710 F

89 3720 149 3755 (ιο)
174 3717 254 3750 huic
267 3719 335 3751 dett
642 3678 687 3719 (Β)
711 3680 764 3710 un
776 3677 824 3712 F³

927 3679 939 3714 ί
942 3680 971 3717 9)
996 3679 1102 3711 uteris
1114 3691 1176 3712 scr.

1195 105 1243 152 19

2164 110 2207 151 Π
2241 113 2346 152 1-4

1253 231 1379 273 nibus,
1416 240 1505 275 quas
1531 239 1574 264 ex
1597 241 1753 275 persona
1778 232 1852 268 01115
1884 231 2050 274 1111011ᾱο,
2086 231 2156 267 1100
2170 233 2198 254 ¹⁰
2230 231 2346 268 edicto

1253 277 1354 312 locus
1379 276 1451 311 sit?
1476 278 1511 311 et
1534 285 1607 310 non
1629 280 1730 320 puto,
1755 288 1800 311 ne
1820 287 1899 312 mea
1920 277 2082 313 condicio
2104 276 2258 313 deterior
2270 277 2346 312 fiat.

1253 324 1272 356 5
1322 321 1425 365 Quod
1449 323 1569 355 autem
1593 320 1644 355 ait
1667 325 1821 365 praetor,
1845 326 1887 357 ut
1910 323 1939 358 is
1964 322 2088 357 eodem
2111 322 2188 358 iure
2211 325 2346 364 utatur,

1253 377 1299 401 an
1333 366 1440 401 etiam
1472 365 1519 400 ad
1542 366 1709 401 heredem
1732 366 1822 401 haec
1846 377 1963 418 poena
1986 367 2279 403 transmittatur?
2313 370 2348 403 et

1254 411 1378 446 scribit
1408 411 1568 446 Iulianus
1601 421 1674 446 non
1705 411 1822 446 solum
1852 413 1921 456 ipsi
1954 413 2123 457 denegari
2157 413 2346 454 actionem,

1254 460 1273 492 6
1322 456 1385 492 5οᾱ
1410 456 1516 490 etiam
1539 456 1660 491 heredi
1684 456 1771 491 eius.
1808 457 1902 491 Illud
1926 468 2067 502 quoque
2090 468 2164 493 non
2188 458 2264 493 sine
2287 468 2345 492 ra·

1252 501 1349 536 tione
1381 501 1507 536 scribit
1537 511 1610 536 non
1642 501 1757 536 solum
1788 501 1826 537 in
1858 502 1914 537 his
1939 503 2142 539 actionibus
2165 502 2242 548 pati
2267 512 2347 538 eum

1252 556 1405 591 poenam
1438 546 1563 588 edicti,
1601 556 1691 590 quas
1723 549 1811 581 tunc
1843 547 1970 581 habuit
2002 558 2083 582 cum
2114 547 2288 583 incideret
2309 548 2348 583 in

1253 595 1271 626 7
1321 591 1488 634 edictum,
1512 601 1634 626 verum
1654 591 1684 626 si
1704 601 1797 636 quae
1818 595 1946 636 postea
1965 592 1997 626 ei
2009 592 2252 637 adquirentur.
2288 592 2347 628 Ex

1251 637 1321 672 hac
1354 646 1466 672 causa
1489 636 1647 672 solutum
1670 647 1709 672 re
1737 637 1784 671 eti
1808 647 1881 672 11011
1903 647 2010 682 posse
2033 637 2195 673 Iulianus
2219 641 2345 683 putat:

1252 692 1441 762 511ξξ10550
1465 682 1557 717 0111111
1581 648 1780 717 naturalem
1804 692 1971 725 causam,
2005 691 2096 726 quae
2128 683 2267 718 inhibet
2290 693 2345 719 re-

1278 737 1296 761 e
1314 739 1325 762 1
1342 737 1468 762 ionem.

1251 739 1274 772 p
1298 771 1323 808 4
1351 772 1474 808 Gaws
1495 771 1586 807 libro
1603 772 1728 818 primo
1753 771 1804 806 ad
1822 771 1977 807 edictum
1989 772 2220 818 provinciale
2254 772 2347 807 Illud

1252 818 1430 862 eleganter
1441 820 1586 862 praetor
1607 816 1758 862 excipit:
1781 812 2046 861 ‘praeterquam
2070 817 2100 853 si
2124 818 2202 862 quis
2225 827 2347 853 eorum

1252 866 1378 898 contra
1402 873 1483 897 eum
1505 861 1641 904 fecerit,
1691 861 1728 897 ui
1751 861 1829 906 ipse
1853 872 1976 897 eorum
2023 861 2085 897 uid
2102 859 2285 898 fecisset':
2311 866 2347 898 et

1250 911 1367 951 recte,
1399 918 1445 943 ne
1469 907 1606 942 scilicet
1636 917 1679 942 ve
1724 907 1971 951 magistratus,
2031 918 2091 941 um
2123 907 2244 942 studet
2277 908 2347 942 hoc

1251 953 1407 989 edictum
1431 952 1644 994 defendere,
1675 952 1732 987 vel
1754 952 1930 996 litigator,
1964 952 2048 987 dum
2072 952 2148 988 vult
2171 952 2345 988 beneficio

1250 998 1356 1050 huius
1389 997 1497 1034 edicti
1527 997 1599 1039 uti,
1634 997 1712 1042 ipse
1743 997 1782 1032 in
1804 1007 1958 1042 poenam
1981 997 2093 1042 ipsius
2120 997 2227 1032 edicti
2252 1007 2347 1032 com-

1250 1047 1380 1079 mlttat.
1743 1090 1854 1129 mn·

1251 1158 1292 1191 SI
1317 1157 1423 1194 QUIS
1448 1155 1565 1189 1US12
1586 1155 1779 1189 DICENTI
1797 1155 1893 1189 NON
1915 1155 2347 1189 OBTEMPERAVERIT.

1299 1222 1317 1261 1
1354 1223 1551 1259 ULPIANUS
1571 1222 1662 1258 libro
1679 1222 1804 1269 primo
1824 1221 1875 1257 ad
1888 1222 2042 1257 edictum
2079 1221 2252 1258 Omnibus
2272 1231 2347 1257 ma-

1249 1269 1477 1314 gistratibuS,
1502 1278 1575 1304 non
1597 1270 1719 1303 tamen
1743 1266 1955 1309 duumviris,
1981 1267 2178 1302 secundum
2201 1267 2257 1302 ius
2281 1276 2347 1312 po-

1249 1314 1390 1350 testatis
1422 1324 1510 1349 suae
1543 1322 1752 1349 concessum
1777 1315 1832 1348 est
1854 1312 2135 1347 iurisdictionem
2160 1322 2262 1347 suam
2286 1311 2347 1347 de-

1252 1362 1267 1394 1
1316 1359 1465 1395 fendere
1498 1358 1643 1404 poenali
1685 1358 1831 1393 iudicio.
1879 1357 1915 1392 Is
1950 1357 2089 1392 videtur
2122 1358 2179 1393 ius
2217 1357 2349 1392 dicenti

1249 1415 1323 1440 non
1342 1404 1621 1449 obtemperasse,
1647 1403 1709 1448 qui
1729 1402 1826 1455 quod
1846 1406 2043 1438 extremum
2053 1403 2091 1437 in
2102 1402 2349 1438 iurisdictione

1250 1453 1304 1486 est
1335 1460 1407 1485 non
1439 1449 1545 1484 fecit:
1577 1448 1688 1484 veluti
1719 1458 1750 1484 51
1807 1448 1862 1483 uis
1886 1458 1961 1482 rem
1984 1448 2150 1483 mobilem
2173 1447 2349 1482 vindicari

1249 1505 1272 1530 a
1304 1505 1342 1530 se
1374 1504 1504 1540 passus
1528 1504 1602 1530 non
1627 1496 1699 1536 est,
1734 1503 1772 1528 se
1821 1493 1905 1528 duci
1929 1503 2007 1528 eam
2030 1493 2086 1528 vel
2108 1492 2194 1527 ferri
2217 1502 2348 1537 passus

1250 1543 1304 1575 est
1316 1541 1361 1575 ¹³:
1389 1543 1547 1575 ceterum
1571 1539 1601 1574 si
1632 1541 1667 1574 et
1698 1538 1886 1583 sequentia
1916 1538 2115 1580 recusavit,
2149 1541 2238 1573 tunc
2274 1548 2347 1573 non

1250 1588 1269 1620 2
1318 1585 1585 1629 obtemperasse
1608 1584 1758 1618 videtur.
1808 1583 1846 1618 Si
1882 1586 2072 1618 rocurator
2084 1586 2168 1618 tuus
2181 1582 2237 1618 vel
2248 1585 2347 1618 tutor

1248 1631 1303 1665 vel
1329 1633 1475 1665 curator
1498 1630 1553 1664 ius
1579 1629 1712 1664 dicenti
1735 1639 1808 1663 non
1832 1639 1852 1663 o
1879 1628 2108 1673 temperavit,
2141 1628 2219 1672 ipse
2242 1627 2346 1672 puni-

1249 1678 1268 1710 3
1315 1678 1386 1718 tur,
1411 1685 1484 1710 non
1508 1674 1672 1717 dominus
1696 1674 1752 1708 vel
1775 1673 1944 1718 pupillus.
1980 1672 2064 1708 Non
2088 1673 2204 1708 solum
2228 1676 2346 1707 autem

1248 1731 1359 1763 reum,
1385 1720 1446 1765 qui
1469 1730 1543 1755 non
1566 1718 1834 1763 obtemperavit,
1858 1718 1928 1753 hoc
1953 1718 2068 1753 edicto
2088 1717 2203 1752 teneri
2221 1717 2345 1752 Labeo

1249 1769 1270 1799 4
1317 1766 1387 1808 ait,
1412 1775 1536 1800 verum
1567 1764 1674 1799 etiam
1705 1763 1905 1808 petitorem.
1953 1763 2033 1798 Hoc
2068 1762 2240 1797 iudicium
2274 1772 2347 1797 non

1250 1810 1296 1845 ad
1319 1810 1357 1845 id
1382 1810 1477 1855 quod
1499 1809 1667 1851 interest,
1693 1808 1756 1843 sed
1782 1808 1906 1853 quanti
1932 1817 1975 1842 ea
2000 1817 2058 1842 res
2083 1810 2138 1842 est
2162 1806 2345 1842 concludi-

1250 1858 1326 1890 tur:
1364 1859 1398 1890 et
1423 1866 1505 1890 cum
1528 1864 1662 1889 meram
1692 1863 1846 1933 goenam
1879 1852 2079 1895 contineat,
2112 1862 2229 1897 neque
2260 1854 2345 1897 post

1249 1910 1383 1936 annum
1407 1909 1522 1945 neque
1545 1899 1583 1934 in
1606 1899 1691 1934 here
1719 1909 1773 1933 em
1798 1897 1915 1933 datur.

1727 1991 1806 2029 1111
1819 1989 1857 2029 ¹⁴.

1553 2057 1614 2089 DE
1639 2057 1690 2088 IN
1715 2056 1789 2089 ms
1813 2054 2037 2088 vocANDO.

1298 2122 1317 2161 1
1346 2122 1507 2159 Panos
1527 2122 1618 2159 libro
1639 2125 1775 2175 quarto
1800 2122 1850 2158 ad
1872 2121 2027 2158 edictum
2071 2121 2114 2156 In
2137 2120 2193 2156 ius
2218 2131 2347 2157 vocare

1250 2173 1304 2205 est
1326 2169 1413 2204 iuris
1440 2167 1649 2213 experiundi
1674 2177 1785 2203 causa
1807 2176 1948 2203 vocare.

1295 2212 1320 2251 2
1352 2214 1550 2250 ULPIANUS
1579 2213 1671 2248 libro
1696 2213 1822 2258 quinto
1847 2211 1897 2247 ad
1919 2211 2076 2247 edictum
2122 2210 2165 2245 In
2195 2210 2252 2245 ius
2284 2221 2345 2245 vo-

1250 2260 1325 2295 cari
1356 2269 1430 2294 non
1462 2261 1604 2303 oportet
1635 2267 1751 2303 neque
1776 2257 1960 2294 consulem
1982 2265 2099 2301 neque
2122 2255 2346 2300 praefectum

1248 2315 1364 2349 neque
1394 2308 1597 2349 praetorem
1627 2313 1744 2348 neque
1775 2301 2026 2348 proconsulem
2058 2310 2174 2346 neque
2208 2303 2345 2336 ceteros

1248 2350 1498 2395 magistratus,
1532 2349 1593 2393 qui
1615 2347 1803 2393 imperium
1826 2347 1981 2389 habent,
2017 2346 2078 2392 qui
2114 2349 2151 2381 et
2182 2355 2346 2397 coercere

1248 2395 1402 2440 aliquem
1436 2397 1590 2439 possunt
1625 2397 1661 2430 et
1694 2393 1819 2428 iubere
1852 2393 1892 2429 in
1928 2401 2108 2427 carcerem
2143 2390 2244 2426 duel:
2279 2400 2346 2425 nec

1247 2439 1452 2485 pontificem
1477 2439 1561 2474 dum
1585 2449 1690 2474 sacra
1713 2438 1819 2474 facit:
1845 2447 1912 2473 nec
1937 2447 1998 2472 eos
2023 2436 2083 2481 qui
2106 2438 2254 2481 propter
2276 2435 2347 2470 loci

1246 2485 1451 2530 religionem
1474 2484 1558 2519 inde
1582 2494 1621 2520 se
1643 2493 1786 2519 movere
1809 2493 1882 2518 non
1900 2485 2070 2527 possunt:
2096 2480 2160 2516 sed
2178 2490 2244 2516 nec
2265 2490 2345 2516 eum

1248 2530 1308 2575 qui
1321 2540 1411 2575 equo
1424 2530 1569 2574 publico
1581 2529 1619 2564 in
1632 2538 1743 2565 causa
1753 2528 1900 2574 publica
1912 2529 1940 2548 ¹⁵
1951 2526 2215 2562 transvehatur.
2239 2535 2345 2570 prae-

1247 2579 1347 2611 terea
1376 2575 1414 2609 in
1438 2575 1494 2610 ius
1518 2574 1640 2610 vocari
1664 2584 1737 2609 non
1761 2573 1867 2608 debet
1915 2571 1953 2607 ui
1976 2581 2124 2607 uxorem
2148 2570 2258 2606 ducat
2282 2573 2347 2606 aut

1249 2631 1326 2655 eam
1351 2629 1443 2665 quae
1467 2619 1599 2654 nubat:
1624 2629 1691 2654 nec
1715 2618 1869 2654 iudicem
1916 2627 1976 2652 um
2000 2616 2044 2652 de
2066 2626 2106 2651 re
2131 2619 2344 2660 cognoscat:

1248 2676 1314 2701 nec
1339 2675 1419 2700 eum
1442 2664 1529 2699 dum
1553 2664 1631 2709 quis
1656 2663 1754 2708 apud
1772 2665 1975 2708 praetorem
1996 2671 2144 2698 causam
2165 2660 2256 2706 agit:
2281 2671 2344 2696 ne-

1249 2720 1317 2756 que
1358 2709 1468 2745 funus
1505 2709 1694 2745 ducentem
1727 2707 1904 2744 familiare
1938 2707 2077 2743 iustave
2111 2709 2254 2743 mortuo
2288 2705 2344 2741 fa-

1249 2756 1417 2791 cientem:

1294 2798 1318 2837 3
1348 2799 1634 2836 CALLJSTRATUS
1654 2797 1746 2834 libro
1762 2798 1888 2844 primo
1911 2797 2158 2843 coquitionum
2204 2797 2261 2833 vel
2285 2797 2346 2842 qui

1249 2845 1401 2881 cadaver
1415 2846 1443 2866 ¹⁶
1466 2846 1750 2889 prosequuntur,
1784 2842 1880 2888 quod
1912 2843 2018 2878 etiam
2047 2841 2189 2878 videtur
2220 2852 2264 2878 ex
2287 2850 2344 2878 re-

1248 2890 1381 2935 scripto
1407 2889 1568 2925 divorum
1590 2888 1743 2924 fratrum
1767 2888 2039 2933 comprobatum
2063 2897 2160 2923 esse:

1295 2934 1321 2972 4
1352 2934 1549 2971 ULPIANUS
1569 2933 1661 2969 libro
1687 2934 1814 2979 quinto
1838 2933 1888 2969 ad
1910 2932 2065 2969 edictum
2112 2933 2243 2978 quique
2272 2932 2343 2969 liti-

1246 2980 1355 3025 gandi
1368 2990 1479 3015 causa
1501 2988 1649 3015 necesse
1667 2978 1779 3015 habet
1797 2978 1835 3014 in
1852 2979 1932 3014 iure
1949 2978 2005 3014 vel
2026 2981 2124 3014 certo
2144 2978 2225 3014 loco
2245 2978 2342 3015 sisti:

1251 3030 1265 3060 1
1315 3036 1382 3061 nec
1405 3024 1561 3060 furiosos
1584 3024 1641 3060 vel
1663 3023 1830 3061 infantes.
1865 3024 2017 3060 Praetor
2040 3023 2109 3058 ait:
2132 3020 2343 3068 ‘parentem‚

1245 3068 1451 3115 ‘patronum
1473 3073 1681 3121 patronam,
1704 3069 1837 3106 liberos
1854 3071 2028 3115 parentes
2052 3069 2198 3120 patroni
2216 3072 2342 3125 patro-

1249 3119 1268 3150 2
1313 3114 1396 3150 ‘nae
1418 3115 1456 3150 in
1474 3125 1531 3150 1115
1551 3115 1627 3150 sine
1646 3114 1823 3160 permissu
1842 3125 1920 3151 meo
1940 3124 1986 3151 ne
2005 3124 2085 3158 quis
2103 3117 2208 3150 vocet
2230 3140 2239 3150 .
2272 3113 2342 3150 Pa-

1247 3164 1384 3196 rentem
1406 3160 1465 3195 hic
1488 3159 1675 3205 utriusque
1698 3169 1805 3195 sexus
1829 3160 1973 3205 accipe:
2006 3158 2069 3194 sed
2093 3168 2141 3194 an
2163 3159 2201 3195 in
2223 3158 2342 3196 infini-

1248 3209 1335 3248 tum,
1360 3204 1553 3251 quaeritur.
1590 3204 1735 3250 quidam
1757 3208 1943 3250 parentem
1966 3213 2082 3249 usque
2104 3203 2152 3240 ad
2175 3204 2342 3241 tritavum

1248 3250 1422 3303 appellari
1445 3249 1557 3292 aiunt,
1582 3250 1784 3295 superiores
1808 3250 1961 3286 maiores
1986 3249 2077 3284 dici:
2110 3249 2180 3286 hoc
2203 3253 2341 3285 veteres

1248 3296 1470 3331 existimasse
1480 3294 1700 3340 Pomponius
1712 3295 1840 3331 refert:
1860 3294 1924 3331 sed
1937 3294 2049 3331 Gaius
2062 3293 2206 3331 Cassius
2219 3303 2341 3330 omnes

1246 3341 1284 3376 111
1307 3340 1487 3376 infinitum
1508 3343 1678 3385 parentes
1702 3340 1807 3383 dicit,
1840 3339 1937 3386 quod
1960 3342 1996 3375 et
2018 3339 2203 3376 honestius
2228 3342 2282 3373 est
2306 3340 2342 3372 et

1248 3389 1268 3421 3
1315 3385 1440 3421 merito
1464 3385 1629 3430 optinuit,
1664 3385 1838 3421 Parentes
1863 3385 1970 3421 etiam
1993 3393 2055 3421 eos
2079 3384 2194 3429 accipi
2216 3383 2340 3419 Labeo

1249 3431 1439 3472 existimat,
1462 3430 1525 3475 qui
1546 3430 1584 3466 111
1607 3430 1778 3466 servitute
1800 3431 2054 3476 susceperunt:
2078 3439 2146 3465 nec
2168 3432 2288 3463 tamen
2300 3427 2338 3469 ¹⁷,

1293 3544 1346 3585 (11)
1370 3544 1436 3577 Ed.
1446 3562 1492 3568 —
1504 3544 1590 3578 Bas.
1606 3546 1637 3584 7,
1648 3552 1663 3578 ’1
1724 3545 1782 3586 (12)
1807 3544 1857 3578 εἰσ
1864 3544 1931 3578 ind.
1945 3543 2013 3583 FS,
2028 3542 2100 3575 eius
2113 3542 2149 3575 F
2195 3541 2254 3582 (13)
2279 3539 2338 3573 ob-

1247 3590 1449 3631 temperasse
1459 3589 1521 3622 ins.

1292 3634 1350 3675 (14)
1363 3634 1428 3667 Ed.
1440 3641 1518 3668 1...5.
1529 3641 1626 3669 imis.
1639 3642 1684 3669 19.
1695 3642 1737 3669 21.
1747 3641 1832 3669 2425
1843 3644 1852 3674 3
1864 3634 1951 3677 Pap.
1963 3640 1992 3667 t.
2002 3639 2112 3666 14...18.
2124 3638 2172 3665 20.
2184 3638 2220 3665 22
2231 3641 2239 3670 3
2253 3631 2336 3664 Sal».

1246 3685 1292 3712 28.
1305 3697 1349 3703 -
1362 3679 1447 3712 Bas.
1462 3679 1493 3721 7,
1508 3685 1535 3713 8.
1548 3697 1594 3705 --
1609 3680 1660 3723 Cf
1678 3680 1756 3713 Cod.
1766 3681 1797 3719 2,
1808 3686 1825 3713 2
1884 3679 1942 3720 (15)
1965 3678 2003 3710 in
2016 3676 2223 3719 Capitolium
2241 3676 2338 3710 Cuia-

1245 3724 1315 3756 cz‘us
1394 3723 1455 3765 (16)
1480 3724 1540 3766 qui
1553 3724 1654 3757 daver
1665 3725 1700 3757 F
1706 3725 1758 3765 (ca
1772 3725 1848 3757 add.
1860 3736 1898 3756 m.
1908 3725 1937 3757 31
2023 3723 2082 3762 (17)
2107 3724 2239 3754 tantum
2252 3720 2335 3755 Hal.

2015 3777 2065 3811 3*
