2528 3918
122 118 181 149 DE
211 117 361 148 RERUM
390 115 623 146 DIVISIONE

118 240 185 266 nec
215 228 380 269 interest,
410 226 507 263 feras
531 225 664 262 bestias
689 228 725 260 et
746 225 908 260 volucres
932 227 1052 261 utrum
1075 225 1112 261 in
1137 235 1203 260 suo

117 274 247 310 fundo·
260 273 407 319 quisque
438 272 574 317 capiat,
612 282 658 306 an
696 271 734 306 in
764 270 898 306 alieno:
935 271 1042 316 plane
1074 270 1134 316 qui
1166 270 1203 304 in

117 320 271 355 alienum
300 317 450 353 fundum
481 316 674 362 ingreditur
706 316 858 351 venandi
896 320 960 351 aut
999 315 1204 361 aucupandi

117 365 241 418 gratia,
265 366 385 409 potest
408 373 430 398 a
454 362 608 405 domino,
634 362 665 397 si
684 361 714 397 is
733 361 936 406 providerit,
961 361 1141 407 prohiberi
1158 370 1203 395 ne

117 409 342 455 ingrediatur.
380 407 551 453 quidquid
575 411 694 442 autem
727 417 849 442 eorum
881 407 1035 452 ceperis,
1070 417 1110 442 eo
1142 416 1202 441 us-

118 466 184 501 que
207 458 308 490 tuum
333 464 410 489 esse
433 453 665 498 intellegitur,
691 452 803 487 donec
827 455 891 487 tua
915 452 1080 488 custodia
1104 461 1202 487 coer-

117 504 234 536 cetur:
268 510 349 534 cum
380 509 462 534 vero
496 499 647 534 evaserit
671 497 871 533 custodiam
895 502 994 532 tuam
1021 501 1056 532 et
1078 497 1115 532 in
1139 507 1201 532 na-

117 545 265 581 turalem
289 544 487 579 libertatem
513 553 551 579 se
574 543 764 588 receperit,
789 546 890 577 tuum
915 553 991 578 esse
1016 542 1145 578 desinit
1170 545 1204 576 et

116 601 236 626 rursus
262 590 471 634 occupantis
489 589 539 624 fit.
577 589 774 624 naturalem
791 592 911 623 autem
928 589 1127 623 libertatem
1148 598 1202 622 re-

117 637 233 681 cipere
264 635 496 680 intellegitur,
529 645 609 670 cum
634 634 686 669 vel
711 634 834 669 oculos
858 637 940 669 tuos
966 633 1127 678 effugerit
1150 632 1203 667 vel

116 682 166 716 ita
187 681 234 716 sit
257 681 293 715 in
318 683 511 725 conspectu
534 684 613 721 tuo,
645 683 684 714 ut
714 678 867 714 difficilis
899 679 946 714 sit
977 679 1051 714 eius
1082 689 1201 724 perse-

120 731 157 761 13
206 726 312 762 cutio.
361 725 453 762 Illud
477 726 675 771 quaesitum
698 728 763 767 est,
789 735 846 767 an,
872 724 903 759 si
921 724 999 760 fera
1017 724 1133 760 bestia
1152 723 1203 758 ita

115 772 298 807 vulnerata
322 770 385 813 sit,
413 774 451 806 ut
476 771 555 815 capi
578 770 710 816 possit,
736 769 856 804 statim
880 773 942 805 tua
967 780 1043 805 esse
1065 769 1202 804 intelle-

113 821 226 862 gatur.
263 816 476 861 quibusdam
499 816 634 861 placuit
658 815 778 851 statim
802 818 901 850 tuam
927 826 1004 851 esse
1025 818 1061 850 et
1080 825 1121 850 eo
1143 825 1201 849 us-

114 873 182 908 que
206 866 303 897 tuam
328 861 447 904 videri,
473 862 585 897 donec
610 872 688 896 eam
707 861 934 906 persequaris
948 862 968 903 ¹,
994 860 1121 906 quodsi
1143 860 1202 895 de-

114 907 211 943 sieris
250 907 432 953 persequi,
469 907 629 942 desinere
667 910 764 942 tuam
797 916 874 941 esse
906 910 942 941 et
971 917 1095 941 rursus
1125 905 1204 940 fieri

115 953 337 998 occupantis.
387 952 446 987 alii
482 963 553 988 non
590 952 693 987 aliter
727 955 944 997 putaverunt
977 955 1077 987 tuam
1114 961 1201 993 esse,

114 1009 219 1044 quam
257 998 287 1033 si
322 998 469 1043 ceperis.
526 997 588 1033 sed
623 997 855 1043 posteriorem
890 997 1103 1033 sententiam
1138 1007 1202 1031 nos

114 1043 373 1086 confirmamus,
400 1043 483 1089 quia
507 1043 617 1079 multa
637 1042 799 1078 accidere
821 1043 947 1085 solent,
972 1046 1013 1078 ut
1034 1052 1111 1078 eam
1131 1052 1203 1077 non

116 1093 153 1125 14
205 1089 337 1135 capias.
385 1089 517 1134 Apium
550 1099 690 1134 quoque
722 1092 852 1124 natura
882 1088 959 1123 fera
983 1091 1045 1123 est.
1082 1088 1203 1132 itaque

113 1145 203 1181 quae
226 1135 262 1169 in
287 1135 415 1170 arbore
439 1138 501 1170 tua
528 1134 765 1175 consederint,
791 1137 983 1179 antequam
1007 1136 1082 1169 ate
1102 1133 1201 1168 alveo

112 1180 350 1223 includantur,
375 1191 447 1215 non
470 1180 581 1225 magis
606 1183 690 1215 tuae
711 1189 788 1215 esse
807 1179 1071 1224 intelleguntur,
1097 1189 1202 1224 quam

112 1227 284 1268 volucres,
310 1236 401 1270 quae
424 1225 461 1260 in
484 1229 547 1260 tua
571 1225 700 1260 arbore
718 1225 841 1260 nidum
858 1225 1027 1260 fecerint:
1053 1224 1203 1269 ideoque

113 1272 141 1308 si
166 1271 256 1306 alius
282 1281 342 1306 eas
366 1271 566 1314 incluserit,
597 1271 628 1306 is
653 1280 776 1306 earum
800 1270 962 1306 dominus
987 1270 1064 1305 erit.
1101 1269 1202 1304 favos

112 1327 253 1363 quoque
276 1316 306 1352 si
326 1327 414 1362 quos
435 1317 502 1351 hae
521 1315 673 1352 fecerint
682 1316 706 1359 ²,
733 1316 879 1361 quilibet
900 1316 1051 1351 eximere
1071 1319 1198 1360 potest.

111 1363 217 1408 plane
248 1362 386 1407 integra
416 1372 455 1397 re
488 1362 518 1397 si
550 1361 746 1408 provideris
778 1361 1033 1406 ingredientem
1057 1361 1092 1395 in
1117 1360 1199 1395 fun-

112 1408 194 1444 dum
217 1410 336 1450 tuum,
360 1411 462 1453 potes
487 1417 567 1443 eum
590 1407 667 1442 iure
689 1407 879 1452 prohibere
902 1418 947 1442 ne
970 1406 1199 1451 ingrediatur.

111 1464 270 1496 examen,
296 1453 392 1498 quod
412 1463 456 1488 ex
476 1453 574 1489 alveo
594 1456 658 1488 tuo
680 1453 878 1495 evolaverit,
904 1463 946 1488 eo
968 1463 1081 1497 usque
1100 1455 1201 1486 tuum

112 1509 188 1535 esse
212 1498 436 1544 intellegitur,
462 1498 576 1534 donec
599 1498 637 1533 in
662 1502 857 1543 conspectu
881 1502 943 1533 tuo
970 1502 1024 1534 est
1044 1508 1110 1533 nec
1131 1497 1199 1532 dif-

111 1544 212 1580 ficilis
244 1544 320 1579 eius
353 1544 552 1589 persecutio
592 1547 664 1579 est:
705 1543 863 1588 alioquin
904 1543 1114 1589 occupantis
1147 1543 1197 1577 fit.

115 1593 152 1625 15
200 1590 382 1625 Pavonum
413 1593 448 1625 et
482 1590 724 1625 columbarum
755 1589 833 1624 fera
864 1593 995 1624 natura
1025 1593 1088 1624 est.
1134 1599 1200 1623 nec

111 1635 156 1670 ad
178 1646 252 1670 rem
276 1635 447 1681 pertinet,
480 1635 575 1680 quod
608 1645 651 1670 ex
685 1635 942 1670 consuetudine
973 1634 1140 1670 avolare³
1166 1637 1201 1669 et

111 1681 269 1716 revolare
301 1681 432 1715 solent:
466 1691 547 1715 nam
573 1683 609 1715 et
633 1691 718 1725 apes
741 1680 835 1715 idem
859 1680 1016 1722 faciunt,
1050 1690 1200 1725 quarum

112 1730 252 1762 constat
275 1726 387 1761 feram
412 1736 490 1761 esse
514 1729 699 1761 naturam:
733 1736 855 1761 cervos
880 1736 1022 1771 quoque
1046 1725 1098 1760 ita
1122 1725 1199 1770 qui-

111 1772 192 1807 dam
216 1775 420 1807 mansuetos
444 1772 590 1814 habent,
616 1775 656 1806 ut
678 1772 715 1806 iu
740 1771 845 1806 silvas
870 1771 921 1806 ire
946 1775 980 1806 et
1003 1770 1118 1806 redire
1141 1781 1199 1806 so-

110 1817 217 1860 leant,
243 1818 415 1862 quorum*⁴
441 1821 476 1853 et
499 1817 657 1863 ipsorum
681 1817 793 1852 feram
818 1828 895 1852 esse
916 1821 1080 1852 naturam
1097 1826 1199 1851 nemo

110 1867 226 1908 negat.
263 1863 299 1897 in
323 1863 379 1898 his
403 1866 522 1897 autem
546 1863 776 1905 animalibus,
811 1873 901 1907 quae
933 1873 976 1897 ex
1009 1866 1199 1898 consuetu-

111 1908 193 1943 dine
218 1908 316 1944 abire
340 1911 377 1943 et
399 1908 514 1943 redire
538 1908 672 1950 solent,
705 1908 787 1943 talis
819 1908 942 1953 regula
967 1908 1202 1953 comprobata

111 1957 182 1996 est,
207 1955 271 1988 ut⁵
296 1964 336 1989 eo
362 1964 475 2007 usque
499 1957 561 1988 tua
586 1963 664 1989 esse
686 1953 952 1998 intellegantur,
986 1953 1099 1988 donec
1123 1953 1199 1987 ani-

111 2010 205 2034 mum
229 1998 428 2034 revertendi
451 1999 626 2034 habeant:
660 2009 742 2033 nam
766 1999 795 2034 si
819 1998 1018 2034 revertendi
1043 1999 1200 2033 animum

110 2045 242 2080 habere
278 2044 464 2087 desierint,
502 2044 607 2079 etiam
639 2048 702 2079 tua
734 2055 812 2080 esse
843 2045 1011 2079 desinunt
1044 2048 1079 2079 et
1110 2044 1202 2079 fiunt

110 2090 373 2135 occupantium.
408 2090 606 2125 revertendi
630 2093 748 2125 autem
773 2090 928 2124 animum
952 2089 1116 2124 videntur
1139 2089 1199 2124 de-

110 2136 226 2172 sinere
248 2136 400 2178 habere,
434 2146 514 2170 cum
545 2135 744 2170 revertendi
776 2135 1068 2170 consuetudinem
1100 2135 1199 2170 dese-

113 2184 153 2216 16
200 2181 346 2216 ruerint.
403 2181 623 2216 Gallinarum
665 2184 700 2215 et
738 2191 903 2215 anserum
935 2192 1007 2216 non
1040 2183 1093 2215 est
1123 2179 1200 2215 fera

110 2230 240 2262 natura
262 2226 368 2272 idque
393 2237 436 2262 ex
460 2236 501 2261 eo
552 2236 715 2261 ossumus
740 2226 962 2271 intellegere,
988 2225 1084 2270 quod
1108 2225 1200 2261 aliae

110 2276 194 2307 sunt
216 2272 379 2317 gallinae,
405 2283 494 2317 quas
535 2282 613 2307 eras
638 2282 826 2314 vocamus,
851 2272 936 2306 item
961 2271 1020 2306 alii
1045 2281 1199 2313 anseres,

111 2329 198 2363 quos
230 2317 325 2353 feros
357 2317 587 2362 appellamus.
632 2317 783 2362 ideoque
815 2317 845 2352 si
878 2327 1022 2352 anseres
1053 2316 1106 2351 tui
1138 2320 1201 2351 aut

110 2363 261 2408 gallinae
295 2366 379 2398 tuae
415 2363 533 2408 aliquo
571 2373 659 2397 casu
692 2363 827 2397 turbati
862 2363 1071 2398 turbataeve
1116 2372 1197 2397 evo-

110 2409 278 2450 laverint,
304 2408 387 2443 licet
411 2411 642 2452 conspectum
666 2411 766 2442 tuum
791 2408 995 2454 effugerint,
1028 2418 1198 2453 quocum-

111 2465 178 2499 que
202 2457 321 2489 tamen
344 2454 424 2489 loco
450 2454 538 2495 sint,
573 2453 626 2488 tui
650 2457 777 2488 tuaeve
802 2455 903 2489 csse⁰
927 2453 1199 2498 intelleguntur:

111 2503 146 2535 et
177 2499 236 2544 qui
268 2499 430 2534 lucrandi
462 2499 579 2534 animo
613 2509 655 2533 ea
687 2498 854 2534 animalia
885 2499 1032 2541 retinet,
1065 2498 1200 2533 furtum

115 2548 150 2579 17
201 2544 421 2579 committere
445 2544 670 2588 intellegitur.
719 2544 808 2579 Item
834 2555 886 2587 ea,
912 2555 1004 2590 quae
1023 2555 1067 2579 ex
1086 2544 1197 2579 hosti-

111 2590 177 2625 bus
204 2590 376 2634 capimus,
402 2590 478 2624 iure
500 2590 657 2634 gentium
682 2590 802 2624 statim
826 2593 950 2625 nostra
973 2589 1082 2624 fiunt:
1109 2588 1198 2624 adeo

110 2635 268 2715 quidem,
302 2638 341 2670 ut
373 2639 407 2670 et
437 2634 539 2670 liberi
570 2635 729 2670 homines
753 2635 790 2669 in
815 2635 1018 2671 servitutem
1041 2638 1200 2670 nostram

134 2680 342 2723 educantur,
367 2680 427 2726 qui
451 2684 582 2722 tamen,
607 2680 638 2715 si
662 2680 837 2715 evaserint
861 2684 1021 2716 nostram
1040 2683 1198 2725 potesta-

109 2729 180 2761 tem
205 2729 241 2761 et
264 2726 310 2761 ad
335 2736 418 2761 suos
442 2725 574 2761 reversi
596 2725 748 2768 fuerint,
773 2726 962 2771 pristinum
987 2729 1120 2761 statum
1143 2736 1198 2760 re-

114 2774 153 2806 18
202 2771 347 2816 cipiunt.
398 2772 509 2806 ⁷Item
533 2771 644 2815 lapilli
666 2781 824 2816 gemmae
849 2775 883 2806 et
903 2775 1034 2813 cetera,
1060 2771 1200 2816 quaein

110 2817 213 2853 litore
246 2816 492 2859 inveniuntur,
536 2816 613 2851 iure
655 2816 810 2851 naturali
852 2817 971 2852 statim
1006 2816 1199 2852 inventoris

114 2865 153 2897 19
200 2861 301 2897 fiunt.
349 2862 438 2897 Item
459 2872 511 2905 ea,
537 2872 629 2907 quae
658 2872 702 2897 ex
729 2862 940 2897 animalibus
962 2861 1115 2897 dominio
1136 2865 1198 2897 tuo

111 2907 279 2943 subiectis
305 2910 390 2942 nata
415 2911 509 2950 sunt,
535 2907 658 2942 eodem
681 2908 759 2942 iure
782 2908 847 2942 tibi
871 2907 1118 2952 adquiruntur.

111 2955 153 2987 20
250 2952 462 2988 ⁸Praeterea
493 2952 590 2998 quod
613 2963 677 2998 per
701 2953 911 2988 alluvionem
936 2963 1020 2997 agro
1045 2956 1107 2987 tuo
1132 2951 1198 2986 flu-

110 3008 191 3033 men
215 2997 356 3041 adiecit,
380 2998 458 3033 iure
480 2999 639 3043 gentium
663 2998 729 3033 tibi
753 2998 799 3033 ad
826 2999 963 3033 uir-itur.
1003 3001 1056 3033 est
1080 3000 1199 3032 autem

111 3043 239 3078 alluvio
264 3043 520 3079 incrementum
544 3043 670 3079 latens.
707 3054 772 3088 per
789 3054 810 3079 a
839 3044 1003 3079 uvionem
1023 3046 1143 3078 autem
1163 3042 1200 3076 id

110 3088 249 3124 videtur
273 3088 383 3131 adici,
417 3088 511 3134 quod
535 3089 586 3124 ita
617 3089 789 3134 paulatim
821 3089 992 3131 adicitur,
1025 3092 1066 3123 ut
1096 3087 1198 3122 intel-

110 3134 226 3179 legere
250 3144 322 3169 non
379 3134 487 3177 ossis,
521 3138 694 3179 quantum
726 3145 795 3178 quo
822 3145 868 3169 uo
899 3138 1077 3170 momento
1109 3137 1198 3168 tem-

112 3181 151 3214 21
200 3179 297 3224 poris
325 3145 511 3214 afficiatur.
561 3179 695 3224 Quodsi
719 3180 770 3214 vis
820 3179 947 3214 uminis
970 3182 1110 3231 partem
1134 3178 1198 3213 ali-

112 3234 218 3269 quam
254 3235 297 3259 ex
331 3228 393 3259 tuo
428 3224 576 3269 praedio
613 3225 808 3260 detraxerit
843 3228 878 3260 et
913 3224 1018 3260 vicini
1078 3224 1198 3259 raedio

112 3269 307 3314 appulerit,
332 3270 451 3314 palam
475 3274 529 3305 est
554 3280 631 3305 eam
655 3274 755 3305 tuam
778 3280 996 3315 permanere.
1033 3281 1055 3314 p
1072 3279 1139 3304 ane
1171 3269 1200 3303 si

111 3314 293 3359 longiore⁹
317 3318 475 3360 tempore
505 3315 617 3351 fundo
647 3315 755 3351 vicini
785 3315 940 3350 haeserit
971 3315 1199 3359 arboresque,

112 3370 201 3404 quas
225 3370 346 3395 secum
369 3360 528 3403 traxerit,
553 3361 590 3395 in
615 3371 694 3396 eum
717 3360 868 3396 fundum
891 3360 1029 3396 radices
1055 3360 1199 3405 egerint,

115 3476 154 3513 (1)
178 3476 226 3507 sic
238 3475 283 3515 Β,
297 3485 536 3517 persequamur
547 3475 577 3508 A
587 3476 681 3519 Diy„
695 3474 904 3518 persequeris
922 3475 954 3507 T
1070 3476 1112 3514 (2)
1139 3474 1201 3506 hae

114 3518 268 3561 fecerint]
282 3521 375 3564 Diq„
390 3521 560 3553 effecerint
574 3521 651 3554 libri
739 3525 780 3560 (3)
805 3521 853 3553 sic
865 3520 896 3552 A
906 3520 941 3552 B
951 3520 1032 3563 Diq.
1046 3520 1085 3559 Θ,
1100 3519 1200 3550 advo-

114 3563 183 3596 lare
199 3565 232 3597 T
317 3566 360 3608 (4)
387 3567 541 3607 quorum]
559 3566 718 3609 BTDi9.,
732 3566 884 3608 quamvis
896 3565 927 3597 A
1032 3567 1073 3605 (5)
1099 3565 1150 3604 ut]
1163 3565 1202 3595 ut

115 3612 149 3640 et
166 3609 198 3642 T
305 3612 350 3649 (6)
376 3612 459 3651 esse]
475 3611 551 3650 BT,
567 3623 624 3643 om.
639 3611 669 3643 A
774 3614 816 3648 (τ)
845 3615 860 3649 §
876 3617 978 3643 18.19.
993 3622 1031 3643 ea:
1043 3610 1132 3642 Flor.
1148 3609 1169 3641 l.
1184 3615 1200 3641 e

115 3655 186 3687 inst.
201 3654 296 3698 (Diy.
314 3656 343 3695 1,
357 3662 386 3695 8,
400 3663 416 3689 3
431 3657 525 3698 9141,
540 3663 564 3696 1,
579 3657 608 3697 6)
709 3657 753 3697 (8)
783 3660 798 3694 §
813 3662 912 3689 20..24
926 3667 964 3688 ex
979 3654 1055 3688 Gai.
1071 3655 1090 3687 l.
1106 3661 1122 3687 2
1136 3666 1199 3686 rer.

116 3706 185 3732 σου.
201 3699 293 3743 (Βίφ
309 3701 362 3737 41,
378 3707 401 3740 1,
415 3708 442 3740 7,
457 3704 524 3740 1..6)
620 3705 663 3741 (9)
687 3702 735 3734 sic
747 3701 874 3744 Diqffl,
888 3699 1035 3741 longiori
1049 3700 1084 3739 T,
1098 3699 1200 3740 longo

115 3744 184 3777 AB
276 3746 335 3786 (10)
359 3745 408 3777 sic
423 3745 492 3785 ΤΘ,
505 3745 832 3787 videtur-..adquisita
844 3745 925 3786 Dzssq.
938 3745 1004 3787 Wfi,
1019 3744 1199 3776 videntur..

1219 97 1259 144 11

2078 102 2225 151 INST.
2255 105 2311 158 Π,
2346 110 2364 148 1

1271 234 1317 259 ex
1329 233 1371 259 eo
1391 226 1552 269 tempore
1573 222 1736 260 videntur
1755 225 1860 261 vicini
1879 224 1990 261 fundo
2012 224 2213 270 adquisitae
2224 226 2253 246 ¹⁰
2276 236 2364 266 esse.

1272 272 1315 304 22
1363 269 1503 311 Insula,
1537 280 1630 321 quae
1653 270 1690 304 in
1714 271 1802 305 mari
1827 275 1914 309 nata
1938 274 2010 314 est,
2045 271 2141 316 quod
2164 281 2246 307 raro
2270 272 2365 307 acci-

1272 314 1334 357 dit,
1359 318 1570 359 occupantis
1593 314 1651 349 fit:
1685 316 1817 351 nullius
1842 317 1935 352 enim
1959 326 2037 352 esse
2062 315 2231 352 creditur.
2269 320 2307 352 at
2330 317 2365 352 in

1271 359 1416 412 flumine
1440 363 1536 402 nata,
1585 359 1657 395 uod
1680 359 1884 406 frequenter
1907 361 2048 405 accidit,
2074 361 2104 397 si
2128 361 2270 407 quidem
2294 373 2365 397 me-

1273 405 1367 440 diam
1395 408 1532 450 partem
1589 405 1715 441 uminis
1746 410 1885 449 teneat,
1919 407 2116 443 communis
2147 410 2201 443 est
2232 417 2366 450 eorum,

1273 450 1334 496 qui
1358 450 1403 485 ab
1427 454 1579 496 utraque
1610 454 1713 495 parte
1742 450 1898 487 fluminis
1928 463 2043 498 prope
2074 453 2189 498 ripam
2220 453 2367 506 praedia

1272 496 1467 540 possident,
1492 506 1556 541 pro
1582 496 1686 531 modo
1711 496 1908 532 latitudinis
1933 498 2105 543 cuiusque
2128 497 2249 541 fundi,
2275 510 2367 544 quae

1272 541 1422 576 latitudo
1455 552 1568 587 prope
1598 541 1714 587 ripam
1745 542 1801 577 sit.
1840 543 1967 587 quodsi
1991 544 2093 579 alteri
2117 544 2213 589 parti
2243 544 2363 589 proxi-

1272 587 1362 622 mior
1385 587 1450 629 sit,
1477 597 1599 622 eorum
1624 590 1678 622 est
1701 591 1859 630 tantum,
1885 588 1969 632 quia
1993 589 2037 624 ab
2062 599 2104 624 ea
2128 593 2231 634 parte
2254 600 2365 635 prope

1271 632 1385 677 ripam
1409 631 1556 677 praedia
1575 632 1773 677 possident.
1809 633 1936 678 quodsi
1956 634 2075 678 aliqua
2094 638 2198 686 parte
2218 635 2365 670 divisum

1271 677 1422 720 fiumen,
1455 677 1581 713 deinde
1612 677 1707 713 infra
1738 678 1877 713 unitum
1909 689 2032 724 agrum
2057 679 2207 716 alicuius
2230 680 2268 715 in
2292 680 2365 715 for-

1273 733 1365 757 mam
1395 723 1533 758 insulae
1562 723 1756 768 redegerit,
1796 723 1952 759 eiusdem
1990 730 2174 770 permanet
2211 726 2240 761 is
2272 736 2365 770 ager,

1273 771 1315 802 23
1365 769 1465 804 cuius
1497 772 1533 804 et
1561 768 1689 804 fuerat.
1740 768 1874 813 Quodsi
1898 770 2054 804 naturali
2086 771 2184 806 alveo
2216 771 2252 806 in
2287 772 2364 806 uni-

1272 824 1413 848 versum
1444 814 1611 849 derelicto
1643 814 1713 849 alia
1745 818 1847 859 parte
1877 814 2027 850 fluere¹¹
2061 816 2235 859 coeperit,
2270 817 2365 861 prior

1273 859 1413 904 quidem
1437 859 1557 895 alveus
1582 870 1704 895 eorum
1729 864 1794 902 est,
1820 860 1880 905 qui
1904 871 1968 905 pro
1998 871 2017 896 e
2034 860 2149 905 ripam
2168 861 2242 896 eius
2262 873 2363 906 prae-

1274 904 1333 939 dia
1357 905 1561 949 possident,
1592 916 1658 950 pro
1683 905 1788 941 modo
1813 905 1950 941 scilicet
1987 906 2170 941 atitudinis
2195 906 2366 952 cuiusque

1273 950 1359 994 agri,
1385 960 1477 995 quae
1500 950 1653 986 latitudo
1678 961 1792 996 prope
1816 951 1931 996 ripam
1956 951 2011 994 sit,
2038 962 2150 987 novus
2176 955 2294 986 autem
2314 953 2364 987 al-

1272 1006 1358 1030 veus
1384 996 1459 1031 eius
1484 995 1571 1031 iuris
1596 1006 1675 1031 esse
1705 996 1846 1041 incipit,
1880 997 1980 1032 cuius
2011 1000 2047 1032 et
2075 997 2191 1042 ipsum
2223 997 2364 1038 flumen,

1272 1041 1309 1076 id
1341 1045 1395 1076 est
1426 1041 1591 1086 publicus
1606 1042 1644 1076 ¹².
1685 1042 1812 1087 quodsi
1851 1046 1934 1087 post
1973 1042 2116 1087 aliquod
2150 1046 2289 1088 tempus
2320 1043 2363 1078 ad

1272 1086 1427 1132 priorem
1452 1087 1589 1122 alveum
1614 1097 1794 1122 reversum
1813 1087 1921 1123 fuerit
1941 1087 2084 1130 flumen,
2110 1099 2233 1123 rursus
2255 1099 2364 1123 novus

1272 1132 1393 1167 alveus
1418 1142 1540 1167 eorum
1565 1142 1643 1167 esse
1661 1132 1796 1177 incipit,
1823 1133 1882 1178 qui
1901 1144 2013 1178 prope
2032 1133 2145 1178 ripam
2166 1133 2241 1168 eius
2262 1144 2364 1178 prae-

1272 1180 1315 1211 24
1363 1178 1422 1212 dia
1445 1178 1641 1222 possident.
1690 1179 1772 1213 Alia
1796 1189 1883 1213 sane
1909 1189 2019 1213 causa
2043 1182 2108 1221 est,
2135 1178 2165 1213 si
2190 1179 2290 1214 cuius
2310 1183 2363 1214 to-

1271 1226 1329 1258 tus
1355 1233 1438 1268 ager
1461 1223 1657 1258 inundatus
1677 1223 1794 1258 fuerit.
1832 1234 1946 1269 neque
1968 1224 2059 1259 enim
2078 1223 2262 1259 inundatio
2285 1235 2363 1269 spe-

1273 1269 1362 1303 ciem
1393 1269 1495 1303 fundi
1528 1272 1725 1304 commutat
1754 1273 1790 1304 et
1819 1270 1864 1305 ob
1894 1269 1946 1312 id,
1980 1270 2009 1304 si
2042 1270 2229 1304 recesserit
2261 1281 2365 1314 aqua,

1271 1314 1388 1359 palam
1414 1318 1468 1349 cst
1493 1324 1573 1349 eum
1597 1314 1747 1349 fundum
1773 1315 1847 1350 eius
1873 1325 2026 1357 manere,
2053 1315 2154 1350 cuius
2180 1319 2214 1350 et
2238 1315 2316 1349 fuit.

1272 1363 1312 1393 25
1413 1359 1538 1395 ¹³Cum
1553 1370 1596 1395 ex
1609 1360 1726 1395 aliena
1738 1360 1887 1395 materia
1907 1361 2044 1405 species
2065 1360 2185 1405 aliqua
2205 1360 2302 1395 facta
2321 1361 2366 1394 sit

1271 1406 1316 1440 ab
1336 1405 1466 1451 aliquo,
1492 1405 1614 1450 quaeri
1633 1406 1734 1448 solet,
1761 1406 1839 1451 quis
1857 1406 1881 1426 ¹¹
1908 1416 2029 1441 eorum
2052 1406 2205 1441 naturali
2228 1406 2364 1441 ratione

1271 1451 1435 1486 dominus
1460 1452 1522 1493 sit,
1548 1455 1668 1486 utrum
1692 1451 1721 1486 is
1747 1452 1806 1496 qui
1830 1451 1972 1494 fecerit,
2009 1462 2054 1486 an
2079 1452 2137 1486 ille
2162 1452 2280 1497 potius
2307 1452 2365 1496 qui

1270 1497 1439 1531 materiae
1463 1496 1625 1532 dominus
1649 1497 1775 1532 fuerit:
1807 1501 1848 1532 ut
1879 1507 1963 1532 ecce
1993 1497 2024 1532 si
2080 1497 2134 1532 uis
2166 1508 2208 1532 ex
2242 1497 2364 1532 alienis

1270 1542 1347 1577 uvis
1372 1545 1435 1577 aut
1459 1542 1560 1577 olivis
1585 1545 1648 1577 aut
1672 1542 1780 1587 spicis
1805 1543 1924 1577 vinum
1955 1546 2020 1577 aut
2050 1554 2070 1578 o
2087 1553 2167 1577 eum
2197 1546 2261 1578 aut
2290 1542 2364 1577 fru-

1270 1591 1427 1622 mentum
1451 1587 1596 1630 fecerit,
1629 1592 1693 1623 aut
1717 1598 1760 1623 ex
1786 1588 1899 1623 alieno
1925 1599 2012 1623 auro
2045 1588 2100 1623 vel
2132 1591 2278 1634 argento
2311 1588 2365 1622 vol

1270 1643 1351 1668 aere
1374 1643 1438 1668 vas
1462 1633 1606 1678 aliquod
1629 1633 1773 1675 fecerit,
1804 1634 1858 1669 vel
1892 1644 1935 1668 ex
1959 1633 2074 1669 alieno
2099 1634 2179 1669 vino
2205 1636 2241 1669 et
2264 1633 2365 1668 melle

1269 1679 1420 1714 mulsum
1444 1679 1643 1721 miscuerit,
1676 1679 1730 1714 vel
1762 1690 1806 1714 ex
1838 1679 1961 1714 alienis
1993 1678 2259 1714 medicamentis
2293 1689 2363 1714 em-

1270 1724 1445 1769 plastrum
1478 1727 1541 1760 aut
1575 1725 1759 1804 collprium
1792 1725 2052 1769 composuerit,
2089 1725 2143 1759 vel
2174 1735 2218 1760 ex
2249 1724 2366 1759 aliena

1269 1770 1352 1805 lana
1375 1769 1623 1805 vestimentum
1660 1770 1779 1812 ecerit,
1804 1770 1859 1805 vel
1880 1781 1923 1805 ex
1941 1770 2065 1805 alienis
2086 1770 2218 1805 tabulis
2240 1780 2364 1805 navem

1268 1816 1324 1850 vel
1360 1816 1554 1850 armarium
1589 1816 1644 1851 vel
1679 1816 1885 1851 subsellium
1919 1815 2159 1851 fabricaverit.
2208 1818 2244 1851 et
2283 1819 2364 1860 post

1270 1861 1400 1896 multas
1426 1861 1699 1897 Sabinianorum
1730 1865 1765 1896 ct
1788 1861 2084 1896 Proculianorum
2116 1861 2364 1906 ambiguitates

1270 1907 1405 1952 placuit
1428 1907 1544 1942 media
1569 1906 1746 1942 sententia
1770 1907 2065 1949 existimantium,
2098 1907 2128 1941 si
2160 1917 2202 1942 ea
2227 1906 2364 1952 species

1270 1952 1317 1987 ad
1348 1952 1533 1988 materiam
1567 1952 1731 1987 reduci¹⁵
1762 1952 1894 1997 possit,
1927 1963 2007 1987 eum
2039 1951 2150 1987 videri
2181 1952 2362 1988 dominum

1270 2008 1365 2040 esse,
1391 1998 1451 2043 qui
1476 1998 1644 2033 materiae
1668 1998 1832 2034 dominus
1856 1997 1991 2040 fuerat,
2023 1998 2052 2032 si
2076 2008 2146 2032 non
2170 1997 2284 2042 possit
2308 2008 2362 2032 re-

1270 2043 1372 2086 duci,
1399 2053 1479 2078 eum
1503 2044 1623 2088 potius
1654 2043 1810 2088 intellegi
1844 2043 2025 2079 dominum
2057 2043 2117 2088 qui
2148 2042 2291 2078 fecerit:
2325 2046 2364 2077 ut

1270 2099 1353 2124 ecce
1384 2099 1446 2124 vas
1479 2088 1672 2124 conflatum
1701 2092 1822 2134 potest
1851 2089 1897 2124 ad
1928 2089 2053 2124 rudem
2083 2099 2238 2124 massam
2270 2088 2363 2123 aeris

1270 2134 1324 2169 vel
1358 2135 1495 2179 argenti
1524 2134 1579 2169 vel
1610 2134 1689 2169 auri
1712 2134 1847 2177 reduci,
1872 2135 1992 2169 vinum
2016 2138 2135 2169 autem
2159 2138 2224 2169 aut
2248 2134 2363 2169 oleum

1270 2183 1333 2214 aut
1363 2179 1581 2214 frumentum
1612 2179 1659 2214 ad
1690 2190 1777 2215 uvas
1809 2183 1845 2215 et
1876 2180 1987 2215 olivas
2018 2184 2054 2215 et
2084 2180 2203 2225 spicas
2235 2179 2364 2214 reverti

1269 2236 1341 2260 non
1365 2226 1525 2269 potest¹⁰
1549 2235 1591 2260 ac
1616 2235 1662 2260 ne
1685 2225 1839 2260 mulsum
1864 2225 2005 2271 quidem
2029 2225 2075 2260 ad
2099 2225 2221 2260 vinum
2242 2228 2278 2260 et
2295 2224 2363 2259 mel

1269 2271 1397 2306 resolvi
1420 2274 1550 2315 potest.
1588 2270 1717 2315 quodsi
1739 2271 1869 2315 partim
1895 2281 1938 2306 ex
1957 2281 2022 2306 sua
2046 2270 2206 2313 materia,
2258 2270 2362 2305 artim

1269 2327 1313 2351 ex
1337 2316 1452 2351 aliena
1477 2315 1631 2360 speciem
1655 2316 1809 2361 aliquam
1833 2316 1960 2351 fecerit
1992 2317 2158 2361 quisquc,
2188 2326 2229 2351 ve
2245 2315 2294 2350 uti
2321 2326 2361 2349 ex

1269 2372 1334 2397 suo
1359 2361 1438 2396 vino
1465 2365 1500 2396 et
1523 2362 1638 2396 alieno
1664 2362 1767 2397 melle
1792 2362 1944 2397 mulsum
1969 2366 2032 2397 aut
2056 2372 2100 2396 ex
2124 2361 2198 2396 suis
2223 2364 2258 2396 et
2277 2360 2361 2395 alie-

1269 2407 1323 2442 nis
1356 2407 1623 2442 medicamentis
1654 2407 1885 2452 emplastrum
1917 2410 1980 2442 aut
2012 2407 2195 2452 collyrium
2225 2409 2289 2441 aut
2319 2416 2361 2440 ex

1268 2463 1335 2487 sua
1360 2455 1395 2488 et
1419 2453 1535 2487 aliena
1557 2452 1643 2487 lana
1671 2452 1917 2487 vestimentum
1948 2452 2091 2494 fecerit,
2126 2451 2361 2486 dubitandum

1269 2508 1340 2533 non
1377 2501 1431 2533 est
1464 2498 1533 2533 hoc
1570 2508 1657 2533 casu
1689 2508 1769 2532 eum
1803 2508 1880 2533 esse
1913 2497 2093 2532 dominum
2125 2497 2184 2541 qui
2216 2496 2360 2532 fecerit:

1270 2554 1351 2579 cum
1376 2553 1448 2578 non
1472 2543 1586 2578 solum
1611 2553 1756 2587 operam
1781 2552 1882 2577 suam
1913 2542 2028 2584 dedit,
2061 2542 2123 2577 sed
2156 2546 2190 2577 et
2223 2545 2360 2587 partem

1269 2591 1312 2623 26
1359 2588 1514 2624 eiusdem
1536 2588 1706 2623 materiae
1737 2587 1943 2632 praestavit.
1993 2587 2030 2623 Si
2060 2591 2180 2622 tamen
2211 2587 2360 2622 alienam

1268 2644 1463 2679 purpuram
1488 2633 1566 2678 quis
1591 2633 1744 2668 intexuit
1767 2643 1832 2668 suo
1857 2633 2086 2675 vestimento,
2119 2632 2204 2667 licet
2227 2632 2359 2677 pretio-

1269 2680 1342 2715 sior
1366 2682 1420 2714 est
1442 2689 1621 2724 purpura,
1654 2677 1870 2713 accessionis
1900 2678 1978 2713 vice
2010 2677 2103 2713 cedit
2133 2678 2359 2713 vestimento:

1270 2728 1305 2760 et
1329 2725 1389 2769 qui
1413 2724 1575 2759 dominus
1599 2723 1669 2758 fuit
1686 2733 1880 2768 purpurae,
1905 2723 2076 2759 adversus
2096 2734 2175 2758 eum
2195 2723 2255 2768 qui
2276 2723 2359 2758 sub-

1268 2770 1377 2815 ripuit
1400 2769 1508 2804 habet
1532 2768 1620 2804 furti
1644 2769 1821 2804 actionem
1845 2772 1880 2803 et
1898 2768 2168 2807 condictionem,
2195 2768 2266 2804 sive
2284 2768 2361 2813 ipse

1269 2819 1324 2851 est
1348 2815 1408 2860 qui
1431 2814 1679 2850 vestimentum
1702 2813 1807 2856 fecit,
1839 2814 1912 2850 sive
1937 2814 2039 2849 alius.
2078 2824 2163 2848 nam
2202 2813 2358 2848 '¹⁷extin-

1269 2861 1359 2895 'ctae
1382 2871 1438 2895 res
1462 2860 1546 2895 licet
1570 2859 1741 2895 vindicari
1764 2870 1836 2895 non
1859 2860 2008 2904 possint,
2035 2859 2175 2894 condici
2198 2862 2317 2894 tamen
2339 2869 2360 2892 a

1270 2906 1417 2940 'furibus
1453 2906 1528 2940 et¹⁸
1563 2915 1585 2939 a
1617 2903 1830 2949 quibusdam
1862 2905 1940 2940 aliis
1975 2904 2243 2950 possessoribus
2276 2914 2359 2948 pos-

1269 2953 1311 2985 27
1361 2950 1474 2986 'suntf
1523 2949 1561 2984 Si
1585 2950 1735 2985 duorum
1758 2950 1928 2986 materiae
1961 2960 2004 2985 ex
2034 2950 2217 2985 voluntate
2249 2948 2358 2983 domi·

1269 3007 1396 3031 norum
1421 2995 1592 3030 confusae
1616 2995 1697 3038 sint,
1722 2999 1836 3031 totum
1859 2995 1896 3030 id
1920 3006 2061 3040 corpus,
2086 2994 2182 3040 quod
2205 3004 2248 3029 ex
2273 3004 2358 3029 con-

1268 3041 1409 3076 fusione
1438 3040 1495 3083 fit,
1527 3041 1712 3086 utriusque
1743 3051 1929 3076 commune
1960 3041 2070 3083 est¹⁹,
2100 3039 2208 3075 veluti
2237 3039 2268 3074 si
2299 3038 2359 3084 qui

1268 3087 1351 3121 vina
1375 3096 1440 3121 sua
1465 3086 1692 3122 confuderint
1711 3090 1774 3121 aut
1790 3096 1928 3122 massas
1947 3085 2084 3138 argenti
2102 3085 2158 3120 vel
2176 3084 2254 3120 auri
2274 3095 2358 3119 con-

1269 3131 1442 3166 flaverint.
1489 3131 1552 3166 sed
1561 3132 1593 3152 ²⁰
1623 3131 1654 3167 si
1683 3131 1844 3167 diversae
1876 3135 2047 3166 materiae
2078 3130 2150 3166 sint
2179 3133 2215 3166 et
2246 3130 2291 3165 ob
2324 3128 2359 3164 id

1269 3177 1415 3222 propria
1439 3177 1576 3221 species
1600 3176 1699 3212 facta
1722 3177 1779 3220 sit,
1803 3176 1896 3212 forte
1922 3187 1965 3212 ex
1988 3176 2068 3212 vino
2095 3179 2129 3211 et
2146 3175 2250 3211 melle
2268 3174 2358 3209 mul-

1270 3233 1348 3257 sum
1372 3225 1435 3256 aut
1459 3232 1503 3256 ex
1526 3232 1612 3258 auro
1638 3226 1672 3258 et
1696 3226 1842 3267 argento
1863 3222 2043 3264 electrum,
2067 3221 2160 3256 idem
2179 3220 2265 3255 iuris
2286 3223 2357 3254 est:

1269 3278 1353 3303 nam
1377 3271 1412 3302 et
1437 3278 1476 3303 eo
1504 3277 1590 3303 casu
1615 3278 1837 3303 communem
1862 3278 1939 3302 esse
1963 3266 2117 3312 speciem
2149 3277 2222 3301 non
2254 3265 2356 3300 dubi-

1269 3316 1376 3347 tatur.
1415 3312 1541 3358 quodsi
1571 3312 1723 3348 fortuitu
1754 3316 1789 3348 et
1820 3323 1892 3348 non
1924 3313 2108 3348 voluntate
2137 3310 2357 3361 dominorum

1271 3357 1443 3393 confusae
1465 3357 1597 3393 fuerint
1619 3358 1674 3394 vel
1698 3358 1857 3393 diversae
1881 3358 2051 3393 materiae
2074 3356 2128 3392 vel
2153 3365 2244 3401 quae
2264 3365 2356 3388 elus-

1270 3472 1441 3514 adquisita
1451 3473 1520 3506 AB
1614 3474 1668 3513 (11)
1693 3474 1741 3506 sic
1752 3472 1911 3516 ADiqffl,
1926 3471 2069 3503 defluere
2083 3470 2156 3503 BT
2227 3468 2286 3506 (12)
2310 3467 2357 3499 sic

1271 3517 1430 3559 (publicis
1443 3518 1478 3550 F
1486 3518 1508 3560 ¹)
1522 3519 1614 3562 Diffi,
1629 3517 1803 3559 publicum
1817 3518 1901 3556 libri,
1915 3515 2045 3558 publici
2060 3516 2173 3557 leqz'sse
2186 3512 2313 3544 videtur
2327 3511 2357 3543 Θ

1271 3565 1328 3603 (13)
1357 3567 1372 3602 §
1389 3570 1424 3596 25
1438 3564 1553 3597 similis
1566 3564 1753 3607 D1‘9.41,1‚
1768 3571 1794 3602 τ,
1810 3571 1824 3596 7
1839 3562 1932 3603 (Gai.
1949 3561 1968 3593 l.
1984 3562 2023 3602 c.)
2096 3561 2151 3597 (11)
2178 3556 2254 3598 quis
2266 3552 2356 3596 BT‘,

1269 3611 1345 3640 uter
1357 3608 1439 3645 A'l'¹²
1542 3612 1599 3647 (15)
1625 3608 1735 3649 redigi
1749 3608 1784 3640 Β
1889 3608 1948 3647 (16)
1973 3606 2023 3637 sic
2034 3604 2147 3642 ΑΒΘ,
2161 3601 2276 3634 reduci
2288 3611 2355 3633 non

1270 3655 1410 3695 possunt
1426 3654 1459 3687 T
1545 3655 1603 3694 (17)
1634 3653 1708 3687 Gai.
1723 3654 1755 3691 2,
1769 3660 1804 3686 ’19
1907 3653 1966 3691 (18)
1993 3650 2038 3689 et]
2052 3646 2247 3687 ABeGai„
2259 3645 2313 3678 vel
2329 3645 2360 3678 Τ

1271 3699 1417 3783 {Lyd-«iffi
1432 3699 1504 3739 AT,
1519 3699 1556 3730 fit
1570 3699 1603 3731 Β
1727 3698 1791 3739 (20)
1817 3696 1888 3737 sed]
1903 3695 1981 3729 libri
1991 3706 2059 3727 cum
2074 3693 2125 3725 Θι
2129 3692 2241 3736 fuitne
2253 3690 2311 3723 sed
2323 3692 2355 3722 et

2032 3786 2076 3818 2*
