2528 3918
136 160 176 191 VI
197 158 415 193 BONOBUM
437 158 679 192 RAP'I'ORUM
701 157 758 191 m*
781 158 841 191 DE
863 158 1010 192 TURBA

129 271 254 307 fecerit
276 271 348 308 sive
372 272 477 308 etiam
500 271 701 308 hominibus
722 271 868 313 coactis,
894 270 945 306 sic
965 271 1128 317 accipere
1147 269 1207 305 de-

130 318 252 352 bemus
275 318 383 353 etiam
406 318 605 353 hominibus
631 318 765 352 coactis
789 317 843 352 vel
868 317 1014 352 armatis
1037 316 1091 351 vel
1115 316 1207 351 iner-

130 366 150 396 8
197 362 312 398 mibus
344 364 414 399 hoc
445 363 561 398 edicto
593 365 758 398 teneatur
771 363 793 396 ¹.
841 362 925 396 Doli
962 362 1045 396 mali
1077 360 1208 396 mentio

130 407 187 442 1110
217 411 253 443 01
281 408 350 443 vim
381 408 418 443 in
449 418 487 444 se
510 408 629 443 habet.
676 418 759 442 nam
784 406 845 451 qui
867 407 962 441 vim²
990 407 1094 448 facit,
1127 406 1208 441 dolo

129 452 221 487 malo
252 453 338 488 fecit
347 454 371 497 ³,
402 464 474 488 non
503 456 622 487 tamen
655 453 714 497 qui
738 452 819 487 dolo
843 453 936 487 malo
961 452 1063 493 facit,
1088 451 1210 495 utique

129 500 165 532 et
187 497 220 532 vi
242 497 341 532 facit.
389 497 441 532 ita
465 497 567 533 dolus
591 497 701 532 habet
723 497 760 532 in
785 507 823 532 se
847 501 883 532 et
905 497 993 531 vim:
1019 500 1054 532 et
1077 496 1153 531 sine
1177 495 1210 530 vi

129 542 160 577 si
191 542 275 586 quid
305 543 433 578 callide
467 542 659 577 admissum
696 546 769 584 est,
809 552 920 587 aeque
960 541 1208 577 continebitur.

129 590 149 621 9
198 587 349 622 ‘Damni’
372 591 517 633 praetor
539 587 671 631 inquit:
697 587 814 623 omnia
837 598 919 631 ergo
944 587 1074 622 damna
1098 585 1210 621 001111-

129 635 190 667 001
213 637 248 667 01
273 633 526 667 clandestinat
575 632 638 667 sed
660 643 733 668 non
763 636 850 678 puto
877 631 1113 675 clandestina,
1148 630 1211 665 sed

129 687 188 721 ea,
223 688 314 722 quae
345 677 510 713 violentia
567 678 715 712 ermixta
739 681 833 713 sunt.
881 677 987 712 etiam
1011 676 1089 721 quis
1113 680 1211 711 recte

131 722 291 766 definiet,
331 723 361 757 si
390 722 475 767 quid
504 734 543 758 so
559 733 601 757 us
634 722 815 758 admiserit
847 722 924 767 quis
961 732 1033 756 non
1055 721 1105 765 vi,
1138 732 1211 756 non

130 767 302 803 contineri
328 768 398 803 hoc
428 767 564 810 edicto,
601 771 638 803 et
667 769 697 803 si
720 768 805 813 quid
836 767 1037 802 hominibus
1064 766 1209 808 coactis,

131 812 267 847 etiamsi
290 813 368 848 3100
390 813 435 855 vi,
461 813 648 848 dummodo
670 813 750 848 dolo
775 812 822 848 sit
841 812 1045 855 admissum,
1071 812 1116 846 ad
1140 812 1210 846 1100

133 862 172 892 10
220 857 373 893 edictum
405 862 578 903 spectare.
639 858 802 893 Ceterum
841 867 957 902 neque
995 857 1083 892 furti
1115 856 1210 892 actio

130 913 243 946 neque
267 903 353 947 legis
377 903 541 947 Aquiliae
574 903 798 938 contributae
822 906 905 938 sunt
928 903 964 937 in
987 903 1056 937 11οο
1081 902 1209 945 0111010,

129 948 213 983 11001
234 948 410 983 interdum
440 959 643 984 communes
667 949 738 983 sint
762 959 843 983 cum
866 948 935 982 1100
960 948 1092 983 011101οε
1127 957 1210 982 0001

129 993 286 1028 Iulianus
311 993 435 1029 scribit
459 1004 539 1029 eum
572 993 632 1038 qui
654 994 687 1028 vi
711 994 806 1038 rapit
836 992 951 1027 furem
976 1003 1054 1028 esse
1077 993 1209 1037 impro-

130 1038 279 1080 biorem,
313 1042 347 1073 et
370 1039 401 1074 si
425 1039 510 1083 quid
534 1038 652 1074 damni
676 1039 810 1073 coactis
834 1038 1037 1073 hominibus
1063 1038 1209 1079 dederit,

132 1087 169 1117 11
219 1084 341 1128 utique
369 1084 475 1118 etiam
497 1084 640 1128 Aquilia
669 1084 802 1128 poterit
832 1084 957 1118 teneri.
1006 1083 1084 1118 ‘Vel
1109 1083 1210 1118 00103

130 1129 237 1164 ‘bona
268 1132 372 1173 rapta
403 1139 480 1164 esse
504 1128 694 1163 dicuntur’.
742 1128 837 1173 quod
861 1129 912 1163 ait
934 1131 1080 1173 praetor
1105 1129 1210 1162 ‘bona

130 1174 268 1219 ‘rapta'‚
307 1173 359 1209 sic
383 1174 614 1218 accipiemus:
648 1174 753 1209 etiam
785 1174 816 1209 si
849 1184 921 1208 una
952 1184 1008 1209 res
1034 1184 1078 1208 ex
1107 1173 1210 1208 bonis

133 1221 172 1253 12
218 1222 323 1263 rapta
354 1219 412 1254 sit.
460 1219 498 1254 Si
528 1219 606 1264 quis
637 1229 709 1254 non
747 1219 907 1254 homines
936 1219 1013 1264 ipse
1044 1218 1209 1263 coegerit,

130 1263 192 1299 sed
222 1264 316 1298 inter
347 1267 491 1299 coactos
520 1265 620 1309 ipse⁵
650 1263 759 1299 fuerit
789 1268 824 1299 et
848 1264 932 1309 quid
965 1267 1028 1298 aut
1051 1264 1212 1308 rapuerit

129 1312 192 1343 aut
217 1308 334 1343 damni
358 1309 509 1353 dederit,
544 1309 611 1344 hac
643 1309 784 1345 actione
808 1313 957 1344 tenetur.
1008 1309 1069 1344 sed
1093 1313 1211 1343 utrum

129 1354 198 1388 1100
221 1354 336 1389 301010
361 1354 541 1389 0001111001
565 1354 729 1398 edictum,
755 1354 849 1399 quod
875 1354 956 1389 dolo
980 1354 1073 1389 malo
1097 1354 1210 1389 homi-

129 1399 233 1434 nibus
257 1409 279 1433 a
302 1409 362 1434 reo
395 1399 530 1434 coactis
563 1399 729 1434 damnum
763 1400 884 1434 datum
909 1400 956 1434 sit
978 1400 1033 1434 vel
1057 1403 1210 1443 raptum,

129 1454 176 1479 an
193 1454 276 1479 vero
301 1443 396 1488 quod
420 1444 501 1479 dolo
526 1445 620 1480 malo
644 1445 696 1479 rei
719 1448 861 1489 raptum
880 1444 936 1479 vel
959 1445 1125 1479 damnum
1149 1444 1211 1478 da-

128 1493 203 1523 tum
227 1489 283 1532 sit,
308 1489 392 1524 licet
415 1490 460 1524 ab
485 1489 555 1525 alio
579 1490 739 1525 homines
764 1490 835 1525 sint
859 1490 991 1533 coacti,
1017 1490 1210 1534 quaeritur.

129 1538 165 1569 et
187 1534 312 1570 melius
337 1544 415 1570 esse
439 1534 567 1570 dicitur
590 1534 698 1570 etiam
720 1535 789 1570 hoc
813 1535 1003 1578 contineri,
1028 1538 1069 1569 ut
1093 1534 1212 1570 omnia

129 1580 218 1614 haec
243 1579 492 1615 contineantur
522 1583 558 1614 et
589 1580 684 1625 quod
713 1590 758 1615 ex
782 1580 915 1615 coactis
948 1580 993 1615 ab
1018 1580 1088 1615 alio
1114 1580 1210 1614 dam-

128 1635 213 1659 num
233 1624 355 1659 datum
379 1625 456 1668 sitss,
482 1628 523 1659 ut
545 1629 582 1660 01
603 1625 633 1660 13
652 1625 712 1670 qui
735 1626 850 1670 coegit
873 1629 909 1660 et
930 1625 961 1660 is
987 1626 1046 1670 qui
1065 1628 1211 1660 coactus

134 1673 171 1704 13
220 1674 274 1704 031
310 1670 483 1705 contineri
522 1670 695 1705 videatur.
759 1671 800 1705 In
837 1671 906 1705 hac
940 1671 1081 1705 actione
1119 1670 1213 1705 intra

129 1725 262 1749 annum
289 1715 410 1749 utilem
433 1725 554 1749 verum
577 1716 732 1760 pretium
754 1716 807 1751 rei
830 1715 1105 1760 quadruplatur,
1138 1726 1212 1750 non

134 1764 172 1794 14
219 1760 325 1794 011001
350 1759 444 1805 quod
466 1760 625 1795 interest.
674 1761 773 1796 Haec
797 1761 891 1796 actio
921 1761 1027 1795 etiam
1055 1760 1212 1795 familiae

130 1805 271 1840 nomine
307 1805 492 1849 competit,
538 1816 609 1840 non
643 1805 810 1851 imposita
844 1806 1058 1841 necessitate
1093 1810 1211 1840 osten-

130 1849 251 1892 dendi,
285 1850 345 1895 qui
381 1853 465 1885 sunt
497 1861 540 1884 ex
569 1850 705 1885 familia
737 1851 897 1886 homines
928 1851 988 1896 qui
1019 1854 1214 1895 rapuerunt

130 1895 185 1930 vel
208 1895 312 1929 etiam
337 1894 502 1930 damnum
533 1895 716 1930 dederunt.
763 1896 918 1931 familiae
947 1899 1064 1930 autem
1089 1896 1211 1940 appel-

129 1940 215 1975 latio
240 1950 360 1975 servos
385 1940 558 1982 continet,
589 1941 658 1976 hoc
682 1944 738 1976 est
760 1952 839 1983 eos,
873 1941 933 1985 qui
956 1941 993 1975 in
1016 1941 1211 1976 ministerio

130 1988 224 2027 sunt,
251 1985 386 2019 etiamsi
410 1985 514 2020 liberi
538 1995 616 2021 esse
639 1990 888 2031 proponantur
911 1986 965 2021 vel
988 1986 1095 2020 alieni
1117 1987 1213 2021 bona

134 2034 172 2064 15
217 2029 287 2065 fide
322 2030 425 2065 nobis
460 2031 664 2066 servientes.
722 2031 802 2066 Hac
841 2031 982 2066 actione
1016 2042 1088 2066 non
1122 2034 1210 2076 puto

130 2085 235 2120 posse
272 2078 430 2111 actorem
461 2076 680 2120 singulorum
718 2087 900 2111 servorum
936 2077 1077 2111 nomine
1108 2086 1212 2121 agere

130 2120 298 2156 adversus
339 2120 519 2155 dominum
558 2131 697 2164 eorum,
742 2122 825 2166 quia
862 2121 996 2157 sufficit
1033 2121 1213 2156 dominum

134 2169 173 2200 16
219 2166 327 2201 semel
340 2166 577 2210 quadruplum
598 2166 735 2201 offerre.
772 2167 830 2201 Ex
848 2167 917 2202 hac
938 2167 1078 2201 actione
1098 2177 1213 2202 noxae

130 2210 259 2246 deditio
295 2221 367 2245 non
400 2211 511 2246 totius
542 2211 709 2253 familiae,
744 2212 806 2247 sed
839 2222 962 2247 eorum
990 2215 1129 2246 tantum
1157 2212 1213 2247 vel

130 2256 224 2298 eius,
268 2256 328 2301 qui
371 2256 452 2291 dolo
501 2255 629 2291 fecisse
672 2257 924 2302 comperietur,
975 2257 1053 2292 fieri
1094 2257 1211 2292 debet.

133 2304 170 2335 17
219 2301 318 2336 Haec
343 2301 437 2336 actio
460 2301 561 2345 volgo
586 2301 642 2336 vi⁷
665 2302 840 2337 bonorum
863 2306 1048 2348 raptorum
1073 2302 1211 2337 dicitur.

134 2348 172 2379 18
219 2345 298 2380 Hac
329 2346 469 2381 actione
500 2347 529 2381 is
555 2346 694 2381 demum
717 2351 876 2390 tenetur,
909 2348 969 2392 qui
993 2347 1113 2382 dolum
1137 2358 1211 2382 ma-

130 2391 203 2425 lum
231 2391 403 2426 adhibuit.
452 2392 482 2426 si
513 2391 590 2436 quis
628 2392 737 2436 igitur
776 2403 877 2428 suam
906 2403 982 2427 rem
1013 2393 1147 2437 rapuit,
1178 2393 1213 2427 vi

131 2435 270 2480 quidem
295 2436 467 2471 bonorum
491 2441 674 2481 raptorum
697 2448 770 2472 non
793 2438 988 2481 tenebitur,
1023 2438 1086 2473 sed
1110 2438 1213 2472 aliter

130 2481 347 2516 multabitur.
395 2481 458 2517 sed
490 2485 527 2517 et
557 2482 588 2517 si
621 2482 697 2527 quis
730 2483 917 2527 fugitivum
948 2494 1070 2525 suum,
1109 2494 1212 2527 quem

132 2527 225 2561 bona
237 2525 306 2561 fide
326 2527 454 2571 aliquis
472 2527 690 2572 possidebat,
710 2528 840 2573 rapuit,
859 2539 970 2572 aeque
991 2528 1059 2563 hac
1072 2529 1212 2563 actione

131 2581 202 2605 non
226 2571 413 2615 tenebitur,
438 2572 522 2616 quia
546 2583 620 2607 rem
644 2583 745 2607 suam
770 2573 897 2608 aufert.
948 2573 1033 2617 quid
1058 2584 1156 2617 ergo,
1182 2574 1213 2608 si

133 2619 174 2650 19
229 2616 296 2651 sibi
333 2617 547 2660 obligatam?
601 2617 744 2652 debebit
777 2618 901 2653 teneri.
957 2619 1002 2653 Vi
1037 2619 1212 2654 bonorum

130 2664 314 2705 raptorum
343 2662 437 2696 actio
467 2662 504 2696 in
527 2662 761 2706 impuberem,
795 2663 857 2707 qui
888 2663 960 2698 doli
988 2663 1072 2697 mali
1098 2674 1212 2708 capax

131 2716 202 2740 non
227 2710 290 2747 est,
315 2717 386 2741 non
411 2706 571 2742 dabitur:
595 2707 688 2742 nisi*³
717 2719 838 2743 servus
862 2708 973 2753 ipsius
999 2709 1053 2743 vel
1078 2709 1212 2743 familia

133 2751 207 2786 0103
232 2751 416 2786 admisisse
438 2756 704 2796 proponantur,
737 2757 772 2787 et
795 2754 886 2788 servi
910 2757 945 2788 et
968 2753 1123 2789 familiae
1146 2765 1211 2789 no-

131 2795 223 2830 mine
253 2796 373 2830 noxali
403 2796 437 2831 vi
468 2797 642 2831 bonorum
670 2802 855 2842 raptorum
887 2799 1028 2833 actione
1056 2802 1209 2834 tenetur.

132 2844 174 2874 20
222 2839 260 2875 81
308 2840 494 2876 0111100003
514 2852 624 2886 110003
646 2853 761 2877 meum
780 2844 978 2885 abduxerit,
1005 2843 1088 2878 dum
1108 2848 1212 2889 putat

131 2889 256 2920 contra
293 2896 389 2930 egem
413 2886 593 2930 vectigalis
625 2887 757 2932 aliquid
782 2899 803 2923 a
826 2899 881 2924 me
904 2889 1055 2923 factum:
1089 2900 1209 2933 quam-

133 2931 182 2966 vis
207 2930 392 2972 erraverit,
424 2931 481 2975 agi
511 2935 629 2966 tamen
653 2943 733 2967 cum
758 2944 798 2968 eo
823 2933 857 2968 vi
885 2934 1059 2969 bonorum
1090 2939 1209 2979 rapto-

131 2986 209 3010 rum
232 2986 303 3010 non
327 2986 433 3021 posse
450 2976 572 3011 Labeo
598 2977 664 3012 ait:
690 2988 775 3013 sane
800 2979 881 3014 dolo
903 2983 1017 3014 caret:
1042 2980 1073 3014 si
1092 2983 1211 3014 tamen

130 3020 209 3056 ideo
233 3020 396 3065 inclusit,
429 3031 474 3055 ne
496 3025 668 3066 pascatur
691 3028 725 3058 et
749 3027 789 3058 ut
812 3024 906 3059 fame
929 3024 1078 3069 periret,
1103 3025 1211 3059 etiam

132 3068 171 3099 21
221 3066 300 3100 utili
322 3066 398 3110 lege
422 3066 575 3110 Aquilia.
624 3066 662 3101 Si
692 3078 756 3113 per
779 3069 849 3104 vim
881 3069 1076 3104 abductum
1099 3080 1210 3114 pecus

131 3111 315 3145 incluserit
332 3111 421 3155 quis,
447 3111 568 3155 utique
586 3111 620 3146 vi
640 3112 813 3148 bonorum
830 3118 1013 3159 raptorum
1032 3114 1212 3149 conveniri

133 3158 174 3189 22
220 3156 362 3200 poterit.
409 3156 451 3190 In
482 3156 551 3191 hac
582 3156 722 3192 actione
754 3169 826 3193 non
857 3159 978 3203 utique
1009 3163 1210 3205 spectamus

132 3210 206 3235 rem
234 3200 272 3235 in
304 3201 404 3237 bonis
435 3201 566 3236 actoris
598 3212 691 3237 esse:
733 3203 827 3239 ⁹sive
858 3204 896 3239 in
925 3204 1027 3239 bonis
1059 3204 1107 3239 sit
1138 3204 1210 3239 sive

133 3256 203 3279 non
227 3245 283 3289 sit,
307 3246 339 3281 si
360 3249 478 3281 tamen
503 3257 546 3281 ex
570 3246 671 3281 bonis
695 3248 751 3291 sit,
776 3248 894 3284 locum
913 3250 1002 3284 haec
1027 3249 1121 3284 actio
1146 3249 1209 3284 ha-

133 3290 239 3325 bebit.
276 3301 384 3334 quare
407 3291 480 3326 sive
504 3291 727 3327 commodata
750 3304 807 3329 res
831 3294 878 3329 sit
901 3294 972 3329 sive
996 3295 1116 3329 locata
1139 3295 1212 3329 sive

132 3334 238 3387 etiam
265 3335 450 3387 pignerata
477 3340 699 3381 proponatur
731 3338 804 3373 sive
834 3338 995 3383 deposita
1027 3339 1122 3385 apud
1154 3350 1211 3374 me

132 3391 201 3425 sm,
218 3383 259 3414 ut
282 3381 422 3416 10101311
444 3391 523 3416 mea
546 3391 624 3416 eam
648 3392 719 3417 non
744 3383 894 3426 auferri,
927 3384 999 3419 sive
1023 3385 1118 3419 bona
1141 3384 1211 3419 fide

131 3435 154 3459 a
176 3435 232 3460 me
255 3425 497 3469 possideatur,
529 3426 602 3462 sive
626 3437 730 3462 usum
753 3427 909 3463 fructum
931 3429 969 3464 in
994 3439 1035 3464 ea
1058 3430 1210 3465 habeam

132 3469 187 3505 vel
210 3469 306 3515 quod
334 3470 432 3506 aliud
458 3471 534 3514 1113,
566 3474 607 3507 01
627 3471 768 3508 intersit
778 3474 805 3494 ¹⁰
835 3483 915 3509 mea
937 3485 1008 3510 non
1031 3474 1126 3519 rapi:
1157 3474 1210 3509 di-

133 3587 171 3624 (1)
196 3585 258 3617 hoo
272 3584 361 3617 enim
373 3585 463 3626 quod
473 3586 522 3618 ait
533 3586 733 3619 ‘hominibus
746 3584 878 3618 coactis’
897 3586 943 3618 310
955 3587 1103 3629 accipere
1114 3587 1209 3620 debe-

133 3639 205 3661 mus
217 3629 327 3661 ‘etiam
338 3629 528 3663 hominibus
539 3630 681 3673 coactis’,
692 3633 741 3673 ut,
754 3631 822 3663 sive
834 3630 924 3663 solus
935 3631 1002 3664 vim
1013 3632 1130 3665 fecerit
1141 3633 1209 3664 sive

132 3674 231 3706 etiam
253 3674 443 3707 hominibus
464 3675 586 3708 coactis
608 3675 661 3709 vel
683 3676 818 3709 armatis
840 3675 894 3708 vel
916 3676 1116 3718 inermibus,
1145 3678 1208 3709 1100

133 3718 239 3751 0111010
258 3721 411 3752 teneatur
431 3719 578 3764 Saviqny
685 3722 729 3763 (2)
755 3721 789 3753 vi
807 3733 871 3754 scr.
978 3723 1019 3761 (3)
1044 3722 1126 3754 facit
1143 3734 1205 3754 scr.

137 3765 174 3803 14)
202 3766 231 3795 et
251 3763 452 3797 clandestina
473 3766 532 3798 del.
641 3767 684 3805 (5)
708 3766 778 3807 ipse
798 3767 859 3799 del.
971 3767 1015 3806 (6)
1039 3769 1078 3798 01
1096 3766 1205 3799 omnia

1200 140 1287 191 777

2049 148 2300 194 XXXXVII
2333 153 2356 194 8

1278 270 1428 305 0011110111
1460 271 1515 305 031
1546 273 1744 314 competere
1768 272 1852 306 mihi
1880 273 1973 308 hanc
1998 274 2188 317 actionem,
2225 278 2264 310 ut
2288 286 2357 310 non

1278 315 1470 350 dominium
1501 314 1736 359 accipiamus,
1773 318 1835 352 sed
1865 318 1953 353 illud
1982 320 2114 362 solum,
2150 320 2280 365 quod¹¹
2315 330 2357 355 ex

1277 360 1380 395 bonis
1412 360 1516 402 meis,
1557 360 1626 394 hoc
1656 364 1710 394 est
1742 372 1782 395 ex
1815 363 2015 398 substantia
2043 375 2121 400 mea
2149 376 2206 401 res
2238 365 2359 400 ablata

1279 409 1320 440 23
1368 416 1447 441 esse
1470 407 1742 450 proponatur¹².
1779 407 1828 440 Et
1850 409 2059 451 generaliter
2082 410 2268 445 dicendum
2293 414 2358 453 est,

1278 461 1322 486 ex
1342 451 1470 495 quibus
1492 450 1609 485 causis
1631 449 1717 484 furti
1741 451 1825 485 mihi
1849 454 1941 488 actio
1962 456 2130 499 competit
2149 455 2184 489 in
2208 466 2247 490 re
2268 456 2358 490 clam

1278 495 1393 537 facta,
1426 506 1470 530 ex
1498 495 1635 530 hisdem
1661 495 1778 529 causis
1810 496 1940 532 habere
1963 509 2018 533 me
2052 500 2145 535 hanc
2169 501 2356 535 actionem.

1279 540 1373 575 dicet
1402 540 1546 585 aliquis:
1580 540 1713 584 adquin
1746 541 1790 575 ob
1815 551 1888 576 rem
1912 542 2107 587 depositam
2138 544 2223 579 furti
2247 546 2357 580 actio-

1278 595 1358 620 nem
1382 596 1454 620 non
1473 585 1655 620 habemus.
1690 585 1752 620 sed
1772 585 1851 621 ideo
1873 587 1992 622 addidi
2017 589 2057 623 ‘si
2079 589 2219 624 intersit
2236 594 2359 625 nostra

1280 633 1362 666 ‘non
1386 641 1464 665 esse
1487 631 1658 675 raptam’:
1689 640 1770 664 nam
1795 634 1830 665 et
1852 630 1940 666 furti
1964 634 2137 669 actionem
2161 635 2294 678 habeo,
2327 636 2357 670 si

1278 676 1315 710 in
1339 686 1377 710 re
1403 676 1566 720 deposita
1586 676 1728 720 culpam
1748 686 1889 720 quoque
1910 678 2111 722 repromissi
2128 680 2183 714 vel
2207 680 2358 725 pretium

1281 724 1322 755 24
1369 721 1600 765 depositionis
1625 732 1698 756 non
1721 721 1823 766 quasi
1843 722 2039 757 mercedem
2059 724 2192 768 accepi.
2230 725 2358 760 Utilius

1281 766 1468 800 dicendum
1497 770 1552 801 est
1582 770 1617 800 et
1648 767 1677 801 si
1710 770 1825 801 cesset
1848 767 1942 802 actio
1973 767 2060 802 furti
2084 769 2128 803 ob
2153 780 2226 803 rem
2251 769 2357 814 depo-

1279 811 1399 853 sitam,
1434 822 1511 846 esse
1541 815 1661 846 tamen
1690 811 1723 846 vi
1755 812 1929 847 bonorum
1960 817 2142 857 raptorum
2174 814 2357 857 actionem,

1280 857 1362 901 quia
1386 867 1458 891 non
1482 857 1626 891 minima
1650 856 1848 891 differentia
1878 861 1932 891 est
1961 857 2052 892 inter
2076 869 2154 893 eum
2209 860 2245 893 ui
2269 860 2359 894 clam

1278 901 1373 936 facit
1390 905 1425 936 et
1448 911 1528 936 eum
1554 903 1613 946 qui
1637 902 1742 946 rapit,
1767 912 1848 936 cum
1871 901 1929 936 ille
1954 903 2043 937 celet
2061 914 2162 938 suum
2183 871 2357 946 (1101101001,

1279 947 1338 981 1110
1361 947 1523 991 publicet
1551 950 1587 982 et
1611 947 1744 982 crimen
1768 947 1875 982 etiam
1904 948 2086 992 publicum
2110 949 2282 983 admittat.
2329 949 2360 984 si

1279 992 1357 1037 quis
1387 992 1495 1036 igitur
1524 992 1698 1027 interesse
1731 1003 1797 1027 sua
1827 993 1881 1028 vel
1906 992 2042 1028 modice
2066 993 2224 1033 docebit,
2257 994 2358 1029 debet

1281 1040 1321 1071 25
1369 1037 1502 1072 habere
1525 1037 1558 1072 vi
1582 1038 1757 1072 bonorum
1781 1041 1966 1082 raptorum
1991 1038 2176 1073 actionem.
2209 1038 2246 1073 Si
2269 1039 2358 1083 fugi-

1278 1082 1371 1117 tivus
1396 1093 1494 1117 meus
1520 1082 1693 1127 quasdam
1717 1093 1773 1118 res
1803 1082 2004 1118 instruendi
2028 1083 2083 1118 sui
2107 1094 2216 1118 causa
2238 1084 2361 1118 emerit

1279 1138 1412 1172 eaeque
1435 1131 1561 1172 raptae
1585 1127 1667 1169 sint,
1693 1128 1775 1172 quia
1798 1128 1836 1162 in
1859 1128 1962 1163 bonis
1985 1128 2072 1164 meis
2095 1129 2163 1163 hae
2187 1133 2270 1164 sunt
2292 1139 2360 1171 res,

1278 1183 1425 1218 possum
1455 1173 1498 1208 de
1529 1172 1585 1208 his
1617 1173 1652 1208 vi
1675 1173 1849 1208 bonorum
1878 1177 2062 1218 raptorum
2086 1174 2225 1208 actione
2249 1184 2359 1217 agere.

1281 1221 1323 1253 26
1370 1218 1503 1253 Rerum
1527 1222 1713 1264 raptarum
1741 1218 1883 1253 nomine
1912 1219 2020 1254 etiam
2048 1218 2136 1253 furti
2165 1219 2220 1254 vel
2245 1218 2363 1253 damni

1279 1262 1432 1298 iniuriae
1455 1264 1509 1298 vel
1535 1263 1759 1299 condictione
1784 1264 1840 1308 agi
1864 1267 1983 1307 potest
2005 1264 2060 1299 vel
2085 1267 2179 1299 certe
2204 1264 2362 1308 singulae

1281 1311 1320 1342 27
1369 1319 1427 1343 res
1448 1308 1620 1343 vindicari
1643 1313 1804 1353 possunt.
1841 1309 1941 1344 Haec
1961 1309 2054 1344 actio
2078 1309 2200 1344 heredi
2220 1309 2362 1344 ceteris-

1282 1364 1350 1398 que
1375 1353 1644 1389 successoribus
1677 1353 1831 1389 dabitur.
1880 1354 2049 1389 adversus
2074 1354 2221 1389 heredes
2246 1358 2363 1389 autem

1279 1399 1335 1433 vel
1365 1403 1503 1434 ceteros
1535 1409 1762 1434 successores
1796 1410 1869 1434 non
1900 1399 2058 1441 dabitur,
2093 1400 2176 1444 quia
2203 1399 2363 1444 poenalis

1280 1443 1373 1479 actio
1397 1444 1433 1478 in
1457 1454 1517 1479 eos
1541 1455 1612 1479 non
1637 1444 1754 1479 datur.
1802 1455 1848 1479 an
1872 1448 1992 1479 tamen
2013 1444 2051 1478 in
2074 1445 2126 1487 id,
2157 1444 2288 1488 quod¹³
2311 1444 2363 1478 10-

1281 1489 1495 1533 cupletiores
1525 1489 1613 1524 facti
1643 1493 1743 1531 sunt,
1786 1490 1864 1524 dari
1903 1489 2049 1532 debeat,
2090 1489 2280 1524 videamus.
2330 1493 2365 1524 et

1280 1545 1344 1578 ego
1368 1538 1456 1579 puto
1479 1534 1559 1569 ideo
1584 1538 1785 1579 praetorem
1818 1545 1889 1569 non
1913 1545 1991 1570 esse
2023 1535 2219 1579 pollicitum
2241 1534 2363 1569 inhe-

1281 1579 1383 1614 redes
1407 1579 1444 1613 in
1467 1579 1502 1613 id
1529 1579 1624 1624 quod
1648 1579 1694 1614 ad
1719 1590 1779 1615 eos
1803 1580 1980 1624 pervenit,
2014 1580 2097 1625 quia
2128 1579 2266 1625 putavit
2289 1579 2363 1615 suf-

1281 1624 1388 1659 ficere
1412 1624 1682 1659 condictionem.

1328 1668 1350 1706 3
1386 1669 1544 1704 Psaros
1572 1670 1662 1705 libro
1693 1670 2017 1715 quz'nquaqensz'mo
2047 1673 2176 1716 quarto
2201 1669 2251 1704 ad
2272 1669 2364 1705 edic-

1282 1718 1355 1749 tum
1392 1714 1431 1749 Si
1454 1724 1576 1750 servus
1601 1715 1760 1760 rapuerit
1783 1718 1819 1749 et
1843 1725 1922 1749 cum
1945 1714 2057 1750 libero
2082 1718 2222 1759 agatur,
2248 1715 2363 1758 etiam,

1281 1760 1312 1795 si
1345 1770 1425 1795 cum
1456 1759 1596 1795 domino
1629 1760 1837 1805 experiundi
1866 1763 2027 1805 potestas
2056 1760 2141 1802 fuit,
2173 1771 2245 1795 non
2268 1763 2365 1795 recte

1283 1816 1362 1840 cum
1386 1805 1602 1840 manumisso
1626 1809 1710 1850 post
1734 1816 1865 1839 annum
1889 1809 2030 1849 agetur,
2065 1806 2149 1850 quia
2173 1816 2252 1840 cum
2277 1815 2363 1849 quo-

1282 1861 1432 1894 cumque
1457 1850 1668 1895 experiundi
1691 1854 1850 1894 potestas
1875 1850 1998 1892 fuerit,
2030 1850 2229 1885 excluditur
2252 1855 2363 1885 actor.

1286 1896 1350 1930 ¹⁵si
1375 1906 1456 1930 cum
1479 1895 1621 1930 domino
1645 1895 1740 1930 intra
1765 1906 1896 1929 annum
1917 1900 2036 1930 actum
2056 1896 2111 1939 sit,
2137 1895 2262 1931 deinde
2285 1906 2364 1930 cum

1280 1940 1496 1976 manumisso
1522 1944 1667 1985 agatur,
1693 1941 1744 1975 rei
1766 1940 1944 1976 iudicatae
1969 1941 2212 1986 exceptionem
2236 1950 2364 1976 nocere

1280 1986 1402 2021 Labeo
1428 1985 1489 2020 ait.

1327 2030 1351 2067 4
1384 2030 1580 2066 Urmms
1610 2031 1699 2066 libro
1725 2031 2047 2076 quinquagensimo
2071 2035 2175 2067 sexto
2200 2031 2248 2066 ad
2271 2031 2363 2066 edic-

1282 2080 1353 2111 tum
1388 2076 1541 2111 Praetor
1558 2075 1624 2110 ait:
1650 2075 1771 2110 ‘Cuius
1793 2075 1874 2110 dolo
1895 2076 1987 2111 malo
2011 2076 2048 2110 in
2071 2077 2178 2111 turba
2199 2076 2363 2110 damnum

1283 2121 1379 2166 ‘quid
1402 2121 1538 2157 factum
1563 2131 1641 2156 esse
1665 2120 1819 2163 dicetur,
1844 2121 1881 2155 in
1905 2131 1984 2156 eum
2008 2121 2044 2156 in
2068 2132 2172 2164 anno,
2198 2131 2266 2166 quo
2290 2121 2364 2166 pri-

1282 2170 1388 2202 ‘mum
1409 2166 1453 2201 de
1471 2177 1514 2201 ea
1535 2176 1575 2201 re
1594 2165 1804 2210 experiundi
1823 2169 1984 2210 potestas
2004 2166 2120 2210 fuerit,
2145 2167 2182 2201 in
2206 2166 2363 2212 duplum,

1285 2216 1298 2246 1
1350 2215 1444 2256 ‘post
1472 2222 1607 2247 annum
1640 2212 1677 2246 in
1710 2210 1874 2255 simplum
1914 2211 2083 2246 iudicium
2114 2212 2231 2247 dabo'.
2286 2211 2364 2246 Hoc

1281 2257 1438 2292 0111010111
1458 2257 1502 2292 110
1521 2268 1562 2292 eo
1584 2256 1713 2291 damno
1737 2257 1960 2301 proponitur,
1985 2257 2080 2301 quod
2100 2257 2176 2301 quis
2201 2256 2238 2291 in
2257 2256 2364 2291 turba

1282 2306 1300 2336 2
1350 2302 1457 2338 dedit.
1506 2303 1667 2337 Turbam
1698 2305 1817 2336 autem
1849 2302 2063 2346 appellatam
2094 2302 2215 2337 Labeo
2246 2302 2296 2336 ait
2321 2311 2364 2336 ex

1281 2358 1408 2392 genere
1439 2348 1613 2383 tumultus
1644 2346 1752 2392 idque
1786 2348 1932 2382 verbum
1962 2358 2005 2382 ex
2037 2347 2174 2383 Graeco
2210 2350 2363 2381 tractum

1283 2398 1301 2427 3
1351 2388 1422 2427 ἀπὸ
1447 2394 1509 2426 τσῦ
1531 2393 1756 2440 θορυβεῖνίὸ.
1805 2392 1963 2426 Το111010
1994 2396 2112 2427 001010
2136 2402 2180 2427 ex
2203 2402 2272 2437 quo
2297 2403 2362 2425 nu-

1282 2448 1377 2473 mero
1403 2437 1645 2473 admittimus?
1680 2437 1711 2472 si
1736 2436 1806 2472 duo
1831 2437 1945 2472 rixam
1969 2438 2216 2480 commiserint,
2241 2436 2363 2480 utique

1281 2494 1354 2518 non
1378 2483 1594 2528 accipiemus
1618 2484 1655 2517 in
1678 2483 1788 2517 turba
1809 2482 1847 2518 id
1870 2482 2023 2524 factum,
2057 2483 2140 2528 quia
2164 2482 2232 2517 duo
2257 2482 2364 2516 turba

1282 2539 1354 2563 non
1383 2528 1527 2573 proprie
1563 2528 1741 2563 dicentur:
1780 2527 1956 2563 enimvero
1989 2529 2019 2563 si
2056 2529 2176 2573 plures
2206 2527 2362 2567 fuerunt,

1283 2574 1404 2608 decem
1428 2577 1490 2608 aut
1515 2573 1714 2618 quindecim
1744 2573 1922 2619 homines,
1955 2573 2061 2608 turba
2084 2573 2231 2608 dicetur.
2280 2571 2364 2616 quid

1282 2629 1383 2663 ergo,
1416 2618 1447 2654 si
1479 2622 1552 2653 tres
1583 2622 1646 2653 aut
1670 2619 1864 2663 quattuor?
1911 2619 2015 2653 turba
2039 2618 2159 2662 utique
2190 2628 2260 2652 non
2284 2616 2361 2651 erit.

1282 2667 1317 2698 et
1346 2663 1543 2699 rectissime
1571 2664 1694 2698 Labeo
1725 2664 1818 2698 inter
1847 2664 1989 2698 turbam
2013 2667 2049 2699 et
2071 2664 2184 2698 rixam
2214 2662 2363 2697 multum

1281 2709 1453 2744 interesse
1477 2709 1545 2743 ait:
1582 2719 1734 2753 namque
1758 2709 1901 2744 turbam
1925 2707 2158 2744 multitudinis
2182 2707 2362 2742 hominum

1284 2764 1360 2789 esse
1393 2754 1633 2789 turbationem
1663 2758 1698 2789 et
1730 2758 1886 2796 coetum,
1919 2754 2033 2788 rixam
2064 2753 2169 2788 etiam
2200 2752 2359 2786 duorum.

1282 2803 1303 2833 4
1348 2799 1427 2834 Ηο0
1448 2803 1567 2834 autem
1587 2798 1703 2834 edicto
1729 2802 1871 2834 tenetur
1889 2809 1961 2834 non
1981 2799 2090 2840 solus,
2117 2798 2177 2843 qui
2196 2797 2362 2832 damnum

1280 2845 1317 2878 in
1340 2845 1447 2879 turba
1472 2844 1586 2886 dedit,
1620 2843 1683 2879 sed
1706 2847 1742 2878 et
1764 2844 1813 2886 is,
1847 2843 1906 2889 qui
1930 2844 2010 2879 dolo
2036 2843 2127 2878 malo
2152 2842 2291 2885 fecerit,
2322 2844 2362 2875 ut

1280 2890 1317 2923 in
1340 2890 1447 2924 turba
1483 2889 1601 2924 damni
1633 2889 1717 2934 quid
1749 2889 1910 2930 daretur,
1946 2888 2019 2924 sive
2050 2889 2109 2924 illo
2133 2887 2265 2923 venerit
2289 2886 2360 2921 sive

1281 2945 1353 2969 non
1375 2934 1486 2969 fuerit
1508 2944 1694 2979 praesens:
1726 2934 1828 2969 dolus
1852 2934 1944 2969 enim
1967 2934 2080 2968 malus
2105 2933 2210 2968 etiam
2234 2932 2359 2966 absen-

1281 2984 1299 3013 5
1347 2979 1393 3014 113
1419 2990 1496 3015 0330
1519 2983 1648 3024 1101031.
1696 2979 1775 3014 Ηο0
1806 2979 1922 3014 0111010
1956 2979 2142 3014 (1100011010
2172 2979 2226 3012 031
2255 2976 2359 3010 011010

1281 3035 1360 3058 eum
1385 3025 1517 3067 teneri,
1551 3024 1612 3069 qui
1635 3024 1731 3059 venit
1754 3027 1790 3059 et
1811 3024 1849 3058 in
1872 3024 1979 3059 turba
2002 3023 2070 3058 fuit
2094 3026 2219 3057 auctor
2242 3020 2361 3055 damni

1280 3069 1397 3111 dandi,
1423 3070 1454 3104 si
1477 3073 1595 3104 tamen
1621 3072 1655 3104 et
1678 3069 1754 3114 ipse
1776 3069 1867 3104 inter
1891 3070 2031 3103 turbam
2053 3067 2132 3109 fuit,
2159 3076 2237 3117 cum
2262 3065 2359 3099 dam-

1280 3125 1365 3148 num
1390 3114 1551 3155 daretur,
1585 3117 1621 3148 et
1645 3114 1727 3149 dolo
1751 3114 1843 3149 malo
1868 3114 1953 3149 fuit:
1985 3124 2067 3147 nam
2091 3115 2126 3147 et
2148 3112 2261 3161 hu1us·
2276 3109 2357 3144 dolo

1279 3160 1372 3193 malo
1403 3159 1440 3193 in
1469 3160 1577 3194 turba
1608 3159 1726 3193 damni
1756 3159 1840 3203 quid
1870 3159 2006 3193 factum
2037 3168 2112 3193 esse
2143 3165 2264 3200 negari
2286 3164 2359 3207 11011

1281 3208 1300 3239 6
1347 3207 1475 3248 potest.
1531 3204 1568 3239 Si
1600 3204 1678 3248 quis
1711 3204 1865 3239 adventu
1901 3214 1965 3239 suo
1997 3203 2138 3237 turbam
2168 3199 2359 3235 concitant

1279 3249 1334 3284 vel
1358 3249 1551 3290 contraxit,
1583 3250 1639 3283 vel
1665 3249 1818 3284 clamore
1842 3249 1896 3284 vel
1927 3249 2022 3283 facto
2047 3246 2163 3290 aliquo
2195 3243 2251 3280 vel
2274 3243 2358 3279 dum

1280 3294 1488 3328 criminatur
1511 3294 1663 3338 aliquem
1687 3295 1742 3329 vel
1765 3294 1848 3329 dum
1872 3292 2145 3327 misericordiam
2169 3292 2357 3341 provocat:

1280 3339 1310 3373 si
1335 3339 1415 3374 dolo
1446 3339 1539 3373 malo
1575 3340 1649 3375 eius
1682 3339 1849 3374 damnum
1881 3338 2000 3372 datum
2025 3336 2088 3377 sit,
2125 3335 2261 3370 etiamsi
2285 3343 2357 3369 non

1279 3384 1405 3418 habuit
1436 3384 1622 3418 consilium
1653 3385 1780 3419 turbae
1811 3382 2003 3427 cogendae,
2036 3383 2188 3415 tenetur.
2235 3388 2357 3414 verum

1280 3432 1334 3464 est
1357 3428 1450 3463 enim
1474 3428 1555 3464 dolo
1576 3429 1668 3465 malo
1690 3430 1765 3464 eius
1783 3429 1820 3463 in
1843 3427 1948 3462 turba
1968 3425 2085 3460 damni
2109 3423 2193 3469 quid
2214 3423 2356 3458 datum:

1279 3484 1394 3518 neque
1418 3473 1511 3509 enim
1535 3474 1642 3519 exigit
1665 3477 1819 3519 praetor,
1845 3476 1884 3507 ut
1902 3471 1947 3506 ab
1970 3471 2048 3515 ipso
2073 3469 2120 3505 sit
2141 3469 2248 3505 turba
2271 3479 2357 3504 con-

1898 3584 1942 3623 (7)
1967 3582 2011 3624 vi]
2026 3582 2136 3614 tibiF
2188 3583 2232 3622 (8)
2257 3580 2356 3621 quod,

1848 3629 1907 3668 (ιο)
1931 3627 2126 3660 interisitF
2187 3627 2241 3666 (11)
2267 3625 2356 3666 quod

1280 3587 1360 3619 haeo
1372 3610 1397 3619 ..
1405 3611 1413 3619 .
1427 3586 1583 3620 damnum
1596 3587 1710 3619 datum
1722 3586 1766 3617 sit
1778 3584 1838 3616 del.

1277 3633 1305 3663 si
1319 3633 1377 3664 ins.
1458 3634 1501 3673 (9)
1526 3643 1603 3664 nam
1617 3634 1675 3665 ins.
1690 3630 1771 3662 Inst.

1278 3677 1371 3719 Insa,
1392 3689 1451 3711 om.
1466 3678 1502 3710 F
1584 3678 1642 3717 (12)
1668 3676 1706 3707 ut
1720 3684 1787 3706 non
1806 3672 1989 3704 dominium
2067 3672 2273 3713 proponatur
2293 3671 2355 3703 del.

1276 3722 1426 3799 ξῗέῃὲἓο
1447 3723 1520 3755 edd.
1613 3722 1670 3761 (14)
1697 3722 1728 3751 ct
1749 3721 1807 3751 ins.
1823 3718 1875 3749 F²
1966 3718 2023 3757 (15)
2050 3717 2086 3749 id
2103 3722 2167 3748 est.-
2192 3725 2211 3747 a
2231 3713 2355 3746 tumul-

2043 3817 2086 3849 98
