2528 3918
167 113 332 159 XX12

168 247 247 275 esse
268 237 306 273 in
329 237 469 282 peculio
493 246 627 279 servus,
652 236 714 282 qui
736 235 854 272 adhuc
878 237 1046 282 emptoris
1071 239 1157 278 est)2
1190 234 1253 271 sed

167 292 277 319 causa
299 282 409 327 ipsius
434 281 679 317 redhibitionis
702 281 740 317 in
759 281 899 327 peculio
920 284 1165 327 computatur:
1188 280 1252 325 igi-

166 331 226 363 tur
256 327 287 362 si
310 336 433 362 servus
458 326 581 362 decem
604 326 745 362 milibus
769 330 907 372 emptus
933 326 1088 371 quinque
1110 325 1253 361 milibus

166 371 431 452 mim?
457 371 571 452 ἶὶἐέι
584 369 1254 461 ἓῖῖ“ἒὲεὲῗῶἒῖἒῗη“ιῖιιὲοὲοἷ“ἑεὲῗ

166 460 261 507 quod
293 461 324 496 si
355 461 436 506 plus
470 460 611 497 domino
644 460 791 503 debeat,
823 461 975 503 eveniet,
1007 464 1049 495 ut
1077 459 1254 495 hominem

165 509 325 552 praestet
348 509 384 540 et
406 506 494 541 nihil
517 510 769 552 consequatur.

212 547 265 588 58
289 549 398 586 Ιυειι
423 551 514 587 libro
545 552 671 597 quinto
702 560 955 597 responsorum
1002 549 1160 594 Quaero,
1195 559 1253 591 an,

166 596 196 631 si
227 605 350 631 servus
379 595 477 641 apud
508 599 702 649 emptorem
732 595 822 640 fugit
845 599 880 630 et
903 595 939 629 iu
964 604 1076 629 causa
1098 593 1253 629 redhibi-

166 640 272 676 tionis
297 650 376 676 esse
406 645 659 686 pronuntiatus
690 640 815 681 fuerit,
848 650 920 674 non
950 640 1048 684 prius
1079 638 1255 674 venditori

165 684 305 721 restitui
328 684 468 728 debeat,
492 695 599 738 quam
621 696 739 721 rerum
763 685 964 720 ablatarum
984 693 1007 719 a
1025 694 1127 719 servo
1147 684 1254 719 aesti-

165 730 357 766 mationem
379 731 607 776 praestiterit.
655 730 789 766 Paulus
820 729 1006 774 respondit
1037 728 1254 764 venditorem

167 774 363 821 cogendum
386 786 459 812 non
481 779 621 811 tantum
651 776 804 821 pretium
834 774 927 810 servi
955 773 1159 816 restituere,
1193 773 1256 809 sed

166 820 274 856 etiam
296 830 416 856 rerum
439 820 639 856 ablatarum
659 820 951 862 aestimationem,
976 818 1045 854 nisi
1064 818 1095 854 si
1111 829 1177 865 pro
1198 818 1254 854 his

169 868 184 900 1
233 869 383 911 paratus
401 865 449 901 sit
467 875 605 901 servum
625 875 740 901 noxae
759 864 901 900 nomine
919 864 1129 909 relinquere.
1166 863 1255 898 Item

167 919 321 956 quaero,
353 910 384 946 si
415 910 506 946 nolit
528 910 811 946 aestimationem
836 914 873 945 et
894 909 1008 955 pretia
1030 909 1172 944 rerum¹
1197 918 1253 943 re-

166 956 324 998 stituere,
348 965 396 991 an
418 965 540 991 servus
564 955 795 991 retinendus²
817 955 865 990 sit
887 959 923 990 et
946 954 1066 989 danda
1089 954 1135 989 sit
1158 953 1253 989 actio

166 1000 211 1035 de
242 1000 382 1046 peculio
405 1001 486 1036 vel³
508 1000 552 1036 de
582 1001 696 1046 pretio
727 999 896 1035 redhibiti
926 999 1019 1035 servi
1049 1009 1093 1034 ex
1124 998 1255 1044 duplae

166 1044 407 1090 stipulatione.
454 1045 589 1081 Paulus
620 1044 805 1090 respondit
827 1044 871 1080 de
893 1044 1008 1090 pretio
1034 1044 1126 1079 servi
1149 1054 1251 1089 repe-

164 1089 273 1126 tendo
306 1094 506 1135 competere
537 1091 715 1126 actionem
746 1090 852 1125 etiam
883 1100 927 1125 ex
951 1089 1082 1134 duplae
1104 1088 1253 1134 stipula-

164 1135 280 1171 tione:
313 1135 358 1171 de
388 1135 496 1170 rebus
553 1146 591 1171 er
620 1134 756 1170 furtum
787 1134 917 1170 ablatis
950 1135 1021 1169 iam
1044 1144 1254 1179 responsum

166 1182 187 1215 2
233 1184 300 1215 est.
348 1179 495 1216 Servum
542 1180 627 1225 upla
658 1180 744 1222 emi,
777 1180 837 1225 qui
859 1179 966 1215 rebus
990 1179 1120 1214 ablatis
1143 1179 1253 1224 fugit:

163 1235 248 1260 mox
264 1225 428 1260 inventus
448 1225 697 1270 praesentibus
716 1225 876 1261 honestis
897 1224 980 1259 viris
1000 1225 1251 1269 interrogatus,

164 1279 212 1306 an
236 1274 272 1306 et
294 1270 332 1305 in
355 1269 460 1305 domo
485 1270 677 1306 venditoris
700 1269 867 1315 fugisset,
892 1269 1076 1322 respondit
1097 1269 1251 1313 fugisse:

166 1325 320 1360 quaero,
352 1325 400 1350 an
423 1314 590 1350 standum
614 1315 661 1350 sit
682 1324 854 1367 responso
879 1324 980 1349 sem.
1028 1314 1163 1350 Paulus
1195 1323 1253 1350 re·

164 1359 326 1405 spondit:
351 1360 382 1395 si
405 1363 440 1395 et
463 1360 534 1395 alia
553 1359 686 1395 indicia
705 1360 835 1405 prioris
853 1359 960 1404 fugae
978 1369 1050 1395 non
1071 1359 1252 1402 deficiunt,

163 1407 250 1440 tunc
274 1404 379 1439 etiam
403 1405 494 1440 servi
516 1415 689 1450 responso
714 1403 939 1441 credendum.

210 1447 264 1487 59
296 1448 491 1485 Uzmws
519 1450 610 1485 libro
641 1450 908 1496 septuaqesimo
931 1452 1063 1495 quarto
1087 1449 1138 1484 ad
1159 1449 1254 1485 edic-

164 1498 238 1529 tum
286 1493 373 1529 Cum
396 1494 434 1529 in
458 1505 500 1530 ea
523 1505 635 1531 causa
657 1499 712 1530 est
734 1494 915 1530 venditum
945 1494 1181 1540 mancipium,
1212 1497 1254 1529 ut

163 1539 341 1574 redhiberi
376 1539 523 1582 debeat,
566 1539 726 1585 iniquum
762 1543 817 1575 est
848 1538 1065 1575 venditorem
1099 1539 1254 1584 pretium

168 1587 181 1619 l
231 1584 471 1620 redhibendae
494 1584 546 1620 rei
570 1585 749 1631 consequi.
798 1583 836 1619 Si
867 1584 947 1629 quis
979 1583 1070 1620 duos
1093 1584 1254 1620 homines

162 1639 234 1664 nno
257 1629 373 1674 pretio
398 1630 521 1665 emerit
543 1633 580 1665 et
602 1630 692 1665 alter
714 1630 751 1664 in
775 1639 818 1664 ea
842 1639 953 1664 causa
976 1630 1075 1672 est⁴,
1108 1634 1151 1664 ut
1174 1628 1253 1664 red-

162 1674 339 1717 hibeatur,
364 1674 491 1710 deinde
513 1678 657 1720 petatur
679 1675 831 1720 pretium
856 1678 981 1717 totum,
1006 1675 1167 1720 exceptio
1188 1674 1255 1709 erit

162 1718 368 1755 obicienda:
402 1719 433 1755 si
455 1723 575 1755 tamen
597 1730 682 1765 pars
704 1720 810 1765 pretii
833 1722 993 1764 petatur,
1023 1719 1136 1765 magis
1160 1719 1253 1755 dice-

162 1767 222 1799 tur
243 1774 317 1800 non
340 1774 470 1800 nocere
493 1765 754 1810 exceptionem,
787 1764 855 1800 nisi
877 1764 972 1800 forte
995 1774 1039 1800 ea
1061 1765 1108 1800 sit
1131 1774 1253 1807 causa,

161 1809 200 1844 in
204 1819 303 1889 dffia
331 1813 492 1890 groptert
511 1810 657 1845 alterius
679 1810 803 1845 vitium
824 1813 1016 1855 utrumque
1038 1809 1254 1855 mancipium

163 1864 203 1889 re
291 1864 336 1890 en
361 1865 422 1890 um
445 1865 476 1890 s1
495 1882 502 1889 .
925 1870 927 1872 ·

209 1897 263 1937 60
298 1898 459 1935 ΡΔυισε
496 1899 587 1935 libro
623 1900 850 1946 sexagesimo
885 1910 980 1935 nono
1015 1899 1066 1935 ad
1099 1899 1253 1935 edictum

163 1943 279 1979 Facta
310 1943 547 1980 redhibitione
577 1944 697 1980 omnia
730 1945 768 1980 in
797 1945 973 1990 integrum
1003 1944 1252 1986 restituuntur,

162 1988 309 2055 perind‘e
343 1999 388 2024 ac
420 1989 451 2025 si
486 1999 601 2035 neque
636 1990 766 2035 emptio
802 2000 918 2035 neque
952 1989 1107 2025 venditio
1142 1989 1252 2024 inter-

163 2033 271 2070 cessit
295 2060 304 2068 .

209 2075 259 2116 61
294 2077 489 2114 ΠιΡΙΑΝσε
516 2078 606 2115 libro
637 2079 852 2126 ootoqesimo
884 2079 936 2114 ad
956 2078 1110 2114 edictum
1157 2077 1252 2122 Quo-

160 2122 256 2159 tiens
280 2122 324 2158 de
347 2123 517 2176 servitute
540 2123 679 2176 agitur,-
708 2124 824 2159 victus
855 2127 996 2176 tantum
1020 2122 1127 2175 debet
1148 2132 1251 2203 ffic-

162 2171 270 2211 stare,
295 2172 421 2213 quanti
443 2179 589 2204 minoris
613 2173 757 2204 emlsset
779 2173 928 2214 emptor,
954 2179 985 2204 si
1008 2171 1136 2203 scisset
1232 2178 1252 2203 c

163 2213 369 2249 servitutem
390 2213 594 2259 impositam

209 2255 264 2296 62
297 2257 554 2294 Moossrmvs
580 2258 671 2294 libro
702 2262 828 2297 octavo
860 2258 1149 2311 differentiarum
1194 2256 1253 2293 Ad

161 2313 219 2339 res
243 2303 396 2338 donatas
420 2303 576 2339 edictum
599 2303 765 2339 aedilium
789 2304 965 2339 curuhum
984 2313 1058 2339 non
1074 2302 1253 2348 pertinere

162 2347 352 2384 dicendum
383 2352 455 2384 est:
489 2348 618 2384 etenim
649 2348 735 2394 quid
766 2358 806 2384 se
828 2348 1077 2384 restituturum
1100 2347 1254 2383 donator

161 2393 386 2438 repromittit,
411 2393 555 2439 quando
579 2393 715 2428 nullum
732 2394 886 2438 pretium
906 2393 1144 2429 interveniat?
1167 2392 1253 2438 quid

164 2448 245 2483 ergo
278 2438 308 2474 si
338 2448 396 2473 res
427 2438 473 2474 ab
505 2448 548 2474 eo
581 2439 639 2474 cui
670 2438 805 2474 donata
836 2442 891 2475 est
919 2438 1043 2474 melior
1072 2437 1171 2473 facta
1193 2437 1251 2480 sit,

162 2482 335 2528 numquid
367 2483 491 2528 quanti
523 2484 597 2519 eius
621 2484 683 2529 qui
705 2483 885 2519 meliorem
907 2483 995 2519 fecit
1016 2483 1166 2518 interest
1188 2481 1251 2517 do-

162 2532 268 2563 nator
299 2528 556 2563 conveniatur?
592 2528 689 2574 quod
711 2528 853 2564 minime
885 2528 1073 2564 dicendum
1103 2531 1176 2570 est,
1207 2537 1252 2562 ne

162 2583 205 2608 eo
238 2583 327 2608 casu
355 2573 579 2608 liberalitatis
611 2583 699 2609 suae
731 2573 884 2609 donator
905 2583 1058 2619 poenam
1081 2572 1251 2618 patiatur.

161 2618 283 2663 itaque
307 2617 337 2653 si
361 2628 433 2664 qua
455 2628 512 2654 res
536 2618 707 2661 donetur,
738 2628 884 2654 necesse
916 2629 989 2654 non
1020 2618 1089 2653 erit
1120 2627 1164 2653 ea
1194 2627 1251 2653 re-

162 2662 386 2709 promittere,
419 2673 512 2708 quae
541 2664 578 2698 in
608 2663 716 2699 rebus
746 2663 933 2699 venalibus
963 2662 1095 2699 aediles
1127 2673 1250 2708 repro·

161 2707 254 2742 mitti
288 2707 421 2743 iubent.
465 2718 552 2743 sane
583 2708 628 2744 de
658 2708 741 2744 dolo
775 2709 927 2745 donator
957 2708 1116 2754 obligare
1145 2718 1184 2743 se
1217 2711 1253 2742 et

163 2751 286 2804 debet·
299 2756 335 2787 et
366 2753 475 2795 solet,
511 2764 556 2789 ne
587 2753 683 2798 quod
713 2753 864 2799 benigne
894 2753 1085 2789 contulerit
1114 2752 1251 2788 fraudis

161 2797 312 2832 consilio
336 2802 488 2833 revocet.

209 2839 261 2879 63
294 2841 488 2878 ULPIANUS
508 2843 598 2879 libro
615 2845 739 2890 primo
760 2843 810 2879 ad
827 2843 982 2879 edictum
1002 2842 1172 2878 aedilium
1190 2853 1252 2878 ou—

162 2886 296 2922 παίωνι
343 2886 534 2922 Sciendum
558 2892 612 2923 est
635 2888 681 2923 ad
704 2888 923 2924 venditiones
946 2887 1043 2923 solas
1066 2888 1136 2923 hoc
1158 2887 1251 2923 edic-

161 2934 239 2967 tum
262 2931 439 2977 pertinere
462 2943 534 2967 non
557 2936 696 2968 tantum
719 2933 988 2978 mancipiorum,
1012 2943 1134 2968 verum
1158 2936 1251 2968 cete-

162 2986 284 3013 rarum
305 2986 445 3021 quoque
465 2987 594 3012 rerum.
628 2989 692 3013 cur
712 2982 830 3014 autem
851 2978 895 3013 de
913 2978 1153 3014 locationibus
1165 2977 1252 3012 nihil

162 3020 335 3063 edicatur,
360 3021 486 3056 mirum
510 3022 711 3058 videbatur:
744 3023 834 3059 haec
865 3027 985 3058 tamen
1015 3022 1109 3058 ratio
1133 3022 1250 3058 reddi-

161 3070 222 3101 tur
243 3065 298 3101 vel
322 3066 406 3111 quia
424 3077 615 3111 numquam
634 3068 782 3103 istorum
801 3068 845 3104 de
865 3068 934 3103 hac
951 3078 990 3103 re
1008 3067 1128 3103 fuerat
1145 3067 1250 3103 iuris-

162 3110 297 3190 dictig’
318 3111 375 3190 {el
398 3111 481 3156 quia
505 3123 577 3147 non
601 3113 758 3148 similiter
780 3113 975 3149 locationes
1007 3116 1048 3148 ut
1078 3112 1249 3148 venditio-

163 3165 227 3191 nes
276 3166 325 3191 un
343 3183 351 3190 .

210 3198 264 3238 64
288 3200 518 3236 Poupomvs
546 3201 635 3236 libro
667 3204 816 3248 septimo
848 3203 983 3239 decimo
1014 3203 1250 3250 epistularum

162 3246 285 3281 Labeo
317 3245 460 3287 scribit,
492 3246 523 3280 si
555 3257 625 3281 uno
651 3248 763 3291 pretio
788 3248 907 3292 plures
931 3258 1051 3283 servos
1076 3248 1191 3284 emisti
1215 3252 1251 3283 et

162 3290 207 3326 de
230 3301 301 3326 uno
326 3300 430 3335 agere
452 3290 548 3332 velis,
573 3291 946 3328 interaestimationem
963 3303 1145 3329 servorum
1166 3303 1248 3338 pro-

160 3334 244 3371 inde
275 3335 351 3371 fieri
381 3335 530 3378 debere,
562 3345 584 3370 a
625 3346 670 3370 ue
700 3341 741 3371 ut
771 3338 871 3372 fieret
901 3338 936 3372 in
969 3338 1249 3373 aestimationem

162 3380 332 3416 bonitatis
356 3380 450 3433 agri,
475 3390 556 3415 cum
580 3390 600 3415 ο
652 3381 798 3416 evictam
824 3387 959 3427 partem
984 3383 1086 3418 fundi
1155 3387 1247 3417 atur.

165 3427 179 3459 1
231 3425 329 3461 Idem
360 3430 430 3469 ait,
460 3425 491 3461 si
521 3435 594 3460 uno
626 3427 741 3470 pretio
775 3427 893 3470 plures
918 3438 1037 3463 servos
1061 3438 1126 3463 ven
1153 3427 1248 3463 idisti

162 3540 204 3580 (1)
229 3540 496 3572 aestimationem
508 3549 617 3572 rerum
632 3542 665 3571 et
677 3539 821 3580 pretium
834 3552 895 3572 scr.
999 3543 1040 3581 (2)
1067 3542 1244 3574 restituen-

162 3583 224 3616 dus
236 3597 402 3627 suprascr.
415 3584 468 3617 F²
526 3586 568 3626 (3)
583 3583 622 3616 de
636 3583 768 3626 peculio
782 3583 833 3616 vel
846 3585 906 3617 deL
925 3585 1077 3619 Cuz'acius
1143 3587 1185 3627 (⁴)
1199 3586 1244 3619 sit

161 3628 214 3661 Γ*
350 3631 392 3670 (5)
418 3629 662 3662 intercessisset
674 3629 755 3661 Hal.

163 3675 206 3715 (7)
232 3673 272 3706 de
283 3674 437 3707 omnibus
451 3675 512 3707 del.
616 3676 660 3715 (8)
684 3674 734 3706 ait
745 3672 779 3706 F

163 3725 207 3756 ιο,
222 3726 269 3752 113
339 3721 397 3756 (ιο)
423 3720 469 3752 sit
481 3721 540 3753 im.
556 3719 635 3753 Hal.

886 3675 1115 3718 (9)ad§1cf.
1131 3677 1174 3708 l).
1189 3677 1243 3715 50,

1242 110 1325 157 278

2002 127 2063 158 DE
2091 126 2409 163 nvltmomnus

1322 244 1502 281 sanosque
1537 245 1614 271 esse
1648 235 1842 281 promisisti
1875 240 1911 272 et
1944 246 2029 282 pars
2064 236 2252 273 dumtaxat
2288 247 2410 275 eorum

1321 279 1438 316 minus
1469 289 1559 316 sana
1588 280 1653 323 sit,
1685 279 1731 317 de
1753 281 1940 317 οιιιιιίἱιιιετ
1964 281 2145 318 ‘adversus
2169 281 2303 318 dictum
2325 292 2409 329 pro·

1322 327 1343 360 2
1382 324 1548 361 missum'
1572 329 1670 361 recte
1692 325 1784 371 agi'.
1830 325 1967 362 Ibidem
1998 326 2050 362 ait
2080 336 2199 363 errare
2230 331 2267 363 et
2287 326 2411 373 fugere

1321 369 1519 422 iumentum
1549 379 1674 415 posse,
1706 380 1773 406 nec
1804 374 1923 407 tamen
1954 381 2118 408 erronem
2141 375 2205 408 aut
2226 371 2410 418 fugitivum

1323 424 1402 450 esse
1555 424 1624 450 sse.

1369 457 1421 497 65
1489 425 1685 496 revovsrws
1699 459 1789 496 libro
1809 461 1934 506 quinto
1955 461 2163 497 actionum·
2206 461 2327 498 Animi
2369 472 2410 499 o-

1322 504 1393 540 tius
1417 514 1524 550 quam
1548 504 1708 550 corporis
1730 504 1851 541 vitium
1876 509 1941 548 est,
1964 506 2074 542 veluti
2089 506 2121 543 si
2139 506 2244 543 ludos
2263 506 2342 543 adsi
2366 517 2412 545 ue

1323 549 1407 584 velit
1437 553 1604 594 spectare
1635 553 1700 584 aut
1729 549 1872 586 tabulas
1895 551 2011 596 pictas
2035 551 2193 588 studiose
2215 551 2409 595 intueatur,

1323 594 1396 629 sive
1438 594 1543 629 etiam
1577 593 1730 630 mendax
1742 595 1770 616 ¹⁰
1803 599 1866 630 aut
1900 595 2072 632 similibus
2106 596 2200 633 vitiis
2233 599 2408 632 teneatur.

1328 642 1340 674 1
1390 638 1562 683 Quotiens
1584 639 1729 675 morbus
1752 640 1912 676 sonticus
1935 641 2156 684 nominatur,
2190 651 2272 678 eum
2323 641 2331 649 “
2383 641 2410 670 ’-

1322 683 1424 736 ficari
1448 683 1592 719 Cassius
1617 684 1677 727 ait,
1701 684 1763 730 qui
1785 689 1931 737 noceat:
1955 695 2086 722 nocere
2105 689 2225 722 autem
2243 651 2411 767 ἰιιῖὲἰῇιέ

1323 739 1382 774 qm
1413 733 1608 774 perpetuus
1640 732 1714 771 est,
1750 739 1823 765 non
1858 741 1918 775 qui
1953 734 2114 776 tempore
2148 730 2311 766 finiatur:
2347 741 2365 767 s

1323 774 1487 809 morbum
1510 773 1687 810 sonticum
1711 783 1791 810 eum
1813 774 1942 818 videri,
1967 775 2028 820 qui
2051 775 2216 811 inciderit
2236 776 2275 811 in
2297 775 2410 812 homi-

1323 828 1404 854 nem
1437 822 1629 864 postquam
1657 819 1688 854 is
1719 823 1825 855 natus
1858 820 1923 855 sit:
1960 823 2081 856 sontes
2115 820 2207 856 enim
2241 825 2411 857 nocentes

1324 866 1343 898 2
1391 863 1514 899 dici¹¹.
1562 864 1692 900 Servus
1723 867 1798 900 tam
1827 868 2007 900 veterator
2029 874 2135 910 quam
2158 865 2317 901 novicius
2341 864 2412 902 dici

1323 912 1453 953 potest.
1498 908 1562 945 sed
1592 912 1825 945 veteratorem
1858 919 1932 945 non
1966 909 2084 955 spatio
2119 909 2312 953 serviendi,
2348 910 2412 946 sed

1322 963 1452 999 genere
1475 958 1511 989 et
1534 963 1645 990 causa
1668 953 1926 990 aestimandum
1950 953 2091 990 Caelius
2114 955 2183 990 ait:
2214 965 2298 990 nam
2332 955 2410 1001 qui·

1323 1009 1475 1044 cumque
1500 1009 1544 1034 ex
1567 998 1738 1035 venalicio
1762 998 1981 1035 noviciorum
2005 1003 2144 1045 emptus
2163 999 2270 1036 alicui
2289 999 2410 1036 minis-

1322 1043 1410 1078 terio
1434 1043 1658 1096 praepositus
1681 1044 1738 1086 sit,
1763 1044 1884 1079 statim
1903 1054 1983 1080 eum
2003 1047 2243 1080 veteratorum
2263 1055 2410 1081 numero

1323 1098 1419 1124 esse:
1444 1089 1621 1125 novicium
1644 1092 1764 1124 autem
1787 1099 1860 1125 non
1883 1089 2047 1126 tirocinio
2081 1090 2206 1133 animi,
2237 1089 2300 1126 sed
2324 1100 2410 1126 con-

1323 1133 1464 1169 dicione
1506 1133 1684 1170 servitutis
1719 1134 1885 1179 intellegi.
1933 1144 2000 1169 nec
2034 1134 2082 1170 ad
2114 1145 2190 1170 rem
2222 1135 2411 1180 pertinere,

1323 1178 1451 1214 Latine
1473 1179 1567 1215 sciat
1589 1189 1655 1215 nec
1686 1189 1750 1214 ne:
1783 1189 1867 1214 nam
1881 1179 1908 1200 ¹²
1933 1179 1979 1214 ob
2003 1179 2041 1214 id
2063 1183 2299 1216 veteratorem
2322 1189 2411 1224 esse,

1323 1223 1355 1259 si
1376 1223 1583 1260 liberalibus
1607 1223 1734 1260 studiis
1759 1223 1919 1259 eruditus
1943 1224 2001 1259 sit.

1822 1382 1912 1423 11¹³.

1322 1460 1384 1492 DE
1416 1459 1742 1494 EVICTIONIBUS
1774 1461 1834 1493 ΕΤ
1857 1460 2041 1493 DUPLAE
2066 1459 2409 1493 STIPULATIONE.

1371 1536 1391 1575 1
1413 1536 1608 1574 UlPIANUS
1625 1539 1715 1574 libro
1735 1538 1900 1574 vicesimo
1922 1536 2297 1574 octavoadSabinum
2330 1536 2412 1574 Sive

1322 1586 1399 1618 tota
1421 1593 1480 1618 res
1505 1583 1689 1619 evincatur
1711 1583 1784 1619 sive
1807 1593 1903 1628 pars,
1927 1582 2038 1618 habet
2055 1592 2255 1628 regressum
2273 1592 2329 1618 em
2354 1585 2412 1619 tor

1322 1628 1359 1663 in
1382 1627 1610 1664 venditorem.
1648 1628 1712 1664 sed
1742 1638 1824 1664 cum
1854 1637 1939 1673 pars
1971 1627 2177 1671 evincatur,
2208 1627 2239 1663 si
2269 1627 2331 1673 qui
2356 1637 2411 1664 em

1322 1683 1387 1718 pro
1410 1672 1560 1709 indiviso
1585 1673 1787 1716 evincatur,
1819 1682 2018 1718 regressum
2048 1672 2158 1708 habet
2178 1683 2245 1718 pro
2269 1673 2410 1718 quanti·

1321 1721 1397 1753 tate
1421 1718 1557 1753 evictae
1580 1719 1711 1763 partis:
1745 1717 1841 1771 quod
1870 1718 1902 1754 si
1925 1721 2045 1753 certus
2067 1717 2167 1753 locus
2190 1717 2238 1753 sit
2261 1717 2410 1760 evictus,

1322 1773 1393 1798 non
1416 1773 1483 1808 pro
1506 1762 1655 1799 indiviso
1678 1767 1796 1809 portio
1820 1762 1942 1805 fundi,
1999 1773 2039 1798 ro
2063 1762 2225 1798 bonitate
2247 1762 2319 1798 loci
2342 1763 2411 1798 erit

1322 1817 1514 1852 regressus.
1549 1808 1635 1854 quid
1657 1808 1769 1851 enim,
1793 1808 1825 1844 si
1848 1807 1946 1853 quod
1983 1807 2036 1843 uit
2058 1807 2095 1842 in
2118 1817 2203 1860 agro
2226 1807 2410 1853 pretiosis-

1322 1853 1460 1896 simum,
1483 1852 1554 1888 hoc
1578 1853 1730 1889 evictum
1743 1854 1770 1875 ¹⁴
1795 1857 1868 1896 est,
1892 1856 1957 1888 aut
2003 1852 2076 1888 uod
2097 1851 2168 1888 fuit
2189 1852 2227 1888 in
2249 1862 2335 1897 agro
2358 1852 2409 1888 vi·

1321 1898 1519 1934 lissimum‘?
1553 1899 1799 1934 aestimabitur
1821 1898 1892 1934 loci
1915 1908 1986 1943 qua
2002 1898 2087 1940 'tas,
2121 1901 2158 1933 et
2187 1897 2240 1933 sic
2264 1897 2332 1934 erit
2353 1907 2410 1933 re-

1363 1953 1475 1979 essus.

1320 1954 1393 2025 ἔτ2
1416 1988 1577 2024 Pavum
1596 1988 1687 2024 libro
1712 1988 1839 2034 quinto
1862 1988 1912 2023 ad
1929 1987 2103 2024 Sabinum
2149 1987 2188 2024 Si
2207 1986 2254 2023 du
2280 1987 2317 2023 la
2337 1997 2411 2024 non

1320 2033 1586 2113 gromitteretur
1609 2037 1644 2069 et
1667 2043 1709 2069 eo
1730 2033 1873 2069 nomine
1891 2037 2026 2078 agetur,
2051 2032 2150 2078 dupli
2170 2043 2239 2069 con
2265 2042 2410 2068 emnan-

1346 2088 1389 2114 us
1413 2081 1467 2114 est
1489 2088 1583 2114 reus.

1366 2121 1391 2161 3
1423 2122 1533 2159 11>ssss
1549 2123 1642 2159 libro
1665 2122 1802 2159 decimo
1825 2122 1876 2158 ad
1897 2121 2072 2159 Sabinum
2118 2122 2207 2159 Cum
2228 2122 2266 2159 in
2288 2122 2410 2159 vendi-

1320 2168 1418 2204 tione
1449 2168 1541 2204 servi
1563 2168 1741 2214 peculium
1764 2178 1903 2214 semper
1926 2171 2115 2213 exceptum
2137 2178 2217 2204 esse
2237 2167 2410 2214 intellegi·

1320 2219 1399 2256 tur,
1430 2212 1462 2249 is
1491 2213 1599 2249 homo
1632 2223 1677 2248 ex
1705 2212 1846 2258 peculio
1878 2223 2053 2248 summam
2108 2213 2265 2249 uandam
2287 2222 2411 2249 secum

1321 2258 1530 2294 abstulerat.
1566 2258 1598 2294 si
1627 2262 1775 2304 propter
1805 2257 1901 2293 hanc
1925 2268 2071 2293 causam
2172 2258 2179 2266 '
2206 2268 2288 2294 cum
2311 2268 2409 2303 emp-

1320 2307 1399 2339 tore
1421 2306 1542 2339 actum
1565 2303 1630 2345 sit,
1662 2313 1735 2338 non
1757 2306 1996 2338 reverteretur
2018 2306 2157 2348 emptor
2179 2302 2227 2338 ad
2248 2302 2408 2338 vendito-

1320 2358 1394 2383 rem
1418 2358 1462 2383 ex
1485 2348 1715 2394 stipulatione
1739 2347 1887 2393 duplae,
1919 2347 2003 2393 quia
2024 2347 2131 2383 furtis
2155 2347 2328 2393 noxisque
2351 2357 2409 2383 so-

1319 2393 1434 2429 lutum
1457 2403 1537 2429 esse
1559 2392 1737 2438 praestari
1760 2392 1867 2428 debet
1887 2392 2099 2428 venditionis
2122 2396 2294 2439 tempore,
2317 2392 2409 2428 haec

1320 2442 1440 2473 autem
1463 2438 1558 2474 actio
1581 2442 1709 2483 postea
1731 2447 1809 2473 esse
1833 2437 1991 2483 coeperit
2005 2439 2042 2473 ¹⁵.

1365 2481 1392 2520 4
1423 2482 1619 2520 Ulmanus
1647 2483 1738 2519 libro
1771 2483 1953 2536 triqesimo
1984 2482 2143 2518 secundo
2175 2481 2227 2518 ad
2254 2481 2409 2518 edictam

1319 2527 1412 2564 Illud
1435 2528 1628 2574 quaeritur,
1653 2538 1701 2563 an
1723 2528 1753 2564 is
1777 2539 1839 2573 qui
1861 2527 2078 2573 mancipium
2100 2526 2258 2563 vendidit
2280 2526 2409 2563 debeat

1320 2572 1566 2609 fideiussorem
1590 2573 1637 2609 ob
1661 2573 1869 2609 evictionem
1893 2572 1998 2615 dare,
2030 2582 2134 2618 quem
2155 2572 2259 2618 vulgo
2284 2575 2408 2607 aucto·

1320 2628 1394 2654 rem
1425 2618 1622 2654 secundum
1652 2622 1794 2654 vocant.
1828 2622 1865 2653 et
1895 2621 1951 2653 est
1979 2618 2131 2653 relatum
2160 2627 2234 2653 non
2266 2616 2407 2660 debere,

1323 2667 1338 2698 1
1388 2663 1458 2699 nisi
1487 2664 1557 2700 hoc
1581 2663 1788 2699 nominatim
1811 2666 1932 2698 actum
1955 2666 2020 2698 est.
2068 2662 2106 2698 Si
2127 2662 2175 2698 im
2201 2662 2319 2698 uberis
2343 2673 2407 2698 no-

1320 2708 1414 2744 mine
1443 2712 1541 2744 tutor
1571 2708 1788 2750 vendiderit,
1821 2708 1994 2744 evictione
2028 2710 2154 2743 secuta
2219 2706 2407 2752 apinianns

1320 2753 1411 2789 libro
1435 2753 1540 2790 tertio
1562 2763 1815 2799 responsorum
1838 2753 1890 2788 ait
1912 2752 1991 2788 dari
2013 2753 2050 2788 in
2069 2762 2151 2788 eum
2172 2751 2274 2788 cuius
2293 2752 2408 2788 tutela

1319 2802 1420 2843 gesta
1442 2799 1490 2834 sit
1513 2798 1635 2835 utilem
1658 2798 1854 2841 actionem,
1886 2797 1950 2833 sed
1980 2796 2090 2833 adicit
2118 2797 2156 2832 in
2185 2796 2224 2833 id
2254 2796 2406 2840 demum,

1321 2843 1417 2889 quod
1445 2843 1645 2880 rationibus
1675 2843 1751 2879 eius
1783 2846 1932 2887 accepto
1963 2842 2075 2878 latum
2107 2846 2170 2878 est.
2206 2841 2269 2877 sed
2300 2852 2347 2877 an
2368 2841 2407 2877 in

1320 2892 1453 2932 totum,
1490 2889 1521 2924 si
1552 2892 1651 2924 tutor
1679 2887 1848 2924 solvendo
1880 2898 1953 2923 non
1975 2887 2041 2930 sit,
2076 2886 2276 2923 videamus:
2310 2884 2407 2932 quod

1320 2934 1432 3014 infigis
1454 2938 1562 2979 puto:
1586 2943 1702 2979 neque
1725 2933 1818 2968 enim
1841 2933 1933 2968 male
1957 2932 2181 2968 contrahitur
2205 2942 2285 2967 cum
2308 2935 2405 2967 tuto-

1320 2989 1351 3014 n
1376 2989 1430 3014 us.

1365 3022 1390 3061 5
1415 3022 1575 3059 Psvws
1594 3023 1686 3059 libro
1711 3023 1893 3069 triqesimo
1914 3023 2018 3058 tertio
2038 3022 2090 3058 ad
2107 3021 2260 3058 edictum
2307 3020 2405 3056 Servi

1318 3068 1480 3104 venditor
1501 3068 1679 3114 peculium
1703 3077 1931 3103 accessurum
1955 3067 2053 3103 dixit.
2090 3067 2121 3102 si
2139 3066 2291 3102 vicarius
2313 3065 2403 3118 evic-

1318 3117 1377 3148 tus
1412 3114 1478 3156 sit,
1514 3113 1601 3148 nihil
1659 3116 1897 3148 raestaturum
1930 3112 2147 3148 venditorem
2181 3111 2303 3146 Labeo
2340 3113 2402 3153 ait,

1343 3158 1402 3194 uia
1425 3159 1499 3194 sive
1529 3168 1602 3193 non
1649 3158 1702 3193 uit
1731 3158 1768 3192 in
1799 3157 1957 3203 peculio,
1989 3167 2061 3192 non
2090 3155 2299 3197 accesserit,
2331 3155 2404 3190 sive

1318 3170 1444 3246 ?uerit,
1475 3202 1639 3238 iniuriam
1671 3213 1693 3237 a
1722 3202 1839 3237 iudice
1870 3205 2008 3247 emptor
2036 3211 2164 3246 passus
2196 3204 2268 3236 est:
2301 3200 2404 3235 aliter

1319 3253 1425 3300 atque
1449 3248 1479 3283 si
1513 3247 1718 3282 nominatim
1750 3257 1889 3282 servum
1919 3246 2089 3282 accedere
2120 3245 2284 3281 dixisset:
2315 3248 2401 3279 tunc

1320 3304 1411 3328 emm
1459 3296 1616 3328 raestare
1640 3292 1786 3327 deberet
1807 3292 1844 3326 in
1867 3291 2006 3336 peculio
2032 3301 2112 3326 eum
2137 3300 2214 3326 esse

1364 3336 1389 3375 6
1447 3347 1540 3373 Aws
1567 3337 1658 3373 libro
1690 3337 1826 3372 decimo
1849 3336 1900 3371 ad
1921 3336 2074 3372 edictum
2091 3334 2320 3382 provinciale
2363 3331 2400 3369 Si

1318 3382 1449 3418 fundus
1473 3381 1629 3423 venierit,
1654 3392 1698 3417 ex
1721 3380 1976 3416 consuetudine
1999 3380 2072 3416 eius
2096 3379 2247 3432 regionis
2270 3378 2308 3414 in
2329 3387 2401 3424 qua

1320 3427 1496 3472 negotium
1518 3431 1655 3472 gestum
1679 3431 1732 3461 est
1755 3436 1819 3471 pro
1844 3426 2017 3461 evictione
2041 3436 2158 3461 caveri
2181 3426 2332 3470 oportet.

1315 3551 1525 3627 ῃεῖίξῗνδαό.
1544 3591 1623 3619 1...s.
1644 3591 1686 3618 18.
1709 3591 1820 3618 15...21.
1843 3591 1963 3618 2³...27.
1983 3590 2102 3618 29...³⁴.
2125 3590 2244 3617 36...4o.
2265 3587 2396 3620 43...⁴83

900 3631 944 3669 (s)
970 3630 1204 3663 iurisdictione
1218 3632 1251 3663 F
1313 3631 1376 3664 Ed.
1392 3637 1418 3664 a
1435 3637 1477 3663 ιο.
1492 3636 1535 3663 ιι.
1548 3636 1594 3664 22.
1609 3637 1645 3663 28
1670 3636 1716 3663 35.
1730 3636 1831 3663 4142.
1846 3636 1972 3667 49...o:3;
1994 3629 2078 3671 Pap.
2102 3635 2138 3662 ιι.
2162 3635 2194 3662 12
2219 3633 2336 3662 unns.
2350 3642 2396 3650 -

1314 3675 1396 3708 Bas.
1414 3676 1465 3716 19,
1480 3681 1517 3708 ιι.
1530 3692 1576 3698 -
1593 3675 1643 3718 Cf.
1658 3674 1734 3707 Cod.
1750 3675 1781 3714 8,
1791 3681 1826 3707 ⁴5
1897 3675 1954 3713 ιιι)
1980 3673 2126 3706 edietum
2139 3673 2172 3705 F
2237 3673 2295 3712 (ιιι)
2319 3679 2395 3703 eoe-

707 3720 762 3756 (ιι)
787 3717 948 3750 dicuntur
960 3718 1011 3751 F²
1071 3723 1130 3761 (12)
1153 3722 1242 3760 nam]
1312 3720 1363 3762 pit
1376 3719 1429 3752 F²
