2528 3918
212 109 233 154 1
265 113 430 154 14-16

210 231 308 269 hanc
331 235 557 278 potestatem,
582 231 646 267 sed
670 234 706 266 et
728 230 759 267 si
783 231 911 268 scisset
933 241 1074 267 servum
1097 241 1186 275 esse,
1210 231 1298 268 libe-

211 287 291 313 rum
325 277 510 313 effecisset.
558 276 654 322 quod
677 276 733 312 ius
756 276 867 312 multo
891 277 1003 322 magis
1027 277 1064 312 in
1087 276 1300 323 imperatore

211 321 471 358 observandum
495 324 561 357 est.

258 366 284 404 4
308 366 514 402 Joeulibro
518 366 642 413 primo
655 366 700 401 de
719 366 883 402 omnibus
905 366 1145 403 tm‘bunalibus
1189 366 1298 402 Prae·

211 415 270 448 tor
299 422 414 456 neque
445 414 600 447 tutorem
632 421 749 457 neque
772 412 962 457 specialem
984 410 1137 446 iudicem
1160 410 1238 456 ipse
1261 421 1300 447 se

211 456 299 493 dare
320 460 449 502 potest.

700 504 803 545 XV¹.

365 570 426 603 DE
452 568 632 602 OFFICIO
655 568 910 603 PRAEFECTI
935 568 1142 604 VIGILUM.

259 634 279 673 1
293 636 308 657 ²
330 634 388 671 ΡΛ
395 645 439 671 σι
446 645 491 672 σε
499 635 592 672 libro
603 635 786 682 sinqulari
801 635 847 671 de
866 635 992 681 officio
1003 635 1194 682 praefecti
1211 636 1300 683 viqi-

211 681 285 718 lum
329 680 437 726 Apud
470 680 683 717 vetustiores
717 680 891 717 incendiis
927 680 1091 716 arcendis
1126 681 1300 716 triumviri

235 729 412 768 raeerant,
437 726 498 779 qui
521 726 567 761 ab
593 736 633 761 eo
656 726 751 771 quod
772 725 940 761 excubias
960 725 1114 771 agebant
1133 726 1300 761 nocturni

237 771 298 807 ‘cti
321 775 422 807 sunt:
453 770 737 807 interveniebant
759 781 1027 816 nonnumquam
1050 774 1087 806 et
1109 771 1240 807 aediles
1265 776 1301 807 et

210 816 345 852 tribuni
367 816 492 862 plebis.
530 819 606 852 erat
629 819 749 851 autem
771 815 907 851 familia
929 815 1074 861 publica
1097 816 1193 852 circa
1215 827 1300 862 por-

209 865 285 897 tam
309 864 346 896 et
367 872 489 898 muros
513 861 696 907 disposita,
721 861 815 896 unde
839 861 870 896 si
893 871 983 906 opus
1008 864 1102 896 esset
1125 862 1299 897 evocaba-

210 910 288 942 tur:
312 906 459 942 fuerant
482 909 518 942 et
540 907 700 951 privatae
722 905 897 949 familiae,
957 916 1025 942 uae
1057 906 1223 942 incendia
1245 907 1298 942 vel

210 951 375 987 mercede
404 951 459 988 vel
489 952 605 997 gratia
637 950 892 1003 extinguerent.
967 950 1069 987 einde
1100 951 1200 987 divus
1223 952 1282 987 Au

136 1009 139 1012 ·
209 1000 335 1042 gustus
357 997 484 1032 maluit
506 1006 570 1042 per
593 1006 631 1031 se
653 996 738 1031 huic
761 1006 813 1031 rei
837 996 977 1032 consuli

256 1039 282 1079 2
313 1041 509 1078 Uzpuws
540 1041 630 1077 libro
665 1040 848 1087 sinqulari
879 1041 925 1076 de
955 1041 1082 1088 officio
1111 1041 1298 1088 praefecte

209 1087 359 1135 vigilum
403 1087 566 1132 pluribus
589 1096 661 1122 uno
686 1085 743 1121 die
765 1085 963 1121 incendiis³
987 1086 1139 1122 exortis:

256 1130 281 1171 3
306 1128 466 1168 PAULUS
493 1131 584 1167 libro
614 1131 799 1177 sinqulari
827 1131 872 1166 de
895 1131 1022 1177 officio
1039 1142 1136 1178 prae
1157 1131 1229 1167 ccti
1249 1131 1299 1166 vi-

208 1177 324 1224 qilum
369 1187 452 1212 nam
483 1176 634 1211 salutem
664 1175 905 1221 reipublicae
939 1176 1032 1212 tueri
1067 1187 1091 1211 n
1144 1176 1151 1184 ‘
1188 1175 1299 1221 magis

209 1221 361 1258 credidit
384 1221 572 1257 convenire
595 1230 662 1256 nec
685 1221 795 1256 alium
827 1220 994 1257 sufficere
1025 1220 1058 1256 ei
1086 1221 1157 1264 rei,
1216 1231 1299 1256 uam

209 1266 411 1303 Caesarem.
458 1266 580 1319 itaque
604 1269 740 1311 septem
764 1266 931 1302 cohortes
966 1266 1177 1311 opportunis
1224 1266 1299 1302 ocis

209 1312 407 1355 constituit,
431 1314 472 1346 ut
492 1311 594 1346 binas
611 1311 773 1355 regiones
792 1311 892 1347 urbis
913 1321 1149 1357 unaquaeque
1171 1312 1299 1347 cohors

208 1360 364 1399 tueatur,
387 1355 599 1402 praepositis
619 1355 671 1391 eis
689 1355 843 1391 tribunis
864 1359 900 1391 et
919 1366 1028 1402 super
1049 1366 1173 1392 omnes
1196 1366 1298 1402 spec-

212 1405 229 1438 1
278 1402 380 1438 tabili
406 1402 481 1437 viro
503 1401 563 1446 qui
587 1400 791 1446 praefectus
810 1400 955 1453 vigilum
976 1401 1191 1454 appellatur.
1229 1401 1298 1437 Co-

257 1447 350 1483 oscit
381 1445 585 1492 praefectus
616 1445 758 1491 vigilum
782 1445 826 1481 de
848 1446 1077 1482 incendiariis
1102 1446 1298 1482 effractori-

208 1457 277 1528 {1:18
298 1491 438 1527 furibus
458 1501 499 1526 ra
525 1490 664 1526 toribus
684 1491 980 1536 receptatoribus,
1005 1491 1074 1527 nisi
1095 1492 1126 1527 si
1142 1502 1214 1537 qua
1224 1495 1297 1527 tam

209 1541 315 1573 atrox
336 1540 480 1582 tamque
519 1546 643 1571 amosa
692 1546 821 1571 ersona
844 1536 912 1579 sit,
947 1540 989 1571 ιιι
1011 1536 1194 1589 praefecto
1218 1536 1299 1572 urbi

208 1582 421 1618 remittatur.
470 1584 506 1617 et
529 1581 613 1626 quia
685 1591 853 1626 erumque
882 1581 1047 1617 incentha
1078 1581 1185 1634 culpa
1206 1581 1300 1616 fiunt

207 1626 503 1669 inhabitantium,
540 1630 604 1661 aut
676 1626 790 1662 stibus
827 1627 981 1671 castigat
1011 1636 1072 1662 eos
1097 1637 1158 1672 qui
1179 1627 1297 1672 negle-

207 1672 348 1718 gentius
370 1671 487 1724 ignem
509 1671 732 1714 habuerunt,
768 1674 833 1706 aut
866 1681 990 1707 severa
1023 1671 1299 1707 interlocutione

208 1719 230 1753 2
278 1719 513 1753 comminatus
524 1715 675 1751 fustium
696 1716 965 1762 castigationem
983 1716 1141 1752 remittit.
1177 1716 1297 1752 Effra-

209 1765 334 1798 cturae
355 1761 449 1797 fiunt
469 1761 678 1806 plerumque
700 1761 738 1796 in
760 1761 886 1797 insulis
907 1761 946 1796 in
975 1761 1202 1807 hor-reisque,
1236 1761 1299 1797 ubi

207 1806 369 1843 homines
403 1805 694 1851 pretiosissimam
723 1810 861 1851 partem
891 1805 1118 1841 fortunarum
1151 1817 1299 1842 suarum

208 1854 409 1897 reponunt,
435 1861 517 1886 cum
539 1851 595 1886 vel
619 1850 708 1886 cella
732 1850 930 1896 effringitur
951 1851 1006 1886 vel
1029 1852 1221 1886 armarium
1243 1851 1298 1888 vel

207 1906 311 1932 arca:
337 1900 375 1932 et
392 1895 559 1932 custodes
578 1895 788 1941 plerumque
805 1896 1014 1941 puniuntur,
1039 1900 1076 1932 et
1096 1896 1173 1932 ita⁴
1197 1896 1298 1933 divus

206 1942 411 1977 Antoninus
434 1941 569 1976 Erucio
602 1940 707 1976 Claro
738 1941 933 1986 rescripsit.
981 1941 1032 1976 ait
1064 1941 1158 1977 enim
1191 1952 1299 1987 posse

208 1996 290 2023 eum
322 1986 461 2022 horreis
491 1985 648 2022 effractis
681 1986 927 2031 quaestionem
957 1986 1090 2022 habere
1121 1986 1165 2022 de
1188 1987 1298 2023 servis

207 2031 430 2074 custodibus,
455 2031 541 2067 licet
561 2030 598 2065 in
621 2031 691 2066 illis
714 2031 827 2076 ipsius
851 2031 1076 2076 imperatoris
1099 2031 1217 2077 portio
1242 2042 1297 2068 es-

207 2078 229 2112 3
275 2080 341 2112 set.
389 2075 582 2112 Sciendum
605 2079 659 2111 est
682 2080 802 2111 autem
824 2076 1047 2121 praefectum
1069 2077 1212 2122 vigilum
1234 2087 1299 2122 per

206 2124 322 2157 totam
352 2124 495 2157 noctem
516 2121 661 2166 vigilare
685 2120 814 2156 debere
837 2125 874 2156 et
897 2131 1060 2156 coerrare
1084 2122 1298 2157 calciatum⁵

206 2169 230 2202 4
277 2177 359 2202 cum
378 2166 493 2201 hamis
513 2169 550 2201 et
568 2165 735 2208 dolabris,
760 2169 802 2201 ut
821 2176 944 2201 curam
963 2165 1157 2202 adhibeant
1175 2177 1298 2203 omnes

206 2211 399 2256 inquilinos
430 2211 638 2253 admonere,
669 2221 716 2246 ne
749 2211 971 2256 neglegentia
1001 2211 1122 2256 aliqua
1143 2211 1299 2247 incendii

208 2266 316 2292 casus
346 2256 494 2292 oriatur.
541 2259 727 2300 praeterea
759 2259 801 2291 ut
823 2266 846 2291 a
870 2266 954 2291 uam
977 2256 1220 2302 unusquisque
1242 2257 1297 2292 in-

208 2303 229 2336 5
261 2300 649 2346 quilinusincenaculo
662 2300 805 2343 habeat,
815 2301 852 2335 iu
879 2300 1197 2337 eturssadmonere.
1221 2302 1296 2337 Ad-

207 2355 332 2382 versus
367 2346 550 2391 capsarios
585 2355 744 2391 quoque,
779 2346 839 2391 qui
870 2345 1033 2381 mercede
1063 2346 1240 2382 servanda
1260 2347 1298 2382 in

208 2390 360 2427 balineis
391 2391 601 2427 vestimenta
631 2390 830 2436 suscipiunt
839 2392 864 2433 ⁷,
896 2391 1005 2426 iudex
1037 2395 1091 2427 est
1124 2391 1297 2427 constitu-

207 2439 280 2479 tus,
304 2440 355 2479 ut,
380 2435 412 2472 si
434 2435 520 2488 quid
541 2435 580 2471 in
603 2435 785 2471 servandis
809 2435 1027 2472 vestimentis
1050 2435 1298 2472 fraudulenter

207 2480 425 2524 admiserint,
449 2491 527 2526 ipse
550 2484 754 2526 cognoscat.

254 2525 279 2564 5
311 2526 506 2562 Uzpuzws
537 2525 628 2562 libro
661 2525 845 2572 sinqulari
877 2525 922 2561 de
956 2525 1083 2572 officio
1109 2526 1298 2580 praefecti

206 2571 292 2607 urbi
333 2571 572 2617 Imperatores
592 2569 742 2606 Severus
766 2574 804 2606 et
818 2571 1022 2607 Antoninus
1040 2572 1143 2607 Iumo
1164 2571 1296 2608 Rufino

206 2615 389 2673 praefecto
412 2616 557 2668 vigilum
577 2615 628 2651 ita
650 2615 932 2661 rescripserunt:
955 2613 1164 2669 ‘insularios
1175 2621 1211 2652 et
1223 2627 1296 2670 eos,

205 2702 216 2761 ;
244 2671 289 2758 ἓξ
305 2661 536 2758 ἳὲῗῖῗξέἑιῗιέ
546 2660 1295 2759 1333333338333331233393053fiffi

218 2749 348 2786 fec1sse
370 2749 574 2786 mcendlum
598 2754 866 2793 convincentur,
890 2750 938 2786 ad
960 2750 1114 2788 Fabium
1138 2751 1296 2787 Cilonem

204 2792 440 2841 ‘praefectum
464 2795 544 2830 urbi
567 2795 720 2830 amicum
743 2800 905 2831 nostrum
927 2796 1104 2833 remittes:
1128 2796 1295 2843 fugitivos

204 2836 430 2886 ‘conquirere
454 2850 585 2885 eosque
609 2840 760 2876 dominis
784 2840 932 2876 reddere
956 2838 1089 2878 debes?

682 2934 773 2972 XVI
782 2933 809 2973 ⁸.

305 2998 368 3032 DE
393 2995 571 3031 OFFIOIO
595 2998 903 3033 PROCONSULIS
926 3000 988 3033 ΕΤ
1010 2999 1192 3034 LEGATI.

255 3062 275 3101 1
309 3062 505 3100 mmmm
520 3064 611 3100 libro
626 3066 746 3111 primo
767 3065 1051 3112 disputationum
1095 3065 1295 3102 Proconsul

205 3108 339 3154 ubique
369 3109 509 3155 quidem
540 3110 811 3155 proconsularia
843 3110 995 3156 insignia
1028 3111 1139 3146 habet
1173 3111 1295 3147 statim

205 3159 316 3199 atque
350 3154 474 3189 urbem
510 3164 672 3199 egressus
708 3159 780 3191 est:
817 3160 1032 3201 potestatem
1066 3161 1186 3191 autem
1221 3166 1293 3191 ιιοιι

205 3202 349 3235 exercet
370 3198 439 3234 nisi
459 3199 496 3234 in
521 3209 564 3234 ea
586 3200 768 3252 provincia
787 3201 874 3243 sola,
899 3211 992 3246 quae
1012 3200 1044 3236 ei
1063 3200 1208 3237 decreta
1226 3204 1291 3236 est.

251 3241 278 3281 2
301 3243 539 3279 Mamaos
570 3244 661 3280 libro
689 3246 813 3291 primo
850 3247 1114 3281 institutionum
1161 3245 1293 3282 Omnes

203 3288 438 3369 proconsules
469 3288 590 3324 statim
619 3299 725 3334 quam
756 3290 881 3326 urbem
910 3290 1042 3335 egressi
1072 3290 1206 3326 fuerint
1226 3291 1291 3326 ha·

231 3337 293 3370 ent
313 3333 604 3375 iurisdictionem,
630 3334 692 3369 sed
714 3345 784 3369 non
798 3336 1067 3379 contentiosam,
1092 3335 1156 3371 sed
1166 3335 1292 3371 volun-

203 3379 352 3415 tariam:
387 3382 430 3414 ut
462 3388 546 3415 ecce
580 3380 780 3414 manumitti
815 3379 911 3424 apud
943 3390 1003 3415 eos
1035 3383 1188 3425 possunt
1217 3384 1293 3415 tam

250 3493 290 3533 (1)
305 3491 390 3535 Pap.
402 3510 447 3517 —
461 3492 545 3525 Bas.
559 3493 591 3531 6,
605 3499 632 3525 5.
644 3509 690 3515 —
705 3492 755 3527 Cfi
774 3491 851 3525 Cod.
868 3493 897 3531 1,
907 3499 941 3525 4³
989 3495 1031 3533 (2)
1047 3495 1125 3526 citat
1136 3493 1216 3526 haec
1226 3493 1294 3537 Ly-

204 3537 266 3570 dus
280 3537 319 3570 dc
332 3550 360 3570 m
409 3563 415 3570 .
433 3539 463 3576 l,
476 3544 512 3571 5⁰
560 3537 604 3579 (3)
617 3535 762 3568 inoediis
775 3536 809 3569 F
849 3538 891 3578 (4)
906 3538 955 3569 ita
967 3537 1005 3579 S,
1021 3550 1079 3571 om.
1093 3538 1128 3571 F
1168 3540 1210 3578 (5)
1224 3537 1293 3570 cal-

203 3581 348 3615 ciantem
407 3606 416 3622 ,
429 3581 603 3615 calciatem
615 3580 664 3615 Γ*
720 3583 764 3622 (6)
788 3581 948 3614 iubentur
960 3582 993 3614 F
1045 3584 1088 3624 (7)
1113 3583 1292 3615 vestimen·

203 3628 255 3659 tu
264 3626 458 3670 suscipiunt
472 3627 518 3660 F*
541 3627 741 3659 vestimenta
751 3626 957 3670 usucapiunt
969 3627 1013 3659 F¹

249 3671 295 3712 (s)
307 3671 588 3710 Sab.1...⁴.o...11;
601 3671 687 3715 Pap.
700 3678 736 3711 ις
749 3672 814 3705 Ed.
825 3678 940 3706 ¹2...1s.
952 3690 999 3696 —
1010 3672 1094 3706 Bas.
1107 3673 1139 3712 6,
1153 3679 1291 3711 ².4...1·1.

202 3731 250 3741 -
263 3715 314 3759 Cs·
321 3716 472 3756 Cadunt
519 3719 564 3757 (9)
579 3719 689 3759 potest
701 3716 763 3750 del.
812 3717 871 3758 (10)
886 3729 971 3750 anno
979 3729 1016 3760 p.
1034 3717 1069 3750 C.
1082 3724 1119 3751 20
1167 3718 1222 3759 (11)
1235 3727 1290 3749 ex-

1308 105 1361 155 14

1729 124 1790 155 DE
1820 124 1921 156 ow.
1949 125 2107 157 PRAEF.
2137 125 2328 158 VIGILUM
2355 126 2453 159 CET-

1371 235 1385 267 1
1433 231 1536 268 liberi
1558 242 1665 278 quam
1688 233 1779 269 servi
1801 238 1838 269 et
1860 233 2071 280 adoptiones
2093 234 2181 271 fieri.
2227 235 2335 282 Apud
2357 236 2450 282 lega-

1365 280 1443 312 tum
1464 287 1548 313 vero
1570 277 1794 322 proconsulis
1817 289 1920 315 nemo
1945 279 2193 316 manumittere
2214 285 2344 326 potest,
2369 282 2454 327 quia

1367 332 1439 357 non
1463 322 1574 358 habet
1594 321 1873 359 iurisdictionem
1895 324 2013 360 talem.

1413 364 1438 404 3
1470 366 1664 403 mmmm
1702 367 1793 404 libro
1825 369 2015 405 vicensimo
2057 373 2162 406 sexto
2197 369 2249 405 ad
2279 369 2453 406 Sabinum

1366 411 1443 447 Nec
1466 411 1651 464 adoptare·
1668 413 1830 458 potest⁹:
1867 414 2009 450 omnino
2044 414 2135 450 enim
2166 425 2238 450 non
2271 418 2327 451 est
2357 415 2454 462 apud

1367 467 1448 492 eum
1471 456 1558 502 legis
1581 460 1687 493 act10.

1413 500 1439 539 4
1462 501 1571 537 IDEM
1589 501 1679 538 libro
1694 503 1819 549 primo
1842 502 1887 539 dc
1909 503 2035 549 officio
2054 504 2286 551 proconsulis
2321 504 2453 541 Obser-

1366 557 1450 582 vare
1469 549 1589 582 autem
1607 547 1856 592 proconsulem
1876 552 2028 593 oportet,
2053 559 2099 584 ne
2118 549 2155 584 in
2172 549 2337 595 hospitiis
2349 560 2452 595 prae-

1367 591 1493 627 bendis
1517 595 1640 628 oneret
1686 592 1898 635 rovinciam,
1929 597 1971 628 ιιι
2001 593 2198 645 imperator
2227 598 2350 630 noster
2374 605 2454 630 cum

1370 639 1387 671 1
1435 640 1539 682 patre
1561 602 1705 673 Aufidio
1730 636 1920 673 Severiano
1945 638 2138 683 rescripsit.
2173 638 2287 675 Nemo
2299 650 2453 685 procon-

1368 681 1484 717 sulum
1508 685 1680 718 stratores
1703 692 1788 718 suos
1810 682 1944 718 habere
1966 686 2087 728 potest
2137 682 2202 719 sed
2233 684 2310 720 vice
2333 694 2455 720 eorum

1368 729 1388 761 2
1435 726 1563 763 milites
1585 727 1779 763 ministerio
1803 727 1840 763 in
1864 727 2055 773 provinciis
2085 710 2293 774 funguntur.
2341 728 2454 765 Profi-

1369 771 1454 807 cisci
1465 775 1585 807 autem
1597 772 1846 817 proconsulem
1857 773 1981 808 melius
1994 772 2135 818 quidem
2154 777 2210 809 est
2229 773 2305 810 sine
2324 784 2453 810 uxore:

1367 816 1431 853 sed
1453 820 1490 852 et
1512 827 1593 852 cum
1624 827 1735 854 uxore
1766 820 1905 863 potest,
1939 817 2130 853 dummodo
2165 818 2258 854 sciat
2292 823 2455 854 senatum

1369 862 1535 915 Qottaoet
1557 861 1715 898 Messala
1738 862 1944 915 consulibus
1957 863 1985 884 ¹⁰
2009 863 2191 916 censuisse
2213 862 2391 916 futurum,
2416 868 2457 899 ut

1367 917 1399 987 ἓξ
1432 906 2149 1005 Ἆῑὲίἓψῗὲἱέιξῗιξὲἒςέῗὲεῗῗιηῗὲῗῒ
2178 908 2457 989 Ρωῗαῗᾚὲἷ

1367 1006 1474 1042 quam
1506 1007 1590 1033 vero
1620 996 1711 1033 fines
1742 1007 1947 1043 provinciae
1978 997 2143 1034 decretae
2173 998 2204 1034 si
2228 998 2242 1033 i
2263 999 2456 1044 proconsul

1366 1042 1546 1087 ingressus
1577 1042 1643 1085 sit,
1678 1041 1832 1078 edictum
1856 1042 1961 1078 debet
1984 1042 2029 1078 de
2051 1042 2206 1079 adventu
2229 1053 2294 1079 suo
2317 1043 2457 1079 mittere

1367 1087 1554 1123 continens
1586 1086 1927 1123 commendationem
1962 1087 2116 1133 aliquam
2146 1088 2219 1131 sui,
2253 1088 2284 1124 si
2319 1099 2391 1141 qua
2424 1089 2456 1124 ei

1365 1131 1589 1168 familiaritas
1613 1132 1660 1168 sit
1682 1142 1763 1168 cum
1787 1132 2065 1177 provincialibus
2087 1133 2143 1168 vel
2166 1133 2388 1176 coniunctio,
2421 1137 2457 1169 et

1366 1177 1519 1212 maxime
1542 1177 1746 1213 excusantis
1760 1178 1798 1219 ¹¹,
1831 1187 1877 1213 ne
1899 1178 2042 1223 publice
2064 1177 2119 1214 vel
2141 1178 2305 1224 privatim
2329 1189 2455 1214 occur-

1366 1226 1450 1258 rant
1473 1222 1522 1258 ei:
1548 1232 1627 1258 esse
1649 1222 1741 1258 enim
1766 1232 1977 1267 congruens,
2001 1227 2042 1258 ut
2064 1223 2307 1269 unusquisque
2329 1223 2368 1259 in
2390 1233 2457 1259 sua

1367 1270 1388 1303 4
1434 1267 1552 1313 patria
1576 1278 1656 1302 eum
1680 1267 1868 1312 exciperet.
1915 1267 2029 1303 Recte
2052 1272 2172 1303 autem
2195 1271 2231 1304 et
2253 1267 2377 1304 ordine
2400 1267 2455 1303 fa-

1367 1312 1456 1355 ciet,
1487 1312 1519 1348 si
1553 1312 1709 1349 edictum
1739 1311 1918 1348 decessori
1947 1323 2012 1348 suo
2044 1312 2179 1348 miserit
2202 1312 2455 1359 significetque,

1367 1367 1438 1403 qua
1461 1356 1518 1393 die
1540 1357 1628 1393 fines
1652 1357 1699 1394 sit
1721 1357 1963 1402 ingressurus:
1987 1358 2125 1403 plerum
2150 1368 2196 1394 ue
2216 1358 2309 1394 enim
2319 1358 2457 1394 incerta

1368 1403 1457 1438 haec
1488 1405 1525 1438 et
1553 1402 1739 1448 inopinata
1769 1402 1919 1438 turbant
1948 1402 2105 1454 provinc·
2144 1413 2180 1438 es
2206 1407 2242 1439 et
2264 1407 2367 1439 actus
2390 1403 2455 1438 im-

1367 1450 1387 1482 5
1433 1447 1591 1493 pediunt.
1639 1447 1883 1493 Ingressum¹²
1913 1451 2020 1483 etiam
2050 1447 2120 1483 hoc
2155 1458 2236 1483 eum
2266 1448 2457 1484 observare

1367 1495 1530 1537 oportet,
1561 1495 1603 1528 ut
1632 1502 1697 1538 per
1720 1502 1799 1528 eam
1821 1495 1961 1544 partem
1983 1492 2203 1538 provinciam
2225 1492 2455 1538 ingrediatur,

1367 1547 1431 1582 per
1454 1547 1561 1603 quam
1583 1536 1720 1583 ingredi
1751 1547 1860 1573 mons
1892 1541 1965 1579 est,
1996 1540 2032 1573 et
2062 1547 2151 1582 quas
2176 1537 2305 1574 Graeci
2327 1536 2449 1581 ἐπιδη-

1365 1585 1448 1626 μίας
1474 1583 1489 1604 ³
1508 1582 1691 1628 appellant
1709 1581 1783 1618 sive
1802 1579 2010 1616 κατάπλουν
2023 1582 2049 1603 ¹⁴
2070 1582 2271 1626 observare,
2291 1583 2329 1618 in
2350 1594 2455 1629 quam

1390 1627 1519 1662 rimum
1550 1627 1727 1663 civitatem
1762 1627 1881 1663 veniat
1912 1627 1969 1663 vel
2002 1627 2174 1672 applicet:
2210 1628 2329 1673 magni
2364 1628 2456 1663 enim

1381 1672 1501 1707 acient
1522 1672 1758 1718 provinciales
1782 1672 1916 1707 servari
1939 1671 2008 1708 sibi
2031 1672 2326 1708 consuetudinem
2349 1673 2455 1709 istam

1366 1720 1403 1752 et
1424 1716 1628 1752 huiusmodi
1656 1717 1932 1763 praerogativas.
1980 1716 2155 1762 quaedam
2177 1717 2381 1763 provinciae
2404 1722 2455 1753 et·

1365 1761 1436 1797 iam
1458 1761 1529 1797 hoc
1551 1762 1697 1804 habent,
1722 1765 1764 1797 ut
1785 1772 1850 1814 per
1865 1772 1964 1797 mare
1979 1762 2017 1796 in
2037 1772 2116 1797 eam
2133 1763 2352 1808 provinciam
2371 1773 2455 1809 pro·

1366 1806 1493 1842 consul
1515 1806 1644 1850 veniat,
1668 1810 1711 1841 nt
1732 1807 1832 1850 Asia,
1856 1806 1993 1842 scilicet
2015 1817 2129 1852 usque
2152 1806 2254 1849 adeo,
2279 1811 2320 1843 ut
2342 1808 2454 1853 impe·

1364 1855 1466 1887 rator
1498 1855 1621 1887 noster
1641 1851 1846 1887 Antoninus
1868 1852 1927 1886 Au
1993 1855 2053 1887 tus
2084 1851 2132 1887 ad
2154 1851 2328 1888 desideria
2351 1853 2454 1888 Asia-

1366 1907 1493 1932 norum
1515 1896 1698 1949 rescripsit
1711 1897 1739 1918 ¹⁵
1761 1906 1915 1942 procons
1956 1896 1964 1904 “
1989 1897 2237 1932 necessitatem
2254 1897 2456 1943 impositam

1365 1952 1431 1987 per
1449 1951 1548 1977 mare
1566 1942 1690 1977 Asiam
1713 1941 1896 1987 applicare
1913 1944 1974 1975 καὶ
1992 1943 2070 1975 τῶν
2085 1940 2454 1988 μητροπόλεωνἘφε-

1367 1989 1388 2022 6
1435 1987 1541 2021 σονιο
1563 1987 1714 2032 primam
1737 1986 1827 2022 attin
1851 1996 1920 2022 ere.
1956 1986 2046 2022 Post
2065 1986 2155 2022 haec
2174 1987 2351 2032 ingressus
2370 1997 2454 2033 pro·

1366 2031 1518 2067 vinciam
1540 2032 1713 2068 mandare
1734 2032 1822 2068 iuris
1851 2031 2017 2067 'ctionem
2039 2031 2157 2077 legato
2177 2042 2243 2068 suo
2263 2031 2370 2068 debet
2387 2043 2455 2068 nec

1366 2077 1436 2112 hoc
1460 2081 1546 2113 ante
1574 2076 1715 2120 facere,
1751 2087 1858 2122 quam
1880 2076 1991 2112 fuerit
2011 2077 2231 2122 provinciam
2253 2077 2453 2122 ingressus:

1367 2125 1422 2157 est
1457 2121 1550 2157 enim
1583 2132 1756 2168 perquam
1790 2121 1984 2157 absurdum
2019 2125 2212 2167 antequam
2242 2122 2320 2168 ipse
2349 2122 2453 2158 iuris-

1367 2166 1557 2203 dictionem
1580 2167 1813 2203 nanciscatur
1845 2172 1924 2207 (nec
1955 2166 2048 2202 enim
2077 2167 2176 2212 prius
2206 2166 2239 2202 ei
2274 2177 2354 2203 com
2380 2167 2455 2209 etit,

1367 2222 1474 2257 quam
1496 2212 1535 2247 in
1558 2222 1636 2247 eam
1658 2211 1878 2257 provinciam
1901 2211 2049 2254 venerit)
2081 2212 2141 2246 alii
2171 2221 2250 2247 eam
2273 2223 2356 2248 man
2382 2222 2454 2254 are,

1367 2266 1473 2301 quam
1496 2268 1569 2293 non
1591 2257 1711 2292 habet.
1759 2256 1823 2292 sed
1846 2257 1877 2291 si
1901 2259 1937 2291 et
1960 2260 2044 2292 ante
2066 2255 2193 2291 fecerit
2216 2260 2252 2292 et
2274 2257 2454 2302 ingressus

1366 2301 1585 2346 provinciam
1607 2302 1644 2337 in
1669 2301 1792 2336 eadem
1814 2301 1997 2336 voluntate
2018 2300 2137 2343 fuerit,
2162 2301 2378 2337 credendum
2400 2307 2455 2338 est
2519 2334 2523 2339 ἶ

1365 2345 1476 2381 videri
1498 2346 1653 2391 legatum
1676 2347 1810 2381 habere
1831 2345 2130 2388 iurisdictionem,
2164 2356 2238 2382 non
2262 2346 2387 2382 exinde
2410 2357 2454 2382 ex

1366 2401 1436 2444 quo
1460 2391 1631 2471 mandata
1654 2395 1725 2433 est,
1759 2390 1823 2426 sed
1857 2401 1902 2426 ex
1925 2401 1995 2436 quo
2018 2391 2237 2436 provinciam
2259 2391 2453 2437 proconsul

1364 2447 1400 2471 ιιι
1444 2446 1544 2472 essus
1569 2446 1606 2471 es
1625 2463 1633 2471 .

1461 2480 1806 2517 ΡΑΡιΝιΑπσεῖίὺνο
1813 2481 1936 2527 primo
1955 2480 2206 2526 quaestionum
2250 2480 2452 2533 Aliquando
2509 2488 2512 2494 ’

1365 2526 1536 2562 mandare
1558 2525 1837 2561 iurisdictionem
1866 2524 2061 2571 proconsul
2090 2528 2229 2606 gotest,
2264 2530 2331 2562 etsi
2362 2537 2451 2562 non·

1366 2571 1449 2607 dum
1471 2571 1509 2607 in
1531 2570 1750 2616 provinciam
1767 2569 1981 2623 pervenerit.
2028 2570 2090 2615 qui
2144 2569 2237 2606 enim
2267 2571 2298 2606 si
2328 2581 2451 2607 neces-

1365 2617 1496 2652 sariam
1518 2626 1655 2652 moram
1677 2616 1715 2651 in
1737 2615 1863 2651 iuuere
1883 2615 2053 2661 patiatur,
2076 2615 2314 2651 maturissime
2333 2619 2452 2652 autem

1364 2661 1502 2707 legatus
1526 2661 1564 2696 in
1587 2661 1808 2706 provinciam
1831 2663 2063 2706 perventurus
2086 2659 2159 2696 sit?

1411 2705 1436 2744 6
1451 2707 1477 2728 ¹⁷
1490 2705 1692 2742 mmmm
1700 2706 1791 2742 libro
1801 2706 1925 2752 primo
1934 2705 1978 2740 de
1986 2704 2349 2751 officioproconsulis
2383 2705 2449 2758 So-

1364 2751 1438 2788 lent
1461 2751 1568 2787 etiam
1591 2751 1833 2787 custodiarum
1857 2749 2092 2796 cognitionem
2119 2749 2290 2785 mandare
2311 2749 2449 2796 legatis,
2506 2787 2510 2789 λ

1363 2797 1502 2833 scilicet
1511 2800 1554 2832 ut
1563 2796 1794 2850 praeauditas
1807 2794 1989 2831 custodias
2005 2793 2053 2830 ad
2064 2803 2103 2830 se
2114 2794 2308 2838 remittant,
2332 2799 2374 2830 ut
2394 2795 2450 2831 in·

1364 2845 1551 2878 nocentem
1572 2851 1650 2887 ipse
1671 2841 1798 2877 liberet
1808 2841 1846 2876 ¹⁰.
1882 2838 1947 2876 sed
1955 2839 2026 2875 hoc
2035 2849 2146 2884 genus
2158 2838 2319 2875 mandati
2330 2843 2450 2876 extra-
2506 2852 2522 2883 5v

1363 2887 1583 2923 ordinarium
1615 2889 1688 2922 est:
1720 2895 1788 2921 nec
1820 2885 1913 2921 enim
1942 2887 2062 2930 potest
2092 2883 2172 2929 quis
2205 2884 2313 2930 gladii
2340 2890 2448 2937 pote·

1363 2935 1492 2968 statem
1514 2930 1583 2968 sibi
1605 2930 1726 2967 datam
1756 2930 1810 2966 vel
1840 2930 1942 2965 cuius
1966 2928 2112 2965 alterius
2144 2930 2367 2966 coercitionis
2402 2929 2449 2966 ad
2501 2933 2521 2974 ,ιζ’-

1363 2977 1471 3012 alium
1494 2975 1705 3019 transferre,
1740 2985 1806 3011 nec
1836 2974 2011 3010 liberandi
2033 2974 2141 3020 igitur
2162 2984 2244 3010 reos
2267 2975 2335 3018 ius,
2369 2985 2448 3011 cum
2498 3000 2509 3011 ,

1366 3025 1379 3056 1
1431 3020 1596 3058 accusari
1629 3031 1652 3056 a
1677 3019 1727 3056 ud
1763 3031 1843 3056 eum
1875 3030 1948 3056 non
1991 3019 2141 3065 possint.
2189 3018 2290 3055 Sicut
2329 3023 2448 3056 autem
2506 3022 2523 3070 g

1361 3065 1534 3102 mandare
1562 3066 1650 3102 iuris
1678 3066 1842 3102 ’ctionem
1872 3065 1928 3101 vel
1958 3075 2032 3100 non
2062 3062 2230 3100 mandare
2253 3068 2308 3100 est
2330 3065 2367 3100 in
2390 3074 2449 3100 ar·

1362 3111 1468 3147 bitrio
1491 3111 1727 3156 proconsulis,
1751 3111 1803 3147 ita
1827 3109 1982 3146 adimere
2005 3108 2210 3145 mandatam
2232 3109 2447 3146 iurisdictio·

1362 3166 1443 3191 nem
1465 3156 1549 3191 licet
1571 3155 1715 3202 quidem
1745 3155 1969 3202 proconsuli,
2004 3164 2077 3190 non
2107 3157 2226 3189 autem
2255 3154 2363 3191 debet
2392 3154 2447 3191 in·
2500 3184 2515 3195 ,,

1361 3203 1381 3236 2
1429 3200 1593 3236 consulto
1615 3201 1777 3247 principe
1800 3202 1871 3236 hoc
1892 3199 2024 3236 facere.
2070 3197 2227 3244 Legatos
2251 3210 2323 3235 non
2341 3209 2447 3245 opor·
2495 3221 2503 3234 -,
2524 3222 2528 3223 ⁷

1360 3249 1413 3281 tet
1434 3245 1631 3291 principem
1655 3246 1859 3289 consulere,
1895 3245 1958 3281 sed
1981 3243 2230 3290 proconsulem
2253 3254 2377 3286 suum,
2411 3247 2449 3280 et
2498 3253 2500 3255 ’

1360 3291 1390 3326 is
1421 3290 1468 3326 ad
1503 3290 1783 3327 consultationes
1818 3291 2013 3336 legatorum
2047 3287 2189 3323 debebit
2221 3300 2241 3324 r

1361 3338 1381 3371 3
1428 3335 1510 3371 Non
1533 3346 1616 3371 vero
1639 3336 1677 3371 in
1699 3340 1815 3372 totum
1837 3335 1951 3371 xeniis
1981 3332 2160 3370 abstinere
2190 3332 2280 3370 debe
2303 3334 2333 3370 it
2362 3343 2445 3380 pro·

1361 3380 1504 3421 consul,
1540 3380 1603 3416 sed
1626 3381 1771 3417 modum
1794 3380 1946 3422 adicere,
1969 3382 2011 3414 ut
2032 3387 2147 3423 neque
2170 3388 2309 3415 morose
2329 3379 2368 3415 in
2389 3383 2445 3415 to·
2502 3388 2503 3393 ¹

1361 3502 1482 3525 ousans
1493 3505 1557 3527 scr.

1363 3538 1592 3571 Brencmanno
1660 3539 1718 3580 (13)
1744 3538 1833 3572 idest
1844 3537 2007 3570 adventus
2077 3538 2134 3578 (14)
2160 3538 2198 3571 id
2207 3545 2254 3571 est
2265 3537 2444 3581 appulsum

1361 3583 1421 3623 (15)
1445 3582 1658 3626 rescripserit
1664 3594 1728 3617 scr.

1361 3626 1507 3670 tropoles
1520 3627 1693 3670 Ephesum
1749 3628 1808 3670 (17)
1834 3627 1855 3661 l.
1869 3633 1887 3661 6
1895 3638 1951 3670 pr.
1964 3643 2009 3656 α
2020 3627 2068 3660 D.
2079 3628 2134 3668 50,
2145 3634 2188 3668 1¹1,
2199 3634 2235 3662 ‘to
2294 3628 2354 3669 (18)
2374 3626 2442 3670 {pti
2484 3646 2493 3654 2

1359 3671 1505 3704 liberent
1517 3671 1690 3716 Schultinq

2352 3289 2446 3325 dere.

1672 3495 1730 3535 (12)
1755 3493 1986 3535 ingressurum
1996 3504 2059 3525 scr.
2083 3492 2138 3526 vel
2153 3492 2190 3525 in
2207 3492 2362 3536 ingressu
2374 3504 2443 3527 curn
2490 3503 2505 3517 ὁ
2524 3530 2528 3539 ⁴

1797 3583 1858 3624 (1⁶)
1884 3593 2025 3626 εφεσων
2035 3582 2070 3615 F.
2094 3582 2141 3615 Id
2151 3589 2217 3616 ut.-
2229 3589 2261 3616 et
2274 3582 2365 3615 inter
2375 3591 2444 3616 mo·
