2528 3918
197 99 374 145 xvn1

196 227 260 260 aut
293 232 358 275 per
392 220 622 263 creditorem,
659 230 730 266 quo
765 220 881 256 minus
915 220 1112 266 acciperet:
1158 220 1286 256 etenim

197 271 314 305 neutri
337 277 459 303 eorum
481 265 668 301 frustratio
692 275 760 301 sua
780 265 953 312 prodesse
976 266 1091 302 debet.

245 311 299 352 38
324 311 565 348 Masculus
593 310 684 347 libro
706 311 764 347 sin
817 311 891 347 lari
909 321 1165 358 responsorum
1210 310 1285 346 Lu-

197 359 274 395 cius
298 357 414 393 Titius
437 356 566 392 Publio
590 356 731 392 Maevio
795 356 827 392 'o
848 356 1003 392 naturali
1022 355 1166 391 domum
1187 365 1284 391 com-

196 413 338 439 munem
371 401 532 447 permisit
562 411 636 437 non
668 401 872 438 donationis
897 411 1008 437 causa
1031 400 1199 436 creditori
1221 400 1285 436 filii

197 448 372 493 obligare:
404 449 533 492 postea
557 446 691 483 Maevio
724 446 894 482 defuncto
920 446 1044 481 relicta
1066 446 1204 492 pupilla
1226 449 1283 482 tu-

196 497 292 529 tores
327 492 403 527 eius
438 491 592 527 iudicem
628 491 800 528 adversus
830 492 963 527 Titium
1001 494 1218 536 acceperunt
1252 494 1288 526 et

196 538 312 573 Titius
347 537 392 572 de
425 537 559 572 mutuis
593 537 842 604 petitionibus:
911 546 1041 579 uaero,
1077 546 1123 571 an
1159 536 1287 571 domus

222 593 300 626 ars,
333 592 441 628 quam
465 581 582 618 Titius
632 582 856 662 obligandam
922 582 953 617 'o
986 591 1051 616 suo
1083 591 1286 617 accommo-

221 628 304 670 avit,
329 627 506 663 arbitratu
529 627 656 663 iudicis
680 627 704 662 li
731 627 822 663 erari
843 627 981 662 debeat.
1018 626 1212 662 Marcellus
1230 636 1286 662 re-

196 672 359 719 spondit,
391 683 439 708 an
462 676 500 709 et
530 672 672 718 quando
705 672 835 708 debeat
864 671 1026 714 liberari,
1060 682 1103 707 ex
1133 681 1289 718 persona

196 717 367 754 debitoris
386 718 543 764 itemque
554 728 598 754 ex
612 728 666 761 eo,
688 718 783 764 quod
795 718 886 752 inter
900 716 1151 753 contrahentes
1165 721 1285 753 actum

198 767 303 806 esset,
328 773 372 799 ac
395 767 575 816 tempore,
601 774 671 809 quo
697 773 754 798 res
779 763 822 797 de
846 772 916 808 qua
940 766 1174 807 quaereretur
1197 762 1286 798 obli-

195 813 281 854 gata
302 808 449 851 fuisset,
473 808 627 844 iudicem
652 808 940 844 aestimaturum:
966 810 1022 843 est
1044 807 1134 843 enim
1163 818 1286 843 earum

196 853 395 899 specierum
419 853 595 890 iudicialis
619 853 799 906 quaestio,
831 863 896 898 per
927 853 1060 898 quam²
1091 863 1149 888 res
1180 863 1286 898 expe-

200 902 213 934 1
265 899 393 942 diatur,
417 909 488 934 non
510 898 680 934 absimilis
700 898 772 940 illa,
797 908 890 943 quae
908 897 1194 943 frequentissime
1213 898 1286 943 agi-

195 944 266 979 tari
297 944 407 987 solet,
439 943 629 979 fideiussor
660 954 707 978 an
732 947 767 978 et
790 943 888 989 prius
914 954 1019 988 quam
1045 943 1160 979 solvat
1183 953 1288 988 agere

195 989 328 1035 possit,
359 993 400 1025 ut
429 989 608 1024 liberetur.
654 999 720 1024 nec
752 992 874 1024 tamen
905 998 1046 1033 semper
1076 992 1286 1034 exspectan-

196 1034 280 1070 dum
305 1038 371 1078 est,
396 1038 437 1070 ut
459 1034 575 1070 solvat
599 1037 663 1069 aut
685 1033 816 1069 iudicio
842 1037 991 1079 accepto
1017 1033 1287 1076 condemnetur,

196 1079 227 1115 si
257 1079 319 1115 diu
349 1080 387 1115 in
410 1080 587 1116 solutione
610 1089 692 1115 reus
718 1078 873 1114 cessabit
897 1082 960 1114 aut
984 1082 1080 1114 certe
1103 1079 1199 1115 bona
1223 1089 1288 1115 sua

196 1124 282 1161 dissi
309 1125 402 1168 abit,
437 1124 646 1170 praesertim
679 1124 710 1160 si
744 1124 842 1160 domi
874 1124 1064 1169 pecuniam
1102 1124 1289 1160 fideiussor

197 1180 268 1206 non
317 1170 449 1212 abebit,
474 1180 545 1222 qua
569 1173 758 1205 numerata
781 1169 946 1204 creditori
966 1169 1127 1205 mandati
1147 1170 1289 1206 actione

200 1216 325 1250 reum³
350 1219 548 1252 conveniat.

243 1258 298 1298 39
336 1260 541 1296 NEMrms
581 1260 671 1295 libro
706 1260 856 1305 septimo
891 1259 1180 1295 membranarum
1238 1259 1289 1295 Et

196 1306 355 1341 Aristoni
380 1309 416 1340 et
440 1305 541 1341 Celso
574 1305 668 1351 patri
699 1304 839 1350 placuit
868 1315 976 1350 posse
1007 1315 1081 1340 rem
1106 1304 1176 1340 hac
1201 1316 1286 1340 con-

196 1350 335 1386 dicione
359 1350 489 1396 deponi
513 1350 794 1395 mandatumque
817 1350 962 1395 suscipi,
988 1354 1028 1385 ut
1051 1360 1108 1385 res
1128 1350 1287 1395 periculo

196 1396 270 1431 eius
295 1396 342 1431 sit
366 1396 426 1441 qui
451 1395 650 1441 depositum
675 1395 729 1430 vel
753 1395 961 1431 mandatum
987 1395 1166 1441 suscepit:
1193 1395 1287 1441 quod

196 1445 232 1477 et
254 1441 339 1476 mihi
363 1451 484 1476 verum
510 1451 588 1476 esse
611 1440 761 1476 videtur.

242 1484 295 1524 40
320 1486 479 1522 PAvws
499 1486 590 1522 libro
615 1497 711 1521 nono
735 1486 786 1521 ad
807 1485 961 1522 edictum
1006 1486 1043 1521 Si
1055 1497 1120 1531 pro
1135 1489 1171 1522 te
1184 1497 1287 1532 prae-

196 1535 296 1567 sente
319 1535 354 1567 et
377 1535 518 1567 vetante
542 1530 796 1574 fideiusserim,
829 1541 895 1566 nec
918 1531 1079 1567 mandati
1103 1532 1196 1567 actio
1221 1542 1288 1567 nec

196 1577 419 1622 negotiorum
445 1580 624 1623 gestorum
651 1580 723 1612 est:
756 1576 820 1612 sed
844 1576 989 1622 quidam
1013 1577 1135 1612 utilem
1159 1580 1289 1622 putant

195 1621 272 1657 dari
297 1626 477 1668 oportere:
502 1622 631 1667 quibus
655 1632 728 1658 non
753 1622 948 1665 consentio,
974 1622 1169 1658 secundum
1192 1623 1288 1668 quod

195 1671 231 1703 et
254 1667 342 1703 Pom
372 1667 453 1703 onio
478 1667 627 1703 videtur.

240 1710 290 1749 41
351 1722 445 1749 Alvs
465 1712 557 1749 libro
582 1713 687 1748 tertio
711 1712 761 1748 ad
777 1712 930 1749 edictum
944 1712 1174 1759 provinciale
1216 1713 1286 1749 Po-

194 1761 266 1793 test
300 1761 336 1793 et
370 1758 417 1794 ab
451 1768 525 1794 una
559 1757 749 1793 dumtaxat
783 1761 887 1803 parte
922 1758 1082 1793 mandati
1116 1758 1286 1794 iudicium

195 1802 290 1838 dari:
315 1813 398 1838 nam
424 1803 452 1839 si
476 1803 506 1839 is
531 1803 593 1856 qui
616 1803 824 1838 mandatum
846 1803 1005 1849 suscepit
1026 1814 1188 1849 egressus
1209 1803 1286 1839 fue·

194 1848 240 1883 rit
276 1848 506 1891 mandatum,
541 1849 610 1895 ipsi
645 1848 787 1894 quidem
820 1849 980 1884 mandati
1012 1849 1181 1884 iudicium
1214 1860 1286 1885 non

195 1894 383 1939 competit,
418 1897 457 1929 at
488 1894 520 1929 ei
551 1894 612 1940 qui
643 1894 865 1929 mandaverit
888 1894 1058 1930 adversus
1083 1904 1164 1930 eum
1188 1905 1285 1930 com-

195 1938 298 1984 petit.

241 1981 295 2021 42
327 1983 522 2020 vamum
541 1983 632 2020 libro
657 1984 845 2020 undecimo
870 1984 919 2020 ad
937 1985 1091 2020 edictum
1127 1985 1165 2020 Si
1185 1996 1284 2021 man-

196 2028 325 2065 davero
357 2029 442 2072 tibi,
478 2032 519 2064 ut
554 2033 739 2065 excuteres
774 2029 865 2065 vires
899 2029 1128 2073 hereditatis,
1165 2034 1200 2066 et
1233 2034 1285 2073 tu,

195 2074 297 2120 quasi
321 2074 436 2109 minor
459 2074 516 2117 sit,
543 2084 620 2110 eam
646 2085 668 2110 a
691 2085 748 2110 me
772 2075 908 2118 emeris,
933 2075 991 2110 et⁴
1015 2075 1175 2111 mandati
1200 2076 1286 2111 mihi

194 2119 381 2155 teneberis.
425 2119 634 2155 tantundem
671 2123 708 2155 et
740 2120 770 2155 si
801 2120 867 2155 tibi
902 2120 1084 2163 mandavi,
1121 2125 1162 2156 ut
1193 2122 1284 2157 vires

195 2168 381 2200 excuteres
406 2164 482 2200 eius
506 2165 562 2200 cui
596 2175 692 2200 eram
727 2165 928 2201 crediturus
961 2169 997 2201 et
1026 2166 1284 2202 renuntiaveris

195 2220 275 2246 eum
299 2209 466 2245 idoneum
492 2220 581 2245 esse.

241 2252 294 2293 43
328 2254 436 2290 IDEM
466 2255 557 2291 libro
592 2256 757 2291 vicesimo
791 2256 896 2291 tertio
931 2255 981 2291 ad
1014 2255 1168 2292 edictum
1216 2256 1284 2301 Qui

194 2299 403 2336 mandatum
436 2300 611 2346 suscepit,
644 2304 685 2335 ut
707 2301 877 2346 pecunias
901 2301 938 2336 in
962 2301 1054 2336 diem
1080 2301 1282 2344 collocaret,

194 2346 225 2381 is
250 2356 295 2381 ue
318 2346 387 2381 hoc
410 2345 546 2387 fecerit,
572 2345 732 2381 mandati
756 2346 1019 2381 conveniendus
1045 2350 1109 2389 est,
1135 2350 1175 2382 ut
1200 2357 1280 2382 cum

195 2357 364 2426 dffafione
387 2391 558 2436 temporis
582 2391 785 2427 actionibus
810 2391 924 2427 cedat.

241 2435 294 2473 44
330 2435 436 2471 IDEM
468 2436 559 2472 libro
594 2437 822 2483 sexagesimo
853 2436 1010 2472 secundo
1046 2436 1096 2471 ad
1129 2437 1282 2473 edictum

196 2481 308 2517 Dolus
341 2484 413 2523 est,
447 2482 477 2516 si
509 2481 587 2526 quis
612 2481 701 2517 nolit
723 2482 888 2527 persequi
912 2481 1008 2527 quod
1030 2482 1195 2527 persequi
1217 2493 1281 2527 po-

196 2530 274 2568 test,
299 2530 363 2562 aut
385 2526 415 2562 si
439 2526 518 2571 quis
542 2526 631 2562 nolit
654 2526 750 2572 quod
775 2537 818 2562 ex
863 2526 931 2562 erit
953 2527 1088 2562 solvere
1099 2528 1122 2562 ⁶.

242 2570 295 2608 45
328 2570 488 2607 was
519 2571 609 2608 libro
641 2572 767 2618 quinto
799 2584 822 2607 a
880 2571 1064 2607 Plautium
1112 2571 1150 2607 Si
1181 2583 1281 2607 man-

195 2616 283 2652 datu
306 2626 384 2652 meo
408 2616 558 2652 fundum
592 2617 736 2659 emeris,
768 2620 886 2652 utrum
920 2628 1001 2653 cum
1033 2616 1171 2653 dederis
1202 2628 1282 2663 pre-

195 2661 283 2697 tium
308 2663 455 2707 ageres⁶
478 2672 616 2697 mecum
648 2662 827 2705 mandati,
862 2673 908 2697 an
933 2666 968 2697 et
991 2666 1182 2708 antequam
1208 2663 1283 2706 des,

195 2716 241 2741 ne
271 2716 416 2742 necesse
446 2707 581 2743 habeas
612 2717 669 2743 res
700 2712 782 2743 tuas
806 2708 982 2743 vendere?
1017 2711 1053 2743 ct
1076 2711 1173 2743 recte
1196 2708 1282 2743 dici-

195 2756 256 2786 tur
278 2751 314 2786 in
338 2752 407 2786 hoc
427 2762 504 2787 esse
523 2752 684 2788 mandati
702 2753 891 2795 actionem,
916 2757 957 2788 ut
980 2753 1172 2798 suscipiam
1193 2754 1282 2789 obli-

196 2796 392 2842 gationem,
418 2807 510 2842 quae
534 2797 703 2833 adversus
727 2802 764 2833 te
787 2798 961 2834 venditori
985 2798 1173 2843 competit:
1199 2809 1280 2834 nam

197 2845 234 2877 et
257 2852 321 2887 ego
345 2845 462 2876 tecum
489 2852 592 2887 agere
615 2853 774 2888 possum,
799 2847 839 2878 ut
862 2847 1024 2888 praestes
1048 2843 1135 2878 mihi
1157 2843 1281 2879 adver-

199 2890 214 2921 1
266 2896 327 2938 sus
353 2886 569 2938 venditorem
596 2888 705 2933 empti
728 2888 900 2924 actiones.
948 2888 1018 2924 Sed
1049 2889 1079 2924 si
1110 2889 1282 2924 mandatu

198 2941 276 2967 meo
300 2931 469 2966 iudicium
495 2933 702 2978 suscepisti,
738 2938 904 2969 manente
934 2933 1064 2970 iudicio
1089 2934 1166 2970 sine
1188 2934 1283 2970 iusta

198 2986 308 3012 causa
331 2986 403 3011 non
426 2976 533 3012 debes
558 2988 695 3013 mecum
721 2989 842 3023 agere,
867 2982 908 3014 ut
930 2978 1168 3014 transferatur
1190 2979 1281 3014 iudi-

198 3021 292 3057 cium
327 3020 364 3055 in
398 3031 472 3056 me:
516 3022 673 3058 nondum
718 3023 809 3059 enim
845 3023 1026 3069 perfecisti
1059 3024 1280 3060 mandatum.

198 3069 218 3101 2
265 3066 354 3101 Item
377 3065 428 3108 si,
461 3066 542 3101 dum
567 3068 709 3112 negotia
731 3078 811 3104 mea
833 3069 945 3114 geris,
970 3069 1078 3104 alicui
1102 3069 1146 3104 de
1171 3069 1281 3105 credi-

198 3111 333 3147 toribus
357 3110 467 3146 meis⁷
491 3112 713 3156 promiseris,
746 3117 782 3149 et
805 3117 996 3159 antequam
1021 3114 1137 3150 solvas
1162 3114 1281 3150 dicen-

198 3156 282 3192 dum
307 3158 362 3191 est
385 3159 422 3191 te
446 3166 550 3201 agere
573 3167 696 3201 posse,
729 3162 770 3193 ut
793 3158 1042 3203 obligationem
1068 3159 1279 3204 suscipiam:

197 3204 262 3237 aut
284 3200 315 3237 si
337 3200 426 3236 nolit
449 3201 601 3237 creditor
625 3203 874 3247 obligationem
896 3207 1046 3246 mutare,
1071 3214 1197 3239 cavere
1215 3205 1281 3240 tibi

198 3249 218 3282 3
265 3245 377 3282 debeo
402 3245 630 3281 defensurum
655 3251 701 3282 te.
750 3247 787 3282 Si
818 3248 950 3284 iudicio
981 3252 1018 3284 te
1047 3249 1124 3284 sisti
1148 3249 1279 3294 promi-

197 3301 277 3328 sero
312 3299 379 3326 nec
409 3291 644 3334 exhibuero⁸,
676 3296 712 3326 et
742 3297 931 3338 antequam
988 3297 1141 3329 raestem
1179 3305 1279 3330 man-

198 3336 273 3372 dati
295 3345 400 3381 agere
422 3346 580 3381 possum,
605 3340 647 3371 ut
669 3347 726 3372 me
748 3337 894 3374 liberes:
918 3349 940 3374 v
997 3337 1028 3374 si
1075 3349 1115 3374 ro
1140 3342 1176 3374 te
1199 3349 1280 3375 reus

198 3384 219 3417 4
264 3379 493 3426 promittendi
522 3379 640 3417 factus
671 3382 747 3416 sim.
796 3382 865 3418 Sed
896 3383 927 3419 si
957 3393 1042 3419 man
1068 3393 1171 3419 avero
1203 3384 1280 3427 tibi,

197 3429 239 3462 ut
261 3425 427 3462 creditori
450 3435 530 3462 meo
555 3426 683 3468 solvas,
707 3430 817 3471 tuque
840 3428 1087 3473 expromiseris
1112 3432 1148 3464 et
1172 3438 1215 3464 ex
1239 3439 1282 3465 ea

197 3543 238 3583 (ι)
263 3551 387 3584 quaero
413 3551 457 3575 an
484 3540 602 3574 domus
621 3550 699 3583 pars
720 3550 817 3582 quam
839 3541 937 3573 titius
957 3541 987 3574 S
1006 3553 1074 3575 cum
1094 3541 1148 3582 B,
1170 3554 1228 3575 om.
1250 3541 1285 3574 F

198 3590 243 3629 (2)
267 3596 334 3629 qua
345 3587 379 3620 F
466 3588 508 3628 (a)
532 3595 625 3619 reum
638 3584 676 3625 S,
689 3597 747 3618 om.
761 3585 795 3617 F
881 3586 922 3626 (4»
948 3589 982 3618 et
995 3586 1106 3620 Pcum
1118 3587 1164 3627 B,
1177 3599 1236 3620 om.
1249 3586 1285 3619 F

199 3686 274 3718 quis
287 3686 353 3708 non
367 3675 516 3717 exegerit
528 3674 617 3711 onod
629 3674 762 3717 exigere
775 3673 902 3707 solvere
913 3674 948 3707 F

199 3721 243 3762 (⁷)
269 3722 316 3754 nic
327 3721 365 3761 S,
379 3719 429 3752 eis
445 3720 475 3753 F
593 3720 638 3760 (8)
662 3718 820 3752 exhibeto
832 3719 867 3752 F

1092 3679 1135 3715 (8)
1160 3685 1239 3717 agee
1250 3675 1280 3709 S

988 3723 1032 3762 (9)
1059 3725 1116 3753 tuo
1129 3720 1167 3761 S,
1181 3732 1239 3753 om.
1251 3720 1285 3752 F

1275 94 1358 142 220

198 3633 255 3683 (5).
267 3634 326 3664 aut
336 3631 367 3664 si
380 3631 456 3674 quis
467 3630 556 3664 nolit
566 3629 656 3673 quod
669 3630 817 3672 exegerit
829 3629 956 3662 solvere
970 3630 1019 3663 Pa
1030 3643 1099 3664 cum
1112 3631 1158 3672 Β,
1179 3634 1238 3663 aut
1249 3630 1277 3663 si
1340 3586 1567 3711 (Ξξηέἓζοξῳᾶ
1586 3640 1659 3664 meo
1683 3631 1717 3665 F

1396 3687 1466 3709 acet
1485 3687 1540 3719 qut
1566 3688 1617 3709 am

2237 112 2443 145 mmm
2478 0 2520 217 ἒ

1358 229 1468 256 causa
1491 219 1683 257 damnatus
1714 221 1783 265 sis,
1814 221 2006 258 humanius
2038 224 2093 258 est
2123 224 2159 258 et
2189 221 2227 258 in
2257 222 2328 259 hoc
2361 234 2448 261 casu
2495 221 2528 264 ’ἐέ

1357 267 1377 300 5
1426 264 1588 301 mandati
1610 266 1786 302 actionem
1818 266 1885 302 tibi
1916 271 2128 312 competere.
2176 267 2349 312 Quotiens
2382 279 2446 322 au·

1357 313 1429 346 tem
1461 314 1546 346 ante
1569 311 1723 347 solutam
1747 312 1937 357 pecuniam
1962 312 2123 348 mandati
2146 313 2204 365 agi
2226 323 2333 358 posse
2357 314 2446 349 dix1-

1358 365 1455 398 inus,
1486 354 1642 392 faciendi
1673 367 1801 400 causa,
1833 367 1905 393 non
1937 357 2046 392 dandi
2069 357 2248 393 tenebitur
2278 368 2379 394 reus:
2413 363 2449 395 et

1358 403 1413 436 est
1443 410 1616 446 aequum,
1647 401 1742 438 sicut
1771 402 1965 437 mandante
1997 402 2116 448 aliquo
2151 403 2327 439 actionem
2350 405 2448 440 nacti

1358 445 1519 491 cogimur
1541 455 1620 482 eam
1669 451 1828 483 raestare
1859 447 1990 483 iudicio
2024 447 2200 491 mandati,
2232 448 2284 484 ita
2314 458 2358 484 ex
2389 460 2447 485 ea-

1358 490 1437 526 dem
1471 501 1583 527 causa
1617 502 1638 528 o
1665 492 1792 537 ligatos
1822 492 1956 528 habere
1986 492 2147 528 mandati
2178 493 2374 537 actionem,
2407 498 2449 530 ut

1358 540 1379 571 b
1425 535 1628 572 liberemur.
1676 537 1714 572 Si
1737 537 1927 573 fideiussor
1949 537 2235 590 multiplicaverit
2258 548 2446 582 summam,

1356 580 1394 616 in
1417 591 1524 626 quam
1548 581 1733 625 fideiussit‚
1758 582 1959 635 sumptibus
1985 593 2029 618 ex
2050 586 2147 618 iusta
2169 583 2308 619 ratione
2331 584 2445 627 factis,

1358 629 1375 661 7
1425 630 1539 662 totam
1564 637 1641 663 eam
1665 628 1865 672 praestabit
1887 627 1917 663 is
1941 638 2006 673 pro
2030 638 2100 674 quo
2124 627 2310 664 fideiussit.
2346 629 2446 674 Quod

1358 671 1442 751 milhi
1477 671 1632 708 debebas
1666 682 1688 707 a
1720 672 1884 708 debitore
1915 673 2005 708 tu0⁹
2035 673 2227 718 stipulatus
2251 683 2329 708 sum
2353 675 2444 720 peri-

1358 727 1403 752 cu
1419 727 1439 752 o
1463 721 1545 753 tuo:

1358 762 1475 798 minus
1499 763 1544 798 ab
1568 774 1580 798 1
1607 773 1627 798 o
1652 772 1795 798 servare
1818 766 1956 809 potero,
1979 762 2099 798 Nerva
2122 763 2311 799 Atilicinus
2336 768 2447 806 aiunt,

1358 808 1518 853 quamvis
1552 807 1591 843 id
1620 808 1828 843 mandatum
1862 807 1909 843 ad
1942 811 2043 843 tuam
2074 819 2149 844 rem
2209 809 2378 852 ertineat,
2415 813 2450 844 et

1357 853 1504 889 merito:
1536 856 1624 889 tunc
1655 853 1748 889 enim
1780 853 1954 888 liberatur
1983 853 2014 889 is
2046 853 2107 899 qui
2130 852 2174 889 de
2199 854 2326 890 itorem
2351 854 2445 890 dele-

1356 902 1436 943 gat,
1469 898 1500 934 si
1531 909 1661 934 nomen
1693 899 1769 934 eius
1801 898 1956 934 creditor
1986 903 2131 934 secutus
2163 902 2235 942 est,
2267 910 2341 935 non
2364 910 2443 935 cum
2506 919 2507 922 =

1359 946 1378 978 8
1426 944 1585 990 periculo
1621 943 1791 979 debitoris
1824 944 1872 979 ab
1906 953 1947 979 eo
1980 943 2173 989 stipulatur
2230 944 2328 980 Idem
2360 945 2447 980 iuris
2507 977 2509 980 Α

1358 992 1431 1032 est,
1464 989 1494 1025 si
1517 989 1690 1024 mandatu
1714 988 1933 1024 fideiussoris
1958 999 2037 1024 cum
2069 999 2131 1025 reo
2163 989 2333 1034 egissem,
2364 990 2449 1036 quia

1358 1034 1520 1079 sequenti
1543 1034 1713 1070 mandato
1727 1035 1755 1055 ¹⁰
1778 1034 1991 1070 liberaretur
2014 1044 2059 1070 ex
2081 1035 2200 1079 priore
2224 1045 2343 1071 causa.

1403 1077 1457 1117 46
1482 1079 1587 1115 Imm
1616 1080 1707 1116 libro
1737 1080 2029 1126 septuaqensimo
2061 1083 2192 1125 quarto
2224 1079 2274 1116 ad
2295 1080 2447 1116 edictum
2504 1099 2506 1102 >

1359 1124 1396 1160 Si
1421 1125 1499 1170 quis
1523 1135 1589 1171 pro
1614 1135 1655 1160 eo
1680 1124 1923 1177 spoponderit,
1947 1124 2008 1170 qui
2030 1125 2082 1160 ita
2129 1125 2282 1161 remisit<
2310 1125 2352 1161 ‘si
2377 1125 2447 1161 Sti-

1359 1171 1465 1205 chum
1490 1181 1563 1205 non
1586 1170 1738 1212 dederis,
1764 1174 1907 1205 centum
1931 1170 2029 1205 milia
2052 1169 2099 1205 da
2124 1170 2192 1206 is'?
2224 1175 2260 1206 et
2284 1170 2447 1206 Stichum

1358 1215 1548 1251 redemerit
1570 1215 1672 1251 vilius
1698 1219 1734 1251 et
1757 1215 1911 1258 solverit,
1937 1225 1982 1251 ne
2006 1219 2147 1251 centum
2172 1216 2307 1251 milium
2333 1216 2445 1261 stipu-

1357 1261 1443 1297 latio
1469 1261 1724 1304 committatur,
1749 1264 1892 1296 constat
1915 1271 2022 1306 posse
2045 1271 2125 1296 eum
2150 1261 2310 1296 mandati
2330 1271 2442 1306 agere.

1357 1306 1465 1351 igitur
1489 1306 1774 1342 commodissime
1796 1306 1859 1341 illa
1880 1305 1998 1341 forma
2015 1306 2055 1341 in
2074 1306 2252 1342 mandatis
2273 1306 2447 1342 servanda

1359 1355 1423 1394 est,
1443 1355 1495 1394 ut,
1518 1352 1681 1397 quotiens
1702 1354 1838 1387 certum
1857 1351 2066 1386 mandatum
2088 1351 2146 1394 sit,
2167 1351 2286 1387 recedi
2299 1351 2448 1387 aforma

1358 1408 1431 1432 non
1462 1396 1609 1432 debeat:
1641 1401 1680 1432 at
1711 1396 1873 1442 quotiens
1903 1396 2079 1432 incertum
2103 1397 2157 1432 vel
2181 1397 2335 1443 plurium
2361 1407 2446 1432 cau—

1357 1453 1490 1485 sarum,
1514 1446 1613 1485 tunc,
1637 1442 1722 1478 licet
1745 1442 1824 1477 aliis
1847 1442 2151 1487 praestationibus
2175 1442 2337 1478 exsoluta
2350 1443 2375 1464 ¹¹
2401 1442 2448 1478 sit

1358 1498 1469 1524 causa
1491 1487 1652 1523 mandati
1699 1498 1780 1523 uam
1807 1497 1899 1532 quae
1922 1487 2000 1540 ipso
2025 1487 2195 1523 mandato
2226 1487 2385 1530 inerant,
2417 1488 2448 1524 si

1357 1536 1479 1568 tamen
1502 1534 1572 1569 hoc
1596 1543 1681 1568 man
1708 1532 1801 1568 atori
1825 1532 2038 1578 expedierit,
2063 1533 2224 1568 mandati
2248 1533 2315 1569 erit
2338 1533 2445 1569 actio.

1404 1576 1456 1615 47
1490 1578 1720 1614 Poupomvs
1749 1578 1842 1613 libro
1874 1579 1979 1613 tertio
2014 1589 2065 1613 ex
2095 1577 2242 1614 Plautio
2290 1578 2447 1614 Iulianus

1357 1624 1425 1666 ait,
1458 1623 1489 1660 si
1512 1623 1713 1659 fideiussori
1734 1633 1826 1658 uxor
1850 1622 1925 1659 doti
1955 1623 2176 1668 promiserit,
2209 1625 2304 1669 quod
2338 1623 2371 1659 ei
2402 1633 2446 1658 ex

1357 1679 1469 1705 causa
1491 1669 1717 1704 fideiussor-ia
1750 1668 1897 1711 debeat,
1930 1668 2062 1713 nuptiis
2095 1668 2226 1704 secutis
2259 1668 2445 1705 confestim

1356 1714 1516 1749 mandati
1540 1714 1710 1749 adversus
1735 1713 1931 1749 debitorem
1957 1723 2062 1758 agere
2093 1724 2173 1749 eum
2206 1724 2330 1759 posse,
2363 1714 2444 1759 quia

1355 1759 1569 1805 intellegitur
1593 1760 1719 1795 abesse
1742 1759 1775 1794 ei
1797 1759 1952 1804 pecunia
1975 1769 2036 1802 eo,
2069 1758 2165 1804 quod
2190 1769 2300 1794 onera
2322 1759 2445 1794 matri-

1361 1810 1375 1840 1
1425 1805 1535 1840 monii
1557 1804 1758 1840 sustineret.
1807 1803 1845 1839 Si
1867 1804 1910 1847 is,
1934 1804 1994 1850 qui
2016 1815 2081 1849 pro
2105 1808 2142 1840 te
2161 1805 2338 1840 hominem
2360 1804 2446 1840 dare

1356 1850 1548 1893 fideiussit,
1582 1850 1736 1885 alienum
1761 1849 1939 1884 hominem
1965 1849 2168 1894 stipulatori
2191 1849 2346 1892 dederit,
2379 1859 2445 1885 nec

1355 1896 1432 1941 ipse
1461 1895 1634 1931 liberatur
1664 1905 1732 1931 nec
1762 1898 1798 1930 te
1827 1895 1956 1930 liberat
1987 1899 2023 1930 et
2044 1895 2122 1930 ideo
2147 1895 2308 1930 mandati
2333 1895 2444 1930 actio-

1356 1951 1436 1977 nem
1467 1944 1587 1976 tecum
1619 1951 1691 1976 non
1715 1940 1834 1976 habet.
1871 1939 1935 1976 sed
1960 1939 1991 1975 si
2014 1940 2204 1986 stipulator
2228 1951 2308 1976 eum
2331 1940 2444 1975 homi-

1355 1996 1436 2022 nem
1460 1986 1684 2031 usuceperit,
1715 1985 1904 2021 dicendum
1937 1995 2015 2021 esse
2037 1985 2196 2021 Iulianus
2230 1985 2281 2020 ait
2313 1985 2442 2021 libera-

1355 2032 1487 2068 tionem
1522 2031 1642 2067 contin
1667 2041 1743 2067 ere:
1777 2041 1818 2066 eo
1843 2041 1926 2076 ergo
1950 2040 2038 2066 casu
2062 2030 2222 2066 mandati
2245 2030 2339 2066 actio
2363 2034 2446 2076 post

1354 2077 1610 2122 usucapionem
1661 2087 1776 2112 emum
1800 2079 1919 2112 tecum
1945 2076 2022 2111 erit.

1400 2119 1454 2160 48
1482 2122 1628 2158 Casas
1647 2122 1739 2158 libro
1758 2122 1909 2168 septimo
1931 2121 2151 2168 diqestorum
2198 2120 2349 2165 Quintus
2362 2121 2443 2156 Mu-

1354 2167 1431 2203 cius
1455 2167 1628 2203 Scaevola
1651 2167 1720 2210 ait,
1745 2166 1776 2202 si
1800 2166 1878 2212 quis
1904 2166 1969 2202 sub
1993 2165 2111 2201 usuris
2136 2166 2307 2202 creditam
2332 2176 2442 2211 pecu-

1353 2213 1449 2248 niam
1481 2212 1715 2247 fideiussisset
1747 2214 1784 2247 et
1813 2222 1896 2247 reus
1926 2212 1964 2247 in
1987 2211 2117 2246 iudicio
2143 2215 2337 2247 conventus
2363 2222 2443 2247 cum

1353 2268 1521 2294 recusare
1554 2257 1658 2293 vellet
1690 2257 1756 2292 sub
1790 2257 1909 2292 usun's
1941 2256 2112 2292 creditam
2145 2267 2224 2292 esse
2254 2257 2441 2302 pecuniam

1354 2307 1390 2338 et
1403 2303 1430 2324 ¹²
1453 2302 1641 2338 fideiussor
1664 2302 1832 2338 solvendo
1856 2311 1984 2337 usuras
2007 2305 2222 2346 potestatem
2254 2302 2441 2337 recusandi

1353 2358 1413 2383 eas
1436 2358 1498 2384 reo
1523 2347 1745 2390 sustulisset,
1770 2357 1849 2382 eam
1872 2346 2060 2393 pecuniam
2085 2356 2108 2381 a
2130 2357 2191 2382 reo
2215 2357 2288 2382 non
2311 2347 2441 2392 petitu-

1352 2404 1443 2430 rum.
1480 2393 1543 2428 sed
1566 2393 1596 2428 si
1626 2403 1709 2428 reus
1739 2392 1940 2428 fideiussori
1971 2391 2234 2435 denuntiasset,
2266 2396 2308 2428 ut
2339 2402 2441 2428 recu-

1353 2442 1449 2474 saret
1479 2438 1545 2474 sub
1576 2438 1694 2474 usuris
1726 2437 1882 2474 debitam
1915 2448 1993 2473 esse
2025 2447 2092 2472 nec
2114 2437 2145 2473 is

1353 2483 1647 2520 existimationem
1672 2493 1840 2519 recusare
1862 2483 2051 2525 voluisset,
2108 2492 2154 2518 uo

1353 2539 1375 2564 a
1397 2539 1458 2564 reo
1509 2529 1686 2564 etiturum.
1722 2528 1792 2564 hoc
1815 2528 1907 2564 bene
1930 2527 2070 2563 censuit
2119 2527 2280 2563 caevola:
2314 2538 2440 2573 parum

1353 2574 1445 2610 enim
1498 2574 1622 2609 deliter
1643 2573 1733 2609 facit
1755 2573 1944 2609 fideiussor
1962 2573 2000 2608 in
2020 2572 2202 2618 superiore
2222 2583 2321 2616 casu,
2346 2573 2441 2618 quod

1352 2622 1567 2672 potestatem
1592 2619 1745 2654 eximere
1767 2629 1828 2654 reo
1848 2618 1988 2654 videtur
2006 2628 2071 2654 suo
2092 2618 2168 2654 iure
2188 2618 2257 2654 uti:
2284 2621 2440 2653 ceterum

1352 2676 1389 2700 1n
1409 2665 1607 2710 posteriore
1626 2674 1713 2699 casu
1731 2675 1804 2699 non
1825 2667 1966 2710 oportet
1985 2674 2063 2699 esse
2082 2663 2210 2698 noxiae
2228 2663 2440 2706 fideiussori,

1355 2713 1366 2744 1
1421 2710 1451 2745 si
1473 2709 1734 2755 pepercisset¹³
1757 2709 1885 2755 pudori
1909 2719 1986 2744 suo.
2035 2707 2122 2744 Cum
2146 2708 2277 2744 mando
2301 2708 2377 2751 tibi,
2401 2712 2441 2744 ut

1353 2755 1530 2790 credendo
1554 2755 1743 2800 pecuniam
1768 2754 1947 2800 negotium
1973 2753 2059 2789 mihi
2080 2763 2183 2798 geras
2216 2753 2371 2799 mihique
2402 2753 2438 2789 id

1352 2810 1482 2835 nomen
1512 2804 1691 2845 praestes,
1728 2809 1845 2835 meum
1859 2800 1886 2820 ¹⁴
1919 2799 1957 2834 in
1988 2808 2031 2834 eo
2070 2798 2286 2843 periculum,
2321 2809 2438 2834 meum

1353 2845 1629 2880 emolumentum
1660 2845 1726 2887 sit,
1758 2847 1845 2890 puto
1869 2843 2078 2879 mandatum
2102 2853 2209 2889 posse
2233 2844 2436 2879 consistere.

1352 2893 1372 2925 2
1421 2889 1585 2925 Ceterum
1611 2893 1652 2925 ut
1674 2889 1740 2925 tibi
1771 2889 1950 2934 negotium
1982 2899 2084 2934 geras
2097 2915 2106 2931 ,
2138 2888 2192 2924 tui
2224 2889 2361 2924 arbitrii
2392 2889 2438 2924 sit

1352 2946 1492 2977 nomen,
1516 2935 1554 2970 id
1577 2938 1632 2970 est
1654 2938 1694 2970 ut
1719 2934 1829 2970 cuivis
1842 2935 1870 2956 ¹⁶
1895 2934 2031 2976 credas,
2055 2937 2096 2969 tu
2118 2933 2270 2980 recipias
2294 2944 2434 2976 usuras,

1378 2980 1548 3015 ericulum
1569 2980 1756 3015 dumtaxat
1775 2979 1822 3014 ad
1841 2989 1898 3015 me
1945 2979 2105 3022 ertineat,
2123 2979 2193 3014 iam
2215 2983 2317 3015 extra
2335 2989 2436 3014 man-

1351 2991 1426 3060 Sati
1443 3024 1594 3061 formam
1615 3028 1680 3066 est,
1701 3024 1912 3069 quemadmo
1939 3035 1998 3060 um
2012 3024 2042 3060 si
2054 3023 2228 3067 mandem,
2249 3027 2290 3060 ut
2308 3023 2395 3060 mihi
2410 3025 2437 3046 ¹⁶

1352 3069 1509 3115 quemvis
1531 3069 1682 3104 fundum
1707 3079 1816 3105 emas.

1397 3111 1451 3152 49
1485 3113 1726 3150 Menenios
1757 3114 1849 3150 libro
1883 3117 1988 3150 sexto
2023 3113 2243 3161 diqestorum
2289 3113 2434 3149 Servum

1351 3159 1436 3195 Titii
1459 3159 1528 3195 emi
1559 3159 1604 3194 ab
1638 3159 1706 3195 alio
1740 3159 1837 3195 bona
1868 3159 1938 3195 fide
1973 3162 2010 3195 et
2042 3158 2227 3205 possideo:
2263 3158 2434 3194 mandatu

1350 3215 1430 3240 meo
1454 3214 1534 3240 eum
1559 3204 1674 3240 Titius
1697 3204 1871 3247 vendidit,
1905 3214 1986 3240 cum
2076 3207 2195 3239 oraret
2217 3214 2321 3239 suum
2346 3214 2435 3246 esse,

1350 3249 1406 3285 vel
1429 3252 1555 3285 contra
1579 3259 1642 3294 ego
1667 3249 1808 3285 vendidi
1829 3249 1924 3285 illius
1947 3259 2031 3284 man
2078 3252 2136 3292 tu,
2171 3259 2251 3284 cum
2276 3248 2369 3285 forte
2392 3247 2435 3291 is,

1351 3293 1410 3330 cui
1431 3294 1534 3329 heres
1559 3294 1753 3337 exstiterit,
1786 3304 1865 3330 eum
1890 3294 2050 3330 emisset:
2084 3293 2128 3329 de
2150 3293 2228 3329 iure
2251 3293 2433 3329 evictionis

1351 3342 1387 3375 et
1420 3339 1464 3374 de
1499 3339 1672 3374 mandatu
1685 3340 1712 3361 ¹⁷
1747 3339 1946 3385 quaesitum
1982 3341 2046 3375 est.
2095 3342 2131 3374 et
2163 3342 2251 3384 puto
2288 3338 2431 3381 Titium,

1350 3383 1509 3429 quamvis
1522 3384 1625 3429 quasi
1636 3388 1849 3430 procurator
1859 3383 2083 3426 vendidisset,
2103 3384 2313 3419 obstrictum
2334 3393 2431 3428 emp-

1348 3429 1418 3464 tori
1442 3438 1574 3474 neque,
1598 3429 1628 3464 si
1650 3439 1724 3464 rem
1748 3428 1970 3471 tradidisset,
1993 3428 2266 3464 vindicationem
2290 3428 2322 3463 ei
2346 3438 2430 3464 con-

2194 2441 2315 2482 ropter
2338 2447 2440 2473 suam

2210 2482 2262 2518 ita
2285 2483 2439 2525 solverit,

1348 3542 1408 3581 (ιο)
1432 3544 1592 3584 sequente
1604 3551 1656 3574 me
1667 3540 1861 3575 mandatum
1873 3552 1933 3574 scr.
2081 3542 2136 3583 (11)
2160 3540 2312 3573 exsoluta
2324 3541 2361 3581 S,
2375 3550 2430 3573 ex·

1650 3587 1710 3628 (12)
1735 3588 1769 3619 et
1781 3586 1842 3619 del.
1857 3585 1939 3619 Hal.

1829 3630 1889 3671 (ιο)
1913 3630 2009 3663 ouius
2033 3630 2067 3663 Γ
2177 3632 2239 3672 (ιο)
2263 3630 2326 3664 tibi
2347 3630 2376 3663 S
2395 3637 2426 3663 et

1709 3677 1770 3719 (ιτ)
1791 3674 1832 3708 de
1851 3674 2013 3707 mandatu
2034 3675 2073 3713 S.
2093 3687 2151 3709 om.
2166 3675 2203 3710 E

1596 727 1677 753 osse
1701 727 1757 753 me
1781 728 1886 763 agere
1905 720 2025 753 tecum
2046 717 2207 754 mandati
2224 718 2262 753 in
2280 718 2328 762 id,
2353 719 2449 772 quod
2504 759 2507 766 .

2056 3587 2114 3626 (13)
2139 3582 2435 3628 flipseperoissetF
2505 3566 2528 3627 53
