2528 3918
224 102 393 147 XXVII
411 105 450 146 6.
473 105 552 146 7.8

225 224 363 270 ‘quanti
395 234 437 258 ea
467 234 525 259 res
556 222 633 265 erit,
664 226 803 259 tantam
824 225 1014 275 pecuniam
1037 223 1313 261 condemnetur’.

228 273 244 305 1
293 269 376 304 Non
401 278 540 314 semper
562 271 661 303 tutor
685 273 894 304 convenitur
908 279 974 304 nec
991 268 1134 310 sufficit,
1152 269 1183 304 si
1198 269 1315 305 sciens

226 318 354 349 auctor
375 312 456 354 fuit,
480 323 602 348 verum
624 312 676 347 ita
706 312 858 355 demum,
890 314 921 349 si
953 313 1034 349 dolo
1066 313 1159 349 malo
1189 318 1316 349 auctor

224 359 303 394 fuit.
329 357 413 403 quid
436 358 466 392 si
491 357 695 402 compulsus
718 363 782 393 aut
811 362 927 400 metu,
959 368 1004 393 ne
1035 358 1315 403 compelleretur,

225 403 475 439 auctoritatem
514 402 851 445 accommodaverit,
902 413 1020 438 nonne
1054 403 1198 439 debebit
1239 412 1317 438 esse

226 451 247 483 2
294 447 511 483 excusatus?
542 446 646 491 Quod
669 447 719 483 ait
741 452 886 492 praetor
909 448 1045 492 ‘quanti
1069 458 1112 483 ea
1143 457 1201 483 res
1225 447 1315 489 erit’,

225 492 338 537 magis
371 496 459 544 puto
493 501 567 527 non
600 502 771 537 poenam,
806 491 869 527 sed
903 492 1083 527 veritatem
1114 492 1169 527 his
1199 491 1317 543 verbis

226 539 247 573 3
295 537 481 572 contineri.
527 535 745 582 Pomponius
769 536 860 571 libro
877 537 1053 581 trigesimo
1073 541 1170 572 recte
1193 537 1318 572 scribit

226 581 334 617 etiam
358 585 561 627 sumptuum
583 580 622 616 in
644 581 713 617 hoc
737 581 867 616 iudicio
887 581 1060 617 rationem
1074 581 1210 623 haberi,
1227 591 1317 626 quos

227 629 248 661 4
295 625 459 662 facturus
484 630 539 662 est
561 630 663 661 actor
685 626 906 661 restitutorio
930 626 1078 670 agendo.
1127 625 1166 661 Si
1196 627 1317 671 plures

227 671 299 707 sint
330 671 391 717 qui
422 675 586 707 auctores
620 670 776 711 fuerunt,
800 671 1030 715 perceptione
1052 670 1099 706 ab
1123 681 1195 706 uno
1219 670 1318 706 facta

226 720 264 752 et
287 716 395 751 ceteri
417 716 626 758 liberantur,
650 726 722 750 non
746 715 935 750 electione:

273 757 298 798 8
322 760 480 797 Panos
500 761 591 797 libro
615 760 822 796 duodecimo
846 760 896 795 ad
917 760 1071 796 edietum
1118 765 1154 796 et
1183 760 1263 796 ideo
1288 760 1318 795 si

227 805 315 842 nihil
338 810 402 841 aut
424 817 495 842 non
519 809 633 841 totum
657 809 835 841 servatum
858 805 914 847 sit,
937 805 976 840 in
993 805 1057 840 reli
1082 816 1148 842 uos
1168 816 1241 842 non
1257 805 1317 841 de·

227 863 251 887 n
343 850 424 886 dam
447 851 485 886 in
506 850 544 885 id
590 849 662 885 uod
687 849 787 884 deest
810 848 964 885 Sabinus
988 851 1059 886 scri
1084 851 1122 886 it.

330 895 524 932 ULPIANUS
552 895 580 930 li
601 906 642 929 ro
676 894 886 930 duodecimo
917 894 967 930 ad
996 895 1150 931 edietum
1202 895 1318 930 Huius

227 941 379 977 actionis
415 941 574 985 exemplo
609 939 826 984 Pomponius
861 939 951 974 libro
986 940 1163 985 trigesimo
1203 940 1317 985 primo

227 986 353 1022 scribit
377 984 531 1020 dandam
555 984 730 1019 actionem
754 983 922 1019 adversus
938 994 1029 1027 eum,
1050 985 1110 1037 qui
1126 985 1206 1021 dolo
1224 985 1317 1020 malo

231 1034 246 1066 l
297 1030 476 1072 adhibuit,
510 1034 548 1064 ut
579 1029 693 1063 alius¹
719 1032 967 1064 auctoraretur
989 1029 1135 1065 inscius.
1182 1029 1257 1065 Has
1280 1029 1317 1064 in

226 1075 365 1111 factum
388 1075 547 1110 actiones
571 1072 760 1108 heredibus
785 1073 926 1119 quidem
950 1078 1151 1119 competere
1174 1074 1317 1110 ceteris·

228 1130 297 1166 que
319 1119 597 1160 successoribus,
622 1118 659 1153 in
683 1128 744 1154 eos
766 1128 849 1154 vero
874 1128 947 1154 non
969 1119 1070 1154 reddi
1084 1119 1207 1155 Labeo
1230 1119 1318 1155 scri·

227 1165 281 1201 bit
310 1175 377 1200 nec
408 1165 445 1199 in
479 1164 596 1208 ipsum
627 1167 711 1207 post
742 1173 894 1206 annum,
927 1164 1094 1208 quoniam
1125 1167 1161 1199 et
1183 1163 1319 1199 factum

227 1210 383 1256 puniunt
406 1213 441 1244 et
462 1209 500 1243 in
534 1207 655 1243 dolum
686 1208 954 1260 concipiuntur:
989 1212 1026 1244 et
1055 1208 1226 1245 adversus
1258 1219 1318 1244 eas

227 1264 419 1300 personas,
452 1263 544 1298 quae
575 1252 691 1288 alieno
726 1252 796 1288 iuri
826 1253 1009 1289 subiectae
1039 1257 1141 1296 sunt,
1172 1253 1320 1289 noxales

229 1303 344 1335 erunt.

277 1343 327 1381 10
356 1342 478 1379 szs
498 1342 588 1378 libro
613 1345 743 1387 quarto
767 1341 818 1377 ad
839 1341 993 1378 edietum
1009 1342 1237 1390 provinciale
1283 1342 1321 1378 Si

227 1389 320 1424 falso
345 1391 463 1423 tutore
487 1388 659 1422 auctore2
682 1390 803 1422 actum
826 1386 874 1422 sit
897 1390 932 1422 et
953 1387 1091 1423 interea
1113 1387 1188 1423 dies
1207 1387 1319 1424 actio-

228 1434 284 1470 nis
316 1432 440 1468 exierit
470 1436 533 1467 aut
562 1442 620 1467 res
651 1435 829 1476 usucapta
859 1431 924 1475 sit,
955 1432 1075 1468 omnia
1096 1432 1322 1469 incommoda

227 1478 374 1524 perinde
398 1477 572 1529 sustinere
589 1476 704 1519 debet,
729 1487 772 1512 ac
797 1476 828 1512 si
850 1476 910 1512 illo
926 1480 1087 1523 tempore
1101 1487 1185 1514 vero
1201 1481 1322 1513 tutore

228 1527 377 1559 auctore
400 1526 539 1567 egisset.

277 1566 325 1605 11
367 1566 563 1603 Hammo-s
589 1565 680 1602 libro
712 1566 894 1612 triqesimo
925 1567 1051 1612 quinto
1083 1567 1134 1603 ad
1166 1567 1320 1603 edietum

228 1612 359 1648 Falsus
381 1615 491 1654 tutor,
516 1611 577 1657 qui
599 1611 636 1646 in
662 1610 906 1647 contrahendo
930 1615 1058 1647 auctor
1080 1612 1208 1648 minori
1231 1612 1320 1648 duo-

229 1657 343 1694 decim
373 1656 429 1692 vel
459 1656 746 1702 quattuordecim
778 1656 881 1691 annis
911 1655 1040 1700 fuerit,
1070 1657 1251 1693 tenebitur
1282 1657 1322 1692 in

231 1706 247 1738 1
295 1702 434 1738 factum
458 1701 599 1737 actione
621 1705 769 1746 propter
784 1700 906 1737 dolum
920 1701 1063 1737 malum.
1112 1701 1320 1738 Cuiuscum-

229 1757 298 1793 que
322 1746 540 1783 condicionis
563 1745 672 1781 fuerit
693 1745 750 1781 vel
772 1746 829 1781 sui
850 1746 938 1782 iuris
956 1746 1012 1781 vel
1029 1747 1146 1789 alieni,
1163 1746 1224 1792 qui
1239 1746 1320 1782 dolo

228 1793 321 1828 malo
365 1791 615 1827 auctoritatem
665 1791 966 1833 accommodavit,
1017 1792 1196 1827 tenebitur
1251 1792 1321 1827 hoc

229 1840 249 1872 2
298 1836 425 1872 edicto.
473 1835 545 1871 Sed
568 1840 604 1871 et
634 1835 665 1871 si
699 1835 778 1881 quis
801 1835 895 1872 filiae
917 1835 1070 1872 familias
1094 1841 1221 1872 auctor
1242 1836 1320 1872 fac-

227 1887 287 1917 tus
310 1882 357 1917 sit
380 1881 427 1916 ad
450 1880 743 1923 contrahendum,
766 1884 919 1916 tenetur.
950 1880 1114 1927 idemque
1144 1881 1230 1917 iuris
1255 1885 1320 1924 est,

229 1927 260 1963 si
283 1926 434 1962 ancillae
457 1926 536 1971 quis
559 1930 678 1961 tutore
701 1929 849 1962 auctore
879 1925 1103 1962 credidisset:
1140 1937 1223 1962 nam
1246 1937 1321 1962 om-

229 1971 335 2007 nibus
369 1971 447 2006 istis
481 1971 595 2006 modis
654 1975 778 2016 ropter
807 1974 962 2006 tutorem
993 1970 1169 2016 decipitur
1198 1972 1229 2007 is
1261 1971 1322 2017 qui

229 2017 430 2058 contraxit,
462 2016 570 2061 quia³
604 2026 626 2050 a
642 2016 708 2051 ‘ter
739 2026 820 2051 cum
853 2016 1037 2060 impubere
1071 2020 1321 2052 contracturus

228 2072 302 2097 non
335 2061 415 2103 fuit,
451 2071 557 2106 quam
592 2060 623 2096 si
657 2060 786 2096 tutoris
821 2061 1017 2096 auctoritas
1050 2061 1321 2097 intercessisset.

230 2109 250 2142 3
296 2106 456 2141 Iulianus
478 2106 569 2141 libro
592 2106 757 2141 vicesimo
788 2105 901 2150 primo
931 2105 1147 2150 digestorum
1177 2110 1322 2147 tractat,

231 2151 293 2186 ⁴in
315 2155 454 2196 patrem
479 2151 608 2186 debeat
631 2150 708 2185 dari
731 2150 821 2185 haec
856 2150 969 2193 actio,
994 2151 1055 2196 qui
1077 2150 1187 2186 filiam
1209 2152 1321 2186 mino-

228 2206 305 2232 rem
329 2195 516 2231 duodecim
540 2195 643 2230 annis
667 2199 819 2240 nuptum
843 2194 950 2231 dedit.
998 2199 1034 2230 et
1056 2195 1168 2240 magis
1192 2196 1323 2241 probat

229 2240 324 2293 patri
354 2240 608 2292 ignoscendum
639 2250 735 2283 esse,
769 2239 852 2285 qui-'³
882 2239 992 2275 filiam
1023 2250 1125 2275 suam
1149 2241 1322 2276 maturius

228 2297 267 2321 ιιι
296 2285 468 2320 familiam
498 2285 621 2330 sponsi
658 2285 854 2330 perducere
885 2285 1013 2320 voluit:
1061 2285 1194 2321 affectu
1230 2285 1322 2321 enim

229 2330 464 2420 Ξτοιόειιεὲοιεῖ
484 2330 595 2410 magis
644 2340 726 2409 nandi
750 2329 832 2381 dolo
856 2329 975 2365 ma10⁶
997 2329 1034 2409 fil
1055 2330 1167 2410 videiri
1181 2330 1321 2409 fecisse:

330 2385 375 2410 uo
435 2385 467 2410 si
499 2386 537 2410 in
572 2385 595 2410 a
653 2385 699 2410 uo
727 2384 817 2410 ecim
850 2385 964 2410 annos
1024 2385 1089 2410 aec
1145 2385 1296 2411 ecesseri

231 2431 313 2456 cum
335 2420 483 2455 haberet
507 2420 636 2463 dotem,
659 2423 766 2466 putat
787 2419 957 2462 Iulianus,
981 2419 1012 2455 si
1029 2419 1110 2455 dolo
1129 2420 1222 2456 malo
1238 2402 1322 2456 con-⁹

229 2468 392 2500 versatus
416 2465 462 2500 sit
484 2465 515 2500 is
540 2465 587 2500 ad
610 2474 716 2510 quem
739 2464 804 2500 dos
827 2464 999 2509 pertinet,
1030 2475 1137 2510 posse
1160 2465 1324 2500 maritum

231 2509 303 2546 doli
326 2510 410 2545 mali
433 2510 642 2555 exceptione
666 2509 911 2545 condicentem
929 2519 1150 2545 summovere
1170 2510 1209 2545 in
1232 2510 1323 2545 casi-

230 2555 311 2597 bus,
334 2555 371 2590 in
396 2555 525 2600 quibus
550 2554 669 2590 dotem
692 2554 747 2590 vel
776 2554 815 2589 in
844 2558 960 2589 totum
982 2554 1037 2590 vel
1059 2554 1096 2589 in
1118 2559 1269 2600 partem,
1294 2554 1325 2590 si

233 2600 424 2635 constabat
446 2599 718 2642 matrimonium,
742 2598 862 2635 fuerat
884 2599 1097 2635 lucraturus.

282 2642 333 2681 12
356 2644 465 2679 lom
494 2644 585 2681 libro
611 2645 735 2691 primo
767 2654 1023 2690 responsorum
1068 2644 1128 2679 Ex
1151 2654 1206 2687 eo,
1231 2643 1325 2689 quod

231 2689 470 2734 interrogatus
504 2693 660 2725 tutorem
694 2699 733 2724 se
768 2698 846 2725 esse
879 2688 1080 2734 respondit,
1111 2689 1210 2725 nulla
1245 2700 1325 2724 eum

233 2734 374 2769 actione
384 2734 517 2769 teneri:
542 2735 573 2770 si
584 2738 715 2777 tamen,
734 2744 815 2770 cum
829 2737 928 2769 tutor
941 2744 1015 2769 non
1031 2738 1136 2777 esset,
1153 2744 1324 2779 responso

233 2789 298 2814 suo
322 2779 358 2813 in
383 2779 538 2824 aliquam
562 2779 763 2825 captionem
786 2778 1050 2814 adulescentem
1072 2778 1230 2822 induxit,
1255 2779 1325 2815 uti-

233 2823 302 2859 lem
325 2824 501 2859 actionem
524 2824 694 2860 adversus
718 2834 798 2860 eum
821 2823 986 2859 dandam.

725 2914 836 2955 VII⁷.

264 2981 327 3014 DE
350 2981 726 3014 FIDEIUSSORIBUS
750 2981 811 3014 ET
835 2980 1208 3013 NOMINATORIBUS
1231 2980 1292 3013 ET

338 3026 597 3060 HEREDIBUS
621 3026 840 3059 TUTORUM
862 3026 924 3059 ET
948 3025 1236 3059 CURATORUM.

284 3090 304 3129 1
331 3090 560 3128 Poupomvs
587 3092 679 3128 libro
708 3093 860 3138 septimo
898 3091 1035 3128 decimo
1072 3091 1123 3128 ad
1152 3090 1326 3127 Sabinum

235 3136 403 3182 Quamvis
426 3136 529 3171 heres
553 3137 681 3172 tutoris
704 3140 803 3173 tutor
826 3147 898 3173 non
922 3140 987 3178 est,
1011 3140 1144 3180 tamen,
1168 3146 1212 3172 ea
1234 3146 1327 3181 quae

234 3192 300 3228 per
311 3180 519 3217 defunctum
534 3181 702 3217 inchoata
719 3185 812 3223 sunt,
857 3192 895 3217 er
911 3181 1089 3224 heredem,
1105 3181 1134 3217 si
1150 3180 1326 3226 legitimae

235 3226 365 3263 aetatis
389 3229 425 3261 et
447 3226 627 3261 masculus
661 3227 725 3270 sit,
757 3237 824 3272 exp
853 3226 927 3262 cari
950 3225 1098 3262 debent:
1136 3225 1176 3261 in
1198 3225 1326 3271 quibus

238 3274 255 3307 1
304 3271 407 3307 dolus
438 3269 514 3306 eius
544 3270 683 3306 admitti
716 3275 844 3316 potest.
899 3270 1003 3316 Quod
1032 3281 1142 3316 penes
1171 3273 1326 3306 tutorem

237 3316 316 3358 fuit,
347 3315 450 3351 heres
481 3325 622 3360 quoque
654 3316 728 3351 eius
758 3316 906 3352 reddere
937 3315 1062 3351 debet:
1103 3314 1199 3361 quod
1229 3314 1327 3360 apud

236 3361 410 3406 pupillum
432 3360 463 3396 is
486 3360 668 3405 reliquerit
691 3361 721 3395 si
744 3361 846 3396 heres
871 3360 979 3406 capit,
1002 3371 1075 3396 non
1098 3359 1241 3406 quidem
1257 3359 1325 3395 cri-

236 3406 330 3440 mine
353 3409 463 3447 caret,
488 3404 552 3441 sed
575 3409 676 3440 extra
699 3405 846 3441 tutelam
870 3410 925 3442 est
940 3409 977 3441 et
999 3405 1076 3442 utili
1095 3405 1234 3441 actione
1256 3404 1326 3440 hoc

236 3450 384 3486 reddere
407 3449 642 3496 compellitur.

238 3566 278 3604 (ι)
302 3561 461 3595 adhibuit
472 3562 587 3602 alium,
600 3566 640 3595 ut
648 3574 711 3596 ser.
791 3564 833 3601 (2)
859 3566 994 3595 auctore
1007 3564 1082 3596 add.
1094 3563 1268 3597 coeundum
1282 3561 1327 3604 B,

237 3620 297 3641 oni.
310 3607 344 3640 F
443 3611 484 3647 (3)
510 3607 568 3650 qui
581 3607 615 3640 F'
621 3606 631 3627 ¹
725 3608 767 3644 (4)
791 3617 834 3639 an
848 3606 948 3639 etiam
962 3608 1021 3641 ine.
1034 3605 1088 3641 Γ*
1203 3610 1245 3647 (5)
1268 3605 1329 3649 qni

237 3664 298 3685 oni.
311 3652 347 3686 F
434 3655 478 3694 (6)
503 3652 592 3685 malo
604 3665 663 3686 om.
678 3651 729 3685 F*

1299 99 1387 148 366

2513 96 2523 111 s

1791 116 1852 147 nn
1879 115 2246 149 rinnmssonmus
2272 115 2331 147 εἰ*
2357 114 2514 151 non.-

1429 221 1455 261 2
1493 223 1687 267 Ulmanus
1727 224 1819 261 libro
1863 227 2044 273 trigesimo
2086 235 2182 260 nono
2216 226 2266 261 ad
2298 225 2471 262 Sabinum
2495 220 2502 248 ’ἕ

1383 268 1748 304 Postularetutorem
1771 269 1910 306 videtur
1933 275 1970 306 et
1992 270 2053 316 qui
2075 280 2140 315 per
2162 269 2271 305 alium
2293 270 2470 315 postulat:
2492 278 2502 296 ἰ

1383 314 1467 348 item
1490 313 1673 349 nominare
1695 320 1731 349 et
1754 315 1814 367 qui
1837 326 1902 360 per
1925 315 2032 351 alium
2055 315 2124 350 hoc
2146 314 2238 350 idem
2259 314 2360 350 facit.

1430 355 1455 395 3
1480 357 1588 394 IDEM
1607 357 1699 394 libro
1724 361 1906 405 trtqesimo
1930 360 2056 405 quinto
2080 359 2131 394 ad
2153 359 2307 395 edietum
2351 358 2472 396 Etiam

1384 402 1629 438 fideiussorem
1653 406 1690 438 et
1709 403 1858 439 heredes
1881 404 2099 440 fideiussoris
2123 403 2170 439 ad
2192 404 2366 439 rationem
2389 414 2472 440 ean-

1385 447 1465 483 dem
1495 457 1684 482 usurarum
1713 448 1933 485 revocandos
1964 458 2042 484 esse
2065 452 2218 491 constat,
2241 448 2286 484 ad
2310 458 2415 494 quam
2439 452 2474 485 et

1385 496 1484 527 tutor
1506 496 1704 527 revocatur.

1430 535 1456 573 4
1481 535 1586 572 loru
1612 536 1702 572 libro
1734 538 1916 583 triqesimo
1954 541 2060 574 sexto
2093 537 2145 573 ad
2172 537 2327 574 edictum
2385 537 2475 574 Cum

1385 580 1604 617 ostendimus
1646 581 1811 617 heredem
1852 593 1993 627 quoque
2027 582 2161 618 tutelae
2200 582 2332 618 iudicio
2367 593 2474 627 posse

1386 626 1584 667 conveniri,
1614 625 1821 669 videndum,
1854 637 1901 662 an
1937 627 2043 662 etiam
2072 637 2137 672 pro
2164 627 2239 663 rius
2273 628 2348 663 eius
2372 627 2475 663 dolus

1384 671 1440 706 vel
1462 671 1607 723 propria
1629 670 1887 707 administratio
1911 672 2030 707 veniat
2051 672 2140 707 inin
2166 672 2283 708 'cium.
2307 675 2344 707 et
2358 675 2475 708 exstat

1386 714 1498 751 Servii
1528 715 1703 750 sententia
1733 716 1984 758 existimantis,
2016 717 2048 752 si
2069 720 2152 761 post
2174 720 2323 752 mortem
2346 717 2474 753 tutoris

1385 760 1488 796 heres
1512 760 1753 811 eius-negotia
1769 761 1895 805 pupilli
1916 771 2038 813 gerere
2053 762 2329 806 perseveraverit
2351 766 2415 797 aut
2436 762 2475 797 in

1386 815 1472 840 arca
1494 807 1622 840 tutoris
1645 805 1771 850 pupilli
1800 815 1986 850 pecuniam
2016 806 2189 842 invenerit
2219 809 2256 842 et
2286 816 2475 851 consump-

1385 850 1474 885 serit
1495 849 1551 884 vel
1575 859 1653 884 eam
1676 850 1864 894 pecuniam
1888 861 1994 895 quain
2025 854 2122 886 tutor
2145 850 2335 896 stipulatus
2357 851 2476 886 fuerat

1386 894 1551 939 exegerit,
1575 893 1708 929 tutelae
1730 894 1860 930 iudicio
1878 905 1959 930 eum
1974 895 2086 931 teneri
2108 906 2173 931 suo
2197 896 2358 931 nomine:
2391 905 2475 931 nam

1386 950 1468 975 cum
1498 938 1725 984 permittatur
1754 938 1924 975 adversus
1955 939 2121 976 heredem
2152 950 2196 975 ex
2250 940 2370 986 roprio
2395 940 2475 976 dolo

1385 983 1496 1020 iurari
1518 983 1556 1019 in
1577 983 1686 1026 litem,
1709 988 1861 1029 apparet
1882 994 1964 1020 eum
1986 985 2117 1021 iudicio
2140 988 2181 1020 tu
2296 985 2409 1020 teneri
2432 995 2476 1021 ex

1392 1032 1405 1064 1
1455 1028 1535 1064 dolo
1570 1028 1727 1074 proprio.
1782 1028 1815 1064 N
1860 1028 2012 1074 legentia
2042 1030 2148 1075 plane
2178 1030 2325 1075 propria
2354 1029 2476 1065 heredi

1388 1076 1408 1108 2
1454 1084 1526 1108 non
1549 1072 1789 1125 imputabitur.
1879 1084 1982 1109 suras
2013 1085 2154 1120 quoque
2185 1075 2260 1110 eius
2338 1075 2476 1118 cuniae,

1388 1128 1494 1170 quam
1523 1118 1732 1163 pupillarem
1755 1118 1912 1163 agitavit,
1942 1123 2128 1171 praestare
2159 1119 2265 1155 debet
2320 1129 2397 1155 eres
2420 1123 2476 1155 tu·

1387 1168 1493 1199 toris:
1526 1166 1679 1207 quantas
1703 1167 1822 1198 autem
1845 1167 1882 1198 et
1905 1174 2006 1199 cuius
2029 1164 2198 1210 temporis
2220 1174 2350 1200 usuras
2372 1174 2477 1209 prae-

1388 1212 1483 1244 stare
1515 1207 1661 1251 debeat,
1694 1217 1737 1243 ex
1768 1207 1863 1243 bono
1895 1212 1931 1243 et
1961 1218 2075 1254 aequo
2100 1209 2270 1245 constitui
2292 1209 2338 1245 ab
2362 1208 2478 1244 indice

1389 1256 1408 1288 3
1465 1257 1615 1298 oportet.
1692 1252 1937 1288 Fideiussores
1971 1263 1994 1288 a
2027 1254 2205 1289 tutoribus
2239 1254 2412 1289 nominati
2447 1254 2478 1289 si

1387 1300 1593 1343 praesentes
1616 1296 1761 1332 fuerunt
1791 1301 1828 1333 et
1851 1308 1924 1333 non
1955 1298 2248 1334 contradixerunt
2277 1302 2313 1334 et
2335 1298 2479 1334 nomina

1387 1352 1454 1378 sua
1483 1341 1607 1377 referri
1636 1342 1675 1376 in
1705 1346 1788 1377 acta
1816 1343 1962 1387 publica
2017 1344 2090 1378 assi
2120 1347 2222 1386 sunt,
2246 1353 2399 1396 aequum
2423 1347 2479 1378 est

1387 1386 1535 1432 perinde
1555 1386 1680 1429 teneri,
1704 1390 1812 1432 atque
1835 1387 1866 1422 si
1889 1387 1966 1423 iure
1988 1354 2143 1433 fegitimo
2160 1388 2343 1434 stipulatio
2367 1389 2477 1423 inter-

1387 1432 1506 1478 posita
1538 1431 1677 1467 fuisset.
1725 1431 1850 1467 eadem
1884 1442 1995 1468 causa
2028 1433 2166 1468 videtur
2199 1432 2478 1476 adfirmatorum,

1411 1477 1448 1512 ui
1479 1477 1614 1512 scilicet
1645 1487 1726 1512 cum
1755 1476 1903 1513 idoneos
1935 1487 2013 1513 esse
2043 1482 2180 1514 tutores
2204 1477 2477 1521 adfirmaverint,

1414 1522 1637 1557 deiussorum
1659 1522 1772 1557 vicem
1794 1522 1981 1558 sustinent.

1434 1565 1458 1604 5
1483 1566 1644 1602 was
1670 1566 1761 1602 libro
1794 1568 1977 1612 triqesimo
2009 1571 2134 1603 octavo
2165 1566 2216 1602 ad
2238 1567 2394 1603 edietum
2441 1566 2480 1603 Si

1389 1622 1470 1648 cum
1492 1610 1760 1646 fideiussoribus
1782 1611 1912 1647 tutoris
1935 1622 1979 1647 ex
2003 1612 2048 1647 sti
2075 1612 2232 1647 ulatione
2247 1622 2323 1647 rein
2345 1612 2480 1647 salvam

1386 1657 1465 1693 fore
1488 1660 1624 1701 agetur,
1641 1655 1783 1691 easdem
1794 1657 2036 1701 reputationes
2049 1623 2247 1700 habebunt,
2264 1667 2354 1702 quas
2369 1660 2478 1692 tutor.

1434 1699 1459 1739 6
1484 1700 1731 1737 ΡΑΡΙΜΑΝΠΒ
1751 1700 1843 1737 libro
1858 1702 2016 1737 secundo
2031 1712 2287 1748 responsorum
2317 1701 2480 1747 Pupillus

1389 1750 1515 1782 contra
1537 1749 1674 1780 tutores
1698 1755 1889 1790 eorumque
1911 1746 2137 1782 fideiussores
2151 1746 2306 1782 iudicem
2321 1747 2479 1792 accepit:

1388 1791 1506 1827 iudice
1541 1789 1722 1832 defuncto,
1755 1790 1962 1843 priusquam
1995 1791 2043 1827 ad
2077 1801 2157 1827 eum
2190 1791 2319 1834 iretur,
2356 1795 2481 1827 contra

1389 1836 1484 1872 solos
1508 1835 1734 1871 fideiussores
1758 1835 1849 1870 alter
1871 1836 1978 1871 iudex
2009 1836 2114 1872 datus
2144 1839 2209 1872 est.
2245 1835 2364 1872 officio
2397 1847 2440 1872 co
2464 1856 2480 1864 ·

1388 1880 1569 1916 noscentis
1594 1879 1796 1922 conveniet,
1828 1880 1860 1915 si
1889 1884 2026 1917 tutores
2057 1881 2225 1917 solvendo
2256 1881 2329 1917 sint
2358 1884 2394 1917 et
2464 1901 2480 1909 -

1388 1925 1600 1961 ministratio
1625 1935 1698 1960 non
1721 1924 1853 1970 dispar,
1878 1925 1942 1961 sed
1960 1926 2156 1962 communis
2179 1926 2259 1969 fuit,
2278 1926 2481 1971 portionum

1388 1970 1538 2006 virilium
1562 1969 1750 2005 admittere
1772 1970 1947 2006 rationem
1970 1981 2015 2006 ex
2036 1981 2192 2016 persona
2212 1974 2382 2006 tutorum.

1437 2013 1461 2052 7
1486 2015 1593 2050 lom
1613 2014 1703 2050 libro
1736 2015 1841 2050 tertio
1864 2026 2119 2069 responsorum
2173 2015 2212 2051 Si
2241 2015 2480 2058 fideiussores,

1390 2061 1451 2105 qui
1473 2070 1548 2095 rem
1571 2059 1705 2095 salvam
1734 2058 1813 2095 fore
1843 2061 1979 2105 pupillo
2010 2064 2190 2103 caverant,
2214 2064 2368 2096 tutorem
2391 2060 2480 2095 adu·

1389 2105 1527 2141 lescens
1551 2108 1592 2140 ut
1615 2107 1699 2139 ante
1722 2105 1927 2140 conveniret
1948 2106 2126 2151 petierant
2140 2109 2248 2151 atque
2269 2105 2350 2141 ideo
2367 2105 2480 2150 stipu-

1389 2150 1478 2185 lanti
1507 2149 1746 2195 promiserunt
1776 2159 1815 2185 se
1845 2149 2044 2186 reddituros
2076 2151 2174 2196 quod
2203 2150 2249 2186 ab
2282 2160 2324 2186 eo
2349 2150 2481 2186 servari

1389 2205 1463 2230 non
1485 2194 1679 2240 potuisset:
1711 2194 1848 2246 placuit
1870 2195 1963 2231 inter
1986 2205 2058 2238 eos,
2083 2196 2144 2241 qui
2162 2195 2329 2232 solvendo
2350 2199 2481 2238 essent,

1390 2240 1568 2275 actionem
1591 2239 1724 2274 residui
1747 2239 1865 2282 dividi,
1890 2240 1987 2285 quod
2010 2251 2101 2276 onus
2124 2240 2372 2276 fideiussorum
2402 2249 2480 2275 sus-

1391 2288 1534 2330 ceptum
1556 2283 1751 2319 videretur:
1785 2294 1868 2319 nam
1891 2289 1928 2320 et
1949 2285 1980 2320 si
2003 2285 2171 2321 mandato
2194 2285 2349 2330 plurium
2371 2295 2481 2330 pecu·

1390 2329 1452 2365 nia
1486 2329 1663 2371 credatur,
1698 2338 1811 2373 aeque
1846 2329 2011 2365 dividitur
2043 2331 2158 2366 actio:
2201 2330 2233 2366 si
2263 2330 2357 2366 enim
2387 2329 2482 2375 quod

1392 2374 1540 2410 datum⁸
1562 2383 1627 2418 pro
1652 2372 1722 2409 alio
1753 2373 1911 2416 solvitur,
1936 2385 2000 2410 cur
2023 2375 2160 2420 species
2183 2374 2336 2411 actionis
2359 2374 2482 2420 aequi·

1390 2423 1501 2454 tatem
1525 2418 1704 2454 divisionis
1729 2418 1912 2454 excludit?

1437 2459 1462 2501 8
1487 2462 1647 2499 Pieros
1677 2462 1767 2498 libro
1791 2474 1886 2499 nono
1909 2474 2165 2510 responsorum
2210 2463 2369 2499 Heredes
2392 2464 2481 2506 eius,

1391 2509 1453 2554 qui
1475 2518 1549 2544 non
1578 2508 1656 2543 iure
1689 2511 1789 2543 tutor
1810 2508 1865 2543 vel
1888 2514 2032 2544 curator
2055 2508 2161 2544 datus
2185 2508 2482 2545 administrationi

1391 2564 1430 2590 se
1453 2564 1527 2589 non
1558 2552 1767 2595 immiscuit,
1803 2552 1922 2588 dolum
1955 2557 1991 2589 et
2025 2553 2166 2599 culpam
2195 2558 2380 2599 praestare
2409 2564 2482 2589 non

1395 2602 1411 2634 1
1460 2598 1600 2634 debere.
1646 2597 1781 2633 Paulus
1804 2598 1987 2643 respondit
2009 2598 2083 2634 tale
2112 2598 2282 2634 iudicium
2311 2599 2349 2634 in
2379 2599 2481 2634 here-

1392 2643 1473 2679 dem
1504 2642 1633 2678 tutoris
1656 2642 1842 2678 transferri
1865 2647 2038 2688 oportere,
2063 2643 2167 2689 quale
2190 2643 2379 2679 defunctus
2403 2653 2481 2679 sus·

1393 2688 1497 2733 cepit.
1532 2687 1603 2723 hoc
1638 2696 1680 2723 eo
1715 2687 1888 2732 pertinet,
1923 2692 1966 2723 ut
1996 2698 2070 2724 non
2100 2691 2291 2724 excusetur
2313 2688 2428 2730 heres,
2451 2687 2482 2723 si

1392 2733 1490 2769 dicat
1519 2742 1558 2768 se
1591 2732 1827 2768 instrumenta
1856 2733 2024 2768 tutelaria
2053 2743 2126 2769 non
2159 2733 2354 2769 invenisse:
2398 2743 2482 2768 nam

1393 2777 1567 2823 cumex⁹
1596 2777 1760 2813 omnibus
1791 2777 1887 2813 bona
1916 2777 1986 2813 fide
2015 2778 2154 2814 iudiciis
2209 2780 2331 2823 ropter
2361 2777 2482 2813 dolum
2512 2815 2514 2817 ,

1393 2822 1554 2858 defuncti
1575 2822 1678 2858 heres
1700 2825 1884 2864 teneatur,
1914 2822 2007 2858 idem
2037 2826 2126 2868 puto
2157 2833 2178 2859 o
2205 2822 2416 2858 servandum
2446 2824 2486 2858 et

1392 2868 1429 2903 in
1463 2867 1597 2903 tutelae
1629 2866 1780 2902 actione.
1826 2866 1890 2902 sed
1924 2867 2236 2904 constitutionibus
2270 2868 2481 2903 subventum
2511 2867 2513 2872 “

1393 2916 1448 2948 est
1469 2911 1690 2958 ignorantiae
1710 2911 1892 2947 heredum.
1922 2912 1992 2948 hoc
2023 2916 2142 2948 tamen
2173 2916 2260 2948 tunc
2290 2912 2480 2948 observan-

1394 2957 1477 2993 dum
1501 2960 1565 2998 est,
1591 2967 1672 2992 cuni
1694 2959 1779 3001 post
1801 2960 1950 2992 mortem
1964 2957 2094 2993 tutoris
2116 2958 2221 2994 heres
2240 2957 2481 2999 conveniatur,

1392 3013 1467 3038 non
1489 3001 1520 3038 si
1542 3001 1603 3037 lite
1626 3004 1826 3037 contestata
1847 3004 1947 3037 tutor
1969 3001 2178 3038 decesserit:
2202 3012 2285 3037 nam
2299 3001 2371 3037 litis
2396 3012 2481 3038 con·
2511 3018 2514 3038 1

1393 3047 1585 3083 testatione
1601 3048 1638 3082 et
1651 3045 1819 3091 poenales
1837 3046 1996 3083 actiones
2011 3047 2300 3083 transmittuntur
2319 3047 2365 3082 ab
2381 3050 2480 3082 utra-
2512 3048 2514 3050 ’

1394 3102 1465 3138 que
1486 3095 1590 3137 parte
1613 3094 1650 3126 et
1671 3090 1884 3136 temporales
1907 3096 2176 3138 perpetuantur.

1868 3185 1965 3223 vm
1976 3183 2016 3223 ¹⁰.

1503 3248 1564 3281 DE
1588 3248 1951 3282 MAGISTRATIBUS
1975 3247 2318 3281 conveniamus
2333 3247 2371 3282 ¹¹.

1436 3312 1455 3350 1
1489 3311 1721 3349 ”mmmm
1734 3313 1827 3349 libro
1845 3314 2032 3358 triqesinw
2049 3318 2158 3350 sexto
2177 3313 2229 3348 ad
2246 3314 2403 3348 edictum
2437 3312 2479 3348 In

1393 3358 1550 3395 ordinem
1581 3358 1794 3411 subsidiaria
1816 3360 1909 3394 actio
1933 3368 2005 3394 non
2028 3357 2181 3410 dabitur,
2205 3357 2269 3410 sed
2291 3357 2328 3392 in
2353 3357 2480 3402 magis·

1391 3406 1528 3456 tratas,
1551 3412 1617 3438 nec
1651 3414 1688 3438 in
1711 3402 1936 3456 fideiussores
1960 3412 2100 3438 eorum:
2132 3403 2171 3438 hi
2194 3412 2286 3455 enim
2316 3412 2479 3454 rem-pu·
2527 3449 2528 3452 Ἰ

1393 3448 1522 3484 blicam
1545 3447 1679 3483 salvam
1700 3447 1779 3484 fore
1801 3450 2022 3493 promittunt,
2057 3457 2130 3483 non
2158 3446 2294 3493 pupilli.
2331 3446 2480 3492 proinde
2526 3464 2528 3505 ξ

1443 3563 1485 3600 (ι)
1510 3561 1691 3603 Sab.1...s;
1724 3559 1808 3603 Pap.
1822 3565 1904 3593 ⁶...s.
1930 3577 1974 3583 —
1998 3559 2082 3593 Bm.
2096 3560 2153 3599 38,
2165 3567 2192 3594 ¹1.
2215 3577 2262 3584 —
2287 3559 2339 3603 Cj:
2355 3558 2431 3592 cod.
2444 3560 2486 3601 5,·
2524 3574 2526 3578 v

1395 3613 1443 3640 Μ.
1457 3613 1491 3639 ⁶¹1
1551 3608 1595 3646 (8)
1610 3604 1699 3647 qnod
1709 3603 1837 3645 datum]
1850 3603 1993 3646 quodam
2005 3604 2102 3637 modo
2113 3617 2176 3637 ser.
2243 3604 2288 3645 (ο)
2299 3604 2353 3644 ex]
2365 3603 2401 3636 in
2413 3614 2474 3637 scr.
2524 3645 2525 3651 ἵ

1441 3653 1500 3691 (ιο)
1524 3649 1605 3683 Sab.
1620 3657 1705 3689 i...s3
1729 3649 1794 3682 Ed.
1810 3655 1894 3683 o...s.
1915 3667 1955 3672 —
1970 3650 2057 3683 Bas.
2071 3649 2125 3690 38,
2139 3656 2169 3684 s.
2186 3667 2222 3672 —
2238 3647 2288 3691 Cf
2304 3649 2381 3683 cod.
2394 3649 2427 3689 5,
2441 3654 2476 3681 τι

1397 3697 1452 3735 (ιι)
1477 3698 1510 3727 et
1524 3692 1699 3728 heredibus
1710 3703 1823 3726 eorum
1836 3693 1915 3727 add.
1929 3692 1997 3728 ind.
2010 3695 2059 3728 ΓΙ.
2081 3692 2139 3734 (12)
2154 3696 2170 3731 5
2183 3699 2216 3726 ιο
2228 3690 2329 3724 =D.
2338 3691 2428 3732 26,ss
2437 3694 2475 3724 24
2523 3695 2526 3722 l

2523 3740 2525 3759 ³
