2528 3918
136 142 482 174 TREBELLIANUM

136 251 350 299 praestanda
379 251 435 286 sit.
484 261 589 296 quam
621 260 692 285 non
723 260 802 284 esse
833 249 1089 285 restituendam
1118 252 1217 294 puto,

136 298 219 343 quia
236 307 309 332 non
326 296 428 341 quasi
447 297 561 338 heres,
587 295 650 330 sed
673 295 775 340 quasi
794 298 907 330 mater
927 305 970 329 ex
988 298 1093 339 pacto
1115 305 1217 329 acce-

136 344 187 388 pit
216 352 306 421 necb
316 342 503 377 occasione
535 339 759 383 hereditatis,
791 340 855 376 sed
884 350 1003 375 errore
1035 350 1079 375 ex
1110 343 1218 384 pacto

135 399 212 423 eam
236 388 283 421 ha
309 387 372 421 uit.

180 430 232 469 62
258 430 339 474 (60)
364 431 472 466 IDEM
490 430 581 465 libro
601 430 788 465 undecimo
807 430 1055 475 quaestionum
1090 430 1216 465 Patro—

135 488 200 512 nus
225 487 268 512 ex
293 476 412 512 debita
434 475 598 521 portione
622 475 725 510 heres
750 475 933 510 institutus
967 479 1105 510 sextam
1134 485 1217 519 par-

134 528 204 558 tem
234 523 422 557 restituere
453 524 599 564 rogatus
631 520 804 555 restituit:
843 531 915 555 non
954 523 1141 555 transeunt
1175 530 1219 554 ex

134 567 384 603 Trebelliano¹
422 566 597 607 actiones,
642 565 808 610 quoniam
849 576 921 600 non
958 565 1026 599 fuit
1062 565 1219 600 debitum

134 612 230 658 quod
252 612 441 655 restituit²‚
472 614 508 646 et
537 610 617 645 ideo
648 610 680 646 si
708 621 773 655 per
796 620 952 645 errorem
975 610 1079 652 fecit,
1114 611 1219 645 etiam

134 661 324 703 repetetur.

180 701 232 740 63
266 700 346 745 (61)
378 701 484 736 IDEM
512 701 603 736 libro
635 702 766 780 guarto
796 698 932 734 decimo
964 710 1219 747 responsorum

135 748 266 783 Paulus
290 746 473 792 respondit
495 746 550 781 his
574 756 635 780 ver
661 745 709 779 is:
745 744 958 789 ‘Semproni‚
991 745 1158 780 heredem
1181 748 1218 780 te

133 797 216 828 ‘non
248 792 375 837 scripsi
404 791 579 826 festinans
612 801 678 835 per
707 789 966 825 infirmitatem:
1005 790 1156 836 ideoque
1187 790 1220 825 ei

133 838 223 873 ‘dari
254 837 332 872 volo
363 841 521 878 tantum,
561 838 733 881 quantum
770 845 836 886 pro
871 835 978 870 uncia
1012 835 1218 871 hereditatis

134 883 373 927 ‘competeret’
398 882 507 916 videri
531 881 672 926 quidem
695 890 806 924 magis
830 880 1082 924 quantitatem,
1114 890 1219 925 quam

132 929 333 974 portionem
357 926 564 962 hereditatis
588 926 768 968 relictam,
798 925 861 960 sed
885 925 936 960 sic
960 925 1218 971 accipiendum,

132 974 208 1008 uti³
230 973 393 1008 videatur
417 972 461 1007 de
485 972 591 1006 uncia
614 971 721 1006 etiam
744 970 967 1005 restituenda
990 971 1156 1006 sensisse.

178 1016 231 1055 64
257 1015 337 1060 ‹62›
368 1017 570 1053 SOAEVOLA
602 1016 692 1051 libro
725 1020 855 1061 quarto
885 1026 1140 1061 responsorum
1186 1016 1220 1050 A

132 1064 205 1098 filia
227 1064 327 1108 petit,
352 1067 402 1105 ut,
428 1062 459 1098 si
481 1062 603 1097 liberis
627 1061 879 1106 superstitibus
900 1064 1111 1103 moreretur,
1135 1071 1218 1106 par-

131 1114 203 1145 tem
227 1109 303 1144 eius
328 1107 424 1153 quod
447 1107 518 1142 ad⁴
550 1117 627 1142 eam
655 1117 700 1141 ex
724 1105 828 1141 bonis
879 1106 964 1141 atris
988 1107 1218 1150 pervenisset,

133 1154 228 1199 quod
267 1154 297 1188 si
328 1154 404 1189 sine
434 1152 571 1193 liberis,
612 1152 816 1187 universum
870 1152 957 1186 ratri
995 1151 1216 1187 restitueret:

133 1199 326 1244 quaeritur,
351 1198 521 1234 defuncta
543 1207 587 1232 ea
609 1197 646 1232 in
671 1196 894 1231 matrimonio
920 1197 1111 1241 superstite
1132 1196 1217 1239 filia,

133 1256 179 1279 an
201 1245 303 1280 heres
327 1244 402 1279 eius
428 1253 509 1278 cum
531 1246 635 1288 parte
648 1241 856 1277 hereditatis
873 1241 948 1277 eius
967 1252 1106 1287 quoque
1123 1242 1219 1286 quod

133 1290 225 1325 dotis
254 1290 395 1324 nomine
428 1288 550 1323 datum
583 1292 661 1323 erat
693 1290 831 1332 partem
861 1287 1048 1322 restituere
1078 1287 1216 1322 debeat.

131 1334 316 1379 respondit
343 1334 394 1377 id,
428 1333 523 1378 quod
552 1333 590 1367 in
623 1332 741 1367 dotem
770 1332 914 1374 fuisset,
946 1342 1019 1367 non
1043 1332 1219 1368 contineri

132 1380 167 1415 in
192 1384 330 1424 partem
353 1378 561 1414 hereditatis
586 1387 678 1422 quae
701 1377 921 1412 restituenda
946 1381 1017 1412 est:
1043 1377 1105 1413 sed
1128 1382 1164 1413 et
1188 1378 1219 1412 si

132 1436 175 1461 ex
195 1424 429 1469 promissione
449 1423 542 1458 dotis
564 1422 698 1467 aliquid
719 1422 876 1457 debitum
895 1422 974 1464 fuit,
1000 1422 1092 1458 aeris
1112 1423 1218 1458 alieni

134 1474 148 1505 1
198 1471 277 1505 loco
301 1468 516 1504 habendum.
556 1468 712 1503 Alumno
732 1471 864 1502 certam
882 1467 1070 1512 pecuniam
1089 1468 1218 1513 legavit

131 1519 166 1550 et
190 1525 267 1550 eam
290 1514 402 1559 recipi
426 1524 448 1548 a
466 1513 674 1558 Sempronio
697 1512 878 1547 mandavit
896 1516 932 1548 et
953 1516 1069 1548 certas
1089 1523 1217 1549 usuras

131 1561 272 1595 alumno
297 1559 490 1604 praestari,
519 1558 633 1593 donec
657 1558 703 1592 ad
726 1558 954 1593 vicensimum
978 1568 1111 1593 annum
1134 1569 1215 1604 per-

130 1606 283 1641 venerit:
324 1604 450 1640 deinde
482 1604 616 1639 alumni
646 1603 730 1639 fidei
759 1603 950 1646 commisit,
987 1607 1046 1646 ut,
1082 1604 1112 1638 si
1141 1605 1217 1639 sine

130 1651 249 1686 liberis
274 1650 472 1692 decederet,
496 1653 636 1694 partem
658 1649 865 1684 restitueret
889 1648 970 1684 Sem
995 1649 1109 1691 ronio,
1133 1660 1216 1694 par-

130 1700 200 1731 tem
225 1695 411 1740 Septiciae.
460 1695 658 1739 quaesitum
682 1697 736 1729 est
760 1693 928 1729 defuncto
952 1704 974 1728 a
989 1705 1097 1729 umno
1122 1695 1218 1729 intra

131 1752 262 1776 annum
281 1741 522 1782 vicensimum,
547 1751 594 1774 an
613 1739 798 1774 substituti
820 1738 1131 1775 fideicommissum
1154 1750 1217 1785 pe-

131 1791 205 1822 tere
227 1787 367 1831 possint
389 1795 436 1820 an
459 1795 542 1820 vero
566 1785 604 1819 in
627 1784 663 1819 id
686 1788 826 1829 tempus
851 1785 1045 1827 sustinere,
1071 1796 1161 1829 quo,
1186 1785 1217 1820 si

130 1833 278 1873 viveret,
312 1831 478 1866 alumnus
508 1830 737 1865 vicensimum
766 1840 898 1864 annum
922 1830 1093 1874 impleret.
1140 1841 1215 1866 res-

130 1877 238 1922 pondi
262 1876 456 1911 secundum
481 1886 523 1911 ea
548 1885 639 1920 quae
662 1879 950 1920 proponerentur
971 1885 1089 1920 posse.

176 1920 228 1959 65
260 1919 342 1964 (63)
382 1921 505 1957 Gales
539 1921 630 1956 libro
669 1920 825 1955 secundo
855 1920 1216 1972 fideicommissorum

131 1968 243 2003 Facta
265 1967 303 2001 in
326 1965 691 2001 fideicommissarium
707 1964 933 2000 restitutlone
954 1965 1074 2000 statim
1094 1976 1216 2001 omnes

129 2023 184 2048 res
218 2013 255 2047 in
286 2012 389 2047 bonis
420 2011 513 2046 fiunt
542 2011 635 2052 eius,
670 2010 728 2045 cui
757 2010 924 2045 restituta
947 2015 1003 2045 est
1025 2011 1214 2053 hereditas,

134 2062 146 2092 1
197 2058 265 2093 etsi
285 2057 442 2092 nondum
458 2067 579 2092 earum
596 2059 724 2091 nactus
741 2055 850 2090 fuerit
891 2056 1137 2091 ossessionem.
1179 2056 1216 2091 Si

128 2104 183 2138 is⁵
214 2103 275 2147 qui
303 2102 536 2137 hereditatem
565 2101 633 2136 sibi
660 2100 762 2136 reddi
794 2101 839 2136 ab
896 2100 1000 2136 erede
1023 2101 1216 2146 stipulatus

129 2149 175 2184 sit
198 2148 300 2193 eique
313 2149 326 2169 ⁶
351 2158 393 2182 ex
417 2147 591 2191 stipulatu
614 2146 731 2190 agenti
754 2146 920 2180 restituta
945 2146 1054 2181 fuerit
1077 2147 1215 2182 heredi-

128 2198 194 2237 tas,
221 2196 362 2229 constat
384 2193 495 2227 nihilo
520 2193 637 2226 minus
662 2191 849 2226 transferri
867 2191 1037 2227 actiones.
1077 2192 1146 2227 hoc
1165 2192 1217 2227 ita

130 2244 199 2281 est,
232 2238 263 2274 si
292 2238 323 2273 is
356 2248 436 2273 cum
467 2248 536 2282 quo
562 2241 682 2272 actum
706 2237 752 2271 sit
774 2236 942 2272 restituat
964 2237 1214 2272 hereditatem:

129 2285 158 2319 si
182 2295 264 2319 vero
291 2284 336 2319 ob
359 2283 396 2318 id
421 2282 516 2328 quod
538 2293 611 2317 non
634 2282 830 2317 restituerit
849 2282 1095 2318 aestimatione
1113 2283 1214 2317 here-

129 2330 248 2364 ditatis
274 2328 528 2364 condemnatus
554 2327 679 2370 fuerit,
711 2331 898 2362 remanent
929 2327 1087 2362 actiones
1111 2328 1213 2363 here-

129 2374 276 2410 ditariae
301 2373 397 2419 apud
421 2384 500 2409 eum
525 2373 585 2418 qui
609 2372 864 2408 condemnatus
889 2372 946 2415 sit,
971 2376 1072 2408 actor
1096 2377 1215 2409 autem

129 2423 147 2454 2
196 2420 431 2464 quantitatem
456 2418 696 2463 consequitur.
745 2418 782 2452 Si
806 2419 908 2453 heres
933 2418 1088 2463 scriptus
1112 2419 1214 2454 resti-

128 2465 237 2500 tuerit
266 2464 498 2500 hereditatem
535 2468 571 2499 et
607 2467 734 2508 postea
766 2463 810 2498 de
841 2463 1038 2499 hereditate
1071 2468 1214 2500 contro-

127 2510 278 2546 versiam
308 2520 436 2554 passus
467 2510 582 2544 victus
617 2509 664 2544 sit
694 2512 758 2543 aut
788 2509 850 2543 lite
882 2509 1048 2552 cesserit,
1086 2509 1216 2545 durare

127 2556 286 2591 actiones
319 2554 478 2590 constitit
508 2555 545 2589 in
574 2554 942 2590 fideicommissarium
965 2555 1073 2589 semel
1096 2558 1214 2590 trans-

129 2605 147 2635 3
195 2601 299 2636 latas.
347 2600 385 2635 Si
413 2600 492 2644 quis
523 2599 693 2635 maiorem
723 2603 863 2644 partem
886 2599 1084 2635 restituerit
1108 2610 1215 2644 quam

128 2650 272 2690 rogatus
298 2650 369 2687 est,
397 2645 435 2679 in
460 2655 537 2680 eam
560 2649 699 2689 partem
722 2654 814 2689 quae
838 2644 978 2679 excedit
1001 2655 1073 2680 non
1096 2648 1213 2681 trans·

128 2691 291 2726 feruntur
320 2690 489 2725 actiones.
537 2690 600 2726 sed
625 2700 705 2725 cum
728 2693 922 2735 praecepta
946 2690 1065 2734 aliqua
1088 2701 1127 2725 re
1151 2694 1214 2725 aut

127 2747 265 2772 summa
295 2740 440 2780 rogatus
472 2735 518 2770 011
544 2736 647 2770 110100
671 2735 860 2770 restituere
885 2739 919 2769 et
942 2736 1074 2770 omissa
1096 2739 1213 2771 reten-

128 2782 223 2817 tione
239 2785 351 2816 totam
365 2780 598 2816 hereditatem
611 2780 818 2822 restituerit,
839 2783 936 2814 recte
953 2779 1083 2815 dicitur
1096 2786 1212 2816 trans-

128 2831 148 2861 4
195 2827 280 2862 ferri
311 2827 481 2861 actiones.
530 2825 568 2860 Si
595 2826 699 2861 heres
732 2829 814 2860 ante
843 2825 1045 2860 restitutam
1073 2825 1212 2860 heredi-

128 2876 236 2907 tatem
261 2883 399 2907 servum
422 2870 674 2906 hereditarium
698 2871 863 2906 heredem
892 2870 938 2905 ab
969 2870 1017 2904 ali
1042 2881 1087 2905 uo
1112 2871 1213 2906 insti-

128 2921 244 2952 tutum
280 2917 424 2952 iusserit
459 2916 558 2952 adire
597 2915 848 2958 hereditatem,
887 2919 994 2960 negat
1049 2916 1213 2951 ulianus⁷

128 2962 256 2998 debere
279 2963 372 2997 hanc
396 2961 628 2996 hereditatem
651 2961 801 3003 restitui,
827 2960 910 3006 quia
934 2961 978 2996 de
1003 2971 1046 2996 ea
1064 2965 1212 3006 rogatus

129 3018 199 3043 non
223 3011 335 3043 esset:
361 3010 396 3041 et
418 3007 488 3042 hoc
513 3010 566 3041 est
588 3006 783 3041 fatendum.
818 3006 1069 3051 requirendum
1093 3010 1213 3041 tamen

129 3056 164 3086 et
185 3053 273 3087 illud
296 3055 368 3094 est,
400 3063 486 3087 num
516 3062 597 3087 011111
627 3052 844 3087 incremento
873 3051 1062 3086 restituere
1084 3052 1213 3087 heres⁸

128 3101 272 3141 rogatus
306 3098 353 3133 sit
384 3097 635 3132 hereditatem:
677 3097 731 3131 si⁹
763 3097 855 3132 enim
885 3097 955 3131 hoc
988 3096 1096 3132 fuerit
1126 3097 1210 3132 sub-

129 3146 307 3186 secutum,
340 3142 445 3177 etiam
475 3152 555 3178 eam
585 3142 816 3176 hereditatem
847 3141 1036 3176 restituere
1061 3142 1210 3186 cogitur,

129 3186 197 3222 nisi
236 3187 504 3223 evidentissimis
538 3187 810 3232 probationibus
849 3186 959 3221 fuerit
997 3187 1044 3222 ab
1081 3187 1211 3222 herede

129 3231 365 3276 adprobatum
388 3232 685 3277 contemplatione
709 3231 764 3267 sui
788 3242 927 3268 servum
947 3242 1025 3267 esse
1043 3232 1210 3267 heredem

129 3280 148 3310 5
196 3276 407 3311 institutum.
456 3277 644 3322 Rescripto
679 3277 747 3312 divi
777 3277 949 3311 Antonini
978 3277 1209 3322 significatur,

130 3326 186 3364 ut,
219 3321 250 3356 si
281 3322 358 3365 quis
388 3327 537 3367 accepta
565 3333 587 3357 a
610 3322 704 3358 Titio
727 3323 899 3367 pecunia,
932 3333 1024 3366 quae
1048 3326 1210 3367 quartam

127 3366 335 3401 hereditatis
368 3368 540 3410 continet,
574 3371 720 3412 rogatus
753 3367 799 3403 sit
828 3367 861 3402 ei
889 3368 1076 3403 restituere
1108 3369 1209 3403 here-

129 3411 286 3453 ditatem,
309 3411 392 3446 licet
413 3412 548 3447 tardius
573 3412 677 3448 detur
700 3413 862 3457 pecunia,
891 3412 967 3447 sine
990 3413 1109 3448 usuris
1133 3424 1211 3448 eam

129 3457 206 3491 dari
230 3456 376 3497 debere,
409 3457 492 3500 quia
521 3462 654 3502 quanto
685 3458 824 3493 tardius
848 3457 997 3502 quisque
1020 3459 1210 3503 pecuniam

129 3502 206 3544 dat,
246 3505 346 3536 tanto
382 3501 517 3537 tardius
555 3503 600 3537 ad
637 3502 949 3538 fideicommissum
982 3504 1144 3548 pervenit
1175 3507 1211 3538 et

129 3616 169 3656 (1)
192 3613 426 3647 trebellianum
446 3615 480 3647 F

129 3664 170 3698 (3)
196 3660 301 3691 uniF

129 3706 173 3744 (6)
199 3715 262 3745 (1110
276 3705 337 3737 del.

129 3762 175 3780 om
204 3750 235 3781 F

612 3617 655 3657 (2)
679 3616 842 3649 restituiit
861 3615 923 3658 Εὖ,
946 3617 1079 3650 restitui
1097 3618 1134 3650 in
1155 3618 1210 3649 Fa

420 3662 460 3699 (4)
485 3660 574 3701 (111οᾱ
586 3670 623 3693 ea
636 3662 694 3700 ΙΝ,
714 3672 798 3703 (11100
810 3662 853 3694 ad
865 3662 918 3694 F2
1038 3665 1079 3703 (5)
1104 3663 1133 3695 is
1146 3664 1206 3695 del.

448 3706 490 3745 (7)
516 3705 726 3744 l.2s§1}1.t.
839 3709 882 3748 (8)
907 3707 1010 3740 hesF
1113 3710 1156 3748 (9)
1181 3708 1208 3739 si

308 3750 369 3790 (10)
394 3749 435 3781 ab
447 3749 557 3791 initio]
571 3760 590 3781 a
601 3753 751 3791 praetore
763 3752 918 3793 iniquum
930 3765 991 3785 scr.
1076 3755 1129 3791 (11)
1155 3763 1207 3784 ar-

1202 123 1283 170 531

2133 129 2319 172 XXXVI
2354 133 2372 171 1

1286 247 1394 282 medii
1424 248 1595 293 temporis
1628 248 1767 283 fructus
1797 249 1924 293 perdit.
1974 251 2203 295 quamobrem
2234 250 2265 286 si
2293 255 2377 287 ante

1287 294 1409 328 datam
1438 293 1626 339 pecuniam
1655 293 1810 328 tenuerit
1842 294 2092 338 hereditatem,
2124 296 2262 332 fructus
2310 308 2376 332 uos

1288 343 1308 374 6
1355 338 1516 384 percepit
1552 338 1743 373 restituere
1777 339 1897 374 heredi
1934 351 2012 375 eum
2048 345 2225 386 oportere.
2279 342 2295 376 1
2323 352 2376 377 0111

1286 383 1374 419 111110
1396 387 1450 418 001
1466 387 1502 419 01
1518 383 1548 418 si
1565 382 1643 428 quis
1660 383 1711 418 ita
1733 383 1875 419 heredis
1898 385 1981 420 fidei
2007 387 2238 422 commiserit:
2265 390 2376 432 ‘rogo,

1288 428 1331 463 ‘si
1360 428 1475 464 Titius
1508 429 1573 463 tibi
1604 432 1746 463 centum
1778 428 1931 472 dederit,
1972 431 2138 467 restituas
2174 433 2206 467 ei
2238 432 2375 468 heredi-

1288 476 1307 509 7
1357 476 1478 508 ‘tatem
1502 474 1639 508 meam'.
1680 473 1718 508 Si
1741 474 1808 509 sub
1834 474 2041 510 condicione
2064 477 2167 512 heres
2191 477 2376 512 institutus

1286 518 1335 554 sit
1358 519 1418 563 qui
1442 529 1503 554 sus
1531 523 1648 554 ectam
1671 518 1740 554 sibi
1762 519 1994 554 hereditatem
2018 531 2097 557 esse
2120 522 2222 564 dicit,
2253 523 2284 558 si
2313 533 2374 558 110-

1287 574 1356 608 (1110
1391 563 1515 599 difficu
1529 567 1640 599 tatem
1675 574 1790 609 neque
1824 565 2082 610 turpitudinem
2120 567 2229 602 ullam
2269 568 2377 603 habet

1288 608 1450 644 condicio
1475 620 1541 644 nec
1564 609 1612 644 im
1639 609 1783 644 endium
1806 609 1951 654 aliquid,
1977 611 2153 647 iubendus
2178 617 2232 647 est
2249 623 2376 658 parere

1288 653 1490 689 condicioni
1519 658 1555 689 et
1584 665 1605 688 a
1633 654 1683 689 're
1714 658 1750 689 et
1772 655 1823 689 ita
1846 655 2053 691 restituere:
2088 656 2118 691 si
2147 668 2230 692 vero
2260 658 2376 702 turpis

1287 702 1351 733 aut
1382 699 1536 734 difficilis
1568 700 1614 734 sit
1645 699 1826 742 condicio,
1865 704 1988 746 aperte
2019 701 2179 746 iniquum
2210 706 2265 738 est
2297 704 2376 748 cogi

1288 754 1370 779 eum
1395 744 1538 788 explere
1562 754 1641 779 eam
1664 744 1810 780 alterius
1834 746 1962 790 gratia.
1999 745 2064 781 sed
2087 750 2123 781 et
2146 748 2275 782 remitti
2300 758 2376 783 eam

1288 789 1333 824 ab
1362 789 1462 824 initio
1476 790 1505 810 ¹⁰
1535 789 1650 824 visum
1683 793 1755 825 est:
1785 790 1867 836 plus
1898 790 1991 826 enim
2022 791 2133 826 tribui
2161 802 2183 826 a
2210 797 2377 837 praetore

1288 835 1321 869 ei
1353 834 1413 878 qui
1444 834 1758 870 fideicommissum
1788 836 1892 880 petit,
1935 846 2041 880 quam
2072 840 2222 872 testator
2252 838 2374 880 voluit,

1288 879 1524 914 absurdum¹¹
1548 883 1621 914 est:
1652 880 1775 924 utique
1799 884 1917 916 autem
1940 884 2108 924 testator,
2143 882 2210 917 nisi
2234 884 2376 928 expleta

1287 924 1334 960 sit
1358 924 1532 966 condicio,
1558 934 1673 968 neque
1698 926 1870 970 scriptum
1893 926 2059 961 heredem
2078 926 2124 961 ad
2144 927 2375 963 hereditatem

1287 969 1427 1004 vocavit
1456 980 1572 1015 neque
1600 979 1666 1014 per
1695 969 1791 1005 hunc
1821 971 1875 1005 illi
1899 971 2013 1006 voluit
2035 972 2175 1007 restitui
2199 972 2375 1008 heredita-

1288 1017 1307 1049 8
1354 1018 1438 1050 10111.
1476 1014 1515 1049 Si
1539 1014 1678 1050 dandae
1701 1016 1876 1060 pecuniae
1891 1017 1918 1037 ¹2
1943 1016 2105 1052 condicio
2123 1017 2304 1062 adscripta
2323 1022 2377 1053 est

1286 1059 1422 1102 heredi,
1448 1059 1554 1095 debet
1578 1060 1609 1095 ei
1633 1059 1761 1096 offerre
1784 1061 1974 1106 pecuniam
1998 1062 2029 1097 is
2053 1061 2114 1106 qui
2132 1063 2254 1115 poscit
2275 1062 2375 1098 fidei-

1287 1105 1524 1148 commissum,
1550 1108 1591 1139 ut
1613 1105 1846 1141 hereditatem
1868 1107 2014 1152 impleta
2037 1107 2246 1143 condicione
2263 1109 2378 1153 possit

1286 1153 1307 1184 9
1355 1150 1454 1186 adire
1486 1154 1522 1185 et
1551 1151 1750 1186 restituere.
1799 1151 1904 1196 Quod
1934 1152 1966 1187 si
1998 1152 2161 1188 condicio
2195 1153 2377 1198 adscripta

1286 1198 1341 1230 est
1365 1200 1401 1230 et
1424 1205 1467 1231 ea
1491 1200 1556 1238 est,
1581 1206 1688 1241 quam
1711 1200 1856 1241 praetor
1876 1197 2034 1240 remittit,
2060 1197 2194 1233 sufficit
2210 1198 2375 1241 edictum,

1286 1244 1328 1275 ut
1350 1240 1512 1276 Iulianus
1537 1241 1604 1275 ait:
1630 1241 1804 1277 hactenus
1828 1242 2005 1278 iubendus
2030 1246 2096 1286 est,
2121 1247 2161 1277 ut
2182 1245 2376 1279 constituat

1285 1287 1462 1331 praetoris
1495 1286 1697 1322 actionibus
1728 1287 1781 1321 uti
1811 1291 1875 1322 aut
1905 1291 2006 1332 petat
2034 1289 2210 1323 bonorum
2233 1300 2375 1333 posses-

1286 1330 1422 1366 sionem
1455 1331 1652 1367 secundum
1682 1332 1845 1374 tabulas,
1879 1337 1920 1367 ut
1949 1333 2001 1368 ita
2031 1338 2186 1368 nanctus
2217 1335 2376 1370 actiones

1286 1380 1372 1411 tunc
1403 1376 1571 1412 restituta
1602 1377 1800 1413 hereditate
1831 1379 2027 1413 transferat
2058 1388 2119 1414 eas
2155 1389 2197 1413 ex
2230 1384 2376 1415 senatus

1293 1425 1329 1456 10
1378 1422 1554 1457 consulto.
1603 1422 1640 1457 Si
1663 1433 1746 1458 vero
1771 1423 1924 1459 nominis
1947 1423 2085 1459 ferendi
2116 1424 2278 1460 condicio
2312 1429 2376 1468 est,

1286 1477 1392 1512 quam
1415 1470 1561 1513 praetor
1585 1468 1710 1512 exigit,
1743 1472 1841 1504 recte
1873 1468 2014 1513 quidem
2038 1468 2202 1505 facturus
2226 1470 2376 1513 videtur,

1286 1512 1316 1547 si
1341 1522 1419 1547 eam
1443 1513 1653 1557 expleverit:
1679 1513 1766 1547 nihil
1790 1513 1884 1548 enim
1907 1514 2000 1549 male
2024 1518 2078 1550 est
2100 1514 2243 1550 honesti
2262 1516 2376 1550 homi—

1285 1557 1340 1592 nis
1364 1568 1495 1593 nomen
1519 1558 1717 1600 adsumere,
1742 1569 1809 1593 nec
1832 1559 1926 1594 enim
1948 1559 1985 1594 in
1999 1559 2146 1595 famosis
2160 1564 2195 1595 et
2210 1561 2375 1605 turpibus

1284 1603 1488 1638 nominibus
1504 1604 1598 1639 hanc
1616 1604 1859 1639 condicionem
1876 1605 1983 1649 exigit
2023 1609 2153 1640 raetor.
2180 1605 2242 1640 sed
2257 1610 2376 1641 tamen

1285 1648 1316 1684 si
1346 1651 1489 1683 recuset
1518 1659 1648 1684 nomen
1678 1649 1791 1691 ferre,
1824 1650 1989 1685 remitten
2015 1660 2037 1684 a
2066 1653 2121 1685 est
2144 1651 2176 1686 ei
2201 1651 2374 1693 condicio,

1285 1697 1325 1728 ut
1347 1693 1509 1729 Iulianus
1534 1694 1601 1736 ait,
1634 1698 1670 1729 et
1692 1694 1950 1739 permittendae
1974 1695 2079 1730 utiles
2104 1695 2279 1738 actiones,
2313 1701 2376 1731 aut

1285 1739 1462 1774 bonorum
1485 1740 1664 1784 possessio
1690 1740 1886 1774 secundum
1908 1740 2051 1775 tabulas
2076 1740 2194 1775 danda
2219 1745 2287 1783 est,
2324 1742 2376 1777 uti

1285 1788 1438 1819 nanctus
1469 1784 1628 1820 actiones
1657 1784 1853 1820 transferat
1876 1795 1936 1821 eas
1961 1795 2005 1821 ex
2029 1790 2174 1821 senatus
2200 1787 2373 1822 consulto.

1288 1832 1325 1864 11
1376 1829 1415 1864 Si
1439 1840 1522 1864 cum
1545 1834 1749 1874 suspectam
1771 1830 1907 1866 videret
1920 1831 1957 1872 ¹³,
1987 1831 2220 1866 hereditatem
2250 1836 2375 1876 postu-

1285 1875 1382 1910 lante
1414 1885 1470 1909 me
1500 1874 1602 1909 iussu
1633 1875 1811 1920 praetoris
1842 1875 1971 1911 adieris
1996 1879 2032 1910 et
2054 1877 2253 1912 restitueris
2278 1877 2375 1920 mihi,

1284 1920 1335 1954 ita
1358 1923 1441 1954 utar
1463 1919 1551 1964 legis
1571 1920 1755 1955 Falcidiae
1779 1920 1951 1957 beneficio
1977 1921 2146 1956 adversus
2172 1922 2373 1966 legatarios,

1286 1964 1316 2000 si
1346 1968 1387 1999 tu
1419 1975 1561 2010 quoque
1590 1975 1634 2000 ea
1646 1966 1674 1987 ¹⁴
1702 1965 1780 2010 lege
1810 1966 1864 2000 uti
1892 1970 2037 2012 poteras
2063 1970 2098 2001 et
2122 1970 2297 2011 quatenus
2322 1968 2375 2002 uti

1285 2014 1447 2054 poteras:
1473 2020 1556 2045 nam
1580 2010 1611 2045 si
1635 2010 1720 2055 quid
1742 2015 1929 2055 praeterea
1952 2021 1974 2046 a
1997 2022 2054 2046 me
2073 2011 2179 2047 alicui
2195 2022 2260 2056 per
2275 2012 2374 2047 fidei-

1288 2055 1514 2091 commissum
1538 2055 1701 2090 relictum
1726 2057 1782 2098 sit,
1807 2056 1844 2091 id
1867 2057 1969 2101 quasi
1987 2067 2008 2091 a
2025 2057 2196 2102 legatario
2212 2058 2375 2092 relictum

1284 2111 1358 2136 non
1386 2100 1483 2136 venit
1512 2100 1550 2135 in
1580 2102 1882 2146 computationem
1912 2103 1987 2137 eius
2018 2103 2123 2147 legis,
2155 2103 2218 2138 sed
2243 2104 2375 2138 extrin-

1287 2148 1327 2180 12
1375 2155 1479 2181 secus
1507 2151 1726 2181 numeratur.
1775 2146 1814 2182 Si
1838 2147 1953 2182 Titius
1982 2151 2129 2192 rogatus
2160 2148 2206 2182 sit
2235 2149 2374 2183 heredi-

1283 2194 1394 2226 tatem
1418 2191 1558 2227 Maevio
1574 2193 1602 2213 ¹⁵
1625 2192 1829 2235 restituere,
1860 2192 2023 2227 Maevius
2049 2193 2129 2228 Seio
2155 2197 2289 2228 certam
2312 2204 2373 2239 pe-

1285 2236 1447 2279 cuniam,
1480 2240 1517 2271 et
1540 2236 1656 2272 Titius
1688 2241 1837 2282 quartae
1868 2238 2073 2272 retinendae
2105 2238 2278 2273 beneficio
2311 2239 2373 2273 ad-

1283 2292 1406 2317 versus
1422 2281 1602 2317 Maevium
1617 2293 1704 2317 usus
1720 2282 1845 2317 fuerit:
1871 2282 2040 2318 Neratius
2057 2283 2184 2318 scribit
2197 2283 2374 2318 Maevium

1284 2337 1425 2372 quoque
1449 2326 1530 2362 Seio
1561 2337 1603 2363 eo
1636 2328 1752 2363 minus
1782 2338 1936 2373 aequum
1960 2338 2039 2363 esse
2062 2330 2298 2373 praestareffl,
2329 2340 2375 2364 ne

1287 2375 1326 2407 13
1373 2372 1451 2417 ipse
1483 2372 1529 2407 de
1561 2382 1626 2408 suo
1660 2373 1828 2407 damnum
1857 2373 1997 2408 sentiat.
2051 2373 2211 2409 Iulianus
2240 2374 2307 2415 ait,
2344 2374 2374 2409 si

1282 2417 1386 2453 heres
1410 2417 1595 2453 institutus
1621 2418 1715 2453 Titio
1746 2421 1894 2463 rogatus
1925 2418 1972 2453 sit
2000 2418 2208 2461 restituere,
2240 2419 2372 2454 substi-

1283 2466 1383 2498 tutus
1398 2462 1539 2499 Maevio
1563 2466 1599 2498 et
1621 2463 1806 2498 institutus
1831 2468 2034 2515 suspectam
2055 2463 2123 2498 sibi
2139 2463 2372 2499 hereditatem

1285 2518 1361 2544 esse
1386 2507 1499 2548 dicat,
1525 2508 1750 2544 desiderante
1775 2508 1869 2543 Titio
1893 2508 2087 2544 mbendum
2111 2519 2192 2544 eum
2215 2509 2314 2544 adire
2337 2514 2374 2545 et

1287 2557 1327 2587 14
1374 2553 1574 2588 restituere.
1608 2553 1645 2589 Si
1663 2554 1740 2598 quis
1757 2554 1930 2589 bonorum
1944 2554 2162 2599 possessoris
2177 2554 2259 2589 fidei
2276 2565 2371 2589 com-

1283 2598 1420 2634 miserit
1445 2598 1489 2634 de
1513 2599 1711 2634 hereditate
1734 2599 1956 2634 restituenda
1988 2602 2023 2634 et
2052 2599 2083 2634 is
2112 2609 2241 2643 passus
2266 2599 2373 2635 fuerit

1284 2644 1376 2679 diem
1398 2644 1574 2679 bonorum
1598 2645 1835 2689 possessionis
1853 2644 2124 2689 adgnoscendae
2140 2645 2293 2679 transire
2309 2650 2372 2680 aut

1282 2699 1348 2734 per
1370 2689 1439 2725 hoc
1461 2693 1614 2734 tempus,
1640 2700 1709 2734 quo
1734 2690 1764 2724 is
1778 2690 1816 2731 ¹⁷,
1851 2690 1908 2724 cui
1939 2689 2079 2724 restitui
2103 2689 2247 2725 debebit
2269 2690 2370 2725 here-

1283 2734 1387 2775 ditas,
1411 2734 1532 2780 aliqua
1545 2735 1571 2756 ¹⁸
1602 2745 1645 2769 ex
1677 2744 1788 2770 causa
1810 2745 1882 2770 non
1907 2735 2024 2779 potuit
2047 2734 2146 2770 adire
2169 2739 2372 2780 praetorem

1283 2783 1319 2815 et
1341 2780 1535 2824 postulare,
1560 2784 1602 2815 ut
1624 2780 1736 2824 petita
1760 2780 1936 2815 bonorum
1959 2779 2185 2825 possessione
2204 2780 2369 2816 restitua-

1281 2829 1341 2859 tur
1364 2825 1433 2860 sibi
1454 2825 1652 2867 hereditas,
1678 2825 1841 2860 succurri
1865 2826 1898 2860 ei
1921 2825 2040 2867 debet,
2064 2825 2102 2860 id
2126 2829 2181 2860 est
2205 2829 2245 2860 ut
2266 2826 2369 2861 resti-

1282 2873 1409 2905 tuatur
1431 2874 1572 2915 tempus
1597 2871 1771 2905 bonorum
1790 2870 2028 2914 possessionis
2048 2870 2290 2906 admittendae
2310 2881 2369 2905 ex-

1290 2919 1324 2949 15
1373 2914 1519 2951 hibendi
1542 2915 1806 2951 fideicommissi
1829 2916 1954 2960 gratia.
2002 2915 2227 2951 Admonendi
2251 2919 2369 2951 autem

1280 2971 1423 3002 sumus,
1449 2961 1479 2995 si
1501 2960 1551 3002 is,
1578 2960 1639 3004 qui
1661 2960 1830 2995 solvendo
1855 2971 1927 2996 non
1951 2961 2013 3004 sit,
2042 2961 2136 2996 Titio
2161 2961 2292 2995 herede
2315 2961 2368 2995 in-

1281 3005 1405 3040 stituto
1423 3015 1563 3040 servum
1578 3005 1730 3040 liberum
1744 3015 1823 3041 esse
1838 3006 1982 3041 iusserit
1996 3010 2031 3042 et
2045 3006 2222 3051 rogaverit
2236 3006 2368 3040 Titium

1280 3050 1512 3085 hereditatem
1536 3051 1647 3085 eidem
1670 3051 1874 3095 restituere,
1898 3051 1957 3086 vix
1981 3062 2075 3095 esse,
2108 3054 2150 3085 ut
2172 3051 2287 3086 Titius
2311 3061 2366 3085 re-

1281 3106 1410 3131 cusans
1441 3095 1539 3131 adire
1568 3096 1801 3131 hereditatem
1833 3101 1992 3141 cogatur.
2047 3106 2130 3131 nam
2159 3096 2243 3130 licet
2275 3095 2365 3130 desi-

1280 3141 1428 3175 derante
1451 3151 1551 3176 servo
1577 3141 1693 3176 Titius
1717 3141 1845 3176 adierit
1866 3142 2119 3184 hereditatem,
2154 3151 2226 3175 non
2249 3144 2366 3174 tamen

1279 3189 1399 3231 potest
1420 3185 1567 3222 libertas
1592 3196 1693 3222 servo
1719 3191 1921 3231 competere
1940 3187 2044 3232 quasi
2058 3186 2095 3220 in
2112 3185 2272 3220 fraudem
2290 3195 2365 3219 cre-

1281 3232 1435 3266 ditorum
1453 3231 1549 3273 data,
1573 3231 1657 3266 licet
1680 3231 1797 3268 Titius
1820 3232 1980 3278 locuples
2005 3233 2068 3267 sit:
2095 3241 2165 3274 qua
2190 3230 2232 3264 de
2257 3239 2367 3281 causa

1281 3287 1346 3311 nec
1376 3276 1554 3311 hereditas
1593 3277 1625 3311 ei
1656 3276 1797 3312 restitui
1825 3281 1955 3322 potest.
2010 3276 2073 3312 sed
2111 3286 2154 3309 ex
2190 3278 2366 3326 sententia

1280 3322 1365 3365 legis
1390 3320 1578 3356 dicendum
1602 3326 1657 3358 est
1679 3322 1826 3367 perinde
1849 3322 2069 3364 habendum,
2100 3330 2143 3355 ac
2172 3331 2202 3355 s1
2231 3330 2262 3354 10
2283 3329 2363 3370 ,001-

1280 3378 1344 3402 vus
1382 3367 1480 3402 solus
1514 3367 1606 3402 liber
1639 3371 1676 3403 et
1708 3368 1813 3403 heres
1845 3368 2000 3413 scriptus
2030 3369 2124 3402 esset
2152 3374 2217 3399 1100
2248 3364 2364 3398 Τ111110

1280 3413 1382 3447 heres
1408 3415 1512 3447 esset.

1326 3455 1379 3493 66
1405 3454 1489 3499 (64)
1507 3456 1743 3493 Marcum
1755 3458 1846 3493 libro
1864 3460 1994 3502 quarto
2008 3454 2362 3505 fideicommissorum

1281 3502 1317 3537 Si
1349 3502 1426 3537 eius
1457 3502 1601 3547 pupilli,
1634 3502 1693 3538 cui
1723 3503 1799 3538 sine
1821 3501 1950 3537 tutoris
1975 3502 2188 3534 auctoritate
2210 3507 2364 3542 pecuma

1280 3615 1417 3648 surdum
1428 3616 1463 3648 F
1550 3619 1608 3659 (12)
1632 3617 1774 3659 pecunia
1786 3616 1819 3647 F
1906 3616 1963 3654 (13)
1987 3615 2136 3655 suspecta
2150 3612 2319 3661 videretur
2337 3610 2366 3643 S

1279 3666 1335 3701 (14)
1361 3671 1514 3702 quoquea
1533 3663 1567 3694 F
1699 3663 1756 3701 (15)
1781 3660 1897 3692 haevio
1915 3659 1949 3690 F
2081 3661 2138 3697 (16)
2162 3661 2321 3699 praestan
2338 3656 2366 3688 F

1278 3710 1335 3746 (17)
1361 3708 1421 3738 aut
1437 3717 1498 3748 per
1517 3708 1580 3740 hoc
1600 3710 1730 3749 tempus
1749 3716 1815 3746 quo
1835 3705 1874 3745 is]
1895 3706 1927 3736 et
1945 3714 2004 3745 per
2024 3704 2087 3734 hoo
2106 3705 2235 3743 tempus
2253 3702 2280 3732 is
2299 3714 2358 3733 scr⁴

1278 3758 1336 3790 (18(
1362 3750 1494 3792 aliquae
1506 3753 1539 3784 F

2026 3805 2089 3834 67*
