2528 3918
243 117 380 160 [1113

243 242 280 275 et
302 237 399 291 quod
420 237 534 273 minor
556 236 787 283 proponitur,
819 247 891 273 non
922 236 1061 272 inducit
1091 236 1129 271 in
1152 237 1327 282 integrum

240 283 517 320 restitutionem:
551 293 634 317 nam
666 281 835 318 adversus
865 282 1122 318 manumissum
1157 282 1256 317 nulla
1288 283 1326 317 111

243 332 260 363 1
308 328 483 373 integrum
505 327 684 363 restitutio
708 330 826 372 potest
847 327 967 363 locum
999 327 1142 362 habere.
1191 326 1326 362 Secun-

242 373 326 409 dum
364 382 457 424 quae
497 375 533 408 et
571 372 602 407 si
639 372 783 417 poenali
821 372 963 408 actione
993 371 1218 407 indemnitati
1250 372 1325 407 eius

243 418 382 453 consuli
405 416 538 462 possit,
571 416 760 453 dicendum
783 417 851 453 erit
874 426 1014 452 cessare
1038 416 1083 453 de
1107 416 1189 452 dolo
1214 417 1325 452 actio-

241 466 262 498 2
311 472 403 497 00111.
446 461 666 507 Pomponius
691 466 831 505 autem‚
865 462 1002 497 etiamsi
1023 472 1070 506 po
1096 462 1207 497 ularis
1231 461 1325 497 actio

241 510 261 543 3
309 507 366 549 sit,
392 516 532 542 cessare
555 506 600 542 de
624 506 706 543 dolo
730 507 782 542 ait
803 507 991 542 actionem.
1074 516 1122 542 on
1134 507 1249 542 solum
1261 516 1326 541 au-

241 555 315 586 tem
337 551 370 589 si
391 551 463 586 alia
486 551 581 587 actio
603 562 677 588 non
701 552 758 594 sit,
782 551 846 588 sed
870 556 906 587 et
928 551 959 586 si
982 550 1165 587 dubitetur
1189 561 1236 587 an
1257 551 1328 586 alia

242 596 299 639 sit,
324 599 431 642 putat
451 596 576 633 Labeo
600 596 645 633 de
667 596 748 632 dolo
773 596 928 632 dandam
951 595 1129 631 actionem
1152 599 1188 632 et
1210 595 1329 632 adfert

240 641 349 677 talem
372 641 538 686 speciem.
575 641 637 694 qui
659 652 799 677 servum
821 642 907 676 mihi
931 640 1086 676 debebat
1107 641 1162 676 vel
1180 651 1224 676 ex
1242 651 1326 676 ven-

240 686 374 722 ditione
395 686 451 722 vel
475 696 520 722 ex
541 689 587 722 sti
613 686 724 729 ulatu‚
748 696 921 721 venenum
944 685 977 721 01
1000 685 1097 721 dedit
1120 690 1156 721 et
1175 686 1227 721 sic
1248 696 1327 721 eum

240 730 406 766 tradidit:
430 731 485 766 vel
507 730 573 766 fun
599 743 669 774 uin,
694 735 731 767 et
753 731 838 766 dum
860 731 981 772 tradit,
1005 731 1175 783 imposuit
1197 731 1230 766 ei
1252 741 1326 766 ser-

239 776 387 812 vitutem
409 776 466 812 vel
489 776 652 812 aedificia
674 776 792 818 diruit,
817 776 963 811 arbores
988 776 1120 811 excidit
1141 776 1196 811 vel
1220 776 1326 811 extir-

266 821 357 856 avit:
389 821 441 857 ait
462 821 606 864 Labeo,
638 822 711 857 sive
735 820 828 856 cavit
851 820 895 856 de
919 820 1000 856 dolo
1025 821 1099 856 sive
1122 831 1213 863 non,
1239 820 1327 856 dan-

239 831 323 901 8010
345 866 384 902 10
406 876 487 902 0010
510 866 555 902 (10
577 866 658 902 (1010
682 866 869 908 actionem,
894 865 1061 911 quoniam
1080 866 1111 902 si
1132 866 1236 909 cavit,
1262 865 1327 901 du-

239 910 338 946 bium
370 914 444 955 est,
476 921 524 946 an
556 914 735 956 competat
767 921 811 946 ex
841 910 1014 956 stipulatu
1037 911 1142 946 actio.
1179 911 1244 946 sed
1274 914 1330 946 est

238 956 368 999 verius,
393 956 424 992 si
471 956 590 992 uidem
613 956 657 991 de
681 956 761 991 dolo
787 959 933 991 cautum
957 959 1023 998 est,
1048 966 1190 992 cessare
1213 956 1326 991 actio-

239 1010 321 1036 nem
345 1001 389 1037 de
412 1001 456 1036 do
472 1012 505 1044 0,
530 1002 697 1046 quoniam
721 1004 776 1036 est
799 1010 843 1036 ex
866 1001 1040 1046 stipulatu
1065 1001 1179 1037 actio:
1205 1001 1236 1036 si
1255 1011 1328 1036 non

239 1049 296 1082 est
327 1049 492 1089 cautum,
525 1046 562 1081 in
596 1056 639 1081 ex
671 1049 789 1090 empto
814 1045 956 1091 quidem
979 1045 1120 1081 actione
1145 1050 1263 1081 cessat
1286 1045 1329 1080 de

239 1090 322 1127 dolo
347 1091 452 1134 actio,
478 1090 646 1143 quoniam
670 1094 725 1126 est
748 1101 792 1126 ex
816 1094 946 1136 empto,
970 1090 1008 1126 in
1029 1101 1074 1126 00
1092 1091 1264 1136 stipulatu
1285 1091 1328 1126 de

238 1138 262 1171 4
309 1135 391 1189 dolo
427 1139 520 1188 actio
555 1136 757 1188 necessaria
789 1139 852 1171 est.
882 1135 939 1188 ‚Si
973 1145 1115 1188 sensum·
1145 1136 1329 1171 usuarium

238 1181 831 1268 Blssffiitssnlsscssifss‘ffjt’sieffisssgi
849 1180 1328 1278 353³{rsssst131‘2l31-‘332220031

239 1274 259 1306 5
307 1271 371 1314 dit,
394 1271 546 1315 ideoque
569 1274 688 1306 cessat
735 1281 754 1306 e
778 1270 858 1306 dolo
883 1275 988 1307 00010.
1036 1271 1126 1306 Item
1146 1271 1177 1306 si
1189 1281 1329 1307 servum

238 1317 395 1361 legatum
407 1316 509 1350 heres
530 1318 615 1350 ante
629 1315 764 1351 aditam
782 1315 1017 1351 hereditatem
1037 1316 1217 1359 occiderit,
1239 1326 1327 1361 quo-

238 1361 334 1396 niam
357 1360 565 1406 priusquam
586 1359 706 1396 factus
731 1360 778 1396 sit
799 1361 980 1406 legatarii,
1004 1361 1239 1406 interemptus
1264 1364 1328 1404 est,

239 1408 359 1441 cessat
392 1405 479 1450 legis
514 1405 680 1450 Aquiliae
713 1405 827 1441 actio:
865 1405 911 1441 de
946 1406 1028 1441 dolo
1064 1409 1186 1441 autem
1221 1405 1327 1448 actio,

239 1460 464 1495 quocumque
486 1453 648 1495 tempore
671 1461 752 1486 eum
784 1450 972 1494 occiderit,
1006 1454 1142 1494 cessat,
1167 1450 1251 1496 quia
1285 1461 1330 1486 00

238 1498 260 1531 6
306 1498 520 1530 testamento
541 1495 635 1531 actio
659 1495 839 1541 competit.
887 1495 926 1531 Si
945 1496 1149 1542 quadrupes
1169 1499 1234 1531 tua
1246 1495 1327 1531 dolo

239 1540 385 1575 alterius
410 1539 580 1575 damnum
603 1540 690 1575 milii
713 1540 860 1583 dederit,
886 1541 1082 1586 quaeritur,
1107 1551 1155 1576 an
1179 1541 1223 1576 de
1246 1540 1327 1576 dolo

237 1585 389 1620 habeam
413 1584 582 1620 adversus
605 1594 686 1620 eum
709 1586 896 1621 actionem.
931 1586 1113 1631 0011100010
1124 1586 1220 1628 mihi,
1233 1585 1329 1631 quod

238 1629 360 1665 Labeo
393 1629 538 1673 scribit,
570 1629 601 1665 si
633 1630 796 1666 dominus
821 1630 958 1676 quadru
986 1631 1060 1666 edis
1083 1641 1156 1666 non
1187 1631 1234 1666 sit
1257 1630 1327 1666 801·

237 1674 362 1718 vendo,
388 1674 466 1710 dari
490 1674 618 1710 debere
642 1675 686 1711 de
709 1675 803 1718 (1010,
828 1686 934 1722 quam
988 1702 997 1719 ,
1022 1675 1054 1712 si
1067 1685 1184 1711 noxae
1196 1675 1327 1711 deditio

237 1720 285 1755 sit
304 1723 440 1762 secuta,
464 1729 538 1755 non
559 1722 648 1765 puto
672 1720 826 1756 dandam
849 1731 916 1757 nec
938 1721 977 1756 in
998 1721 1036 1756 id
1058 1721 1155 1766 quod
1177 1720 1326 1756 excedit.

242 1766 258 1799 7
305 1764 403 1800 Idem
420 1764 544 1800 Labeo
569 1765 718 1810 quaerit,
744 1766 775 1801 si
795 1776 873 1801 com
901 1765 1034 1801 editum
1053 1776 1193 1801 servum
1211 1776 1328 1801 meum

238 1812 279 1845 ut
312 1809 453 1855 fugeret
483 1810 649 1853 solveris,
681 1820 729 1845 an
752 1811 796 1846 de
820 1810 865 1846 do
881 1821 902 1846 o
925 1811 1020 1847 actio
1045 1810 1164 1846 danda
1186 1811 1258 1846 sit?
1293 1813 1329 1845 et

237 1854 289 1890 010
311 1853 465 1898 Quintus
497 1854 593 1900 apud
626 1865 707 1890 eum
737 1859 886 1891 notans:
920 1856 952 1891 si
981 1866 1053 1891 non
1084 1854 1329 1891 misericordia

237 1899 367 1935 ductus
378 1898 507 1942 fecisti,
527 1899 617 1934 furti
627 1900 781 1936 teneris:
805 1901 836 1936 si
857 1900 1112 1944 misericordia,
1132 1901 1171 1936 in
1190 1900 1328 1936 factum

238 1946 259 1979 8
306 1944 483 1979 actionem
496 1943 574 1979 dari
586 1945 726 1980 debere.
774 1945 905 1981 Servus
929 1945 1108 1991 pactionis
1130 1956 1196 1991 pro
1220 1945 1326 1980 liber-

236 1992 312 2024 tate
333 1999 434 2024 reum
458 1989 600 2025 domino
625 1990 722 2025 dedit
744 2000 788 2026 ea
811 1990 1031 2034 condicione,
1055 1994 1097 2026 ut
1118 1994 1202 2036 post
1219 1990 1326 2026 liber-

236 2037 347 2069 tatem
366 2034 606 2069 transferatur
624 2034 662 2070 in
683 2045 764 2071 eum
784 2035 856 2071 obli
879 2035 970 2071 atio:
995 2035 1233 2071 manumissus
1253 2045 1328 2070 non

238 2079 376 2159 Batitur
386 2079 424 2113 in
436 2089 475 2114 se
486 2079 738 2124 obligationem
748 2046 946 2116 transigerri.
994 2080 1214 2126 Pomponius
1238 2080 1326 2116 scri-

261 2124 290 2158 it
311 2123 429 2159 locum
452 2124 586 2159 habere
610 2124 655 2160 de
679 2125 761 2160 dolo
785 2125 972 2160 actionem.
1009 2126 1074 2161 sed
1105 2125 1135 2161 si
1167 2135 1232 2170 per
1261 2135 1326 2170 pa-

237 2172 383 2204 tronum
406 2169 534 2211 stabit,
560 2180 630 2214 quo
654 2170 771 2205 minus
795 2170 963 2216 obligatio
987 2170 1247 2212 transferatur,
1273 2169 1326 2204 di-

238 2213 392 2249 cendum
425 2214 476 2248 ait
506 2217 699 2258 patronum
732 2215 941 2260 exceptione
973 2226 995 2251 a
1018 2225 1079 2251 reo
1104 2224 1325 2251 summoven-

237 2258 333 2294 dum.
371 2268 434 2304 ego
458 2269 621 2294 moveor:
647 2260 944 2305 quemadmodum
967 2260 1012 2296 de
1036 2260 1117 2295 dolo
1142 2260 1236 2296 actio
1262 2259 1325 2295 da-

237 2303 345 2346 bitur,
372 2313 453 2339 cum
477 2303 524 2339 sit
547 2304 618 2339 alia
641 2305 762 2341 actio?
785 2305 854 2341 nisi
876 2305 971 2341 forte
994 2306 1073 2351 quis
1097 2305 1212 2348 dicat,
1237 2315 1325 2350 (1οο-

239 2349 336 2384 niam
360 2358 446 2384 exce
471 2349 568 2384 tione
590 2352 764 2394 patronus
789 2351 1003 2386 summoveri
1023 2354 1163 2403 potest,
1189 2350 1220 2385 si
1243 2360 1311 2395 aga

237 2403 319 2429 cum
342 2403 424 2436 reo,
446 2359 579 2430 gebere
602 2394 689 2438 dici,
737 2395 817 2431 uasi
839 2396 938 2431 nulla
960 2398 1055 2431 actio
1080 2396 1127 2431 sit
1150 2405 1242 2441 quae
1265 2405 1325 2430 00-

239 2438 403 2484 ceptione
425 2438 619 2483 repellitur,
644 2439 688 2475 de
711 2406 794 2476 3010
807 2439 1098 2483 decernendam:
1123 2440 1249 2486 atquin
1260 2450 1325 2485 pa-

237 2487 362 2519 tronus
375 2486 463 2518 tunc
476 2487 728 2528 summovetur,
750 2485 781 2520 si
800 2485 890 2521 nolit
901 2486 1198 2531 expromissorem
1209 2485 1327 2530 ipsum

236 2529 492 2564 manumissum
525 2529 700 2574 accipere.
736 2531 988 2575 expromissori
1016 2531 1124 2576 plane
1155 2530 1326 2566 adversus

237 2573 494 2609 manumissum
518 2573 595 2609 dari
627 2574 772 2610 debebit
803 2575 847 2610 de
879 2576 980 2611 dolo:
1015 2579 1079 2610 aut
1110 2575 1141 2611 si
1175 2585 1249 2611 non
1279 2575 1327 2611 sit

238 2621 259 2654 9
305 2618 474 2654 solvendo
508 2619 765 2664 expromissor,
797 2620 939 2656 domino
971 2620 1124 2656 dabitur.
1173 2619 1211 2655 Si
1245 2619 1325 2655 dolo

237 2663 330 2699 malo
343 2666 557 2708 procurator
574 2674 705 2709 passus
725 2665 773 2700 sit
790 2666 930 2701 vincere
943 2665 1185 2701 adversarium
1196 2674 1323 2707 meum,

237 2712 279 2743 ut
298 2708 553 2751 absolveretur,
578 2719 625 2744 an
649 2709 694 2745 de
717 2709 798 2746 dolo
821 2711 908 2745 mihi
931 2710 1026 2747 actio
1051 2710 1220 2746 adversus
1245 2720 1326 2745 eum

238 2753 299 2798 qui
321 2753 406 2788 vicit
429 2757 619 2797 competat,
643 2758 764 2799 potest
787 2755 921 2801 quaeri.
961 2758 997 2791 et
1018 2758 1106 2801 puto
1131 2765 1204 2790 000
1227 2765 1324 2791 0010-

237 2800 377 2843 petere,
409 2797 441 2832 si
497 2802 620 2834 aratus
651 2800 699 2834 sit
729 2810 814 2836 reus
844 2799 1042 2836 transferre
1063 2799 1234 2836 iudicium
1258 2800 1324 2836 sub

238 2842 448 2894 exceptione
505 2853 548 2877 ac
572 2844 615 2879 ‘si
647 2844 821 2880 collusum
856 2846 940 2881 est’:
977 2845 1135 2890 alioquin
1167 2844 1212 2880 de
1243 2844 1323 2880 dolo

238 2887 332 2923 actio
356 2890 424 2939 erit
442 2886 571 2930 danda,
597 2889 733 2924 scilicet
756 2890 787 2925 si
811 2901 891 2925 cum
914 2893 1149 2935 procuratore
1172 2890 1229 2935 agi
1251 2900 1325 2925 non

241 2935 282 2967 10
328 2935 459 2977 possit,
518 2932 577 2967 uia
609 2944 681 2968 non
706 2939 800 2970 esset
822 2935 1001 2971 solvendo.
1048 2935 1146 2970 Idem
1168 2935 1323 2980 Pompo-

238 2977 319 3012 nius
349 2976 460 3028 refert
491 2942 742 3014 gaecidianum
773 2984 974 3025 praetorem
1003 2990 1077 3016 non
1109 2980 1250 3016 dedisse
1281 2980 1324 3015 de

238 3021 319 3057 dolo
344 3025 520 3057 actionem
544 3022 713 3059 adversus
739 3035 837 3068 eum,
870 3025 931 3070 qui
962 3024 1214 3060 adfirmaverat
1245 3024 1322 3060 ido-

237 3076 344 3102 neum
367 3076 445 3101 0880
469 3076 568 3109 eum,
601 3069 659 3103 cui
690 3073 815 3104 mutua
845 3069 999 3115 pecunia
1022 3070 1196 3112 dabatur,
1228 3069 1323 3122 quod

237 3122 358 3147 verum
383 3114 453 3146 est:
478 3121 561 3146 nam
585 3113 652 3149 nisi
676 3123 720 3149 00
742 3125 872 3159 magna
895 3119 931 3150 et
954 3115 1107 3150 evidenti
1130 3114 1324 3151 calliditate

238 3166 311 3192 non
335 3156 442 3192 debet
465 3155 510 3191 de
532 3156 614 3192 dolo
639 3159 733 3195 actio
758 3159 845 3194 dari.

284 3198 310 3239 8
337 3201 461 3253 Galus
470 3200 562 3237 libro
574 3208 705 3247 quarto
718 3204 768 3239 ad
780 3204 932 3240 edictum
945 3204 1173 3257 provinciale
1218 3203 1323 3249 Quod

237 3246 269 3282 si
293 3257 375 3282 cum
398 3254 508 3282 scires
533 3255 613 3281 eum
635 3248 869 3285 facultatibus
891 3249 986 3291 labi,
1019 3249 1073 3284 tui
1095 3249 1185 3284 lucri
1207 3249 1323 3294 gratia

237 3291 436 3327 adfirmasti
466 3290 552 3325 mihi
583 3292 750 3328 idoneum
782 3303 877 3337 esse,
913 3294 1038 3330 merito
1073 3293 1242 3330 adversus
1273 3298 1320 3336 te,

238 3347 320 3372 cum
342 3336 412 3372 0101
434 3334 633 3381 decipiendi
662 3339 776 3383 gratia
808 3339 915 3374 alium
945 3338 1038 3375 falso
1069 3338 1246 3382 laudasti,
1279 3338 1322 3374 de

238 3381 321 3417 dolo
344 3381 515 3417 indicium
538 3380 695 3417 dandum
719 3387 782 3418 est.

284 3424 310 3464 9
341 3426 536 3463 Urmws
562 3425 653 3462 libro
684 3428 871 3463 undecimo
902 3428 952 3463 ad
981 3428 1135 3464 edictum
1181 3427 1220 3463 Si
1243 3428 1321 3474 quis

238 3470 437 3507 adfirmavit
458 3469 638 3506 minimam
661 3482 739 3507 0880
761 3472 994 3508 hereditatem
1017 3476 1053 3508 et
1082 3473 1134 3508 ita
1165 3483 1243 3508 eam
1274 3474 1320 3508 ab

238 3515 370 3552 herede
394 3516 488 3558 emit,
512 3525 586 3551 non
609 3520 663 3552 est
686 3517 731 3552 de
754 3517 835 3552 dolo
860 3517 974 3560 actio,
1008 3528 1087 3553 cum
1112 3527 1156 3552 ex
1178 3518 1319 3553 vendito

242 3564 256 3595 1
307 3561 473 3597 sufficiat.
510 3559 547 3595 Si
570 3566 689 3598 autem
711 3561 797 3597 mihi
820 3563 1052 3606 persuaseris,
1077 3565 1118 3597 ut
1139 3562 1321 3608 repudiem

242 3674 253 3709 (
256 3675 282 3711 1)
303 3674 427 3708 accidit
439 3675 475 3707 F
559 3677 609 3715 (ι’)
633 3675 853 3718 parescriptis
865 3674 927 3718 F1,
939 3676 1137 3719 perscriptis
1148 3675 1203 3710 Γ*
1277 3678 1320 3723 (2)

241 3721 274 3749 et
286 3718 486 3752 itabsolutus
502 3720 560 3759 1³¹,
575 3723 608 3752 et
620 3719 819 3752 sisbsolutus
833 3719 884 3752 17²
996 3724 1037 3759 (3)
1052 3722 1249 3764 trigensimo
1257 3732 1325 3765 pos-

1334 113 1393 161 54

2259 131 2322 162 DE
2351 131 2478 167 nom

1394 236 1647 280 hereditatem,
1672 236 1776 282 quasi
1798 238 1914 274 minus
1937 238 2105 275 solvendo
2129 239 2195 283 sit,
2219 240 2276 275 vel
2298 244 2340 276 ut
2362 244 2480 286 optem

1396 292 1556 325 servum,
1581 282 1683 327 quasi
1705 282 1829 319 melior
1852 293 1894 318 eo
1918 283 1955 318 in
1978 283 2112 319 familia
2135 295 2207 320 non
2230 285 2294 320 sit:
2327 285 2406 322 dico
2437 286 2482 322 de

1395 329 1416 361 2
1464 326 1545 362 (1010
1570 326 1735 370 dandam,
1759 327 1791 363 si
1813 327 1942 363 callide
1964 328 2034 364 hoc
2057 328 2196 364 feceris.
2243 330 2333 365 Item
2363 330 2395 366 si
2424 334 2480 367 00·

1396 371 1503 406 110100
1520 371 1732 414 testamenti,
1756 382 1802 408 ne
1824 372 1869 408 de
1887 372 2087 408 inofficioso
2108 373 2296 418 diceretur,
2315 374 2377 410 diu
2395 385 2438 411 80
2464 395 2480 404 ·

1395 426 1541 461 pressae
1564 416 1655 459 sint,
1679 427 1763 452 10οο
1785 421 1925 453 mortuo
1949 417 2021 453 filio
2046 419 2224 463 prolatae,
2248 419 2396 455 heredes
2459 421 2479 430 '⁶

1397 461 1568 496 adversus
1600 471 1660 497 eos
1692 462 1753 507 qui
1783 468 2060 508 suppresserunt
2091 467 2128 498 00
2158 463 2235 509 lege
2258 463 2423 500 Cornelia
2445 469 2482 501 et

1397 509 1416 539 3
1464 505 1508 558 (10
1538 506 1619 542 (1010
1650 516 1758 552 posse
1790 507 1952 553 experiri.
1999 508 2122 543 Labeo
2153 508 2245 545 libro
2277 509 2481 554 trigensimo

1397 554 1547 595 septimo
1609 551 1820 587 oster-iorum
1855 552 1997 595 scribit,
2034 553 2065 588 si
2099 553 2215 589 oleum
2244 556 2347 589 tuum
2378 555 2481 600 quasi

1397 606 1502 631 suum
1526 595 1571 631 de
1588 596 1696 631 endat
1718 596 1854 639 Titius,
1887 600 1923 633 00
1952 601 1993 632 00
2022 597 2093 633 1100
2125 598 2242 633 010010
2273 598 2480 644 deposueris

1397 639 1635 721 3832083122?
1645 644 1720 722 ’νέξ
1740 642 2480 725 1110100030εεξωῑεξὲῗξΐ

1398 740 1467 775 (100
1490 730 1606 783 Titius
1637 731 1723 766 velit
1752 731 1924 767 iudicium
1956 732 2138 777 accipere:
2172 733 2340 777 quoniam
2367 715 2483 779 i’ieque

1397 775 1557 810 mandati
1588 785 1634 811 ne
1658 785 1704 811 00
1733 777 1972 822 sequestraria
2003 776 2123 812 Seium
2158 778 2345 813 convenire
2378 782 2482 824 potes

1396 819 1556 855 nondum
1577 786 1724 866 imffieta
1747 821 1956 857 condicione
1980 821 2024 856 de
2050 822 2222 865 ositionis,
2247 822 2292 858 de
2315 822 2396 859 dolo
2418 823 2482 859 ad-

1395 875 1518 900 versus
1542 865 1675 901 Titium
1698 867 1883 911 agendum.
1920 866 1983 902 sed
2008 833 2226 912 {Pomponius
2249 868 2340 903 libro
2363 868 2482 903 vicen-

1397 910 1486 947 simo
1510 910 1661 957 septimo
1677 920 1784 956 posse
1800 921 1881 946 cum
1894 914 2075 957 sequestre
2083 911 2313 957 praescriptis
2325 912 2348 932 ¹·
2367 911 2483 947 verbis

1398 955 1541 990 actione
1564 956 1632 1000 agi,
1656 955 1712 991 vel
1735 956 1767 991 si
1788 956 1818 991 is
1843 956 2010 991 solvendo
2034 966 2108 991 non
2132 956 2188 998 sit,
2214 966 2295 991 cum
2319 956 2413 992 Titio
2437 956 2484 992 de

1397 1003 1419 1034 4
1466 999 1558 1035 dolo.
1585 1009 1676 1045 quae
1699 1000 1878 1036 distinctio
1901 1011 1986 1036 vera
2009 1010 2087 1036 esse
2108 1000 2259 1037 videtur.
2294 1001 2346 1036 Et
2365 1001 2397 1037 si
2407 1011 2482 1037 801·

1396 1055 1479 1079 vum
1500 1045 1538 1089 pi
1587 1048 1722 1081 eratum
1744 1056 1860 1081 noxae
1882 1045 1967 1080 mihi
1999 1045 2138 1081 dederis
2170 1056 2236 1091 per
2264 1045 2416 1082 iudicem
2448 1049 2485 1081 et

1397 1089 1445 1125 sis
1457 1089 1545 1125 abso
1561 1091 1685 1126 utus²:
1711 1090 1755 1126 de
1775 1090 1856 1126 dolo
1876 1090 2019 1133 teneris,
2033 1091 2064 1125 si
2085 1090 2291 1136 apparuerit
2303 1100 2381 1126 esse
2403 1101 2483 1126 eum

1397 1137 1442 1169 4a
1512 1134 1624 1180 igneri
1648 1134 1780 1171 datum.
1815 1136 1915 1171 Haec
1939 1135 1983 1170 de
2007 1135 2087 1171 dolo
2112 1136 2207 1171 actio
2231 1136 2370 1171 noxalis
2396 1136 2481 1172 erit:

1395 1179 1485 1232 ideo·
1533 1180 1622 1215 abeo
1646 1190 1787 1225 quoque
1816 1180 1907 1216 libro
1939 1180 2141 1225 trigensimo
2172 1180 2349 1226 praetoris
2375 1190 2482 1232 pere·

1396 1225 1515 1305 Ξῑιω3
1538 1224 1663 1260 scribit
1686 1225 1730 1260 de
1754 1225 1835 1261 dolo
1868 1226 2045 1261 actionem
2075 1225 2168 1260 servi
2199 1225 2343 1261 nomine
2372 1230 2483 1261 inter-

1423 1280 1483 1304 um
1507 1269 1551 1305 de
1574 1270 1734 1315 peculio,
1765 1270 1943 1306 interdum
1967 1270 2131 1306 noxalem
2155 1270 2244 1305 dari.
2280 1280 2363 1306 nam
2387 1270 2418 1306 si
2442 1280 2484 1306 ea

1397 1324 1454 1350 res
1479 1318 1544 1357 est,
1568 1315 1605 1350 in
1628 1325 1736 1360 quam
1759 1315 1861 1351 dolus
1881 1316 2091 1351 commissus
2112 1319 2177 1357 080,
2202 1324 2246 1350 00
2266 1325 2337 1360 (100
2357 1314 2402 1351 (10
2420 1325 2483 1360 pe-

1398 1359 1492 1395 culio
1518 1359 1664 1395 daretur
1686 1361 1792 1403 actio,
1818 1363 1854 1395 et
1875 1371 1972 1395 nunc
1995 1361 2033 1395 10
2055 1360 2195 1405 11000110
2220 1359 2394 1395 dandam:
2429 1360 2484 1395 sin

1396 1414 1480 1440 vero
1505 1414 1548 1440 ea
1571 1405 1628 1447 sit,
1654 1415 1698 1440 00
1721 1415 1792 1450 qua
1815 1405 1966 1447 noxalis,
1989 1406 2059 1440 hoc
2077 1415 2218 1450 quoque
2238 1405 2367 1440 noxale
2383 1404 2482 1440 futu-

1398 1452 1417 1484 5
1464 1459 1554 1484 10111.
1590 1449 1720 1485 Merito
1745 1460 1877 1486 causae
1900 1450 2134 1495 cognitionem
2178 1453 2297 1486 raetor
2314 1449 2482 1485 inseruit:

1398 1504 1514 1539 neque
1545 1495 1637 1530 enim
1672 1495 1805 1540 passim
1828 1496 1918 1531 haec
1942 1495 2035 1530 actio
2059 1494 2121 1530 ind

1399 1549 1482 1575 ecce
1504 1539 1542 1574 in
1564 1539 1698 1585 primis,
1723 1540 1754 1575 si
1777 1540 1918 1575 modica
1941 1550 2079 1575 summa
2102 1540 2159 1583 sit,

1446 1583 1496 1622 10
1521 1583 1681 1620 PAULUs
1700 1585 1790 1621 libro
1814 1585 2002 1621 undecimo
2026 1585 2077 1621 ad
2098 1585 2252 1621 edictum
2290 1584 2328 1620 id
2347 1588 2402 1620 est
2422 1594 2483 1620 us·

1397 1639 1467 1675 que
1490 1628 1538 1664 ad
1560 1629 1651 1665 duos
1675 1639 1816 1673 aureos,

1446 1673 1492 1711 11
1528 1673 1723 1710 ULPJANUS
1731 1675 1822 1711 libro
1834 1674 2022 1711 undecimo
2035 1674 2085 1709 ad
2095 1674 2249 1710 edictum
2292 1684 2366 1710 non
2378 1674 2484 1710 debet

1401 1722 1415 1753 1
1466 1719 1553 1754 dari.
1601 1719 1675 1754 Εο4
1730 1720 1920 1755 uibusdam
1950 1719 2113 1765 personis
2143 1729 2217 1755 non
2249 1718 2410 1762 dabitur,
2442 1723 2484 1755 ut

1396 1767 1485 1809 puta
1507 1763 1628 1799 liberis
1651 1730 1860 1800 velqlibertis
1881 1764 2050 1800 adversus
2069 1767 2237 1816 parentes
2255 1767 2482 1809 patronosve,

1398 1819 1478 1844 cum
1510 1809 1557 1844 sit
1584 1808 1734 1844 famosa.
1771 1809 1834 1845 sed
1863 1819 1930 1844 nec
1959 1809 2084 1844 humili
2115 1808 2286 1844 adversus
2319 1819 2399 1844 eum
2423 1809 2484 1854 qui

1398 1853 1568 1898 dignitate
1593 1854 1742 1889 excellet
1765 1854 1896 1890 debet⁵
1919 1854 2014 1889 dari:
2038 1857 2127 1898 puta
2149 1853 2288 1899 plebeio
2313 1853 2483 1890 adversus

1398 1899 1623 1934 consularem
1645 1903 1812 1944 receptae
1835 1899 2072 1941 auctoritatis,
2096 1899 2152 1934 vel
2174 1898 2357 1934 luxurioso
2377 1902 2483 1944 atque

1421 1943 1544 1988 rodigo
1569 1947 1634 1979 aut
1656 1944 1745 1979 alias
1767 1945 1827 1980 vili
1851 1944 2022 1980 adversus
2044 1944 2223 1979 hominem
2246 1943 2341 1979 vitae
2364 1953 2481 1979 emen-

1421 1989 1555 2024 atioris.
1591 1992 1627 2023 et
1649 1989 1701 2024 ita
1722 1989 1858 2025 Labeo.
1917 1989 1980 2024 uid
2004 1999 2086 2034 ergo
2111 1989 2191 2024 08οῗ
2213 1988 2390 2024 1011010111
2428 1998 2482 2024 01·-

1397 2043 1487 2068 8000
1521 2033 1711 2069 (1100οᾱ010
1746 2037 1801 2070 080
1830 2034 1868 2069 10
1915 2037 2035 2069 000001
2067 2034 2184 2069 verbis
2215 2037 2399 2078 temperan
2425 2043 2483 2069 am

1396 2079 1574 2114 actionem
1597 2079 1763 2122 dandam,
1787 2082 1829 2115 ut
1852 2079 1968 2114 bonae
1991 2078 2075 2114 fidei
2097 2079 2230 2114 mentio
2252 2078 2328 2122 fiat,

1445 2121 1496 2160 12
1519 2123 1681 2160 Pavum
1700 2124 1790 2160 libro
1814 2124 2003 2160 undecimo
2027 2124 2077 2159 ad
2098 2124 2253 2159 edictum
2286 2133 2388 2159 0000
2401 2123 2482 2160 (1010

1396 2178 1460 2204 800
1484 2169 1678 2204 lucrentur.

1444 2211 1494 2251 13
1527 2213 1723 2250 ΠιΡΙΑΝσε
1742 2214 1833 2250 libro
1855 2213 2044 2249 undecimo
2068 2213 2118 2248 ad
2139 2212 2292 2249 edictum
2332 2212 2482 2248 Heredi-

1395 2258 1463 2294 bus
1485 2262 1606 2294 tamen
1628 2259 1756 2294 harum
1773 2268 2017 2304 personarum,
2040 2258 2126 2293 item
2145 2257 2314 2293 adversus
2333 2257 2482 2294 heredes

1399 2308 1413 2339 1
1463 2303 1508 2339 de
1531 2303 1612 2339 dolo
1637 2304 1730 2339 actio
1755 2303 1821 2338 erit
1845 2303 1974 2338 danda.
2022 2303 2111 2338 Item
2144 2303 2182 2337 in
2206 2312 2338 2338 causae
2361 2303 2480 2348 cogni-

1395 2349 1492 2384 tione
1514 2348 1649 2383 versari
1667 2348 1790 2384 Labeo
1809 2348 1871 2391 ait,
1895 2358 1941 2383 ne
1959 2348 1998 2383 in
2018 2347 2190 2393 pupillum
2211 2347 2256 2383 de
2276 2347 2358 2383 dolo
2378 2348 2483 2383 detur

2182 1495 2274 1530 enda
2297 1498 2362 1531 est.
2399 1505 2483 1530 nam

1395 2393 1502 2436 actio,
1526 2393 1596 2428 nisi
1617 2392 1712 2429 forte
1734 2393 1876 2429 nomine
1898 2393 2112 2428 hereditario
2137 2393 2399 2446 conveniatur-3
2415 2403 2479 2438 ego
2524 2428 2528 2433 ,

1395 2438 1550 2474 arbitror
1574 2441 1609 2473 et
1633 2448 1677 2474 ex
1699 2449 1764 2474 suo
1789 2438 1871 2474 dolo
1905 2437 2202 2480 conveniendum,
2234 2437 2266 2473 si
2297 2447 2481 2483 proximus

1395 2483 1578 2530 pubertati
1590 2486 1655 2526 080,
1675 2483 1827 2518 maxime
1840 2483 1870 2518 si
1889 2482 2101 2528 locupletior
2120 2493 2165 2518 ex
2184 2482 2254 2518 hoc
2273 2481 2392 2518 factus
2414 2486 2478 2519 est.

1445 2527 1496 2565 14
1520 2527 1578 2563 ΡΑ
1586 2537 1630 2563 σι
1636 2537 1681 2564 vs
1698 2529 1789 2564 libro
1801 2528 1988 2564 undecimo
2002 2528 2052 2563 ad
2061 2527 2215 2563 edictum

2261 2527 2356 2572 Quid
2375 2527 2480 2571 enim,
2524 2547 2528 2571 3

1396 2574 1426 2609 si
1448 2574 1691 2618 impetraverit
1713 2583 1736 2609 a
1757 2576 1993 2653 procuratore
2014 2573 2189 2618 petitoris,
2214 2576 2256 2607 ut
2278 2572 2324 2607 ab
2349 2582 2391 2608 eo
2415 2572 2479 2608 ab·
2524 2599 2528 2617 .

1396 2619 1603 2660 solveretur,
1626 2618 1683 2654 vel
1705 2618 1736 2654 si
1785 2628 1804 2653 e
1826 2621 1946 2653 tutore
1967 2618 2137 2653 mentitus
2160 2617 2351 2663 pecuniam
2374 2627 2478 2653 acce-

1394 2664 1467 2709 pit,
1490 2663 1546 2698 vel
1568 2663 1640 2698 alia
1663 2663 1790 2699 similia
1813 2663 1974 2706 admisit,
2006 2673 2098 2709 quae
2120 2672 2194 2698 non
2215 2672 2381 2708 magnam
2403 2672 2479 2698 ma-
2526 2675 2528 2687 ¹

1395 2708 1634 2744 chinationem
1657 2708 1828 2754 exigunt?

2523 2692 2528 2724 i]

1442 2752 1492 2791 15
1525 2752 1721 2790 Ulmum
1741 2754 1833 2789 libro
1856 2752 2044 2788 undecimo
2068 2751 2118 2787 ad
2139 2751 2294 2788 edictum
2340 2751 2412 2788 Sed
2444 2755 2480 2787 et
2524 2783 2528 2790 .

1395 2809 1439 2834 ex
1462 2798 1544 2834 dolo
1563 2798 1705 2841 tutoris,
1728 2798 1760 2834 si
1777 2797 1896 2833 factus
1917 2800 1972 2833 est
1989 2796 2211 2841 locupletior,
2235 2800 2322 2842 puto
2342 2797 2380 2832 in
2399 2807 2480 2832 eum
2519 2798 2528 2848 {⁴

1398 2847 1410 2878 1
1463 2843 1616 2879 dandam
1642 2843 1837 2885 actionem,
1862 2843 1956 2878 sicut
1979 2842 2137 2886 exceptio
2163 2841 2280 2877 datur.
2329 2841 2399 2878 Sed
2431 2852 2479 2877 011
2522 2853 2528 2887 g

1393 2889 1430 2923 in
1453 2889 1649 2941 municipes
1674 2888 1718 2924 de
1741 2888 1822 2923 dolo
1847 2887 1951 2923 detur
1973 2887 2080 2929 actio,
2105 2886 2300 2922 dubitatur.
2336 2890 2372 2922 et
2389 2890 2478 2940 puto
2516 2889 2528 2931 ξ

1394 2944 1439 2969 00
1461 2944 1526 2969 800
1547 2933 1689 2979 quidem
1709 2933 1790 2969 dolo
1811 2943 1884 2968 non
1902 2942 2009 2978 posse
2029 2931 2124 2967 dari:
2149 2931 2235 2977 quid
2252 2931 2345 2967 enim
2363 2942 2478 2967 mum·
2515 2957 2518 2959 Α

2509 3001 2528 3090 ῖέ

2512 3108 2528 3138 ᾗ

1394 2979 1490 3024 cipes
1524 2978 1606 3014 dolo
1636 2977 1757 3014 facere
1787 2977 1965 3023 possunt?
1995 2977 2059 3013 sed
2081 2977 2111 3012 si
2134 2977 2219 3022 quid
2242 2976 2289 3012 ad
2312 2986 2372 3012 eos
2395 2987 2476 3022 per-

1392 3023 1488 3059 venit
1521 3033 1566 3058 ex
1597 3023 1679 3059 dolo
1711 3033 1852 3065 eorum,
1885 3022 1947 3068 qui
1976 3032 2034 3058 res
2066 3032 2187 3057 eorum
2219 3021 2476 3064 administrant,

1391 3071 1480 3113 puto
1512 3067 1677 3103 dandam.
1715 3067 1760 3103 de
1792 3068 1872 3103 dolo
1904 3070 2024 3103 autem
2047 3066 2279 3103 decurionum
2309 3066 2347 3102 in
2378 3067 2477 3113 ipsos

1392 3116 1412 3148 2
1460 3112 1667 3148 decuriones
1700 3112 1845 3148 dabitur
1877 3112 1921 3148 de
1951 3111 2032 3148 dolo
2057 3112 2160 3147 actio.
2207 3112 2297 3147 Item
2328 3111 2360 3147 si
2391 3110 2477 3157 quid

1393 3167 1437 3193 ex
1460 3157 1542 3193 dolo
1565 3158 1811 3203 procuratoris
1835 3157 1882 3193 ad
1905 3157 2085 3193 dominum
2107 3157 2285 3202 pervenit,
2310 3156 2417 3191 datur
2438 3156 2476 3191 in

1391 3202 1571 3238 dominum
1590 3202 1633 3238 de
1652 3202 1734 3238 dolo
1758 3202 1852 3238 actio
1875 3202 1914 3238 in
1936 3205 2109 3248 quantum
2133 3201 2180 3236 ad
2199 3211 2280 3237 eum
2298 3200 2475 3247 pervenit:
2520 3224 2521 3227 =

1391 3257 1474 3283 nam
1496 3251 1709 3293 procurator
1740 3257 1784 3283 ex
1815 3247 1896 3283 dolo
1927 3257 1992 3282 suo
2022 3246 2149 3292 procul
2181 3245 2288 3281 dubio
2320 3249 2472 3282 tenetur.
2513 3259 2521 3283 2

1391 3295 1411 3328 3
1458 3292 1501 3327 In
1523 3293 1592 3328 hac
1616 3292 1756 3328 actione
1780 3291 1955 3337 designari
1978 3294 2135 3336 oportet,
2169 3291 2270 3326 00108
2294 3290 2374 3326 (1010
2397 3289 2473 3326 fac·
2512 3293 2520 3329 ῗ

1390 3340 1467 3372 tum
1490 3336 1547 3379 sit,
1572 3338 1730 3382 quamvis
1753 3337 1792 3373 in
1814 3340 1912 3373 metu
1934 3346 2007 3372 non
2030 3336 2077 3371 sit
2099 3345 2255 3371 necesse.

1440 3378 1491 3419 16
1515 3382 1572 3417 ΡΑ
1580 3391 1675 3418 σισ8
1694 3382 1785 3418 libro
1809 3381 1996 3418 undecimo
2020 3380 2071 3416 ad
2092 3380 2245 3416 edictum
2290 3380 2380 3415 Item
2412 3388 2473 3415 ex-

1390 3426 1452 3471 igit
1470 3430 1625 3471 praetor,
1649 3430 1692 3462 ut
1711 3425 2042 3472 comprehendatur,
2067 3425 2152 3470 quid
2176 3424 2256 3460 dolo
2280 3425 2373 3460 malo
2396 3423 2470 3460 fac-

1390 3475 1466 3506 tum
1497 3472 1560 3507 sit:
1595 3471 1686 3507 scire
1709 3472 1802 3507 enim
1825 3471 1931 3507 debet
1953 3473 2072 3512 actor,
2103 3470 2140 3505 in
2165 3480 2236 3515 qua
2258 3479 2298 3505 re
2322 3469 2472 3505 circum·

1390 3516 1460 3551 scri
1487 3520 1545 3552 tus
1568 3517 1626 3559 sit,
1650 3526 1716 3552 nec
1738 3516 1776 3551 in
1798 3519 1900 3551 tanto
1924 3515 2070 3551 crimine
2091 3514 2223 3560 vagari.

1440 3559 1458 3598 1
1521 3561 1716 3597 mmmm
1736 3561 1826 3597 libro
1850 3559 2036 3596 undecimo
2060 3559 2111 3595 ad
2131 3559 2285 3595 edictum
2331 3557 2370 3594 Si
2391 3556 2471 3603 plu-

1387 3676 1548 3711 teriorum
1560 3686 1621 3708 scr.
1790 3675 1833 3714 (4)
1858 3675 1892 3706 et
1904 3672 2000 3712 F'S,
2013 3684 2071 3705 om.
2085 3671 2119 3704 F
2128 3672 2139 3692 ¹
2235 3675 2277 3714 (5)
2302 3673 2424 3705 debent
2434 3669 2470 3704 F
