2528 3918
198 122 424 167 XXXXli

200 245 371 283 auxilium
395 243 688 281 constitutionum
710 243 844 280 habeat
871 242 1089 289 perindeque
1110 241 1288 278 habeatur

199 296 308 336 atque
338 290 371 326 si
402 290 447 325 ab
476 299 519 326 eo
548 289 786 325 manumissus
818 289 965 330 fuisset,
997 287 1163 333 quoniam
1186 286 1286 322 fidei-

202 334 398 373 commissis
417 334 642 371 libertatibus
663 334 765 370 favor
785 334 973 371 exhibetur
992 343 1058 368 nec
1077 331 1287 367 intercidere

201 381 293 417 solet
322 380 499 416 destinata
530 379 803 415 fideicommissa
826 377 988 414 libertas:
1031 377 1092 430 qui
1124 377 1216 412 enim
1245 386 1288 412 ea

202 426 356 462 donatus
380 428 453 468 est,
485 425 522 459 in
554 424 814 469 possessionem
839 422 1014 458 libertatis
1045 422 1186 457 interim
1210 430 1288 457 esse

207 475 219 506 1
270 470 419 505 videtur.
457 470 622 515 Apparet
643 469 751 515 igitur
775 470 985 505 subventum
1009 466 1287 503 fideicommissis

202 514 446 557 libertatibus,
480 519 520 549 ut
548 514 586 549 in
608 525 648 550 re
671 525 771 550 mora
802 514 899 549 facta
932 523 1011 548 esse
1043 513 1097 547 his
1127 511 1289 547 videatur

201 563 259 596 et¹
292 571 336 595 ex
366 559 424 594 die
455 559 613 603 quidem,
649 571 718 604 quo
743 560 887 594 libertas
919 558 992 602 peti
1042 557 1151 598 otuit,
1183 555 1290 591 matri

203 605 452 641 11011010111111·2
483 604 754 640 manumittendi
779 613 904 645 causa,
936 612 981 637 ex
1030 603 1062 637 'e
1085 612 1185 644 vero,
1217 611 1287 646 quo

203 651 314 696 petita
342 653 412 692 est,
446 649 590 694 ingenui
621 652 826 685 nascantur.
874 648 1081 693 plerumque
1105 646 1197 682 enim
1223 655 1291 726 fer

203 695 377 740 ignaviam
408 695 463 730 vel
493 704 558 740 per
589 694 812 729 timiditatem
842 703 983 734 eorum,
1023 692 1153 737 quibus
1182 702 1221 726 re
1235 691 1289 726 in-

203 741 324 786 quitur
346 740 492 775 libertas
523 739 812 780 fideicommissa,
844 738 901 773 vel
935 737 1171 782 ignorantiam
1201 736 1289 771 iuris

203 785 259 821 sui
282 785 338 820 vel
360 794 426 830 per
449 784 699 822 auctoritatem
723 788 759 819 et
779 783 985 827 dignitatem
1009 793 1141 824 eorum,
1167 791 1189 816 a
1213 781 1290 826 qui-

205 832 270 866 bus
302 829 428 865 relicta
452 834 523 873 est,
560 830 614 864 vel
639 829 752 864 serius
781 828 916 874 petitur
939 828 994 863 vel
1018 828 1055 862 in
1080 831 1194 863 totum
1218 837 1290 861 non

204 875 337 920 petitur
358 874 632 910 fideicommissa
655 875 819 909 libertas:
844 883 936 918 quae
959 883 1016 908 res
1036 872 1162 908 obesse
1185 871 1290 906 liber-

205 921 269 955 tati
300 930 373 956 non
403 919 518 955 debet.
568 919 662 964 qnod
696 918 804 963 igitur
828 917 1067 960 defendimus,
1100 917 1151 952 ita
1175 916 1290 952 deter-

204 965 409 1001 minandum
433 968 505 1009 est,
538 968 578 999 ut
602 964 745 1009 ingenui
768 963 909 1008 quidem
933 963 1060 998 exinde
1084 966 1290 1003 nascantur,

203 1021 250 1046 ex
279 1021 349 1056 quo
381 1020 481 1045 mora
512 1009 669 1044 libertati
699 1008 798 1044 facta
828 1013 901 1050 est,
939 1007 1142 1043 manumitti
1172 1011 1292 1042 autem

204 1060 347 1101 partum
385 1055 455 1090 dici
492 1054 639 1096 debeat,
676 1064 720 1089 ex
758 1064 829 1099 quo
868 1053 942 1099 peti
978 1053 1126 1088 libertas
1162 1051 1292 1097 potuit,

205 1100 362 1145 quamvis
387 1111 458 1135 non
483 1100 528 1135 sit
551 1100 675 1144 petita.
712 1104 807 1134 certe
831 1098 1026 1134 minoribus
1045 1097 1167 1142 viginti
1191 1097 1292 1142 quin-

204 1156 274 1191 que
304 1146 407 1181 annis
439 1148 475 1180 et
510 1144 548 1179 in
578 1145 648 1179 1100
684 1144 912 1179 tribuendum
945 1148 1000 1178 est
1031 1142 1219 1184 auxilium,
1254 1145 1294 1176 ut

204 1191 366 1226 videatur
389 1191 426 1225 in
448 1200 487 1225 re
509 1199 610 1224 mora
627 1199 724 1224 esse:
749 1199 832 1223 nam
856 1198 927 1234 qua
950 1188 1087 1223 ratione
1112 1187 1293 1222 decretum

204 1240 241 1272 et
264 1246 287 1271 a
310 1236 390 1271 divo
416 1235 544 1270 Severo
570 1233 803 1269 constitutum
834 1238 889 1269 est
917 1233 954 1268 in
986 1243 1024 1268 re
1057 1243 1193 1268 moram
1217 1241 1295 1267 esse

204 1282 302 1317 circa
314 1280 521 1326 pecuniaria
540 1279 824 1321 fideicommissa,
844 1289 935 1324 quae
953 1278 1149 1313 minoribus
1169 1277 1295 1313 relicta

204 1330 307 1368 sunt,
343 1326 455 1360 multo
485 1324 598 1369 magis
630 1324 737 1360 debet
768 1325 875 1359 etiam
903 1324 941 1358 in
969 1323 1195 1358 libertatibus
1225 1322 1294 1357 hoc

206 1377 225 1407 2
272 1371 366 1406 idem
398 1370 548 1405 admitti.
598 1369 686 1404 Cum
725 1369 867 1414 quidam
906 1368 1082 1404 Caecilius
1117 1367 1294 1409 ancillam,

206 1427 311 1462 quam
335 1415 475 1461 pignori
495 1415 723 1459 obligaverat,
749 1414 892 1450 dimisso
914 1413 1090 1449 creditore
1109 1423 1174 1458 per
1194 1411 1295 1447 fidei-

207 1461 433 1498 commissum
464 1459 667 1495 manumitti
699 1459 870 1495 voluisset
899 1462 935 1495 et
964 1458 1157 1494 heredibus
1182 1457 1294 1493 credi-

205 1513 320 1543 torem
350 1516 425 1542 non
455 1505 691 1541 liberantibus
730 1504 906 1547 infantes,
941 1504 1003 1548 qui
1038 1507 1165 1549 postea
1194 1507 1297 1538 erant

206 1552 310 1594 editi,
341 1551 522 1586 venissent
551 1560 574 1585 a
604 1549 798 1592 creditore,
835 1550 1030 1595 imperator
1062 1551 1186 1584 noster
1215 1558 1296 1582 cum

206 1601 309 1642 patre
333 1595 519 1641 rescripsit
542 1595 738 1630 seeundum
762 1605 815 1637 ea,
841 1605 932 1639 quae
957 1594 1035 1629 divo
1059 1593 1124 1628 Pio
1149 1593 1294 1638 placue-

207 1643 311 1684 rint³,
352 1651 398 1677 ne
430 1641 534 1686 pueri
561 1640 782 1685 ingenuitate
817 1639 995 1675 destinata
1028 1638 1295 1679 fraudarentur,

208 1688 322 1732 pretio
354 1687 506 1731 emptori
537 1686 702 1721 restituto
733 1685 881 1731 perinde
911 1695 973 1720 eos
1004 1685 1176 1729 ingenuos
1207 1683 1296 1726 1010,

206 1743 249 1768 ac
280 1733 310 1767 si
339 1735 453 1767 mater
476 1741 600 1766 eorum
628 1741 694 1767 suo
723 1734 884 1776 tempore
912 1730 1129 1765 manumissa
1157 1727 1295 1763 fuisset.

209 1782 228 1813 3
276 1777 373 1812 Idem
404 1777 598 1821 imperator
629 1779 752 1812 noster
787 1780 867 1811 cum
898 1779 1001 1820 patre
1031 1774 1233 1820 rescripsit,
1267 1773 1297 1808 si

206 1829 289 1868 post
318 1821 595 1867 quinquennium
632 1821 757 1856 mortis
795 1820 979 1856 testatoris
1008 1820 1155 1855 tabulae
1185 1822 1296 1854 testa-

206 1868 317 1903 menti
356 1871 501 1912 apertae
532 1871 652 1902 essent
683 1866 738 1902 vel
773 1865 929 1901 codicilli
959 1868 996 1900 et
1022 1868 1151 1910 partus
1181 1863 1296 1899 medio

207 1918 367 1958 tempore
386 1912 503 1948 editus
523 1912 580 1954 sit,
604 1922 649 1947 ne
669 1911 818 1946 fortuita
835 1921 936 1946 mora
953 1911 1159 1946 servitutem
1178 1909 1298 1954 partui

207 1957 434 2003 irrogaverit,
465 1956 572 1992 matri
625 1960 744 1992 artum
772 1956 1004 1998 tradendum,
1042 1959 1084 1990 ut
1115 1955 1161 1990 ab
1186 1964 1229 1989 ea
1252 1953 1299 1988 ad

208 2008 228 2038 4
275 2004 476 2038 libertatem
518 2012 584 2047 per
609 2005 749 2037 ucatur.
804 2002 967 2046 Apparet
1003 2000 1112 2045 igitur
1150 2009 1195 2035 ex
1228 1999 1298 2034 1100

208 2048 399 2094 rescripto,
431 2048 516 2082 item
539 2057 581 2082 οο
607 2047 702 2092 (111οᾱ
726 2057 748 2082 0
771 2046 851 2081 (11νο
876 2046 942 2081 Pio
971 2045 1185 2089 rescriptum
1209 2044 1298 2078 dixi-

208 2105 304 2135 mus,
330 2093 485 2128 noluisse
516 2102 577 2127 eos
608 2102 744 2127 moram
775 2092 933 2127 libertati
962 2090 1146 2125 fortuitam
1169 2099 1299 2124 nocere

208 2139 331 2175 edito*
361 2148 404 2174 ex
435 2148 496 2181 ea,
534 2137 592 2172 cui
626 2137 900 2172 fideicommissa
931 2136 1077 2171 libertas
1116 2134 1201 2169 data
1231 2138 1296 2169 est.

208 2191 227 2221 5
278 2183 359 2219 Non
391 2187 512 2218 tamen
543 2182 574 2217 si
605 2193 627 2217 a
656 2182 852 2217 substituto
891 2181 1087 2225 impuberis
1118 2179 1299 2215 fideicom-

212 2229 319 2265 missa
342 2228 490 2263 libertas
514 2227 599 2262 data
623 2227 670 2262 sit
693 2227 845 2262 ancillae
876 2236 990 2270 eaque
1013 2226 1091 2260 vIvo
1114 2224 1298 2269 impubere

236 2278 352 2310 artum
389 2272 554 2316 ediderit,
592 2272 647 2307 vel
685 2272 716 2308 si
745 2276 827 2316 post
856 2275 996 2316 tempus
1027 2270 1082 2305 vel
1114 2271 1181 2305 sub
1214 2279 1298 2304 con-

238 2319 351 2355 'cione
381 2318 583 2354 libertatem
614 2317 794 2362 acceperit
822 2320 860 2351 et
892 2320 975 2351 ante
1007 2315 1099 2350 diem
1127 2315 1182 2349 vel
1214 2324 1298 2349 con-

213 2364 388 2400 dicionem
410 2367 554 2408 partum
578 2362 745 2405 ediderit,
778 2361 825 2397 ad
847 2361 1048 2397 libertatem
1071 2363 1195 2405 partus
1219 2369 1299 2404 per-

213 2410 383 2451 ducetur,
419 2409 505 2453 quia
534 2408 662 2443 horum
697 2407 768 2442 alia
799 2406 961 2442 condicio
993 2409 1067 2440 est:
1103 2415 1176 2440 non
1206 2404 1299 2439 enim

213 2465 349 2491 moram
377 2454 580 2495 fortuitam,
612 2452 675 2488 sed
706 2463 751 2488 ex
784 2452 968 2488 voluntate
1004 2450 1170 2486 testantis
1228 2449 1301 2485 assi

213 2504 234 2536 6
280 2503 375 2535 sunt.
411 2498 448 2534 Si
472 2509 538 2544 pro
562 2509 635 2533 non
659 2498 792 2542 scripto
812 2497 956 2532 habitus
981 2496 1028 2531 sit
1051 2505 1175 2531 servus
1231 2494 1302 2530 'cui

212 2545 368 2590 legatus,
406 2544 464 2579 cui
493 2554 595 2579 servo
628 2553 692 2588 per
722 2542 1033 2577 fideicommissum
1064 2540 1213 2575 libertas
1237 2539 1300 2574 ad-

213 2590 348 2635 scripta
370 2594 436 2631 est,
462 2588 680 2634 quaestionis
700 2591 765 2632 est,
790 2599 875 2622 num
899 2585 1172 2622 fideicommissa
1194 2585 1300 2620 liber-

214 2640 272 2671 tas
295 2635 425 2670 debeat
447 2633 660 2669 intercidere
682 2634 740 2668 et⁵
771 2642 836 2675 an,
869 2632 900 2667 si
923 2642 1047 2667 servus
1077 2634 1178 2676 petat
1200 2629 1300 2665 fidei-

215 2680 440 2716 commissam
458 2679 659 2714 libertatem
678 2678 723 2713 ab
743 2689 796 2719 eo,
821 2687 930 2722 penes
951 2687 1055 2722 quem
1073 2675 1303 2711 remansisset

214 2736 280 2771 pro
305 2736 376 2760 non
400 2725 533 2770 scripto
557 2724 680 2759 habito
705 2723 820 2767 legato
854 2722 950 2766 quod
974 2726 1052 2757 erat
1082 2720 1246 2756 relictum
1269 2720 1303 2755 ei

216 2770 278 2815 qui
309 2781 390 2805 eum
418 2773 565 2814 rogatus
602 2768 722 2804 fuerat
752 2767 1018 2809 manumittere,
1057 2766 1136 2801 vel⁶
1165 2765 1194 2800 si
1225 2765 1302 2809 ipse

216 2826 351 2857 servus,
377 2819 417 2850 ut
439 2824 550 2859 supra
573 2813 706 2848 dictum
731 2818 794 2857 est,
819 2813 889 2847 fuit
910 2812 1059 2857 legatus,
1085 2821 1132 2845 an
1155 2811 1301 2845 libertas

217 2871 289 2896 non
313 2860 442 2895 debeat
464 2859 686 2894 intercidere.
734 2863 770 2894 et
802 2862 923 2903 putem
956 2857 1084 2893 debere
1109 2856 1178 2891 dici
1201 2855 1301 2890 fidei-

217 2905 441 2941 commissam
476 2905 675 2939 libertatem
714 2903 847 2938 salvam
886 2912 981 2947 esse,
1024 2902 1108 2936 licet
1142 2900 1188 2935 ad
1222 2911 1302 2935 eum

217 2950 305 2986 nihil
328 2950 541 2995 pervenerit,
574 2950 634 2994 qui
658 2959 739 2984 eum
762 2951 910 2993 rogatus
935 2950 1012 2982 erat
1034 2946 1300 2981 manumittere:

218 2999 365 3040 cogetur
393 2995 499 3039 igitur
524 2994 722 3029 libertatem
746 2997 931 3038 praestare
961 2993 992 3027 is
1024 2991 1070 3026 ad
1093 3001 1196 3036 quem
1220 3000 1300 3035 per-

217 3040 314 3076 venit
342 3040 516 3084 legatum,
554 3039 638 3083 quia
676 3039 822 3074 libertas
860 3037 1134 3072 fideicommissa
1165 3035 1302 3070 nullum

221 3090 237 3120 Ἰ
285 3084 572 3130 impedimentum
593 3085 667 3128 pati
688 3084 804 3119 debet.
841 3083 1060 3118 Subventum
1078 3081 1302 3116 libertatibus

220 3135 274 3166 est
305 3135 452 3166 senatus
484 3129 664 3169 consulto,
730 3128 799 3163 uod
831 3128 966 3163 factum
998 3130 1054 3162 est
1083 3125 1302 3171 temporibus

219 3176 289 3211 divi
317 3175 464 3210 Traiani
488 3173 624 3208 Rubrio
658 3174 711 3207 (ia
740 3185 760 3208 o
792 3177 828 3208 et
852 3172 995 3207 Caelio⁷
1027 3171 1091 3207 His
1120 3181 1186 3207 one
1217 3181 1301 3205 con-

218 3220 381 3257 salibus*
411 3219 448 3254 in
478 3219 567 3254 haec
600 3218 723 3253 verba:
761 3218 803 3253 ‘si
826 3218 881 3260 hi,
906 3227 928 3252 a
951 3216 1081 3261 quibus
1117 3216 1302 3251 ibertatem

220 3264 407 3311 ‘praestari
431 3267 588 3309 oportet,
620 3263 756 3298 evocati
780 3273 802 3297 a
831 3266 996 3307 praetore
1020 3261 1146 3296 adesse
1168 3260 1301 3295 noluis-

220 3315 329 3354 ‘sent,
360 3310 390 3345 si
422 3319 533 3344 causa
562 3307 703 3352 cognita
734 3312 878 3352 praetor
907 3306 1173 3352 pronuntiasset
1194 3306 1302 3340 liber-

220 3360 342 3391 ‘tatem
365 3355 422 3389 1110
446 3354 584 3395 deberi,
615 3352 739 3388 eodem
766 3352 843 3387 iure
867 3356 999 3387 statum
1023 3351 1173 3394 servari,
1205 3360 1248 3385 ac
1273 3350 1303 3385 si

222 3405 241 3435 8
288 3400 434 3435 ‘directo
458 3397 666 3434 manumissi
696 3398 837 3432 esseut‘.
885 3397 963 3432 Hoc
987 3400 1132 3431 senatus
1159 3395 1302 3430 consul-

220 3450 296 3480 tum
319 3444 366 3480 ad
390 3454 450 3479 eos
474 3443 644 3489 pertinet,
701 3442 805 3477 uibus
837 3452 880 3477 ex
904 3451 1013 3477 causa
1040 3440 1302 3476 fideicommissi

220 3491 369 3526 libertas
392 3489 575 3525 debeatur.
610 3486 759 3534 prolude
782 3486 811 3522 si
835 3486 981 3521 libertas
1005 3497 1076 3522 non
1101 3485 1300 3528 deberetur,

221 3607 262 3647 (1)
286 3614 326 3638 ex
349 3602 474 3637 01101110
496 3612 628 3645 quoque
650 3601 700 3634 ita
720 3599 918 3634 manumissa
945 3598 1004 3639 qui
1028 3601 1211 3631 naseuntur
1242 3599 1302 3632 ins.

223 3654 266 3689 (2)
290 3649 479 3683 traderetur
499 3648 534 3682 F
643 3648 686 3688 (31
709 3644 910 3689 placuerunt
927 3643 980 3675 F²
1100 3645 1143 3686 (4)
1167 3643 1257 3676 edita
1274 3642 1309 3675 F

225 3699 267 3734 (5)
290 3696 324 3727 et
336 3694 397 3727 del.
447 3695 491 3735 (o)
515 3693 584 3735 ipse
598 3692 659 3725 ins.
704 3693 748 3731 (7)
770 3689 935 3733 Caepione
946 3700 1007 3721 scr.
1055 3693 1099 3725 (8)
1119 3701 1154 3732 p.
1167 3689 1303 3722 Chalos

223 3739 269 3780 (9)
293 3739 337 3771 sit
348 3740 409 3772 ins.
456 3740 517 3779 (10)
533 3736 749 3779 proponimus
760 3748 821 3769 scr.
870 3735 923 3777 (11)
939 3732 1087 3766 absentee
1155 3743 1194 3766 ex
1206 3742 1305 3765 causa

1275 114 1361 164 621

1504 10 1507 36 1

1565 78 1568 92 ι

1563 94 1566 115 4

1909 127 1971 161 DE
2000 123 2436 162 mnmcomssalms

1357 241 1546 287 obreptum
1566 242 1688 277 tamen
1710 240 1868 286 praetori
1897 243 1954 277 est
1977 239 2021 277 de
2043 240 2207 278 libertate
2228 241 2436 288 pronuntia-

1355 289 1520 331 tumque,
1551 295 1597 322 ex
1617 285 1689 322 hoc
1713 289 1858 322 senatus
1887 286 2050 323 consulto
2077 286 2225 323 libertas
2247 297 2320 323 non
2341 296 2437 323 com-

1356 331 1458 376 petit.
1505 333 1550 383 et·
1569 330 1622 366 ita
1651 331 1845 376 imperator
1878 334 2001 367 noster
2035 342 2116 367 cum
2152 335 2256 378 patre
2285 342 2351 367 suo
2382 342 2438 367 re-

1357 379 1378 411 9
1426 376 1579 421 scripsit.
1626 375 1781 412 Evocari
1809 379 1928 412 autem
1959 386 1982 411 a

2038 381 2178 413 raetore
2201 381 2344 422 oportet
2364 386 2438 419 eos,

1381 420 1419 456 ui
1440 420 1749 457 fideicommissam
1778 421 1979 457 libertatem

2036 422 2160 457 ebent:
2193 426 2350 457 ceterum
2372 422 2439 457 nisi

1374 465 1491 502 uerint
1512 465 1660 510 evocati,
1685 470 1803 502 cessat
1813 466 2038 502 Rubrianum
2061 469 2207 503 senatus
2228 466 2441 503 consultum.

1357 510 1508 556 proinde
1543 510 1870 563 denuntiationibus
1906 515 1943 547 et
1974 511 2098 547 edictis
2128 511 2255 547 litteris
2281 521 2326 547 ue
2359 521 2439 547 evo-

1361 560 1401 591 10
1440 555 1555 600 „candi
1578 559 1673 591 sunt.
1718 555 1797 592 Hoc
1828 560 1973 592 senatus
2006 556 2209 592 consultum
2320 567 2441 592 omnes

1358 601 1514 646 pertinet
1542 600 1743 644 latitantes,
1779 611 1867 646 quos
1904 601 2212 637 fideicommissam
2242 601 2441 637 libertatem

1358 650 1546 699 praestare
1569 649 1722 692 oportet.
1768 646 1918 691 proinde
1947 646 2019 682 sive
2042 647 2146 682 heres
2169 647 2340 691 rogatus⁹
2370 646 2443 682 sive

1359 701 1438 736 (11110
1463 691 1574 731 011110,
1608 694 1754 726 senatus
1785 691 1948 726 consulto
1980 691 2081 727 locus
2105 694 2176 727 est:
2207 701 2327 727 omnes
2351 691 2443 726 enim

1359 735 1515 778 omnino,
1536 735 1597 780 qui
1617 735 1787 771 deberent
1797 735 2104 772 fideicommissam
2122 736 2323 772 libertatem
2339 745 2443 782 prae-

1360 785 1477 823 stare,
1509 781 1546 815 in
1578 790 1621 816 ea
1652 791 1763 816 causa
1793 784 1893 823 sunt,
1927 785 1969 816 ut
1997 781 2043 817 ad
2073 784 2219 817 senatus
2243 781 2444 817 consultum

1363 829 1400 860 11
1451 826 1664 871 pertineant.
1711 825 1830 870 Quare
1854 826 1884 860 si
1907 826 2010 861 heres
2035 826 2175 871 quidem
2198 826 2325 869 latitet,
2349 826 2444 871 lega-

1359 871 1475 906 tarius
1505 875 1625 906 autem
1655 871 1711 906 vel
1741 870 2105 913 fideicommissum,
2140 871 2202 916 qui
2230 875 2375 916 rogatus
2399 871 2446 906 sit

1359 916 1560 951 libertatem
1583 920 1777 961 praestare,
1801 925 1971 961 praesens
1995 916 2052 959 sit,
2075 919 2222 952 senatus
2246 916 2446 952 consultum

1361 961 1482 996 deficit
1511 965 1549 997 et
1578 961 1688 997 nihilo
1728 961 1843 996 minus
1874 961 2086 1006 impedietur
2115 961 2280 996 libertas:
2314 971 2445 1007 propo-

1362 1017 1488 1041 namus
1502 1008 1530 1028 ¹⁰
1561 1006 1653 1041 enim
1683 1006 1892 1051 legatarium
1929 1006 2088 1042 nondum
2124 1006 2317 1042 dominium
2355 1006 2447 1042 servi

1362 1056 1507 1086 nactum
1530 1061 1620 1086 esse.

1408 1093 1460 1132 27
1487 1095 1543 1131 ΡΑ
1551 1105 1646 1131 (11,σο
1674 1096 1765 1131 libro
1796 1097 1900 1130 tertio
1923 1096 2278 1141 fideicommissorum
2322 1096 2448 1141 Itaque

1362 1141 1431 1176 hoc
1456 1151 1544 1176 casu
1568 1141 1733 1194 princeps
1757 1140 1943 1176 adeundus
1967 1145 2041 1184 est,
2073 1144 2115 1176 ut
2143 1145 2180 1176 et
2200 1141 2239 1176 in
2268 1141 2338 1177 1100
2361 1151 2448 1177 casu

1362 1186 1519 1221 libertati
1543 1186 1794 1231 prospiciatur.

1410 1229 1463 1269 28
1501 1231 1696 1266 Uzmiws
1725 1231 1815 1267 libro
1877 1232 1977 1266 uinto
2011 1231 2364 1276 fideicommissorum
2411 1230 2449 1266 Si

1364 1287 1445 1311 eum
1469 1287 1628 1319 servum,
1661 1276 1721 1311 cui
1744 1279 1822 1311 erat
1871 1275 2119 1312 deieommissa
2141 1276 2289 1311 libertas
2312 1275 2447 1317 relicta,

1363 1321 1570 1357 distraxerit
1601 1321 1633 1356 is
1657 1321 1718 1366 qui
1742 1325 1820 1356 erat
1842 1325 1988 1366 rogatus
2013 1324 2051 1356 et
2072 1325 2210 1366 emptor
2233 1320 2374 1366 quidem
2396 1321 2449 1356 la-

1362 1367 1458 1411 titet,
1493 1367 1525 1402 is
1564 1370 1685 1401 autem
1716 1367 1776 1411 qui
1807 1377 1847 1402 ro
1873 1370 1953 1401 atus
1990 1370 2068 1401 erat
2129 1375 2273 1402 raesens
2302 1366 2367 1410 sit,
2404 1376 2450 1400 an

1363 1412 1549 1448 Rubriano
1573 1415 1718 1447 senatus
1744 1422 1856 1447 consu
1871 1416 1907 1447 to
1930 1412 2030 1447 100110
2046 1411 2092 1446 011
2141 1415 2178 1447 01
2194 1411 2246 1446 011
2256 1410 2449 1446 Marcellus

1363 1457 1586 1493 Rubrianum
1617 1457 1735 1492 locum
1772 1457 1921 1500 habere,
1952 1456 2037 1501 quia
2060 1457 2163 1492 abest
2192 1466 2296 1501 quem
2324 1466 2448 1491 manu-

1367 1507 1382 1537 1
1430 1502 1573 1538 mittere
1604 1505 1756 1547 oportet.
1803 1502 1903 1536 Haec
1934 1505 2056 1537 autem
2084 1502 2194 1537 verba
2226 1500 2362 1536 ‘adesse
2386 1511 2449 1536 no-

1365 1547 1537 1583 ‘luissent’
1567 1557 1641 1582 non
1669 1547 1791 1592 utique
1822 1546 1968 1592 exigunt
1998 1550 2040 1581 ut
2062 1546 2178 1582 latitet
2206 1546 2237 1581 is
2261 1546 2321 1598 qui
2343 1546 2449 1582 liber-

1365 1596 1475 1627 tatem
1498 1596 1683 1637 praestare
1706 1591 1865 1627 debebit:
1898 1602 1980 1626 nam
2004 1595 2040 1627 et
2062 1591 2094 1627 si
2116 1602 2189 1627 non
2212 1591 2340 1633 latitet,
2365 1601 2450 1626 con-

1363 1641 1500 1673 temnat
1511 1642 1630 1672 autem
1640 1637 1770 1679 venire,
1789 1640 1935 1672 senatus
1948 1636 2149 1672 consultum
2161 1636 2280 1672 locum
2292 1636 2449 1672 habebit.

1366 1686 1386 1717 2
1433 1683 1530 1718 Idem
1548 1682 1758 1718 observatur
1776 1682 1894 1725 etiam,
1916 1682 1947 1717 si
1958 1682 2079 1727 plures
2099 1681 2248 1717 heredes
2268 1681 2451 1716 constituti

1365 1728 1671 1763 fideicommissam
1695 1727 1896 1762 libertatem
1919 1731 2105 1771 praestare
2127 1737 2169 1762 ro
2193 1726 2244 1761 ati
2265 1737 2337 1762 non
2356 1726 2450 1762 iusta

1367 1777 1386 1808 3
1434 1783 1479 1808 ex
1503 1783 1614 1807 001100
1637 1773 1803 1807 absentes
1826 1782 1963 1806 moram
1986 1772 2144 1807 libertati
2166 1738 2312 1807 10010111.
2355 1770 2450 1816 Quo-

1366 1829 1445 1853 rum
1467 1818 1498 1853 si
1515 1817 1688 1863 quosdam
1707 1817 1803 1852 iusta
1816 1827 1859 1852 ex
1873 1827 1984 1851 eausa
1995 1818 2021 1838 ¹¹
2039 1817 2165 1852 abesse
2182 1817 2450 1862 pronuntiatum

1365 1863 1484 1908 fuerit,
1509 1874 1643 1904 eorum,
1668 1862 1728 1907 qui
1752 1873 1797 1897 ex
1819 1862 1915 1897 iusta
1929 1872 2038 1896 causa
2061 1862 2239 1904 abessent,
2264 1866 2300 1896 et
2317 1871 2450 1903 eorum,

1367 1909 1428 1953 qui
1451 1912 1657 1953 praesentes
1682 1907 1975 1942 fideicommissae
1999 1907 2156 1942 libertati
2169 1907 2198 1928 ¹²
2220 1916 2356 1942 moram
2379 1917 2451 1942 non

1366 1954 1517 1995 facient,
1549 1952 1698 1998 perinde
1721 1952 1869 1988 libertus
1902 1953 1970 1987 erit
1993 1955 2100 1997 atque
2123 1952 2155 1986 si
2177 1952 2244 1988 soli
2267 1952 2382 1997 rogati
2406 1952 2451 1987 ad

1368 2002 1388 2033 4
1434 1999 1566 2033 iustam
1596 1998 1796 2033 libertatem
1828 1997 2086 2042 perduxissent.
2136 1996 2174 2032 Si
2205 1997 2284 2041 quis
2313 2007 2465 2032 servum-

1367 2054 1439 2079 non
1462 2043 1715 2079 hereditarium
1727 2046 1872 2087 rogatus
1896 2041 2143 2077 manumittere
2166 2041 2294 2083 latitet,
2317 2041 2452 2077 factum

1366 2093 1422 2124 est
1447 2092 1592 2124 senatus
1617 2088 1821 2124 consultum
1837 2087 1988 2122 Aemilio
2011 2087 2124 2122 Iunco
2147 2091 2184 2122 et
2206 2086 2297 2122 Iulio
2323 2086 2452 2122 Severo

1367 2133 1574 2169 consulibus
1585 2134 1612 2154 ¹³
1635 2133 1672 2167 in
1692 2133 1780 2168 haec
1800 2133 1925 2168 verba:
1951 2132 2114 2177 ‘placere‚
2143 2132 2209 2167 “si
2225 2131 2303 2177 quis
2321 2142 2367 2167 ex
2384 2132 2451 2173 his,

1368 2180 1440 2223 ‘qui
1462 2178 1770 2214 fideicommissam
1800 2178 2001 2212 libertatem
2024 2187 2068 2212 ex
2097 2187 2319 2222 quacumque
2342 2186 2454 2212 causa

1368 2225 1590 2259 ‘deberent¹⁵
1614 2233 1726 2265 servo,
1752 2223 1813 2267 qui
1835 2223 1959 2258 mortis
1981 2226 2141 2266 tempore
2165 2222 2241 2257 eius
2264 2222 2326 2267 qui
2347 2232 2452 2267 roga-

1368 2269 1430 2303 ‘vit
1461 2279 1533 2304 non
1573 2268 1700 2310 fuerit,
1735 2268 1836 2312 isque
1850 2269 1876 2289 ¹⁶
1911 2270 2037 2302 adesse
2070 2267 2274 2312 negabitur,
2309 2271 2454 2312 praetor

1369 2318 1573 2358 ‘cognoscat
1596 2318 1648 2355 et,
1682 2313 1713 2348 si
1736 2313 1773 2347 in
1796 2323 1839 2348 ea
1870 2322 1981 2348 causa
2004 2322 2083 2348 esse
2106 2312 2299 2355 videbitur,
2330 2316 2390 2354 111,
2422 2313 2454 2348 si

1369 2363 1549 2403 ‘praesens
1571 2362 1675 2400 esset,
1700 2357 1949 2392 manumittere
1972 2358 2051 2402 cogi
2074 2357 2228 2401 deberet,
2251 2357 2290 2392 id
2312 2357 2363 2392 ita
2374 2367 2452 2392 esse

1369 2404 1603 2448 ‘pronuntietz
1640 2413 1790 2448 cumque
1832 2402 1883 2437 ita
1918 2402 2203 2447 pronuntiasset,
2237 2401 2331 2437 idem
2365 2402 2452 2438 iuris

1370 2449 1465 2492 ‘erit,
1491 2448 1585 2494 quod
1609 2451 1718 2491 esset,
1751 2448 1781 2483 si
1804 2447 1871 2490 ita,
1903 2453 1942 2482 ut
1966 2458 2010 2482 ex
2033 2446 2303 2482 fideicommisso
2327 2457 2452 2482 manu-

1370 2498 1388 2528 5
1437 2494 1540 2528 ‘mitti
1571 2494 1769 2536 debuisset,
1804 2492 2040 2527 manumissus
2065 2492 2182 2527 esset’.
2233 2491 2327 2527 ¹⁷Ex
2357 2493 2453 2527 iusta

1369 2549 1479 2574 causa
1517 2539 1643 2574 abesse
1681 2548 1743 2573 eos
1780 2537 1920 2573 demum
1954 2536 2141 2572 dicendum
2172 2540 2246 2579 est,
2285 2537 2348 2582 qui
2380 2547 2452 2573 non

1369 2585 1504 2620 habent
1538 2584 1707 2623 iniustam
1741 2593 1886 2618 causam
1922 2581 2121 2624 absentiae,
2165 2592 2246 2618 cum
2285 2581 2451 2626 sufficiat,

1370 2630 1465 2674 quod
1498 2640 1570 2664 non
1598 2629 1636 2663 in
1667 2628 1827 2663 fraudem
1859 2627 2031 2662 libertatis
2066 2626 2204 2670 absint,
2239 2637 2310 2672 quo
2340 2627 2451 2672 magis

1369 2675 1556 2710 videantur
1587 2684 1631 2708 ex
1660 2674 1755 2708 iusta
1784 2683 1894 2708 eausa
1925 2673 2068 2708 abesse:
2107 2676 2264 2707 ceterum
2294 2682 2368 2708 non
2398 2677 2453 2708 est

1370 2730 1532 2761 necesse,
1571 2723 1612 2754 ut
1643 2720 1694 2753 rei
1726 2718 1891 2763 publicae
1920 2727 2031 2752 causa
2061 2717 2192 2752 absint.
2239 2717 2390 2762 proinde
2421 2717 2452 2752 si

1370 2765 1454 2800 alibi
1478 2764 1693 2799 domicilium
1717 2764 1796 2808 quis
1821 2763 1967 2805 habeat,
1999 2762 2082 2798 alibi
2106 2765 2250 2806 petatur
2272 2761 2451 2797 fideicom-

1370 2809 1574 2845 missaria¹⁸
1606 2809 1770 2850 libertas,
1795 2807 1983 2844 dicendum
2013 2812 2068 2842 est
2098 2818 2171 2842 non
2198 2817 2278 2842 esse
2308 2817 2452 2842 necesse

1370 2855 1510 2890 evocari
1533 2865 1631 2896 eum,
1664 2854 1725 2898 qui
1755 2853 2061 2888 fideicommissam
2092 2852 2292 2887 libertatem
2324 2851 2452 2887 debere

1370 2900 1510 2943 dicitur,
1560 2900 1620 2934 uia
1650 2900 1756 2934 etiam
1788 2899 1935 2933 absente
1964 2908 2022 2941 eo,
2053 2897 2084 2932 si
2115 2897 2316 2932 constiterit
2344 2897 2452 2933 liber-

1372 2948 1482 2980 tatem
1506 2944 1548 2979 de
1575 2944 1641 2987 eri,
1666 2943 1888 2988 pronuntiari
1912 2946 2031 2987 potest
2052 2942 2148 2977 iusta
2170 2941 2214 2977 de
2238 2951 2348 2977 causa
2370 2951 2452 2978 eum

1370 2990 1513 3032 abesse,
1542 2999 1609 3024 nec
1631 2989 1797 3023 libertum
1822 2987 1953 3033 perdit:
1987 2997 2138 3031 namque
2162 2997 2242 3029 000,
2272 2986 2333 3032 (1111
2355 2987 2452 3039 apud

1369 3035 1471 3070 sedes
1496 3044 1580 3070 suas
1603 3038 1640 3069 et
1668 3033 1884 3069 domicilium
1911 3043 2014 3068 suum
2048 3035 2146 3075 sunt,
2177 3042 2279 3068 nemo
2309 3032 2450 3067 dubita-

1369 3080 1422 3115 bit
1445 3090 1489 3114 ex
1511 3079 1607 3114 iusta
1630 3089 1739 3114 causa
1763 3079 1899 3113 abesse.

1417 3122 1470 3162 29
1496 3123 1551 3158 ΡΑ
1559 3133 1653 3159 111υο
1674 3124 1764 3158 libro
1790 3124 1893 3158 terlio
1914 3122 2268 3167 fideicommissorum
2303 3121 2340 3156 Si
2382 3122 2449 3163 uis,

1369 3173 1602 3214 posteaquam
1633 3169 1670 3203 in
1700 3178 1743 3203 ea
1774 3178 1884 3203 causa
1914 3177 1992 3202 esse
2022 3167 2196 3211 coeperit,
2221 3170 2263 3202 111
2284 3177 2329 3202 ex
2351 3132 2450 3202 fidei-

1370 3214 1557 3250 commisso
1587 3213 1787 3248 manumitti
1818 3213 1977 3254 deberet,
2013 3212 2189 3246 alienatus
2222 3211 2286 3253 sit,
2317 3211 2347 3247 is
2373 3212 2449 3256 qui—

1370 3259 1461 3301 dem,
1485 3258 1587 3293 cuius
1610 3258 1750 3293 interim
1775 3268 1896 3293 servus
1919 3257 1997 3298 erit,
2021 3256 2269 3291 manumittere
2286 3261 2449 3300 cogetur:

1369 3304 1432 3339 sed
1463 3303 1521 3338 hic
1551 3314 1621 3339 non
1654 3303 1898 3347 distinguitur,
1929 3301 2024 3336 iusta
2052 3312 2097 3336 an
2121 3312 2192 3337 non
2223 3301 2318 3336 iusta
2341 3311 2451 3337 causa

1370 3348 1478 3383 absit:
1504 3349 1705 3383 omnimodo
1729 3349 1822 3383 enim
1845 3347 1992 3381 libertus
2006 3347 2033 3367 ¹⁹
2057 3347 2088 3382 ei
2112 3349 2283 3381 servatur.

1416 3392 1469 3430 30
1501 3392 1694 3428 Πιριᾼινυε
1714 3393 1805 3428 libro
1829 3392 1954 3437 quinto
1974 3391 2326 3436 fideicommissorum
2361 3390 2450 3426 Cum

1370 3439 1471 3484 quasi
1494 3438 1643 3474 absente
1665 3437 1819 3483 quodam
1843 3436 2025 3471 decretum
2053 3436 2181 3472 fuisset
2202 3435 2450 3481 interpositum

1369 3493 1414 3518 ex
1442 3484 1538 3518 iusta
1565 3493 1676 3519 causa
1704 3493 1784 3518 eum
1814 3481 1956 3523 abesse,
1988 3482 2019 3517 is
2048 3485 2167 3516 autem
2194 3484 2356 3516 mortuus
2379 3480 2449 3515 iam

1371 3609 1431 3630 om.
1444 3597 1482 3639 F,
1495 3597 1645 3640 supplevi
1655 3597 1702 3629 ad
1714 3596 1749 3629 B
1812 3597 1869 3636 (12)
1894 3593 2059 3627 libertatis
2071 3595 2104 3627 F
2109 3595 2124 3615 ²
2187 3596 2244 3636 (1³)
2265 3606 2301 3637 p.
2314 3594 2388 3628 Chr.
2398 3600 2448 3628 121

1372 3644 1431 3683 (14)
1455 3644 1494 3674 ut
1514 3644 1572 3675 ins.
1594 3641 1675 3675 Hal.
1801 3642 1859 3681 (15)
1885 3639 2017 3672 deberet
2036 3641 2070 3672 F
2187 3640 2248 3681 (16)
2271 3639 2366 3681 isque
2385 3639 2449 3672 del.

1374 3687 1452 3719 Hal.
1540 3691 1548 3723 ί
1553 3691 1597 3723 17)
1623 3687 1675 3720 hic
1686 3686 1839 3727 deficiunt
1851 3687 1950 3717 verba
1961 3692 2092 3718 senatus
2104 3685 2242 3718 consulti
2251 3683 2452 3717 Dasumiam'

1372 3734 1433 3774 (18)
1457 3730 1752 3770 fideicommissario
1763 3730 1798 3762 F
1884 3731 1945 3772 (19)
1970 3732 2017 3763 cic
2028 3742 2089 3763 sec.
2103 3730 2138 3762 B
2168 3728 2304 3761 libertas
2315 3729 2348 3761 F
