2528 3918
146 79 288 123 [1119

146 201 367 247 Pomponius
401 200 491 235 libro
523 199 727 244 trigensimo
752 202 881 251 quarto
905 198 1031 235 scribit
1053 199 1153 245 parvi
1175 209 1231 234 re-

146 247 252 289 ferre,
275 256 333 282 res
357 248 499 280 nostras
523 254 570 279 an
594 244 729 280 alienas
760 243 982 280 intulerimus
996 244 1018 287 ¹,
1051 246 1082 279 si
1112 248 1233 279 tamen

146 296 272 329 nostra
294 291 436 326 intersit
456 289 573 325 salvas
585 299 683 325 esse:
709 289 839 325 etenim
856 290 961 326 nobis
981 289 1105 334 magis,
1126 299 1233 334 quam

147 347 299 384 quorum
322 338 416 378 sunt,
442 334 572 370 debent
594 334 694 370 solvi.
731 337 768 370 et
789 333 870 371 ideo
890 334 922 370 si
939 334 1079 387 pignori
1096 343 1232 369 merces

147 391 319 427 accepero
345 381 391 415 ob
415 379 602 425 pecuniam
633 379 834 423 nauticam,
866 380 952 415 mihi
982 379 1094 424 magis
1127 388 1234 424 quam

147 430 167 463 8
215 425 369 462 debitori
380 429 491 460 nauta
503 424 694 467 tenebitur,
716 425 748 461 si
759 425 860 460 ante²
878 434 938 460 eas
951 424 1119 469 suscepit.
1156 422 1233 459 Re-

146 472 233 518 cipit
253 475 372 506 autem
391 470 527 505 salvum
544 469 624 506 fore
642 474 763 506 utrum
782 470 813 505 si
831 470 870 505 in
888 479 1012 505 navem
1032 479 1090 504 res
1102 468 1233 504 missae

146 518 179 552 ei
194 515 417 561 adsignatae³
440 518 541 550 sunt:
567 525 614 550 an
638 518 676 550 et
696 515 814 551 sinon
831 515 903 551 sint
921 514 1140 559 adsignatae,
1163 513 1233 549 hoc

144 566 265 597 tamen
286 561 385 606 ipso,
419 559 516 606 quod
544 560 582 595 in
605 570 732 596 navem
766 560 896 595 missae
928 564 1030 602 sunt,
1065 562 1233 611 receptae

143 606 333 642 videntur?
367 609 403 641 et
424 609 513 651 puto
538 606 695 641 omnium
727 615 805 641 eum
829 605 989 650 recipere
1022 603 1232 647 custodiam,

145 662 236 698 quae
267 651 305 686 in
338 661 463 686 navem
494 650 616 686 illatae
646 654 750 693 sunt,
786 654 823 685 et
851 650 990 684 factum
1012 659 1086 686 non
1117 648 1233 685 solum

144 702 334 733 nautarum
357 699 541 742 praestare
565 696 703 737 debere,
728 695 791 730 sed
815 698 850 730 et
872 698 1064 736 vectorum,

191 741 216 780 2
244 741 368 779 GAIUS
376 741 467 778 libro
480 742 607 787 quinto
627 741 678 776 ad
695 740 850 777 edictum
863 739 1094 786 provinciale
1139 738 1233 775 sicut

147 791 183 824 et
208 798 277 824 cau
303 797 324 823 o
348 787 535 822 viatorum.

190 830 214 871 3
275 841 444 868 LPIANUS
465 831 557 867 libro
581 834 712 877 quarto
737 830 874 865 decimo
909 828 960 864 ad
981 828 1137 865 edictum
1182 828 1234 864 Et

142 878 195 914 ita
218 878 262 914 de
284 877 383 913 facto
406 880 589 913 vectorum
613 875 717 911 etiam
740 874 960 926 Pomponius
983 874 1075 909 libro
1100 873 1232 919 trigen-

142 923 233 959 simo
257 925 385 968 quarto
409 921 544 958 scribit.
580 920 673 956 idem
698 921 765 962 ait,
797 919 937 955 et1amsi
968 918 1128 955 nondum
1160 919 1233 954 sint

142 979 201 1004 res
224 968 262 1004 in
285 977 411 1003 navem
434 969 619 1012 receptae,
652 965 716 1000 sed
739 965 776 999 in
800 965 904 1000 litore
927 964 1115 1010 perierint,
1141 974 1231 1010 quas

146 1017 161 1048 1
212 1013 323 1049 semel
352 1012 506 1057 recepit,
539 1011 736 1056 periculum
760 1009 806 1045 ad
830 1020 911 1045 eum
934 1009 1123 1055 pertinere.
1169 1009 1233 1044 Ait

167 1062 306 1094 raetor:
340 1058 427 1092 ‘nisi
450 1056 655 1098 restituent,
679 1055 718 1091 in
741 1065 802 1090 eos
826 1054 997 1090 iudicium
1021 1053 1115 1090 dabo
1129 1054 1151 1089 ⁹.
1188 1064 1233 1089 ex

168 1114 213 1140 oc
237 1103 354 1139 edicto
379 1103 416 1137 in
439 1101 576 1137 factum
599 1100 694 1136 actio
718 1099 970 1145 proficiscitur.
1008 1099 1073 1135 sed
1104 1110 1152 1135 an
1185 1099 1232 1135 sit

142 1148 363 1190 necessaria,
388 1146 593 1188 videndum,
627 1146 710 1191 quia
732 1146 789 1190 agi
814 1145 905 1181 civili
928 1145 1071 1180 actione
1095 1155 1140 1180 ex
1161 1144 1231 1180 hac

143 1204 255 1230 causa
288 1193 439 1239 poterit:
475 1192 506 1227 si
541 1191 682 1236 quidem
713 1200 850 1226 merces
881 1190 1129 1233 intervenerit,
1163 1190 1232 1224 ex⁴

144 1239 264 1275 locato
294 1238 350 1274 vel
381 1236 576 1273 conducto:
615 1236 702 1270 sed⁵
733 1235 763 1270 si
794 1238 872 1270 tota
895 1235 996 1270 navis
1019 1235 1141 1270 locata
1172 1235 1231 1278 sit,

142 1285 204 1330 qui
229 1283 400 1320 conduxit
422 1293 466 1318 ex
487 1281 664 1317 conducto
686 1281 793 1315 etiam
813 1280 858 1315 de
868 1280 977 1315 rebus
997 1290 1090 1325 quae
1102 1280 1231 1315 desunt

141 1339 247 1375 agere
269 1332 406 1374 potest:
433 1327 463 1362 si
485 1336 568 1362 vero
588 1336 645 1361 res
664 1325 894 1371 perferendas
915 1329 1028 1360 nauta
1047 1325 1230 1368 conduxit,

143 1375 213 1410 ex⁸
236 1375 354 1409 locato
381 1372 626 1408 convenietur:
660 1370 724 1406 sed
754 1371 785 1406 si
816 1370 928 1423 gratis
958 1380 1016 1406 res
1041 1373 1232 1415 susceptae

141 1419 223 1461 sint,
260 1419 312 1454 ait
341 1417 561 1462 Pomponius
594 1415 747 1461 depositi
778 1425 836 1461 agi
866 1415 1040 1461 potuisse.
1081 1415 1232 1450 miratur

140 1464 258 1509 igitur,
284 1474 348 1499 cur
371 1462 564 1498 honoraria
587 1462 682 1496 actio
715 1461 762 1496 sit
785 1460 945 1503 inducta,
980 1471 1062 1496 cum
1085 1461 1157 1496 sint
1180 1460 1230 1495 ci-

140 1509 245 1544 viles:
270 1508 339 1544 nisi
360 1507 465 1549 forte,
490 1507 614 1552 inquit,
639 1506 732 1549 ideo,
758 1509 798 1542 ut
820 1506 1062 1542 innotesceret
1085 1509 1231 1552 praetor

142 1565 265 1590 curam
299 1563 404 1599 agere
441 1551 686 1604 reprimendae
728 1550 969 1596 improbitatis
1005 1551 1075 1587 hoc
1116 1561 1230 1597 genus

141 1599 343 1635 hominum:
377 1601 413 1634 et
437 1607 521 1642 quia
543 1597 582 1632 in
605 1597 724 1632 locato
750 1596 928 1632 conducto
954 1597 1082 1642 culpa,
1106 1597 1145 1631 in
1168 1596 1229 1631 de-

139 1644 258 1690 posito
281 1643 383 1679 dolus
404 1642 591 1678 dumtaxat
609 1645 827 1687 praestatur,
853 1645 892 1677 at
910 1642 982 1677 hoc
1011 1641 1128 1677 edicto
1153 1651 1228 1676 om-

139 1689 283 1726 nimodo
308 1689 369 1734 qui
391 1688 549 1732 recepit⁷
573 1690 726 1730 tenetur,
751 1686 891 1722 etiamsi
914 1686 993 1722 sine
1019 1687 1127 1733 culpa
1153 1686 1229 1722 eius

139 1745 197 1771 res
247 1734 327 1770 eriit
348 1733 403 1769 vel
426 1734 594 1768 damnum
619 1732 741 1768 datum
767 1735 831 1774 est,
857 1731 927 1767 nisi
945 1731 976 1767 si
1019 1732 1081 1767 uid
1099 1732 1228 1767 damno

139 1780 217 1815 fata
259 1779 441 1824 contingit.
473 1778 558 1813 inde
569 1778 692 1813 Labeo
718 1777 854 1820 scribit,
879 1777 910 1812 si
934 1777 994 1822 qui
1041 1777 1228 1822 naufragio

141 1829 206 1860 aut
235 1835 301 1870 per
323 1824 394 1859 vim
424 1824 624 1868 piratarum
658 1823 823 1868 perierit,
856 1833 929 1857 non
961 1833 1040 1858 esse
1069 1822 1230 1867 iniquum

140 1870 386 1915 exceptionem
417 1868 450 1904 ei
484 1868 572 1903 dari.
608 1867 704 1903 idem
738 1868 806 1903 erit
840 1867 1030 1903 dicendum
1066 1872 1101 1903 et
1131 1867 1162 1903 si
1192 1868 1230 1902 in

140 1918 161 1951 2
209 1914 349 1950 stabulo
362 1914 472 1950 autin
486 1923 650 1958 caupona
661 1913 714 1949 vis
726 1913 840 1948 maior
860 1913 1057 1958 contigerit.
1092 1912 1229 1948 Eodem

140 1961 246 1996 modo
258 1963 425 1996 tenentur
445 1969 627 2004 caupones
649 1962 684 1994 et
705 1958 903 2000 stabularii,
929 1969 1000 2003 quo
1023 1962 1229 1993 exercentes

141 2005 321 2050 negotium
344 2015 448 2040 suum
470 2003 664 2049 recipiunt:
691 2007 849 2039 ceterum
873 2003 903 2038 si
928 2007 1029 2038 extra
1050 2003 1229 2048 negotium

142 2054 161 2086 3
210 2053 423 2096 receperunt
433 2050 457 2091 ⁸,
490 2059 563 2084 non
594 2049 821 2084 tenebuntur.
879 2048 917 2082 Si
947 2048 1042 2083 filius
1074 2048 1229 2083 familias

141 2099 205 2131 aut
230 2105 352 2131 servus
369 2094 546 2139 receperit
569 2097 605 2129 et
623 2094 789 2129 voluntas
837 2093 941 2128 atris⁰
965 2092 1099 2128 domini
1117 2093 1227 2128 inter-

141 2141 247 2182 venit,
278 2140 316 2175 in
340 2138 492 2175 solidum
516 2138 584 2174 erit
615 2138 810 2175 convenien
836 2149 890 2173 us.
926 2138 1011 2173 item
1043 2138 1074 2174 si
1105 2149 1228 2173 servus

141 2185 347 2221 exerciteris
372 2184 552 2229 subripuit
573 2184 629 2219 vel
652 2183 820 2219 damnum
844 2183 952 2225 dedit,
976 2183 1115 2218 noxalis
1134 2183 1227 2219 actio

141 2230 307 2273 cessabit,
332 2230 418 2282 quia
441 2230 487 2265 ob
505 2233 689 2274 receptum
708 2239 773 2264 suo
793 2228 936 2264 nomine
956 2228 1120 2263 dominus
1142 2239 1227 2264 con-

140 2275 290 2311 venitur.
327 2285 382 2310 sm
402 2285 484 2310 vero
506 2274 582 2309 sine
602 2274 786 2310 voluntate
805 2277 1007 2316 exerceant,
1032 2273 1077 2308 de
1088 2273 1227 2319 peculio

140 2325 161 2356 4
209 2320 362 2356 dabitur.
408 2320 509 2355 Haec
532 2323 652 2355 autem
675 2319 727 2355 rei
749 2318 1034 2372 persecutionem
1058 2319 1227 2361 continet,

139 2370 189 2401 utt
198 2365 418 2410 Pomponius
439 2365 508 2407 ait,
534 2368 570 2399 et
591 2364 670 2400 ideo
696 2368 732 2399 et
754 2375 793 2399 111
812 2363 981 2399 heredem
1000 2367 1036 2399 et
1054 2368 1226 2409 perpetuo

140 2415 159 2447 5
208 2410 395 2447 dabitur¹⁰.
439 2409 639 2446 Novissime
662 2409 897 2452 videndumst,
922 2419 969 2444 an
993 2409 1153 2444 eiusdem
1175 2410 1227 2444 rei

140 2457 283 2493 nomine
317 2460 353 2491 et
385 2455 429 2490 de
462 2458 607 2501 recepto
643 2454 837 2491 honoraria
880 2454 1022 2489 actione
1064 2457 1100 2490 et
1140 2454 1228 2489 furti

141 2501 316 2547 agendum
339 2501 401 2536 sit:
428 2504 464 2536 et
475 2500 563 2536 Pom
590 2500 693 2536 onius
713 2499 872 2535 dubitat:
897 2499 961 2535 sed
972 2499 1084 2544 magis
1097 2503 1163 2542 est,
1187 2503 1228 2534 ut

139 2547 195 2582 vel
219 2545 338 2582 officio
362 2545 490 2581 iudicis
523 2511 587 2581 vei)
610 2545 681 2582 doli
713 2545 923 2590 exceptione
948 2545 1124 2579 alterutra
1148 2554 1228 2580 esse

141 2595 330 2627 contentus
355 2591 493 2626 debeat.

186 2635 212 2673 4
236 2636 395 2672 Psvws
415 2636 506 2671 libro
531 2637 636 2671 tertio
660 2636 799 2672 decimo
823 2635 874 2671 ad
895 2635 1050 2671 edictum
1098 2634 1168 2670 Sed
1192 2638 1228 2670 et

139 2681 209 2726 ipsi
232 2686 365 2716 nautae
386 2680 473 2715 furti
496 2681 589 2716 actio
615 2681 795 2727 competit,
821 2681 962 2717 cuius¹²
984 2680 1032 2716 sit
1053 2680 1226 2725 periculo,

141 2726 209 2761 nisi
225 2726 255 2761 si
278 2726 354 2770 ipse
378 2726 553 2770 subripiat
569 2731 604 2761 et
621 2731 747 2771 postea
770 2726 816 2762 ab
841 2736 883 2762 eo
908 2725 1139 2771 subripiatur,
1164 2729 1228 2760 aut

143 2774 158 2806 1
210 2771 278 2806 alio
304 2771 520 2815 subripiente
552 2771 629 2815 ipse
652 2775 764 2807 nauta
788 2771 959 2807 solvendo
983 2781 1057 2806 non
1081 2771 1139 2806 sit.
1189 2770 1227 2805 Si

141 2819 253 2851 nauta
264 2820 404 2866 nautae,
428 2816 643 2852 stabularius
664 2816 863 2858 stabularii,
884 2826 1000 2861 caupo
1020 2815 1227 2861 cauponis¹³

141 2863 162 2896 2
208 2866 401 2905 receperit,
434 2871 476 2896 ae
502 2871 547 2896 ue
577 2862 766 2897 tenebitur.
813 2861 985 2897 Vivianus
1009 2861 1098 2896 dixit
1121 2860 1227 2896 etiam

141 2905 188 2941 ad
208 2915 269 2941 eas
289 2915 345 2940 res
366 2905 435 2940 hoc
455 2916 474 2940 e
502 2906 608 2941 'ctum
627 2907 814 2951 pertinere,
835 2917 928 2952 quae
947 2910 1031 2952 post
1041 2906 1226 2952 impositas

140 2960 278 2986 merces
300 2951 337 2985 in
360 2960 485 2985 navem
515 2950 723 2997 locatasque
754 2951 971 2995 inferentur,
1005 2951 1071 2987 etsi
1104 2961 1227 2987 earum

139 2999 288 3031 vectura
309 3005 382 3046 non
407 2994 566 3037 debetur,
592 3001 630 3030 ut
652 2997 955 3040 vestimentorum,
980 2996 1124 3042 penoris
1149 3000 1225 3032 cot·

139 3039 288 3120 tidiagi,
305 3049 404 3119 tquia
437 3039 526 3075 haec
557 3040 636 3085 ipsa
669 3047 866 3077 ceterarum
901 3052 1020 3077 rerum
1055 3041 1226 3077 locationi

141 3095 230 3121 acce
254 3096 303 3120 un
323 3112 331 3120 .

187 3129 213 3167 5
240 3129 365 3166 Galus
373 3128 464 3165 libro
476 3130 601 3175 quinto
615 3131 663 3165 ad
671 3131 823 3167 edictum
830 3131 1059 3178 provinciale
1104 3130 1227 3167 Nauta

141 3179 178 3211 et
201 3185 317 3227 caupo
343 3178 379 3210 et
401 3174 619 3209 stabularius
642 3177 840 3212 mercedem
864 3177 1047 3222 accipiunt
1065 3186 1138 3212 non
1159 3187 1225 3221 pro

141 3219 326 3273 custodia,
358 3218 422 3254 sed
453 3223 564 3271 nauta
595 3223 636 3254 ut
659 3221 802 3256 traiciat
824 3226 1004 3264 vectores,
1038 3232 1155 3273 caupo
1186 3225 1228 3256 ut

139 3269 297 3301 viatores
319 3274 464 3300 manere
486 3275 523 3299 111
548 3275 712 3309 caupona
735 3267 911 3310 patiatur,
944 3267 1161 3302 stabularius
1185 3270 1227 3301 ut

140 3310 324 3356 permittat
358 3309 518 3344 iumenta
552 3309 647 3354 apud
683 3320 762 3345 eum
798 3312 990 3347 stabulari:
1035 3315 1071 3347 et
1105 3315 1227 3346 tamen

141 3425 190 3465 (1)
215 3422 394 3455 intulimus
417 3421 469 3455 Γ*
582 3425 628 3463 (2)
654 3425 841 3463 anteJame
855 3425 936 3457 Hal.
1040 3427 1086 3466 (3)
1112 3424 1226 3466 adsig-

140 3468 237 3500 nitae
250 3467 285 3501 F
449 3468 495 3508 (4)
521 3477 559 3499 ex
573 3466 610 3507 S,
624 3470 658 3498 et
671 3467 704 3499 F
867 3474 913 3506 ⁴5)
938 3469 1008 3510 sed]
1023 3469 1154 3501 scilicet
1166 3481 1228 3502 scr.

141 3515 189 3555 (ο)
216 3517 249 3545 et
260 3511 320 3546 FS
446 3512 494 3553 (Ἰ)
519 3512 685 3553 receperit
696 3512 730 3544 F
735 3512 749 3531 ²
888 3515 934 3555 (8)
959 3514 1154 3556 reciperunt
1167 3512 1228 3553 ΙΝ,

141 3558 327 3600 reciperint
337 3557 373 3590 F
380 3556 391 3578 ¹
543 3560 589 3598 (⁹)
613 3560 673 3589 aut
687 3558 745 3590 ine.
761 3556 794 3590 P

959 3721 1179 3728 ——

935 3561 963 3600 (ι
973 3561 1005 3600 ο)
1031 3559 1131 3591 datur
1142 3558 1194 3592 F²
1204 3557 1232 3591 S
1301 3560 1450 3591 vectores
1463 3557 1564 3590 simul
1577 3561 1696 3590 nautas

1241 73 1300 122 72
1678 89 1859 122 mursa
1888 90 2017 123 esur.
2047 91 2170 124 sun.
2201 93 2260 125 m·
2285 93 2383 143 asc.

1301 197 1488 234 custodiae
1505 199 1647 235 nomine
1665 203 1843 236 tenentur.
1879 210 1963 236 nam
1984 205 2020 236 et
2037 201 2128 236 fullo
2141 205 2177 237 et
2188 201 2389 239 sarcinator

1301 253 1373 279 non
1388 253 1454 288 pro
1472 243 1648 324 custoditi,di
1672 245 1736 281 sed
1750 256 1817 298 pro
1834 249 1913 281 arte
1927 246 2126 282 mercedem
2142 247 2334 292 accipiunt,
2354 251 2388 283 et

1300 292 1632 414 ἑαῇζξῗιέἶῧᾮὲ
1649 291 2388 416 ”fiximzfflffiffdssfssffffffiffi‚3332&

1466 391 1475 414 :
1511 390 1536 414 n
1560 390 1585 414 11
1629 390 1703 415 111111
1759 391 1783 415 u

1301 389 1540 459 salvumglfore
1561 424 1636 460 reci
1660 424 1706 468 it,
1731 391 1995 461 nonlsolugpg
2013 391 2213 469 ffiriofgffi
2236 392 2389 463 (11ῗίὣῖ

1302 468 1432 504 damno
1456 469 1637 514 recipere¹
1678 469 1851 506 videatur.

1348 511 1373 550 6
1398 512 1559 549 Panas
1598 514 1689 550 libro
1724 516 1915 552 vicensimo
1949 515 2108 552 secundo
2152 515 2202 551 ad
2235 516 2388 552 edictum

1300 558 1405 594 Licet
1426 558 1538 604 gratis
1561 559 1779 605 navigaveris
1801 560 1858 596 vel
1880 561 1918 596 in
1941 570 2107 606 caupona
2130 561 2242 607 gratis
2267 561 2388 597 dever-

1301 604 1399 683 tieri's,
1423 614 1501 656 non
1521 607 1642 684 taimen
1663 605 1702 640 in
1720 604 1862 658 factum
1885 606 2046 642 actiones
2070 606 2147 686 tibiS
2159 606 2387 652 denegabun-

1386 658 1430 684 ur
1473 659 1504 685 si
1552 659 1695 686 amnum
1717 661 1848 686 miuria
1897 661 1999 686 assus
2066 677 2074 686 .
2150 651 2158 658 “

1301 693 1339 728 in
1363 675 1453 729 nav’e
1474 693 1531 729 vel
1553 694 1591 729 in
1615 704 1780 740 caupona
1802 662 1918 731 uthis
1942 699 1978 731 et
2010 660 2299 731 (fgmussnsffl
2309 662 2389 732 Πέἰῑῖ

1301 738 1357 790 yel
1379 738 1515 774 furtum
1537 738 1660 783 faciat,
1708 750 1899 786 uamquam
1924 744 1960 776 et
1981 740 2071 775 furti
2093 741 2188 776 actio
2213 745 2250 776 et
2269 740 2390 777 damni

1301 784 1430 819 iniuria
1446 794 1590 836 ‚mecum
1614 785 1671 838 sit,
1721 795 1786 838 aec
1809 790 1930 838 tamen
1954 785 2061 828 actio,
2085 786 2170 830 quia
2191 786 2230 821 in
2251 785 2389 822 factum

1300 833 1394 909 3²32&
1408 832 1646 918 {2352
1669 829 2112 911 ffifflcssssffiffisaffifflffi
2139 834 2389 921 &mamm

1300 919 1386 954 mihi
1407 920 1629 964 praestiteris
1651 920 1725 956 eius
1746 920 1898 962 nomine,
1923 920 1978 955 vel
1998 921 2178 956 communi
2198 920 2388 957 dividundo

1300 964 1356 999 vel
1403 974 1444 1000 ro
1469 965 1567 1001 socio
1592 965 1752 1007 actione,
1791 969 1856 1000 aut
1881 965 1911 1001 si
1960 970 2074 1001 artem
2098 965 2173 1002 eius
2197 966 2253 1002 vel
2274 969 2389 1002 totum

1302 1019 1369 1044 con
1397 1009 1516 1052 uxisti,
1541 1009 1650 1045 etiam
1673 1021 1717 1046 ex
1741 1010 1919 1046 conducto
1965 1010 2087 1046 abebis
2107 1021 2164 1046 me
2183 1011 2387 1057 obligatum.

1301 1056 1321 1089 2
1370 1053 1441 1090 Sed
1464 1054 1495 1090 si
1518 1054 1685 1091 damnum
1708 1055 1745 1090 in
1770 1065 1811 1091 eo
1836 1055 1960 1091 datum
1983 1056 2030 1091 sit
2052 1055 2099 1090 ab
2133 1055 2225 1099 alio,
2258 1057 2318 1101 qui
2353 1057 2389 1091 in

1301 1099 1425 1134 eadem
1448 1110 1539 1135 nave
1561 1100 1618 1135 vel
1642 1110 1808 1145 caupona
1831 1104 1903 1142 est,
1938 1101 2040 1136 cuius
2070 1095 2208 1136 fa'ctum
2239 1105 2387 1146 praetor

1300 1145 1489 1180 aestimare
1511 1145 1621 1188 solet,
1652 1156 1726 1180 non
1757 1148 1863 1190 putat
1885 1145 2105 1191 Pomponius
2138 1145 2213 1181 eius
2246 1147 2388 1182 nomine

1301 1192 1321 1224 3
1368 1190 1462 1225 hanc
1482 1190 1660 1226 actionem
1679 1191 1802 1225 utilem
1824 1190 1995 1226 futuram.
2030 1191 2074 1225 In
2091 1189 2229 1226 factum
2249 1191 2390 1227 actione

1301 1245 1417 1280 caupo
1440 1238 1585 1271 tenetur
1605 1246 1672 1281 pro
1695 1236 1772 1277 his,
1805 1236 1866 1281 qui
1888 1235 2075 1271 habitandi
2099 1245 2211 1271 causa
2240 1236 2279 1271 in
2303 1246 2388 1271 cau-

1300 1290 1395 1324 pona
1429 1283 1531 1315 sunt:
1567 1280 1637 1316 hoc
1673 1284 1793 1315 autem
1825 1291 1898 1316 non
1928 1281 2085 1325 pertinet
2115 1280 2163 1315 ad
2195 1291 2294 1324 eum,
2330 1282 2389 1327 qui

1300 1328 1322 1360 4
1368 1326 1522 1370 hospitio
1549 1333 1589 1358 re
1617 1326 1731 1361 entino
1763 1326 1954 1371 recipitur,
1987 1326 2097 1360 veluti
2126 1326 2251 1361 viator.
2299 1326 2388 1362 Pos-

1300 1380 1422 1405 sumus
1446 1374 1567 1405 autem
1605 1372 1674 1405 urti
1689 1371 1743 1406 vel
1764 1371 1884 1406 damni
1903 1371 2053 1406 iniuriae
2070 1371 2213 1407 actione
2233 1372 2287 1406 uti
2308 1382 2389 1407 cum

1300 1415 1438 1458 nautis,
1471 1419 1511 1451 ut
1535 1417 1623 1451 certi
1646 1416 1799 1451 hominis
1822 1415 1959 1451 factum
1982 1426 2192 1461 arguamus:
2229 1416 2293 1452 sed
2317 1427 2389 1452 una

1301 1460 1460 1496 contenti
1483 1470 1562 1496 esse
1586 1460 1811 1504 debebimus,
1836 1464 1873 1496 et
1895 1461 1926 1496 si
1950 1471 2032 1496 cum
2056 1461 2254 1497 exercitore
2277 1462 2387 1507 egeri-

1300 1516 1390 1549 mus,
1414 1509 1599 1551 praestare
1623 1506 1655 1541 ei
1679 1505 1847 1542 debemus
1869 1506 2029 1542 actiones
2048 1510 2203 1550 nostras,
2229 1507 2388 1552 quamvis

1300 1561 1346 1586 ex
1369 1550 1548 1587 conducto
1572 1551 1667 1587 actio
1701 1551 1872 1587 adversus
1897 1561 1958 1587 eos
1983 1555 2165 1596 competat
2188 1552 2386 1593 exercitori.

1300 1595 1363 1631 sed
1397 1596 1429 1631 si
1462 1596 1649 1632 absolutus
1681 1596 1728 1632 sit
1760 1596 1936 1632 exercitor
1966 1597 2036 1632 hac
2067 1596 2227 1640 actione,
2262 1597 2389 1633 deinde

1299 1643 1428 1693 agatur
1451 1651 1533 1677 cum
1556 1645 1688 1693 nanta,
1720 1641 1883 1694 exceptio
1908 1641 2071 1685 dabitur,
2106 1651 2153 1677 ne
2175 1643 2322 1695 saepius
2344 1642 2389 1678 de

1300 1686 1459 1767 enisdntiisem
1481 1686 1637 1767 hoinimls1
1658 1686 1812 1739 admisso
1834 1690 2055 1767 {luaerattund
2077 1690 2268 1767 etdcontraf,
2293 1687 2389 1768 sssudg

1300 1742 1321 1766 a
1415 1742 1589 1767 soumus
1639 1742 1999 1774 om1msacumsi,
2057 1742 2310 1768 ememac

1299 1777 1442 1813 actione
1464 1780 1602 1822 agatur,
1627 1777 1791 1822 exceptio
1816 1776 1970 1812 dabitur.

1347 1820 1371 1858 7
1403 1821 1599 1858 ULPJANUS
1617 1822 1708 1858 libro
1722 1825 1848 1858 octavo
1860 1822 1997 1858 decimo
2011 1821 2061 1857 ad
2072 1821 2226 1858 edictum
2272 1821 2388 1858 Debet

1299 1868 1475 1903 exercitor
1498 1867 1654 1903 omnium
1677 1871 1869 1903 nautarum
1889 1877 2046 1909 suorum,
2070 1867 2144 1902 sive
2162 1867 2264 1902 liberi
2284 1867 2389 1903 sint¹⁵

1299 1913 1372 1949 sive
1404 1913 1516 1955 servi,
1546 1913 1684 1948 factum
1714 1916 1915 1958 praestare:
1949 1922 2016 1948 nec
2044 1912 2219 1948 immerito
2252 1912 2388 1949 factum

1299 1968 1422 1994 eorum
1440 1961 1613 2003 praestat,
1639 1968 1720 1993 cum
1741 1958 1820 2003 ipse
1838 1967 1899 1993 eos
1919 1967 1985 1992 suo
1998 1957 2157 2003 periculo
2170 1957 2386 1993 adhibuerit.

1299 2003 1363 2039 sed
1386 2013 1459 2038 non
1483 2003 1572 2038 alias
1595 2006 1777 2048 praestat,
1810 2012 1918 2048 quam
1949 2003 1980 2037 si
2010 2003 2048 2037 in
2069 2002 2150 2047 ipsa
2173 2012 2262 2038 nave
2286 2002 2384 2038 dam·

1298 2059 1383 2083 num
1403 2047 1526 2083 datum
1544 2048 1607 2083 sit:
1634 2051 1792 2083 ceterum
1811 2047 1842 2082 si
1863 2051 1964 2083 extra
1987 2057 2114 2083 navem
2126 2047 2387 2090 licetanautis,

1299 2103 1371 2128 non
1393 2093 1601 2139 praestabit.
1635 2092 1721 2128 item
1744 2093 1775 2128 si
1806 2092 2042 2137 praedixerit,
2074 2096 2115 2128 ut
2146 2093 2390 2139 unusquisque

1299 2141 1482 2173 vectorum
1510 2148 1568 2173 res
1603 2148 1688 2173 suas
1721 2141 1837 2173 servet
1869 2147 1984 2183 neque
2015 2137 2185 2173 damnum
2215 2147 2254 2173 se
2284 2148 2386 2183 prae-

1299 2187 1496 2263 staturum,
1522 2187 1558 2219 et
1581 2183 1828 2262 cofisenserirtilt
1850 2187 2011 2261 vectssres
2034 2182 2290 2262 praediictitini,
2315 2193 2387 2219 non

1367 2228 1587 2264 convenitur.
1659 2238 1724 2263 aec
1747 2237 1790 2263 ac
1810 2227 1842 2263 ‘o
1865 2228 1910 2262 in·
1943 2231 2063 2262 actum
2086 2228 2123 2262 in
2172 2238 2194 2262 u
2236 2238 2296 2263 um
2320 2231 2383 2263 est.

1298 2276 1318 2308 2
1366 2273 1437 2308 Sed
1460 2273 1491 2309 si
1515 2272 1602 2319 quid
1625 2276 1758 2308 nautae
1780 2272 1875 2308 inter
1906 2282 1945 2307 se
1968 2272 2087 2307 damni
2111 2238 2292 2313 dedei'int,
2315 2272 2386 2308 hoc

1298 2318 1345 2354 ad
1368 2318 1599 2354 exercitorem
1621 2328 1695 2353 non
1716 2317 1882 2370 pertinet.
1909 2316 1972 2352 sed
1995 2317 2026 2353 si
2049 2318 2129 2362 quis
2152 2317 2200 2352 sit
2219 2320 2332 2353 nauta
2352 2322 2389 2353 et

1298 2367 1485 2407 mercator,
1510 2363 1653 2399 debebit
1674 2362 1726 2398 ilh
1749 2362 1877 2398 dari¹⁶z
1903 2361 1999 2408 quod
2022 2362 2053 2397 si
2071 2362 2152 2408 quis
2173 2372 2263 2408 quos
2282 2363 2385 2407 volgo

1299 2407 1593 2453 vammssdvaew
1617 2408 1752 2450 dicunt,
1777 2411 1814 2443 et
1835 2407 1921 2443 huic
1944 2407 2135 2450 tenebitur,
2159 2407 2257 2443 sed¹⁸
2278 2407 2386 2443 huius

1297 2457 1317 2489 3
1363 2453 1499 2490 factum
1533 2456 1711 2498 praestat,
1752 2463 1833 2488 cum
1867 2452 1915 2488 sit
1950 2456 1986 2487 et
2020 2456 2143 2488 nauta.
2193 2451 2231 2488 Si
2262 2462 2387 2488 servus

1296 2502 1429 2534 nautae
1452 2499 1621 2534 damnum
1645 2498 1800 2541 dederit,
1830 2497 1915 2533 licet
1946 2507 2070 2533 servus
2094 2501 2208 2533 nauta
2230 2508 2303 2533 non
2328 2498 2384 2539 sit,

1296 2544 1548 2624 {eqffisimuitn
1568 2544 1636 2579 erit
1652 2543 1691 2623 itil
1712 2542 2274 2622 exercitorem.actionem{1tile;m
2289 2542 2384 2622 dare.

1424 2600 1443 2624 c
1684 2598 1752 2623 one
1775 2598 1792 2623 s
2051 2599 2074 2622 x

1297 2634 1424 2680 culpae
1448 2599 1588 2670 5ἰὶἳίἒέ
1607 2599 1695 2669 ἓιξαε
1719 2633 1780 2679 qui
1795 2598 2386 2669 {gltssoffdlffibgit‘ircetoidegnztugi

1297 2679 1525 2723 decesserint,
1550 2690 1622 2715 non
1645 2678 1868 2714 relevabitur.
1894 2688 2075 2714 servorum
2097 2682 2217 2713 autem
2239 2688 2385 2713 suorum

1297 2725 1440 2760 nomine
1463 2725 1585 2760 noxali
1610 2724 1797 2759 dumtaxat
1827 2726 1985 2759 tenetur:
2021 2732 2104 2757 nam
2137 2733 2218 2758 cum
2250 2723 2385 2759 alienos

1297 2770 1454 2812 adhibet,
1480 2769 1667 2822 explorare
1686 2780 1766 2804 eum
1786 2771 1938 2814 oportet,
1963 2768 2065 2803 cuius
2089 2768 2182 2810 fidei,
2208 2768 2308 2803 cuius
2329 2768 2383 2803 in-

1297 2815 1484 2851 nocentiae
1508 2818 1599 2850 smt:
1632 2815 1670 2850 in
1701 2814 1776 2850 suis
1806 2813 1910 2849 venia
1934 2812 2060 2858 dignus
2086 2817 2158 2855 est,
2183 2812 2214 2848 si
2239 2813 2379 2864 quales-

1297 2865 1316 2895 5
1365 2860 1488 2906 quales
1501 2860 1547 2895 ad
1558 2858 1804 2895 instruendam
1815 2867 1940 2893 navem
1953 2857 2164 2893 adhibuerit.
2215 2857 2384 2903 S1plures

1296 2916 1422 2941 navem
1447 2908 1648 2947 exerceant,
1672 2903 1916 2949 unusquisque
1939 2914 2005 2948 pro
2026 2907 2140 2955 parte,
2165 2913 2238 2948 qua
2258 2913 2384 2938 navem

1297 2955 1316 2987 6
1364 2954 1517 2994 exercet,
1542 2949 1760 2986 convenitur.
1808 2948 1908 2983 Haec
1930 2948 2064 2983 iudicia
2087 2948 2246 2993 quamvis
2269 2948 2382 2983 hono-

1296 2995 1392 3031 raria
1414 2999 1509 3038 sunt,
1533 2999 1654 3030 tamen
1676 2997 1852 3046 perpetua
1876 2998 1979 3028 sunt:
2014 2993 2051 3028 in
2074 2992 2240 3028 heredem
2263 2997 2382 3028 autem

1297 3051 1368 3076 non
1392 3040 1584 3076 dabuntur.
1620 3038 1769 3084 proinde
1800 3042 1837 3073 et
1866 3038 1897 3073 si
1921 3048 2044 3074 servus
2068 3048 2195 3073 navem
2226 3037 2385 3073 exercuit

1296 3090 1332 3121 et
1354 3090 1516 3122 mortuus
1541 3089 1606 3126 est,
1639 3083 1682 3119 de
1705 3083 1846 3128 peculio
1871 3094 1943 3163 11311
1968 3083 2121 3163 dabiturl
2136 3083 2231 3118 actio
2255 3082 2293 3117 in
2317 3082 2380 3117 do·

1333 3131 1341 3138 '
1452 3139 1519 3165 nec
1550 3129 1646 3164 intra
1676 3139 1819 3163 annum.
1857 3138 1895 3163 se
1952 3138 2033 3163 cum
2064 3139 2085 3163 v
2122 3131 2247 3163 untate
2295 3127 2383 3162 atris

1294 3141 1507 3211 ffinffiimffi
1528 3183 1650 3210 servus
1674 3173 1728 3209 vel
1751 3173 1845 3208 filius
1870 3177 2037 3208 exercent
2059 3138 2185 3208 ngvem
2217 3138 2381 3207 velpcau-

1295 3231 1427 3301 1101ῐί13111
1448 3219 1505 3256 vel
1535 3218 1735 3298 stalzuligni),
1767 3223 1856 3263 puto
1889 3218 1995 3270 etiam
2018 3218 2112 3270 hanc
2144 3217 2322 3297 actioknem
2344 3217 2382 3252 in

1295 3276 1450 3356 {31quss
1473 3273 1928 3353 ffissssssdtmerssssssaeriss?
1951 3272 2082 3305 ΟΜ*
2106 3271 2200 3308 ⁴¹¹¹⁸⁶
2222 3272 2236 3297 ¹
2260 3272 2273 3296 ¹
2296 3271 2365 3297 ⁰⁰¹¹

1300 3427 1369 3465 (ιι)
1393 3422 1607 3455 videtdumF
1695 3426 1762 3461 (121
1789 3422 1898 3462 cuius]
1913 3431 1985 3453 cum
1998 3420 2071 3453 eius
2082 3432 2144 3453 scr.
2234 3421 2303 3460 (13)
2328 3429 2381 3451 res

1299 3469 1359 3502 ins.
1374 3469 1449 3502 dett.
1597 3469 1666 3507 (14)
1691 3466 1844 3499 recedere
1856 3466 1891 3498 F
1899 3466 1909 3486 ¹
2055 3468 2085 3505 (1
2093 3469 2124 3504 5)
2148 3463 2248 3497 liberi
2259 3464 2329 3497 sint
2341 3464 2380 3504 S,

1299 3513 1424 3546 liberin
1437 3513 1511 3553 W,
1535 3511 1718 3545 libai-im
1802 3516 1870 3551 (16)
1896 3514 1930 3543 et
1941 3509 2093 3544 ineps
2172 3511 2242 3550 (17)
2267 3510 2378 3543 {desei

1790 3557 1859 3596 (18)
1883 3555 1940 3588 sed
1951 3558 1985 3588 et
1998 3556 2073 3589 deu.
