2528 3918
184 124 342 168 XVIIII
373 126 398 165 5

182 247 303 284 similis
328 246 395 281 erit
416 242 575 280 mandati
597 243 750 287 actioni,
774 243 1071 290 quemadmodum
1093 242 1131 278 in
1154 251 1260 287 supe-

180 297 199 328 5
246 292 400 328 rioribus
432 289 574 325 casibus
605 288 776 325 locationi
806 293 843 326 et
877 289 1057 335 emptioni.
1106 287 1145 323 Si
1180 297 1261 332 ergo

179 338 268 373 haec
292 339 394 378 sunt,
426 334 489 370 ubi
512 334 556 369 de
578 332 742 371 faciendo
767 334 813 370 ab
836 337 989 380 utroque
1013 332 1193 375 convenit,
1227 335 1262 367 et

179 383 216 418 in
246 380 430 427 proposita
460 378 667 424 quaestione
689 379 783 415 idem
805 379 875 415 dici
898 382 1018 432 potest
1040 382 1075 414 et
1097 387 1261 414 necessa-

179 428 231 463 rio
256 426 426 471 sequitur,
450 428 492 460 ιιι
509 424 584 460 eius
603 423 668 460 fiat
687 425 947 467 condemnatio,
972 423 1097 469 quanti
1115 423 1264 458 interest

179 482 257 507 mea
276 481 415 506 servum
433 469 567 505 habere
586 480 690 516 quem
709 470 907 506 manumisi.
945 479 991 504 an
1016 467 1263 504 deducendum

179 517 263 558 erit,
299 514 394 561 quod
428 514 595 550 libertum
627 515 769 551 habeo?
815 514 879 551 sed
920 515 989 550 hoc
1029 523 1102 549 non
1145 515 1265 558 potest

179 561 369 597 aestimari.

225 603 249 643 6
284 605 396 640 Nem
404 614 490 640 rws
522 604 613 641 libro
643 606 765 652 primo
798 616 857 640 res
883 614 1051 640 onsorum
1105 603 1264 638 Insulam

178 652 247 687 hoc
271 650 395 692 modo,
427 653 468 686 ut
498 649 604 685 aliam
626 650 778 686 insulam
802 660 840 685 re
868 659 985 691 ceres,
1017 648 1170 684 vendidi.
1206 658 1263 683 re·

179 696 322 742 spondit
340 695 474 730 nullam
494 705 572 731 esse
589 695 838 737 venditionem,
862 694 926 730 sed
951 693 1043 730 civili
1067 692 1265 729 intentione

179 741 306 777 incerti
330 740 506 786 agendum
529 744 585 776 est
599 742 619 776 ¹.

225 783 248 823 7
273 785 519 821 Papmmws
539 786 629 821 libro
652 784 808 821 secundo
833 785 1083 830 quaestionum
1130 782 1168 819 Si
1199 782 1265 818 tibi

178 832 301 868 decem
325 830 467 874 dedero,
491 835 533 866 ut
552 830 712 866 Stichum
736 830 976 873 manumittas,
1002 832 1039 865 et
1058 828 1264 870 cessaveris,

178 875 366 913 confestim
388 885 491 922 agam
514 876 742 922 praescriptis
765 875 898 917 verbis,
929 878 970 911 ut
1000 874 1118 910 solvas
1166 873 1266 908 uanti

178 932 257 958 mea
279 921 444 957 interest:
469 925 542 964 aut,
567 922 598 957 si
622 921 709 956 nihil
732 921 890 962 interest,
916 919 1101 956 condicam
1126 919 1152 954 ti
1178 919 1201 961 i,
1225 921 1267 954 ut

178 967 301 1003 decem
324 966 465 1003 reddas.

223 1007 249 1050 8
281 1011 390 1047 IDEM
419 1011 509 1048 libro
545 1011 710 1047 vicesimo
745 1011 896 1057 septimo
932 1010 1181 1056 quaestionum
1228 1007 1266 1043 Si

177 1056 342 1094 dominus
365 1067 523 1097 servum,
548 1067 628 1092 cum
652 1055 773 1091 furto²
796 1059 1022 1100 argueretur,
1047 1053 1266 1100 quaestionis

177 1102 363 1138 habendae
398 1112 509 1138 causa
543 1101 768 1136 aestimatum
801 1100 958 1136 dedisset
991 1110 1107 1146 neque
1141 1099 1186 1135 de
1221 1108 1264 1134 eo

178 1151 397 1200 compertum
420 1147 547 1183 fuisset
570 1150 606 1182 et
628 1146 658 1181 is
690 1156 761 1181 non
792 1145 1020 1188 redderetur,
1052 1155 1093 1181 eo
1124 1144 1267 1180 nomine

178 1193 325 1229 civiliter
356 1192 414 1238 agi
444 1202 568 1238 posse,
602 1191 686 1227 licet
716 1190 833 1235 aliquo
867 1201 953 1226 casu
985 1201 1126 1226 servum
1148 1192 1264 1225 reten-

176 1242 280 1274 turus
305 1242 409 1280 esset,
434 1237 495 1283 qui
518 1236 687 1271 traditum
711 1236 918 1281 accepisset.
950 1239 1070 1281 potest
1093 1235 1185 1271 enim
1208 1244 1263 1270 re-

176 1283 291 1319 tinere
321 1293 481 1325 servum,
514 1282 587 1317 sive
618 1281 781 1317 dominus
810 1292 874 1327 pro
909 1291 950 1317 eo
982 1281 1171 1326 pecuniam
1194 1279 1264 1315 ele·

175 1329 286 1375 gisset
308 1328 382 1364 sive
404 1328 440 1363 in
459 1327 612 1363 admisso
634 1326 873 1371 deprehensus
892 1325 1037 1362 fuisset:
1061 1329 1149 1361 tunc
1172 1324 1265 1361 enim

178 1378 215 1410 et
246 1373 365 1409 datam
400 1372 679 1408 aestimationem
713 1371 813 1406 reddi
849 1382 871 1407 a
907 1371 1050 1407 domino
1086 1374 1263 1417 oportere.

176 1419 241 1455 sed
265 1419 465 1464 quaesitum
489 1421 553 1460 est,
577 1427 649 1462 qua
672 1416 813 1452 actione
836 1416 990 1469 pecunia
1000 1417 1024 1459 ³,
1049 1417 1080 1453 si
1103 1426 1182 1451 eam
1201 1415 1265 1451 do-

176 1464 292 1500 minus
316 1464 490 1508 elegisset,
513 1463 588 1508 peti
610 1465 744 1508 posset.
781 1461 865 1505 dixi,
889 1463 1032 1498 tametsi
1055 1461 1151 1508 quod
1173 1461 1267 1496 inter

177 1520 237 1545 eos
315 1513 434 1544 eretur
466 1508 582 1544 verbis
613 1517 754 1553 quoque
785 1507 1025 1553 stipulationis
1058 1507 1266 1543 conclusum

176 1565 249 1590 non
299 1554 428 1596 uisset,
465 1553 496 1589 si
529 1556 650 1588 tamen
683 1553 742 1588 lex
776 1556 984 1588 contractus
1017 1563 1090 1589 non
1125 1552 1264 1594 lateret,

175 1599 404 1645 praescriptis
426 1598 543 1634 verbis
566 1598 694 1634 incerti
717 1601 753 1633 et
771 1598 831 1634 hic
853 1598 910 1643 agi
928 1608 1045 1643 posse,
1070 1607 1138 1633 nec
1156 1596 1267 1632 videri

177 1644 312 1725 nudlpm
343 1647 490 1689 pactum
513 1643 754 1686 intervenisse,
778 1643 942 1689 quotiens
967 1647 1066 1679 certa
1088 1644 1165 1688 lege
1189 1641 1267 1677 dari

201 1700 240 1725 ro
267 1693 397 1725 aretur.

176 1701 199 1735 p
222 1733 247 1772 9
271 1734 380 1770 [osu
393 1734 484 1770 libro
503 1734 692 1770 undecimo
709 1744 966 1780 responsorum
1014 1733 1068 1769 Ob
1090 1741 1167 1767 eam
1181 1741 1265 1767 cau-

175 1790 253 1816 sam
275 1790 362 1815 acce
389 1783 426 1815 to
449 1779 633 1822 liberatus,
658 1782 699 1814 ut
721 1789 851 1815 nomen
872 1779 957 1814 Titii
977 1777 1147 1814 debitoris
1171 1776 1265 1812 dele-

175 1829 286 1870 garet,
309 1826 339 1861 si
382 1824 462 1860 dem
483 1828 690 1860 contractus
711 1835 784 1860 non
801 1824 959 1870 impleat,
979 1822 1106 1859 incerti
1125 1821 1268 1857 actione

175 1871 363 1906 tenebitur.
398 1870 521 1916 itaque
551 1869 677 1905 iudicis
709 1869 829 1906 officio
861 1881 933 1905 non
964 1872 1065 1905 vetus
1097 1867 1169 1903 obli
1193 1867 1265 1902 atio

175 1915 447 1958 restaurabitur,
471 1915 535 1951 sed
558 1915 733 1960 promissa
755 1915 997 1961 praestabitur
1016 1917 1080 1949 aut
1099 1923 1168 1949 con
1194 1922 1265 1948 em-

177 1961 276 1997 natio
300 1964 480 2006 sequetur.

226 2005 276 2044 10
290 2005 337 2041 IA
346 2015 517 2041 vocamus
533 2005 624 2040 libro
638 2005 742 2040 tertio
755 2004 890 2040 decimo
905 2003 1141 2051 epistularum
1176 2002 1265 2037 Par-

176 2052 222 2087 tis
235 2051 362 2086 tertiae
381 2061 487 2086 usum
504 2049 662 2086 fructum
681 2049 826 2094 legavit:
847 2049 988 2085 heredis
1007 2049 1104 2084 bona
1123 2048 1168 2084 ab
1191 2047 1266 2083 eius

178 2096 414 2132 creditoribus
449 2095 622 2131 distracta
656 2099 740 2130 sunt
775 2098 811 2131 et
844 2095 1052 2140 pecuniam,
1096 2103 1188 2138 quae
1223 2102 1267 2127 ex

178 2141 424 2178 aestimatione
434 2140 546 2186 partis
557 2140 685 2176 tertiae
697 2140 818 2183 fiebat,
838 2140 964 2176 mulier
975 2139 1114 2184 accepit
1124 2138 1267 2174 fruendi

178 2197 289 2223 causa
312 2190 349 2222 et
370 2196 436 2232 per
458 2185 694 2231 ignorantiam
717 2185 901 2231 stipulatio
925 2184 1177 2231 praetermissa
1201 2186 1264 2219 est.

178 2242 324 2278 quaero,
348 2242 396 2267 an
419 2231 465 2266 ab
489 2231 619 2266 herede
642 2231 797 2266 mulieris
821 2230 986 2276 pecunia,
1011 2240 1103 2275 quae
1126 2228 1267 2265 fruendi

179 2287 291 2313 causa
322 2277 408 2312 data
439 2279 512 2319 est,
543 2276 657 2321 repeti
687 2276 819 2322 possit,
852 2280 888 2311 et
919 2286 990 2321 qua
1021 2275 1173 2310 actione.
1209 2284 1265 2309 re·

177 2322 308 2369 spondi
329 2322 367 2358 in
390 2321 526 2357 factum
549 2322 726 2356 actionem
750 2321 828 2356 dari
852 2321 993 2357 debere.

226 2366 273 2405 11
301 2367 530 2403 Pomomvs
559 2366 649 2402 libro
682 2367 864 2412 triqesimo
898 2377 993 2402 nono
1024 2365 1075 2401 ad
1096 2364 1265 2408 Quintum

178 2413 338 2449 Mucium
385 2411 477 2457 Quia
507 2411 689 2447 actionum
719 2422 793 2447 non
815 2412 943 2458 plenus
967 2420 1136 2446 numerus
1161 2413 1265 2451 esset,

177 2458 256 2494 ideo
281 2458 488 2504 plerumque
511 2457 669 2492 actiones
692 2457 730 2492 in
752 2456 890 2492 factum
912 2456 1170 2492 desiderantur.
1204 2454 1266 2490 sed

178 2507 215 2539 et
237 2514 298 2539 eas
322 2503 500 2544 actiones,
534 2511 626 2547 quae
648 2501 785 2547 legibus
816 2501 980 2547 proditae
1012 2504 1114 2544 sunt,
1148 2500 1179 2535 si
1209 2500 1266 2535 lex

177 2549 272 2584 iusta
295 2559 339 2584 ac
362 2547 564 2583 necessaria
587 2547 651 2590 sit,
683 2558 726 2583 su
752 2547 827 2592 plet
856 2551 1002 2592 praetor
1032 2546 1070 2581 in
1104 2555 1145 2581 eo
1171 2545 1267 2591 quod

177 2594 247 2639 legi
278 2593 395 2629 deest:
428 2592 525 2638 quod
554 2592 643 2627 facit
674 2593 711 2627 in
748 2602 811 2637 ege
833 2593 867 2628 A
892 2592 978 2627 uilia
1000 2590 1180 2627 reddendo
1205 2601 1265 2626 ac-

178 2639 292 2674 tiones
322 2638 360 2673 in
390 2638 527 2674 factum
558 2637 845 2673 accommodatas
890 2637 967 2683 egi⁴
997 2636 1181 2682 Aquiliae,
1212 2635 1265 2671 id-

179 2694 249 2729 que
271 2683 406 2719 utilitas
431 2683 505 2718 eius
529 2682 615 2727 legis
640 2683 759 2728 exigit.

229 2726 279 2766 12
304 2728 511 2764 Paocvws
538 2727 629 2764 libro
661 2728 847 2764 undecimo
871 2728 1108 2775 epistularum
1155 2726 1193 2761 Si
1215 2726 1267 2762 vir

179 2774 283 2810 uxori
315 2783 403 2809 suae
425 2772 556 2808 fundos
580 2773 738 2808 vendidit
761 2776 797 2808 et
818 2773 855 2808 in
878 2773 1082 2809 venditione
1106 2782 1265 2816 compre-

179 2819 329 2855 hensum
354 2822 408 2854 est
432 2818 639 2854 convenisse
662 2818 755 2854 inter
779 2829 852 2861 eos,
877 2818 908 2854 si
931 2828 975 2854 ea
997 2821 1112 2863 nupta
1136 2817 1168 2852 ei
1189 2827 1268 2852 esse

180 2864 330 2900 desisset
340 2865 363 2905 ⁵,
387 2866 428 2898 ut
451 2872 512 2898 eos
534 2862 676 2906 fundos,
702 2863 732 2899 si
755 2863 767 2899 i
794 2873 833 2899 se
855 2863 978 2906 vellet,
1004 2863 1128 2898 eodem
1176 2862 1266 2898 retio

180 2908 305 2944 mulier
324 2908 579 2943 transcriberet
590 2908 682 2943 viro:
704 2909 741 2943 in
778 2913 898 2945 actum
917 2908 1078 2945 existimo
1098 2907 1135 2943 iu
1174 2907 1268 2943 cium

181 2964 259 2990 esse
270 2952 489 2989 reddendum
507 2953 543 2988 id
571 2963 615 2989 ue
635 2953 717 2988 etin
729 2954 808 2990 aliis
819 2953 981 2999 personis
994 2952 1265 2989 observandum.

229 2995 280 3037 13
312 2998 506 3034 ULPIANUs
526 2965 617 3034 13)νο
642 2999 824 3045 trigesimo
848 2999 899 3034 ad
920 2998 1095 3035 Sabinum
1142 2997 1180 3033 Si
1202 2997 1267 3033 tibi

179 3054 255 3080 rem
276 3042 496 3079 vendendam
521 3047 617 3078 certo
641 3044 754 3088 pretio
779 3044 964 3087 dedissem,
987 3047 1040 3087 ut,
1065 3054 1135 3089 quo
1155 3042 1267 3088 pluris

180 3088 422 3130 vendidisses,
453 3088 519 3123 tibi
542 3088 709 3131 haberes,
741 3090 861 3134 placet
884 3099 999 3135 neque
1022 3088 1182 3124 mandati
1204 3098 1266 3123 ne-

181 3144 250 3180 que
280 3144 346 3179 pro
378 3133 476 3169 socio
509 3143 586 3168 esse
609 3134 802 3177 actionem,
838 3134 902 3170 sed
930 3134 968 3170 in
997 3134 1133 3170 factum
1165 3132 1267 3179 quasi

182 3179 251 3215 alio
272 3178 413 3224 negotio
431 3181 542 3222 gesto,
567 3178 651 3223 quia
675 3183 710 3213 et
733 3180 902 3215 mandata
923 3179 1081 3225 gratuita
1104 3188 1182 3215 esse
1206 3178 1266 3214 de-

181 3224 278 3266 bent,
302 3228 339 3259 et
361 3223 513 3259 societas
537 3233 609 3258 non
632 3223 769 3258 videtur
793 3228 979 3260 contracta
1001 3225 1037 3260 in
1061 3234 1122 3267 eo,
1148 3224 1210 3269 qui
1232 3227 1268 3258 te

181 3279 255 3305 non
289 3268 432 3304 admisit
465 3267 600 3303 socium
637 3268 895 3312 distractionis,
931 3270 995 3306 sed
1029 3269 1098 3305 sibi
1132 3272 1268 3305 certum

184 3317 200 3349 1
249 3314 402 3359 pretium
424 3313 575 3357 excepit.
623 3313 780 3349 Iulianus
811 3314 901 3350 libro
933 3314 1120 3350 undecimo
1152 3313 1266 3359 diges-

181 3363 300 3395 torum
330 3358 472 3400 scribit,
503 3357 535 3394 si
567 3357 633 3393 tibi
657 3368 761 3394 areae
785 3369 884 3395 meae
907 3359 1101 3395 dominium
1125 3358 1267 3402 dedero,

182 3408 224 3439 ut
245 3404 363 3440 insula
384 3402 574 3455 aedificata
595 3407 733 3455 partem
757 3404 843 3439 mihi
865 3404 1005 3447 reddas,
1030 3414 1145 3450 neque
1168 3414 1266 3449 emp-

181 3449 314 3485 tionem
337 3458 434 3491 esse,
466 3457 551 3493 qma
572 3448 677 3493 pretii
708 3447 787 3484 loco
819 3453 956 3494 partem
978 3450 1030 3485 rei
1053 3460 1154 3486 meae
1176 3448 1266 3484 reci-

181 3494 254 3539 pio,
276 3503 392 3540 neque
413 3491 631 3535 mandatum,
656 3492 739 3538 quia
763 3503 835 3528 non
855 3498 909 3529 est
924 3495 1129 3539 gratuitum,
1154 3504 1268 3540 neque

183 3539 410 3582 societatem,
445 3537 530 3584 quia
563 3547 666 3573 nemo
701 3537 906 3573 societatem
942 3539 1184 3576 contrahendo
1215 3539 1267 3574 rei

183 3593 270 3619 suae
294 3583 458 3620 dominus
481 3592 560 3619 esse
582 3582 722 3619 desinit.
757 3582 821 3619 sed
844 3583 874 3619 si
895 3594 1046 3629 puerum
1069 3584 1267 3622 docendum

184 3699 223 3737 (ι)
248 3700 299 3730 est
312 3698 372 3731 del.
387 3697 440 3730 F’
596 3698 640 3738 (2)
664 3696 747 3730 furti
759 3709 820 3731 scr.

184 3743 227 3783 (4)
253 3742 384 3783 legisF
448 3746 491 3787 (5)
516 3741 710 3775 dedissetF
774 3745 817 3783 (6)
843 3741 1087 3776 trantuleritF
1158 3745 1202 3783 (7)
1226 3743 1266 3775 de

1256 115 1340 164 258

978 3700 1021 3739 (8)
1047 3699 1225 3741 pecuniam
1238 3698 1273 3731 F

2013 129 2074 160 nn
2105 127 2412 160 Pmscutens

2448 0 2482 107 ι
2523 0 2528 94 1

1329 240 1385 277 vel
1407 251 1519 287 pecus
1541 241 1760 286 pascendum
1778 242 1845 277 tibi
1863 241 1994 277 dedero
2014 242 2069 278 vel
2087 252 2237 288 puerum
2256 241 2412 277 nutrien-
2480 263 2481 266 =

1331 286 1414 339 dum
1437 286 1507 330 ita,
1538 289 1596 330 ut,
1620 286 1651 322 si
1673 291 1756 332 post
1779 290 1896 323 certos
1920 297 2034 323 annos
2056 287 2229 330 venisset,
2287 286 2414 322 retium

1330 334 1423 366 inter
1446 341 1512 367 nos
1537 332 1876 375 communicaretur,
1908 332 2101 368 abhorrere
2130 333 2222 368 haec
2252 342 2274 368 a
2330 341 2415 367 area

1331 387 1385 418 eo,
1410 376 1504 421 quod
1526 376 1585 412 hic
1608 376 1767 413 dominus
1792 387 1870 413 esse
1893 387 1966 412 non
1986 376 2114 413 desinit
2131 377 2192 423 qui
2207 377 2307 423 prius
2326 375 2412 412 fuit:

1333 421 1502 473 competit
1522 421 1630 474 igitur
1651 432 1715 468 pro
1739 423 1837 459 socio
1862 422 1968 458 actio.
2013 421 2076 458 sed
2099 422 2130 458 si
2151 421 2245 459 forte
2266 431 2415 468 puerum

1333 466 1478 518 dominii
1507 469 1561 502 tul
1590 465 1729 510 fecero,
1760 467 1852 503 idem
1876 477 1914 503 se
1938 467 2034 519 quod
2056 467 2095 502 in
2118 477 2203 503 area
2227 466 2414 509 dicturum,

1333 521 1416 556 quia
1450 511 1643 547 dominium
1674 511 1803 548 desinit
1833 512 1880 548 ad
1912 523 2064 557 primum
2097 512 2277 548 dominum
2306 512 2414 558 perti-

1332 566 1427 592 nere.
1465 556 1550 602 quid
1574 566 1655 602 ergo
1680 558 1758 594 est?
1788 557 1826 594 in
1855 557 1992 593 factum
2022 561 2128 603 putat
2158 557 2334 593 actionem
2356 557 2415 592 Iu-

1332 601 1449 653 lianus
1481 601 1654 644 dandam,
1685 602 1723 638 id
1754 607 1808 638 est
1838 602 2068 648 praescriptis
2099 603 2226 638 verbis.
2270 612 2353 647 ergo
2386 601 2415 637 si

1333 657 1412 691 quis
1437 656 1542 682 areae
1565 646 1756 683 dominium
1779 659 1853 684 non
1875 648 2106 690 transtulerit,
2132 647 2196 683 sed
2218 656 2346 692 passus
2371 647 2416 682 sit

1332 695 1369 726 te
1392 691 1443 727 sic
1467 691 1667 735 aedificare,
1691 696 1731 728 ut
1753 692 2074 729 communicaretur
2096 692 2152 728 vel
2168 692 2248 738 ipsa
2263 691 2319 728 vel
2336 702 2415 737 pre-

1333 736 1432 779 tium,
1457 737 1524 772 erit
1546 737 1710 773 societas.
1745 738 1907 783 idemque
1931 741 1967 772 et
1989 737 2020 773 si
2042 737 2154 783 partis
2178 747 2283 773 areae
2307 736 2413 772 domi-

1333 781 1431 817 nium
1454 782 1719 826 transtulerit&
1750 784 1863 828 partis
1887 793 1978 825 non,
2011 786 2047 818 et
2076 782 2199 818 eadem
2221 782 2297 828 lege
2320 781 2415 817 aedi-

1333 826 1443 863 ficare
1491 837 1594 863 assus
1614 827 1672 863 sit.

1383 871 1434 924 14
1482 882 1566 907 oms
1591 872 1683 909 libro
1714 872 1993 918 quadragesimo
2017 873 2141 919 primo
2173 873 2222 908 acl
2243 871 2416 908 Sabinum

1334 917 1402 962 Qui
1422 917 1677 954 servandarum
1693 917 1862 952 mercium
1880 927 2027 954 suarum
2046 927 2156 953 causa
2175 917 2308 953 alienas
2327 927 2416 952 mer-

1335 973 1394 998 ces
1417 962 1454 998 in
1477 972 1575 998 mare
1604 962 1771 1008 proiecit,
1803 962 1903 997 nulla
1933 966 2074 998 tenetur
2104 962 2261 998 actione:
2294 962 2359 998 sed
2389 962 2419 997 si

1334 1007 1410 1043 sine
1435 1017 1545 1044 causa
1567 1007 1605 1044 id
1626 1007 1787 1050 fecisset,
1822 1007 1859 1042 in
1889 1007 2044 1050 factum,
2077 1008 2107 1044 si
2137 1007 2237 1050 dolo,
2271 1007 2315 1043 de
2337 1006 2417 1042 dolo

1337 1055 1351 1087 1
1401 1056 1553 1089 tenetur.
1603 1052 1673 1089 Sed
1705 1056 1741 1088 et
1770 1052 1801 1088 si
1831 1063 1971 1088 servum
2002 1054 2080 1099 quis
2110 1053 2265 1089 alienum
2287 1052 2417 1097 spolia-

1334 1098 1424 1133 verit
1445 1098 1546 1144 isque
1567 1097 1698 1144 frigore
1718 1102 1878 1134 mortuus
1899 1098 1955 1141 sit,
1980 1098 2024 1134 de
2042 1098 2259 1134 vestimentis
2279 1097 2418 1143 quidem

1333 1142 1421 1179 furti
1446 1143 1507 1196 agi
1531 1143 1690 1224 affluerit,
1723 1143 1766 1178 de
1796 1153 1896 1179 servo
1920 1154 2003 1180 vero
2026 1143 2064 1179 in
2086 1142 2222 1179 factum
2246 1141 2420 1188 agendum

1336 1191 1356 1224 2
1405 1198 1530 1224 crimin
1567 1189 1575 1196 ⁰
1600 1198 1717 1234 poena
1740 1188 1909 1224 adversus
1933 1199 2013 1224 eum
2036 1192 2187 1224 servata.
2236 1187 2306 1223 Sed
2330 1190 2366 1222 et
2389 1187 2419 1222 si

1335 1234 1483 1269 calicem
1513 1237 1719 1279 argenteum
1751 1233 1830 1279 quis
1863 1233 2016 1269 alienum
2046 1233 2084 1269 in
2140 1233 2332 1269 rofundum
2356 1232 2418 1267 ab·

1334 1278 1458 1315 iecerit
1482 1278 1602 1315 damni
1626 1278 1733 1314 dandi
1757 1289 1883 1321 causa,
1908 1289 1981 1314 non
2005 1279 2096 1314 lucri
2135 1278 2290 1321 aciendi,
2314 1277 2419 1313 Pom-

1334 1324 1464 1370 ponius
1487 1324 1577 1360 libro
1602 1324 1751 1370 septimo
1777 1323 1913 1360 decimo
1938 1323 1985 1359 ad
2003 1323 2174 1360 Sabinum
2197 1323 2340 1369 scripsit
2359 1333 2419 1358 ne-

1336 1380 1406 1415 que
1439 1369 1527 1405 furti
1562 1379 1676 1416 neque
1711 1368 1830 1404 damni
1860 1369 2011 1405 iniuriae
2041 1369 2216 1405 actionem
2250 1378 2348 1411 esse,
2383 1368 2418 1402 in

1335 1418 1355 1450 3
1402 1414 1539 1451 factum
1569 1418 1690 1451 tamen
1720 1414 1907 1459 agendum.
1956 1413 1994 1450 si
2015 1415 2118 1460 glans
2141 1425 2185 1450 ex
2208 1414 2336 1449 arbore
2357 1416 2421 1448 tua

1333 1459 1371 1495 in
1400 1470 1518 1496 meum
1547 1459 1698 1496 fundum
1730 1459 1836 1496 cadat
1858 1469 2005 1505 eamque
2028 1470 2090 1505 ego
2113 1459 2268 1495 immisso
2290 1468 2422 1511 pecore

1335 1505 1538 1551 depascam:
1562 1505 1683 1541 Aristo
1703 1504 1828 1541 scribit
1846 1515 1919 1540 non
1938 1505 2006 1541 sibi
2026 1515 2213 1541 occurrere
2231 1504 2422 1550 legitimam

1335 1551 1530 1594 actionem,
1562 1561 1633 1596 qua
1657 1550 1809 1595 experiri
1831 1550 1981 1595 possim:
2013 1561 2095 1586 nam
2126 1560 2241 1595 neque
2273 1560 2317 1585 ex
2346 1549 2422 1601 lege

1336 1596 1525 1631 duodecim
1548 1595 1752 1631 tabularum
1775 1595 1820 1630 de
1842 1599 1950 1640 pastu
1981 1596 2121 1641 pecoris
2154 1595 2251 1641 (quia
2281 1604 2354 1630 non
2384 1605 2420 1629 ιιι

1334 1645 1397 1677 tuo
1428 1641 1601 1694 pascitur)
1633 1650 1749 1686 neque
1780 1639 1824 1676 de
1854 1641 2025 1686 pauperie
2055 1650 2171 1686 neque
2201 1639 2269 1676 de⁷
2300 1639 2421 1675 damni

1334 1686 1485 1722 iniuriae
1507 1686 1565 1732 agi
1614 1696 1713 1722 osse:
1737 1686 1775 1721 in
1796 1685 1934 1721 factum
1956 1686 2077 1731 itaque
2101 1686 2169 1722 erit
2237 1684 2377 1720 endum.

1384 1730 1433 1768 15
1458 1731 1566 1767 IDEM
1585 1697 1676 1767 fibro
1700 1730 1978 1777 quadraqesimo
2001 1730 2159 1767 secundo
2247 1729 2420 1766 Sabinum

1334 1776 1478 1819 Solent,
1510 1776 1572 1822 qui
1604 1779 1780 1812 noverunt
1811 1786 1932 1812 servos
1955 1775 2121 1821 fugitivos
2145 1775 2277 1811 alicubi
2300 1774 2421 1816 celari,

1333 1822 1493 1857 indicare
1517 1831 1578 1857 eos
1602 1821 1752 1857 dominis
1771 1821 1835 1857 ubi
1855 1821 2032 1857 celentur:
2057 1831 2150 1867 quae
2168 1830 2226 1856 res
2243 1831 2316 1856 non
2334 1819 2421 1855 facit

1335 1877 1396 1903 eos
1419 1867 1528 1902 fures.
1565 1866 1680 1903 solent
1703 1866 1810 1902 etiam
1833 1866 2031 1902 mercedem
2054 1867 2159 1902 huius
2182 1866 2234 1901 rei
2258 1865 2421 1911 accipere

1335 1916 1371 1948 et
1402 1912 1454 1948 sic
1487 1911 1666 1955 indicare,
1698 1922 1765 1948 nec
1787 1911 1928 1947 videtur
1949 1912 2110 1948 illicitum
2134 1921 2212 1948 esse
2234 1911 2303 1947 hoc
2326 1910 2423 1956 quod

1335 1958 1452 1993 datur.
1489 1967 1600 2002 quare
1631 1957 1692 2002 qui
1721 1957 1878 2002 accepit,
1910 1957 1994 2010 quia
2025 1957 2070 1993 ob
2104 1966 2250 1993 causam
2283 1955 2423 2001 accepit

1335 2013 1402 2038 nec
1421 2002 1621 2048 improbam
1641 2012 1798 2045 causam,
1818 2012 1891 2038 non
1910 2005 2011 2037 timet
2029 2001 2301 2038 condictionem.
2326 2000 2420 2046 quod

1335 2048 1365 2084 si
1389 2047 1545 2084 solutum
1569 2047 1709 2093 quidem
1733 2047 1821 2083 nihil
1844 2051 1909 2090 est,
1933 2047 1997 2083 sed
2015 2047 2135 2093 pactio
2154 2046 2357 2082 intercessit
2376 2046 2422 2081 ob

1333 2093 1524 2136 indicium,
1556 2093 1626 2129 hoc
1660 2097 1714 2129 est
1745 2096 1807 2136 ut,
1840 2093 1871 2128 si
1893 2092 2087 2129 indicasset
2109 2092 2423 2138 adprehensusque

1335 2142 1430 2175 esset
1451 2138 1633 2184 fugitivus,
1658 2142 1795 2174 certum
1818 2138 1952 2183 aliquid
1976 2138 2132 2181 daretur,
2156 2137 2349 2180 videamus,
2374 2146 2421 2171 an

1334 2184 1450 2230 possit
1473 2194 1588 2229 agere.
1628 2187 1664 2219 et
1687 2183 1829 2229 quidem
1853 2183 2038 2219 conventio
2061 2183 2132 2219 ista
2150 2193 2222 2219 non
2242 2186 2297 2218 est
2314 2181 2422 2224 nuda,

1334 2233 1376 2265 ut
1399 2230 1477 2275 quis
1502 2229 1600 2264 dicat
1622 2239 1667 2264 ex
1689 2233 1795 2274 pacto
1820 2229 1997 2265 actionem
2016 2240 2087 2264 non
2107 2227 2202 2271 oriri,
2227 2227 2291 2264 sed
2313 2227 2424 2263 habet

1334 2275 1372 2310 in
1404 2285 1442 2310 se
1471 2275 1651 2320 negotium
1681 2273 1843 2320 aliquod:
1875 2284 1958 2326 ergo
1991 2274 2100 2310 civilis
2131 2273 2225 2309 actio
2249 2272 2336 2309 oriri
2352 2282 2421 2352 po-

1334 2324 1416 2362 test‚
1440 2319 1475 2355 id
1499 2323 1555 2355 est
1577 2319 1807 2364 praescriptis
1830 2319 1959 2355 verbis.
1995 2319 2064 2354 nisi
2087 2319 2118 2355 si
2141 2319 2219 2364 quis
2243 2322 2279 2354 et
2295 2317 2334 2353 in
2379 2327 2422 2352 ac

1335 2364 1454 2446 spiecie
1478 2364 1522 2401 de
1545 2364 1626 2444 delto
1651 2364 1827 2400 actionem
1852 2368 2055 2410 competere
2077 2363 2192 2407 dicat,
2224 2363 2286 2398 ubi
2320 2363 2422 2398 dolus

1335 2421 1356 2446 a
1407 2421 1462 2446 ms
1486 2420 1598 2455 argua
1614 2421 1668 2445 ur.

1410 2453 1435 2493 6
1459 2454 1691 2490 POMPONIUS
1706 2455 1797 2491 libro
1819 2455 1984 2491 vicesimo
2004 2454 2161 2490 secundo
2181 2454 2231 2489 ad
2249 2451 2421 2489 Sabinum

1334 2500 1531 2537 Permisisti
1553 2500 1639 2535 mihi
1662 2503 1796 2535 cretam
1821 2499 1972 2536 eximere
1995 2499 2040 2536 de
2070 2509 2155 2545 agro
2185 2503 2248 2535 tuo
2281 2498 2350 2541 ita,
2381 2502 2423 2533 ut

1336 2557 1417 2582 eum
1439 2546 1577 2588 locum,
1609 2545 1705 2580 unde
1727 2546 1952 2588 exemissem,
1988 2545 2178 2590 replerem:
2213 2543 2325 2580 exemi
2356 2553 2422 2579 nec

1335 2591 1474 2637 repleo:
1501 2591 1701 2643 quaesitum
1725 2594 1797 2633 est,
1823 2600 1930 2643 quam
1953 2590 2089 2626 habeas
2112 2590 2298 2626 actionem.
2334 2588 2423 2641 sexl‘·¹

1337 2640 1474 2673 certum
1508 2639 1563 2672 est
1594 2637 1731 2671 clvilem
1765 2639 1942 2672 actlonem
1975 2635 2102 2671 incerti
2137 2638 2355 2680 competere:
2391 2644 2422 2669 si

1336 2686 1455 2718 autem
1478 2681 1667 2717 vendidisti
1691 2684 1844 2724 cretam,
1876 2691 1921 2716 ex
1942 2680 2083 2716 vendito
2107 2691 2191 2726 ages
2202 2681 2227 2716 ⁹.
2264 2678 2360 2725 quod
2391 2679 2422 2714 si

1335 2731 1419 2773 post
1449 2727 1706 2772 exemptionem
1738 2730 1858 2762 cretae
1888 2726 2068 2772 replevero
2100 2736 2168 2761 nec
2197 2724 2343 2770 patieris
2366 2734 2422 2759 me

1337 2776 1471 2809 cretam
1494 2772 1619 2808 tollere
1640 2773 1732 2809 tu¹⁰.
1757 2781 1860 2817 agam
1882 2770 1928 2807 ad
1951 2770 2208 2813 exhibendum,
2233 2769 2317 2823 quia
2340 2779 2420 2804 mea

1340 2822 1354 2853 1
1403 2817 1503 2853 facta
1534 2820 1607 2858 est,
1640 2827 1721 2853 cum
1751 2817 1934 2853 voluntate
1956 2820 2020 2852 tua
2043 2819 2206 2861 exempta
2229 2819 2287 2851 sit.
2332 2814 2420 2850 Per-

1335 2862 1464 2898 misisti
1486 2862 1582 2905 mihi,
1608 2865 1649 2897 ut
1672 2872 1825 2898 sererem
1847 2861 1885 2896 in
1907 2860 2018 2898 fundo
2043 2865 2105 2897 tuo
2130 2865 2167 2897 et
2187 2860 2329 2896 fructus
2351 2860 2419 2895 tol·

1335 2908 1462 2944 lerem:
1495 2907 1569 2943 sevi
1600 2917 1666 2944 nec
1697 2907 1831 2952 pateris
1860 2916 1917 2942 me
1946 2906 2088 2942 fructus
2119 2906 2253 2942 tollere.
2287 2904 2421 2941 nullam

1334 2953 1422 2989 iuris
1447 2952 1556 2988 civilis
1580 2952 1755 2988 actionem
1786 2961 1864 2988 esse
1886 2951 2008 2988 Aristo
2041 2951 2109 2987 ait:
2141 2961 2189 2987 an
2217 2950 2256 2986 in
2285 2949 2421 2986 factum

1336 2998 1414 3035 dari
1437 2997 1576 3041 debeat,
1601 2996 1788 3033 deliberari
1810 3006 1935 3042 posse:
1960 2996 2023 3033 sed
2046 2997 2113 3032 erit
2136 2995 2181 3032 de
2204 2995 2298 3032 dolo.

1385 3041 1435 3080 17
1468 3042 1662 3079 Ulmanus
1681 3042 1772 3078 libro
1795 3042 1960 3078 vicesimo
1991 3045 2116 3078 octavo
2147 3041 2198 3077 ad
2226 3040 2379 3076 edictum
2393 3041 2418 3061 ¹¹

1337 3088 1375 3124 Si
1396 3087 1588 3134 gratuitam
1611 3087 1677 3122 tibi
1697 3086 1951 3123 habitationem
1971 3086 2113 3130 dedero,
2137 3096 2183 3121 an
2207 3084 2419 3121 commodati

1336 3143 1440 3179 agere
1462 3132 1597 3178 possim
1610 3132 1663 3168 ¹²?
1695 3135 1732 3167 et
1754 3132 1927 3168 Vivianus
1950 3132 2001 3168 ait
2022 3141 2147 3177 posse:
2180 3130 2243 3166 sed
2274 3134 2329 3166 est
2360 3134 2418 3165 tu-

1339 3182 1353 3214 1
1402 3179 1474 3214 tius
1498 3176 1726 3223 praescriptis
1758 3177 1874 3213 verbis
1905 3186 2019 3223 agere.
2067 3176 2104 3212 Si
2134 3176 2326 3220 margarita
2355 3175 2419 3210 tibi

1336 3223 1524 3259 aestimata
1554 3222 1703 3264 dedero,
1739 3226 1780 3257 ut
1810 3226 1874 3257 aut
1905 3221 2027 3258 eadem
2058 3221 2143 3257 mihi
2175 3220 2333 3256 adferres
2357 3223 2420 3255 aut

1336 3268 1488 3314 pretium
1513 3278 1653 3310 eorum,
1686 3267 1813 3303 deinde
1835 3268 1924 3303 haec
1946 3267 2117 3312 perierint
2139 3270 2223 3302 ante
2246 3265 2417 3301 venditio-

1336 3324 1435 3356 nem,
1467 3312 1568 3348 cuius
1599 3312 1797 3358 periculum
1828 3311 1900 3348 sit?
1935 3316 1971 3347 et
1999 3311 2051 3347 ait
2080 3310 2223 3354 Labeo,
2256 3309 2352 3356 quod
2383 3313 2420 3346 et

1335 3358 1552 3404 Pomponius
1576 3357 1729 3410 scripsit,
1754 3357 1784 3393 si
1806 3356 1948 3404 quidem
1967 3367 2031 3402 ego
2051 3360 2088 3392 te
2106 3356 2268 3392 venditor
2286 3354 2418 3401 rogavi,

1336 3414 1452 3439 meum
1483 3412 1561 3439 esse
1616 3403 1804 3439 enculum:
1839 3402 1870 3438 si
1899 3405 1940 3438 tu
1970 3412 2044 3444 me,
2079 3405 2198 3437 tuum:
2234 3400 2265 3437 si
2294 3404 2419 3436 neuter

1335 3453 1515 3490 nostrum,
1549 3457 1587 3483 se
1635 3447 1821 3484 dumtaxat
1844 3446 2106 3489 consensimus,
2137 3445 2251 3482 teneri
2273 3449 2310 3481 te
2331 3445 2416 3481 hac-

1335 3497 1458 3537 tenus,
1490 3496 1530 3529 ut
1553 3492 1672 3529 dolum
1695 3495 1732 3528 et
1755 3492 1895 3545 culpam
1918 3492 2004 3527 mihi
2026 3495 2198 3537 praestes.
2234 3490 2327 3527 actio
2353 3500 2417 3525 au-

1335 3542 1407 3575 tem
1441 3547 1485 3574 ex
1518 3538 1588 3574 hac
1624 3547 1736 3574 cansa
1769 3541 1892 3583 utique
1925 3537 1991 3572 erit
2024 3535 2254 3583 praescriptis
2288 3534 2415 3572 verbis.

1336 3586 1356 3620 2
1402 3582 1621 3629 Papinianus
1643 3582 1733 3619 libro
1757 3585 1884 3620 octavo
1915 3582 2164 3628 quaestionum
2194 3580 2356 3627 scripsit:
2387 3580 2418 3616 si

1336 3697 1399 3732 del.
1479 3698 1525 3739 (8)
1550 3696 1620 3738 sed]
1634 3699 1667 3729 et
1675 3709 1738 3730 scr.

1336 3741 1453 3776 tollere
1467 3744 1537 3774 tum
1552 3742 1581 3775 S

2109 3697 2168 3736 (10)
2195 3694 2367 3728 tolleretur
2379 3695 2416 3734 F,

2187 3741 2245 3783 (12)
2269 3739 2377 3784 possit
2388 3739 2420 3774 F

1820 3698 1864 3738 (9)
1889 3695 2027 3738 agestF

1671 3745 1726 3783 (ιι)
1754 3745 1770 3781 5
1785 3748 1802 3776 ³
1812 3758 1856 3771 ==
1868 3741 1949 3775 Inst.
1963 3741 1995 3784 3,
2009 3747 2056 3781 24,
2069 3747 2086 3776 2
