2528 3918
98 140 444 174 TREBELLIANUM

98 263 165 290 sua
187 254 224 289 et
245 251 304 288 hic
327 252 473 297 rogavit.
520 262 586 288 nec
608 252 733 297 ignoro
762 252 800 288 in
824 251 1037 298 quibusdam
1059 264 1105 290 ex
1127 253 1182 290 his

97 297 323 335 Maecianum
346 297 510 334 dubitare
534 301 570 333 et
591 297 786 334 voluntatis
811 308 888 334 esse
913 297 1030 334 dicere
1055 309 1182 344 quaes-

96 343 247 385 tionem,
280 346 400 379 utrum
426 343 470 379 de
491 342 644 396 pecunia
676 346 816 378 tantum
840 353 888 378 an
912 347 948 379 et
972 344 1015 379 de
1039 355 1182 380 succes-

98 388 198 426 sione
226 392 378 424 testator
406 391 526 424 sensit.
574 387 611 422 iii
649 389 813 433 ambiguo
849 391 968 424 tamen
998 390 1109 435 magis
1140 390 1183 424 de

97 434 325 470 successione
349 444 494 469 sensum
517 432 614 476 dico,
646 443 691 469 ne
721 433 912 469 intercidat
934 434 1182 470 fideicommis-

100 483 115 514 1
165 490 257 515 sum.
305 479 374 514 Sed
398 482 433 513 et
456 478 488 514 si
512 478 590 524 quis
613 478 665 514 ita
688 479 881 524 rogaverit:
931 480 1113 525 ‘quidquid
1137 479 1184 515 ad

97 527 144 560 ‘te
168 534 212 560 ex
235 524 430 560 hereditate
459 523 605 559 bonisve
633 524 720 560 meis
749 525 963 570 pervenerit,
996 535 1082 570 rogo
1107 535 1182 561 res-

98 569 243 611 ‘tituas',
274 569 353 614 cogi
383 569 515 614 poterit
544 569 642 605 adire
674 573 710 605 et
737 569 926 606 restituere
949 570 1183 606 hereditatem

96 625 140 650 ex
153 614 379 650 Trebelliano
400 618 545 650 senatus
559 615 735 658 consulto,
762 625 975 660 quamquam
1000 616 1184 661 pervenire

95 659 240 705 proprie
270 659 410 695 dicatur
439 659 535 704 quod
563 659 725 696 deductis
755 660 923 697 oneribus
955 661 1002 696 ad
1026 661 1182 715 aliquem

97 708 116 739 2
162 704 335 750 pervenit.
383 705 452 740 Et¹
485 704 700 750 generaliter
729 709 848 741 autem
885 710 1006 752 potest
1034 706 1105 742 dici
1132 706 1184 742 ita

96 750 236 785 demum
261 760 365 795 quem
387 760 459 785 non
482 760 590 795 posse
614 750 694 795 cogi
717 750 815 786 adire
840 754 875 786 et
907 751 1096 787 restituere
1119 751 1182 787 he·

95 795 292 838 reditatem‚
317 795 349 830 si
372 795 415 830 de
438 805 478 830 re
500 795 556 831 vel
579 795 779 841 quantitate
801 796 912 832 fuerit
934 801 1098 842 rogatus:
1125 807 1182 832 ce-

94 844 211 875 terum
235 840 266 876 si
277 839 321 876 de
344 840 573 876 universitate
597 841 753 877 sensisse
774 844 984 877 testatorem
998 845 1182 887 appareat,

95 885 195 921 nulla
219 885 379 931 quaestio
405 889 476 928 est,
502 885 603 931 quin,
634 886 708 922 sive
731 897 793 922 sus
822 890 937 923 ectam
962 887 1073 930 dicat,
1105 887 1184 932 cogi

95 931 219 976 possit,
245 930 319 966 sive
342 934 470 975 sponte
493 931 579 973 adit,
606 942 649 967 ex
661 932 778 968 Trebe
809 933 888 968 ‘ano
913 936 1099 968 transeant
1123 943 1182 968 ac-

96 980 114 1011 3
161 975 288 1011 tiones.
335 975 423 1012 Inde
447 976 640 1021 quaeritur,
666 977 696 1013 si
720 977 798 1023 quis
821 978 1055 1014 hereditatem
1079 988 1182 1023 roga-

94 1024 152 1057 tus
178 1021 224 1056 sit
253 1020 441 1057 restituere
478 1021 631 1058 deducto
663 1032 746 1059 aere
783 1023 899 1059 alieno
929 1024 985 1059 vel
1020 1023 1182 1059 deductis

94 1066 238 1111 legatis,
277 1076 325 1101 an
362 1070 566 1111 suspectam
600 1067 721 1104 dicens
762 1068 841 1113 cogi
875 1069 990 1114 possit
1019 1069 1118 1104 adire
1150 1071 1185 1104 et

98 1111 286 1147 restituere
309 1112 558 1155 hereditatem,
593 1113 677 1158 quia
708 1113 742 1149 vi
770 1113 850 1158 ipsa
879 1115 992 1158 magis
1021 1114 1059 1150 id
1089 1114 1185 1159 quod

95 1160 259 1202 superest
289 1167 333 1192 ex
361 1157 559 1193 hereditate
583 1168 690 1203 quam
713 1158 829 1204 ipsam
851 1159 1086 1195 hereditatem
1108 1170 1183 1195 res-

94 1203 223 1237 tituere
247 1202 294 1237 sit
317 1206 474 1247 rogatus.
499 1206 535 1238 et
559 1206 643 1239 sunt
655 1203 717 1249 qui
739 1207 877 1249 putent,
902 1208 943 1240 ut
960 1205 1182 1248 Maecianus,

95 1247 255 1282 inutilem
279 1257 357 1283 esse
381 1248 474 1283 hanc
498 1247 762 1285 deductionem:
793 1260 859 1286 nec
884 1251 975 1286 enim
1010 1261 1116 1296 posse
1140 1260 1185 1286 ex

93 1293 170 1328 iure
195 1291 323 1327 deduci
348 1292 593 1337 quantitatem,
618 1305 690 1330 non
714 1295 825 1340 magis
850 1306 956 1340 quam
979 1295 1012 1331 si
1034 1295 1185 1331 fundum

94 1338 172 1382 quis
189 1337 341 1373 deducto
359 1348 442 1373 aere
462 1338 577 1374 alieno
596 1339 653 1375 vel
673 1339 833 1376 deductis
852 1341 978 1385 legatis
996 1341 1184 1377 restituere

94 1384 140 1418 sit
162 1386 326 1427 rogatus:
360 1393 475 1436 neque
506 1384 599 1419 enim
631 1385 704 1420 reci
730 1385 758 1420 it
788 1385 922 1421 fundus
952 1386 1045 1422 aeris
1077 1385 1184 1421 alieni

93 1428 148 1463 vel
171 1427 280 1472 legati
301 1428 543 1465 minutionem.
586 1429 650 1466 sed
662 1430 705 1465 Iu
722 1430 841 1466 'anum
856 1431 1059 1467 existimare
1075 1430 1185 1467 refert

94 1473 319 1509 Trebelliano
345 1477 490 1510 senatus
514 1475 679 1511 consulto
704 1475 848 1512 locum²
872 1486 951 1512 esse
975 1479 1021 1519 et,
1047 1487 1093 1512 ne
1118 1476 1184 1512 du-

92 1518 233 1564 pliciter
254 1517 602 1556 fideicommissarius
628 1525 805 1564 oneretur,
832 1525 867 1557 et
891 1532 973 1557 cum
995 1522 1098 1558 heres
1123 1532 1184 1557 aes

93 1564 249 1599 alienum
276 1564 334 1600 vel
361 1564 517 1609 legatum
553 1565 697 1602 deducit
736 1570 774 1603 et
805 1577 886 1602 cum
924 1568 1132 1603 convenitur
1163 1578 1185 1602 a

93 1608 330 1645 creditoribus
355 1613 391 1645 et
413 1610 605 1655 legatariis,
630 1611 799 1647 restituta
818 1612 887 1648 sibi
900 1623 944 1648 ex
956 1612 1183 1648 Trebelliano

93 1654 290 1690 hereditate
315 1654 444 1691 debere
476 1659 540 1691 aut
563 1656 813 1693 deductionem
836 1667 918 1693 eum
942 1668 1016 1693 non
1039 1658 1115 1703 pati
1139 1659 1184 1693 ab

93 1699 222 1735 herede
246 1703 310 1734 aut
323 1710 448 1736 cavere
471 1701 524 1736 illi
546 1702 713 1738 heredem
737 1702 923 1738 defensum
946 1703 992 1738 iri
1016 1713 1097 1739 euin
1121 1703 1183 1738 ad-

92 1749 113 1779 4
159 1755 282 1780 versus
308 1745 500 1790 legatarios
526 1750 744 1793 ceterosque.
792 1748 831 1784 Si
855 1748 933 1793 quis
957 1748 1060 1784 heres
1084 1749 1185 1784 insti-

95 1794 191 1826 tutus
215 1794 362 1834 rogatus
387 1790 497 1826 fuerit
520 1792 755 1828 hereditatem
767 1804 840 1829 11011
862 1797 987 1837 totam,
1014 1794 1078 1830 sed
1101 1805 1184 1839 par-

95 1839 164 1870 tem
187 1835 396 1878 restituere,
427 1837 482 1872 vel
514 1837 545 1872 si
575 1837 714 1874 duobus
743 1839 931 1874 restituere
962 1840 1008 1874 sit
1039 1844 1184 1885 rogatus

94 1885 129 1916 et
153 1880 244 1916 alter
269 1891 312 1916 ex
342 1881 399 1916 his
429 1881 514 1917 velit
544 1882 612 1918 sibi
642 1883 782 1919 restitui
812 1884 1064 1927 hereditatem,
1096 1885 1188 1920 alter

90 1929 247 1962 recuset:
273 1929 418 1963 senatus
439 1927 578 1963 censuit
593 1931 746 1973 utroque
766 1939 853 1965 casu
870 1929 1058 1966 exonerari
1079 1941 1175 1973 eum,

91 1972 150 2016 qui
173 1975 376 2016 suspectam
399 1972 631 2008 hereditatem
655 1973 756 2016 dicit,
785 1978 968 2020 totamque
998 1975 1063 2010 her
1074 1975 1186 2011 edita-

92 2022 111 2051 5
158 2020 230 2051 10111
254 2017 406 2052 transire
430 2017 477 2052 ad
502 2028 592 2060 eum,
618 2019 680 2064 qui
703 2019 801 2054 adire
826 2021 931 2065 cogit.
979 2020 1050 2056 Sed
1074 2022 1131 2056 et³
1155 2022 1185 2057 si

92 2063 170 2107 quis
200 2072 272 2096 non
303 2062 510 2098 hereditatis
544 2074 631 2099 suae
659 2068 799 2108 partem
835 2065 1016 2101 dimidiam
1047 2067 1186 2111 rogavit

91 2106 255 2142 heredem
267 2118 369 2142 suum
394 2108 591 2151 restituere,
618 2109 681 2145 sed
704 2110 938 2146 hereditatem
952 2110 1066 2153 Seiae,
1094 2122 1186 2157 quae

91 2152 138 2187 ad
162 2162 241 2187 eum
265 2157 492 2197 pervenerat,
524 2154 578 2189 vel
611 2158 723 2190 totam
748 2156 803 2190 vel
832 2160 971 2200 partem
995 2156 1089 2199 eius,
1122 2157 1183 2192 he-

92 2208 221 2242 resque
245 2198 428 2233 institutus
454 2203 659 2244 suspectam
683 2200 798 2243 dicat,
825 2212 905 2236 cum
929 2202 1073 2246 placeat
1096 2202 1185 2237 illud

92 2243 188 2324 guod
212 2243 430 2288 Papinianus
455 2245 505 2278 ait
529 2255 573 2280 ex
585 2245 809 2281 Trebelliano
834 2246 988 2282 transire
1013 2247 1183 2291 actiones,

116 2288 163 2323 ici
213 2289 320 2323 eterit
330 2290 354 2332 ⁴,
380 2289 410 2324 si
430 2293 596 2335 suspecta
615 2291 756 2326 dicatur
771 2291 961 2334 hereditas,
987 2293 1184 2337 cogendum

92 2333 177 2368 here
204 2343 259 2368 em
290 2333 493 2370 institutum
524 2335 623 2371 adire
655 2340 691 2371 et
720 2337 910 2372 restituere
949 2338 1183 2374 hereditatem

91 2382 273 2423 totamque
302 2379 535 2415 hereditatem
565 2380 612 2415 ad
641 2391 720 2417 eum
752 2381 810 2417 cui
842 2382 1043 2418 restituitur
1072 2384 1182 2428 perti-

92 2427 112 2458 6
159 2434 255 2459 nere.
304 2424 374 2459 Sed
405 2427 464 2460 et⁵
489 2425 520 2460 si
551 2426 649 2462 miles
682 2428 861 2471 rogaverit
893 2439 997 2472 quem
1026 2438 1083 2464 res
1107 2429 1181 2464 Ita-

92 2469 181 2504 licas
210 2469 398 2505 restituere
434 2471 490 2506 vel
527 2481 584 2507 res
621 2472 877 2516 provinciales,
907 2473 1096 2509 dicendum
1128 2478 1182 2510 est

91 2518 295 2559 suspectam
325 2515 500 2551 dicentem
533 2517 612 2561 cogi
641 2517 739 2553 adire
774 2521 810 2552 et
845 2519 1049 2554 restituere:
1086 2530 1180 2562 nam,

91 2563 131 2594 ut
154 2559 333 2604 eleganter
350 2560 559 2597 Maecianus
583 2562 674 2598 libro
700 2566 803 2598 sexto
828 2563 1181 2600 fideicommissorum

91 2605 151 2646 ait,
176 2615 247 2650 qua
270 2605 408 2640 ratione
427 2616 471 2641 ex
484 2608 605 2641 certa⁶
630 2618 669 2643 re
681 2607 781 2643 miles
805 2609 971 2644 heredem
994 2609 1180 2645 instituere

90 2654 209 2694 potest
240 2650 469 2696 actionesque
500 2652 533 2686 ei
563 2651 761 2695 dabuntur,
792 2654 871 2698 pari
902 2654 1041 2690 ratione
1073 2656 1181 2691 etiam

92 2705 136 2729 ex
161 2695 387 2731 Trebelliano
411 2697 617 2732 transibunt
640 2698 817 2733 actiones:
853 2702 889 2734 et
921 2700 1079 2743 quamvis
1103 2701 1181 2745 pla-

92 2741 203 2782 ceat⁷‚
229 2751 309 2775 cum
334 2741 412 2785 quis
437 2741 670 2777 hereditatem
700 2743 883 2788 bonaque,
915 2755 1006 2788 quae
1038 2745 1105 2780 sibi
1135 2746 1180 2781 ab

92 2785 211 2829 aliquo
236 2786 457 2821 obvenerunt
485 2787 540 2822 vel
564 2798 656 2832 quae
683 2788 721 2823 in
751 2788 871 2833 aliqua
894 2789 1037 2833 regione
1061 2791 1181 2833 habet,

92 2831 280 2866 restituere
310 2835 430 2876 rogat,
461 2842 505 2866 ex
535 2833 763 2869 Trebelliano
796 2845 868 2869 non
903 2838 1089 2870 transeant
1121 2846 1180 2870 ac-

92 2875 219 2918 tiones,
243 2879 363 2911 tamen
376 2880 502 2912 contra
525 2878 756 2923 responderi⁸
780 2879 817 2913 111
829 2879 950 2914 militis
968 2883 1180 2916 testamento

93 2921 158 2955 ait:
183 2931 266 2955 nam
289 2921 396 2956 sicuti
420 2932 631 2959 concessum
654 2927 720 2966 est,
743 2924 868 2968 inquit,
893 2924 1065 2961 militibus
1086 2925 1182 2962 circa

93 2965 352 3001 institutionem
381 2977 550 3011 separare
587 2969 726 3014 species
755 2969 951 3012 bonorum,
987 2970 1039 3005 ita
1068 2974 1120 3013 et,
1151 2971 1182 3006 si

92 3024 156 3057 per
179 3010 489 3049 fideicommissum
502 3012 548 3047 ab
572 3012 744 3049 institutis
769 3015 959 3050 heredibus
983 3015 1021 3050 id
1044 3014 1180 3058 fecerit,

94 3062 110 3091 7
149 3059 394 3094 admitteretur
407 3057 672 3094 Trebellianum
686 3063 831 3096 senatus
847 3060 1061 3096 consultum.
1093 3061 1182 3096 Cum

93 3103 235 3147 quidam
259 3104 349 3139 duos
372 3105 519 3140 heredes
543 3104 739 3141 instituerit
761 3115 893 3149 eosque
915 3105 1067 3141 invicem
1096 3106 1180 3142 sub-

93 3148 249 3183 stituerit
277 3152 313 3184 et
341 3150 386 3184 ab
416 3150 472 3185 his
504 3151 663 3194 petierit,
700 3151 772 3186 sive
808 3154 959 3197 uterque
989 3151 1061 3186 sive
1091 3151 1183 3187 alter

95 3192 196 3229 heres
221 3197 331 3236 esset,
356 3198 396 3229 ut
420 3195 600 3231 hereditas
624 3206 691 3232 sua
715 3206 759 3231 ex
781 3200 885 3241 parte
909 3196 1054 3231 dimidia
1078 3197 1181 3232 resti-

93 3242 252 3273 tueretur
276 3239 383 3273 alicui
405 3244 488 3284 post
512 3241 802 3285 quinquennium,
827 3245 863 3277 et
886 3241 1011 3286 scripti
1035 3252 1181 3286 suspec-

92 3283 188 3317 tam⁹
206 3282 274 3319 sibi
292 3283 524 3320 hereditatem
541 3285 672 3328 dicant,
697 3285 1045 3323 fideicommissarius
1063 3291 1183 3322 autem

93 3328 270 3363 desideret
304 3339 370 3364 suo
404 3329 565 3373 periculo
609 3331 701 3366 adiri
744 3331 994 3368 hereditatem:
1044 3333 1183 3368 censuit

93 3377 239 3408 senatus
263 3374 387 3408 ambos
410 3374 560 3411 heredes
585 3376 779 3412 alterumve
813 3376 891 3421 cogi
919 3377 1017 3413 adire
1041 3377 1181 3413 heredi-

93 3421 204 3454 tatem
227 3421 263 3453 et
285 3417 611 3456 fideicommissario
629 3431 708 3457 eam
726 3421 915 3458 restituere
937 3422 999 3465 ita,
1024 3426 1064 3458 ut
1081 3422 1182 3458 fidei-

96 3532 138 3573 (1)
162 3532 195 3564 01
208 3532 270 3566 del.
374 3533 417 3574 (2)
441 3533 563 3566 cumF
661 3536 702 3577 (3)
728 3536 761 3568 01
774 3535 835 3568 del.
953 3535 995 3578 (4)
1020 3545 1096 3568 011111
1109 3535 1180 3578 pla-

95 3578 167 3609 ceat
179 3601 188 3610 .
197 3600 206 3609 .
217 3601 225 3610 .
237 3576 372 3620 poterit]
386 3579 594 3620 requiruntur
607 3579 707 3614 talia:
734 3589 811 3612 cum
822 3579 953 3622 placeat
969 3604 976 3613 .
988 3604 996 3612 .
1005 3604 1012 3612 .
1022 3605 1030 3612 .
1048 3591 1087 3614 ex
1100 3582 1180 3614 Tre-

96 3620 240 3655 belliano
263 3632 332 3655 11011
355 3622 497 3655 transire
521 3623 682 3666 actiones,
717 3634 928 3667 nequaquam
959 3625 1026 3658 dici
1057 3626 1182 3668 poterit
1248 3625 1359 3667 picere

95 3668 137 3706 (5)
163 3669 196 3699 et
208 3667 270 3700 del.
363 3669 406 3710 (6)
432 3669 568 3710 excepta
578 3669 613 3701 F
699 3670 743 3712 (7)
766 3669 897 3712 placeat
909 3671 971 3703 del.
1054 3673 1099 3712 (8)
1125 3671 1180 3704 de-

95 3710 171 3744 bere
184 3713 243 3745 ins.
257 3712 309 3746 F²
401 3714 445 3754 (9)
472 3714 654 3755 susceptam
666 3715 701 3747 F
775 3717 834 3757 (10)
860 3725 935 3747 011111
948 3715 1023 3757 (11115
1035 3726 1075 3748 ex
1086 3716 1180 3749 fidei-

96 3757 325 3790 commissariis
333 3768 488 3800 praesens
501 3757 663 3792 desideret
675 3769 734 3792 suo
745 3759 896 3802 periculo
908 3759 1005 3803 adiri,
1018 3761 1112 3795 heres
1125 3771 1179 3794 co-

1171 124 1256 173 523

2096 125 2285 169 XXXVI
2318 129 2335 167 1

1253 249 1496 288 commissario
1535 253 1572 286 et
1606 249 1776 286 adversus
1820 259 1901 286 eum
1941 250 2100 287 actiones
2138 251 2342 296 competant

1253 300 1272 332 8
1320 296 1424 342 quasi
1452 306 1497 332 ex
1526 296 1754 332 Trebelliano
1783 296 1950 331 restituta
1984 296 2193 332 hereditate.
2240 295 2340 330 Mae-

1253 343 1377 378 cianus
1402 342 1544 378 scribit:
1571 352 1652 377 cum
1676 340 1757 386 quis
1770 350 1815 376 ex
1837 340 2175 378 fideicommissariis
2199 341 2343 376 abesset

1252 391 1288 423 et
1318 391 1525 432 praesentes
1558 387 1760 423 desiderent
1788 396 1853 422 suo
1883 387 2043 431 periculo
2075 387 2174 422 adire
2201 385 2341 421 heredi-

1251 436 1362 468 tatem
1375 435 1402 454 ¹0
1425 433 1680 477 translatisque
1711 431 1749 466 111
1778 431 1930 466 5011(111111
1962 432 2164 468 actionibus
2192 432 2230 467 in
2261 442 2341 466 eum

1253 478 1313 522 qui
1338 479 1453 523 coegit
1477 479 1659 522 absentes,
1692 476 1723 512 si
1745 476 1855 512 velint
1884 476 2197 513 fideicommissum
2227 476 2341 512 susci-

1251 533 1347 568 pere,
1373 533 1395 558 a
1418 527 1609 568 praesente
1632 525 1771 568 petent:
1799 526 2058 565 consequenter
2082 523 2133 557 ait
2150 533 2217 557 nec
2235 532 2342 567 quar-

1251 573 1325 603 tam
1339 579 1420 603 eum
1432 572 1654 604 retenturum
1665 567 1835 603 adversus
1848 566 2192 603 fideicommissarios
2206 578 2290 603 suos
2302 568 2342 610 ¹¹,

1254 616 1274 649 9
1324 613 1407 657 (11110
1431 624 1497 649 1100
1521 614 1625 649 heres
1654 612 1784 659 potuit.
1831 612 1931 648 Idem
1957 612 2167 648 Maecianus
2192 612 2342 657 quaerit,

1251 669 1299 694 an
1321 658 1363 700 is,
1389 659 1451 703 qui
1474 659 1615 695 duobus
1638 659 1695 694 vel
1743 657 1882 693 Iuribus
1906 661 2053 702 rogatus
2078 662 2132 694 est
2154 658 2343 693 restituere

1253 703 1505 747 hereditatem,
1532 707 1680 749 cogente
1704 714 1725 739 a
1743 703 1823 748 ‘quo
1848 702 1947 738 adire
1971 703 2087 748 possit
2116 705 2189 738 et¹2
2217 704 2254 737 in
2277 703 2342 738 ho-

1251 760 1341 792 rum,
1367 749 1428 794 qui
1450 749 1488 785 id
1504 760 1577 785 non
1595 748 1896 792 desideraverunt,
1920 748 2145 793 portionibus
2158 747 2343 800 Falcidiae

1252 793 1426 831 beneficio
1450 794 1515 838 uti,
1541 794 1614 830 sive
1637 795 1708 840 ipsi
1731 804 1873 839 quoque
1885 793 2088 829 desiderent
2111 793 2180 829 sibi
2203 793 2344 828 restitui

1252 840 1325 876 sive
1349 839 1442 876 alius
1465 840 1503 875 in
1525 839 1646 876 locum
1669 850 1793 876 eorum
1817 839 2042 875 successerit.
2075 842 2111 874 et
2135 849 2215 873 cum
2239 838 2343 873 hodie

1251 885 1321 921 hoc
1344 885 1423 921 iure
1446 885 1591 929 utimur,
1616 888 1657 921 ut
1678 888 1795 921 totum
1818 887 1980 920 transeat
2003 883 2050 919 ad
2074 894 2154 919 eum
2178 883 2239 928 qui
2262 894 2342 935 coe-

1251 930 1313 975 git,
1340 941 1561 976 consequens
1586 931 1654 966 erit
1683 930 1802 966 dicere
1825 933 1974 976 quartae
1997 930 2232 964 retentionem
2247 939 2343 981 'ami-

1253 976 1342 1012 sisse
1366 986 1448 1011 eum
1472 977 1533 1022 qui
1557 979 1703 1013 coactus
1729 979 1800 1019 est,
1830 975 1915 1021 quia
1947 975 1985 1010 in
2008 974 2162 1011 solidum
2185 978 2343 1010 actiones

1252 1021 1462 1057 transierint
1496 1022 1534 1057 in
1569 1031 1651 1057 eum
1686 1022 1748 1066 qui
1783 1020 1909 1066 coegit.
1956 1020 2064 1065 plane
2097 1019 2129 1056 si
2162 1029 2344 1070 proponas

1251 1066 1621 1103 fideicommissarium
1644 1077 1717 1103 non
1739 1066 1792 1102 ita
1806 1065 1976 1111 coegisse,
2001 1068 2043 1100 ut
2065 1068 2143 1100 tota
2166 1064 2344 1099 hereditas

1252 1112 1291 1147 in
1314 1122 1353 1148 se
1376 1112 1637 1148 transferatur:
1676 1123 1758 1148 cum
1789 1111 1973 1156 coeperint
2004 1110 2113 1163 ceteri
2134 1109 2346 1163 ‘desiderare

1254 1157 1323 1193 sibi
1346 1158 1488 1193 restitui
1510 1158 1764 1200 hereditatem,
1790 1156 1981 1192 dicendum
2003 1155 2166 1191 Falcidia
2190 1164 2271 1190 eum
2293 1157 2347 1189 uti

1252 1212 1371 1247 posse.
1409 1206 1507 1239 recte
1530 1203 1639 1248 igitur
1670 1202 1879 1238 Maecianus
1911 1202 1963 1237 ait
1985 1201 2137 1236 multum
2160 1201 2344 1251 interesse,

1253 1251 1373 1282 utrum
1403 1251 1517 1284 totam
1550 1248 1693 1284 restitui
1726 1247 1961 1283 hereditatem
1997 1247 2067 1282 sibi
2097 1246 2346 1282 fideicommis-

1254 1293 1370 1329 sarius
1395 1293 1689 1330 desideraverit¹³
1718 1304 1766 1328 an
1798 1303 1900 1328 suam
1922 1291 2171 1328 tantummodo
2194 1294 2345 1337 partem.

1252 1349 1335 1373 nam
1365 1339 1396 1374 si
1427 1339 1504 1375 sola
1535 1349 1620 1392 pars
1650 1338 1884 1382 transfertur,
1920 1338 1959 1373 in
1989 1335 2347 1390 residuorFalcidiae

1254 1384 1321 1419 erit
1355 1383 1477 1420 locus:
1515 1395 1546 1420 51
1579 1387 1658 1420 tota
1692 1383 1873 1420 hereditas
1908 1383 2087 1418 translata
2122 1386 2185 1426 sit,
2229 1384 2347 1418 cessat

1257 1432 1296 1464 10
1343 1429 1451 1465 huius
1482 1429 1569 1475 legis
1593 1428 1819 1465 beneficium.
1867 1428 1905 1464 Si
1937 1438 2039 1464 servo
2065 1428 2218 1463 duorum
2244 1440 2347 1475 roga-

1252 1478 1312 1510 tus
1345 1475 1423 1520 quis
1454 1474 1501 1510 sit
1528 1475 1717 1511 restituere
1751 1473 1986 1510 hereditatem
2020 1476 2057 1508 et
2095 1476 2187 1512 alter
2222 1486 2348 1520 cogere

1255 1519 1340 1555 velit
1364 1523 1570 1565 suspectam
1594 1520 1786 1563 dicentem,
1820 1520 1912 1555 alter
1935 1519 2127 1557 restituere
2151 1521 2220 1557 sibi
2243 1531 2346 1556 recu-

1254 1566 1359 1608 50114,
1384 1565 1453 1601 1100
1485 1566 1551 1601 erit
1569 1565 1784 1609 dicendum,
1835 1564 1906 1600 uod
1936 1564 1977 1600 in
2004 1567 2161 1610 duobus,
2195 1578 2347 1612 quorum

1257 1614 1293 1645 11
1335 1611 1426 1646 alter
1444 1611 1667 1656 suscipere¹⁵
1689 1611 1802 1647 voluit
1846 1609 2064 1655 ereditatem,
2090 1613 2182 1648 alter
2192 1623 2275 1648 11011.
2309 1612 2347 1648 Si

1254 1659 1358 1700 pater
1381 1656 1474 1699 filio,
1507 1667 1611 1701 quem
1639 1656 1677 1691 in
1701 1659 1879 1702 potestate
1911 1657 2037 1700 habet,
2067 1660 2214 1703 rogetur
2243 1658 2345 1693 resti-

1254 1705 1356 1737 tuere
1379 1702 1623 1744 hereditatem,
1650 1712 1698 1737 an
1720 1702 1815 1737 filius
1839 1705 1980 1746 patrem
2003 1713 2117 1747 suum,
2143 1703 2174 1739 si
2197 1713 2345 1748 suspec-

1253 1750 1328 1781 tam
1360 1747 1457 1782 dicat
1484 1747 1736 1791 hereditatem,
1774 1757 1901 1792 cogere
1936 1747 2075 1793 possit?
2121 1752 2157 1783 et
2189 1759 2262 1784 non
2292 1752 2347 1784 est

1255 1791 1404 1828 dubium
1437 1796 1577 1838 patrem
1612 1803 1634 1828 a
1668 1793 1741 1828 filio
1778 1803 1843 1838 per
1875 1796 2079 1837 praetorem
2114 1794 2193 1839 cogi
2227 1804 2345 1839 posse.

1261 1841 1298 1872 12
1347 1838 1417 1874 Sed
1430 1840 1457 1860 ¹⁶
1480 1842 1517 1874 et
1541 1839 1572 1874 si
1599 1838 1637 1873 id
1664 1838 1976 1874 fideicommissum
2000 1838 2046 1874 ad
2076 1843 2259 1875 castrense
2281 1850 2344 1885 pe-

1257 1883 1391 1919 culium
1414 1887 1661 1929 spectaturum
1684 1887 1740 1919 est
1763 1887 1799 1919 et
1821 1883 1916 1919 filius
1941 1883 2094 1919 familias
2118 1884 2148 1920 is
2172 1884 2258 1929 fuit,
2284 1885 2345 1930 qui

1256 1939 1386 1964 munus
1403 1929 1549 1965 militiae
1568 1929 1767 1965 sustinebat
1790 1928 1904 1964 aliove
1928 1939 1999 1974 quo
2024 1928 2142 1965 officio
2166 1935 2344 1974 praeerat,

1256 1974 1367 2009 multo
1392 1974 1504 2019 magis
1529 1974 1718 2010 dicendum
1743 1973 1810 2010 erit
1832 1984 1939 2019 posse
1964 1984 2044 2010 eum
2072 1976 2273 2019 postulare,
2303 1980 2347 2011 ut

1256 2022 1359 2064 pater
1383 2030 1469 2055 suus
1499 2023 1650 2065 cogatur
1680 2019 1779 2055 adire
1812 2023 1848 2055 et
1876 2019 2065 2055 restituere
2099 2021 2344 2063 hereditatem,

1257 2065 1417 2109 quamvis
1442 2068 1569 2100 contra
1593 2064 1804 2110 obsequium
1832 2064 1928 2109 patri
1957 2064 2114 2100 debitum
2146 2065 2287 2102 videtur
2308 2066 2346 2101 id

1259 2113 1298 2145 13
1347 2110 1626 2145 desideraturus.
1658 2110 1729 2145 Sed
1753 2110 1785 2145 si
1807 2120 1909 2146 servo
1935 2120 1999 2145 suo
2024 2114 2170 2155 rogatus
2194 2111 2240 2146 sit
2265 2122 2346 2147 cum

1254 2155 1418 2191 libertate
1444 2155 1523 2200 quis
1547 2155 1782 2192 hereditatem
1805 2155 2002 2199 restituere,
2027 2155 2100 2191 sive
2113 2155 2248 2191 directa
2261 2157 2346 2192 data

1254 2201 1301 2236 sit
1323 2201 1470 2236 libertas
1495 2202 1568 2237 sive
1591 2201 1936 2243 fideicommissafia,
1969 2201 2039 2236 dici
2061 2202 2195 2246 poterit
2219 2212 2299 2237 eum
2323 2213 2346 2238 a

1254 2257 1356 2282 servo
1381 2257 1446 2283 suo
1472 2257 1544 2282 non
1567 2256 1674 2291 posse
1688 2247 1766 2291 cogi
1778 2246 1877 2282 adire
1900 2246 2146 2288 hereditatem,
2173 2247 2344 2292 quamvis,

1252 2292 1283 2326 si
1312 2295 1441 2336 sponte
1470 2292 1621 2334 adisset,
1659 2295 1847 2336 cogeretur
1875 2295 2059 2336 praestare
2094 2291 2343 2328 fideicommis-

1253 2338 1384 2372 sariam
1416 2337 1616 2372 libertatem
1647 2340 1683 2372 et
1711 2337 1961 2372 hereditatem:
1999 2337 2106 2381 idque
2134 2337 2343 2374 Maecianus

1256 2386 1295 2417 14
1343 2382 1434 2418 111110
1467 2383 1618 2427 septimo
1643 2382 1687 2417 de
1716 2381 2038 2418 fideicommissis¹⁷
2062 2382 2198 2418 scribit.
2245 2383 2344 2419 Idem

1253 2427 1403 2472 quaerit,
1428 2428 1459 2464 si
1484 2427 1562 2472 quis
1587 2430 1736 2472 paratus
1760 2428 1807 2463 sit
1831 2427 1971 2463 domino
1998 2437 2122 2463 cavere
2140 2427 2184 2462 de
2206 2427 2343 2463 indem-

1251 2473 1383 2517 nitate,
1409 2483 1456 2508 an
1491 2473 1644 2518 possit¹⁸
1668 2473 1747 2517 cogi
1776 2472 1875 2508 adire
1906 2472 2161 2515 hereditatem,
2191 2473 2343 2509 maxime

1252 2522 1288 2553 et
1312 2519 1341 2553 si
1364 2518 1520 2563 pretium
1544 2518 1636 2554 servi
1661 2517 1844 2554 offeratur.
1882 2522 1918 2553 et
1941 2521 2038 2553 recte
2062 2517 2114 2552 ait
2136 2528 2210 2553 non
2234 2529 2341 2563 opor-

1251 2567 1327 2599 tere
1359 2564 1426 2599 sub
1464 2564 1602 2599 incerto
1641 2563 1817 2599 cautionis
1861 2563 2080 2598 committere
2116 2572 2155 2598 se
2194 2563 2343 2599 aditioni

1255 2612 1294 2644 15
1342 2609 1562 2644 hereditatis.
1594 2608 1643 2643 Hi
1666 2608 1726 2653 qui
1751 2608 1902 2643 solidum
1928 2618 2056 2652 capere
2080 2618 2153 2643 non
2176 2612 2340 2653 possunt,

1253 2665 1297 2689 ex
1335 2664 1415 2689 asse
1452 2654 1601 2690 heredes
1638 2653 1795 2688 instituti
1827 2656 1863 2688 et
1892 2653 2007 2697 rogati
2038 2653 2227 2689 restituere
2258 2654 2341 2689 soli-

1252 2699 1353 2742 dum,
1388 2699 1486 2734 adire
1510 2699 1743 2734 hereditatem
1769 2702 1804 2733 et
1827 2698 2013 2734 restituere
2038 2703 2228 2743 cogentur,
2260 2709 2342 2734 cum

1258 2749 1295 2779 16
1342 2745 1431 2780 nihil
1462 2745 1622 2780 oneris¹⁹
1662 2743 1758 2788 apud
1797 2754 1856 2778 eos
1891 2753 2152 2779 remansurum.
2207 2743 2246 2779 Si
2276 2755 2341 2790 ego

1250 2791 1353 2826 heres
1390 2790 1579 2825 institutus
1615 2792 1651 2825 et
1680 2792 1826 2833 rogatus
1858 2788 1925 2825 sim
1954 2788 2117 2824 Stichum
2151 2791 2341 2825 manumit-

1251 2839 1327 2870 tere
1362 2835 1419 2870 vel
1455 2835 1545 2870 alius
1580 2834 1791 2878 legatarius,
1830 2833 1914 2868 fidei
1949 2838 2068 2869 autem
2104 2844 2205 2870 meae
2244 2845 2341 2870 com-

1251 2880 1399 2915 missum
1429 2881 1491 2922 sit,
1522 2883 1563 2914 ut
1594 2879 1688 2914 Titio
1718 2878 1952 2914 hereditatem
1975 2879 2180 2922 restituam,
2212 2879 2340 2915 deinde

1252 2925 1338 2960 Titii
1374 2924 1456 2960 fidei
1497 2924 1688 2967 commisit,
1726 2927 1767 2958 ut
1806 2923 1929 2960 Sticho
1969 2924 2119 2959 eandem
2156 2925 2338 2960 redderet:

1252 2970 1395 3006 Stichus
1421 2980 1547 3014 cogere
1571 2980 1627 3004 me
1651 2969 1766 3013 possit
1795 2968 1893 3004 adire
1923 2973 1959 3005 et
1987 2969 2177 3006 restituere
2200 2970 2339 3005 heredi-

1255 3019 1292 3049 17
1340 3018 1463 3050 tatem.
1511 3015 1610 3050 Talis
1640 3024 1782 3059 quoque
1815 3025 1920 3050 casus
1951 3025 1973 3049 a
2007 3014 2088 3050 divo
2123 3015 2187 3050 Pio
2219 3015 2339 3050 termi-

1250 3063 1356 3095 natus
1387 3063 1459 3095 est:
1491 3069 1574 3094 nam
1605 3069 1706 3095 servo
1739 3059 1802 3094 uni
1831 3070 1875 3094 ex
1903 3059 2095 3095 heredibus
2127 3059 2244 3103 legato
2275 3070 2340 3104 per

1251 3104 1562 3140 fideicommissum
1586 3108 1663 3140 erat
1687 3104 1732 3140 ab
1751 3114 1792 3139 eo
1817 3104 1964 3140 libertas
1989 3104 2074 3139 data
2099 3108 2133 3139 et
2156 3105 2202 3139 ab
2227 3104 2338 3139 altero

1250 3150 1442 3185 hereditas.
1480 3149 1581 3185 divus
1606 3149 1735 3185 etenim
1758 3149 1844 3185 Pius
1869 3149 2054 3195 rescripsit
2067 3149 2190 3185 Cassio
2204 3149 2338 3184 Dextro

1250 3195 1287 3230 in
1319 3195 1410 3230 haec
1439 3195 1565 3230 verba:
1597 3194 1773 3231 ‘Hermias
1809 3195 1840 3231 si
1877 3195 2003 3230 Mosco
2013 3196 2044 3215 2⁰
2080 3194 2264 3229 Theodoto
2295 3204 2338 3228 ex

1251 3244 1365 3286 ‘parte
1388 3240 1547 3276 1101’0(1121
1571 3240 1735 3275 instituto
1760 3239 1981 3285 aPamphilo
2004 3243 2178 3293 ’testatore
2200 3239 2337 3291 legatus

1252 3289 1319 3321 ‘est
1344 3295 1494 3329 eumque
1506 3285 1727 3327 Theodotus,
1751 3289 1941 3330 postquam
1955 3285 2083 3320 adierit
2094 3283 2336 3325 hereditatem,

1252 3335 1260 3351 ⁴
1289 3331 1363 3366 rius
1395 3341 1501 3375 quam
1531 3341 1552 3365 a
1585 3330 1759 3366 coherede
1792 3331 1950 3366 eiusdem
1972 3329 2149 3381 Pamphili
2179 3328 2338 3363 adiretur

1252 3343 1463 3419 ιΕο1·0(11105,
1495 3375 1542 3411 ad
1565 3375 1696 3411 iustam
1726 3376 1926 3411 libertatem
1949 3374 2116 3420 perduxit
2141 3376 2180 3425 01
2199 3373 2244 3407 011
2269 3373 2337 3424 hoc

1252 3422 1299 3457 ‘in
1328 3432 1408 3457 eum
1438 3431 1560 3457 casum
1592 3431 1649 3456 res
1677 3420 1852 3466 perducta
1882 3423 1953 3462 est,
1990 3423 2030 3454 ut
2059 3418 2090 3453 is
2121 3428 2182 3462 qui
2209 3417 2338 3461 legavit

1249 3537 1348 3577 getur
1359 3535 1451 3568 adire
1462 3535 1680 3569 hereditatem
1692 3549 1755 3570 scr.
1827 3536 1880 3575 (11)
1906 3532 1994 3574 SUOS]
2008 3532 2067 3564 110³
2079 3544 2141 3565 scr·
2220 3533 2278 3571 (12)
2304 3533 2337 3564 et

1251 3581 1313 3614 del.
1429 3582 1487 3622 (13)
1513 3580 1725 3614 deraveritF
1825 3585 1880 3615 (14)
1905 3577 2085 3619 pecusetF
2183 3578 2240 3616 (15)
2266 3585 2336 3627 sus-

1500 3628 1557 3667 (16)
1582 3626 1638 3659 5οᾶ
1650 3628 1710 3660 del.
1806 3626 1862 3664 (17)
1888 3621 2092 3654 ficommissis
2107 3622 2138 3653 F
2224 3624 2282 3660 (18)
2307 3630 2336 3653 is

1251 3672 1310 3703 ins.
1439 3671 1499 3712 (19)
1524 3672 1645 3714 oneris]
1658 3670 1746 3704 lucri
1758 3670 1801 3701 sit
1813 3681 1874 3700 scr.
1979 3669 2042 3708 (20)
2066 3665 2190 3709 Mosco]
2204 3665 2335 3698 Mindio

1250 3715 1302 3748 vel
1311 3715 1414 3749 simile
1426 3727 1536 3750 nomen
1548 3730 1611 3751 scr.
1704 3718 1761 3758 (21)
1786 3712 1906 3746 herede
1921 3712 1956 3745 F

1993 3812 2065 3846 66‘
