2528 3918
164 129 461 173 XXXXVIIII
494 132 557 173 17.
586 132 637 173 18

167 253 221 288 vel
244 252 291 288 ad
314 250 549 289 exhibendum
575 251 755 288 actionem
806 252 856 288 ati
879 251 1028 296 debeat,
1052 256 1093 288 ut
1117 256 1254 288 cetero-

165 300 264 333 rum¹
289 298 446 339 nomine,
479 297 674 350 quaeritur.
732 307 771 333 se
827 297 944 334 verius
976 302 1045 341 est,
1080 309 1161 333 cum
1185 298 1256 334 hoc

164 342 343 388 peculium
367 352 390 378 a
412 346 525 387 patris
549 342 652 378 bonis
675 345 872 387 separetur,
897 343 1113 379 defensionis
1131 353 1254 379 neces-

166 392 184 422 5
234 388 377 424 sitatem
407 387 503 432 patri
535 398 606 423 non
630 387 879 432 inponendum.
928 388 998 424 Sed
1027 400 1093 423 nec
1126 399 1254 433 cogen-

168 433 235 468 dus
268 437 324 468 est
353 434 482 478 pater²
512 443 572 468 aes
598 433 772 476 alienum,
798 433 892 480 quod
917 434 1011 470 filius
1062 433 1167 469 eculii
1191 444 1255 469 no-

166 478 277 519 mine,
311 478 406 523 quod
438 477 474 512 in
499 478 627 513 castris
652 477 837 524 adquisiit,
871 479 1000 515 fecisse
1024 445 1178 522 (ficetur,
1212 478 1256 514 de

192 523 306 558 eculio
331 523 508 558 actionem
528 524 619 568 pati:
646 527 692 566 et,
717 524 747 558 si
771 528 899 570 sponte
949 524 1092 568 atiatur,
1117 527 1158 558 ut
1178 524 1255 569 qui-

164 535 252 604 iibet
271 567 438 603 defensor
459 568 632 604 satisdato
650 568 761 603 filium
781 570 818 605 in
840 570 906 606 soli
933 580 1002 612 um,
1024 579 1096 605 non
1115 569 1255 614 peculio

167 618 270 648 tenus
294 612 485 648 defendere
509 613 649 649 debet³.
687 614 750 649 sed
773 619 810 650 et
833 615 910 650 eius
934 614 997 649 filii
1020 614 1163 650 nomine
1184 624 1256 650 non

164 658 270 693 aliter
293 668 436 694 movere
459 658 619 694 actiones
643 663 782 704 potest,
816 670 922 705 quam
946 660 977 695 si
1009 659 1096 695 satis
1122 659 1258 695 dederit

165 714 246 739 eum
270 708 385 738 ratam
410 714 485 738 rem
508 703 725 739 habiturum.

217 745 267 786 19
293 748 571 784 TRYPHONJNUS
601 749 693 785 libro
717 753 844 786 octavo
874 749 1011 785 decimo
1041 749 1255 802 disputatio-

165 804 251 828 num
297 793 354 829 De
388 793 589 829 hereditate
623 795 670 830 ab
706 795 862 840 adgnato
898 795 1138 831 commilitone
1172 794 1258 830 data

165 838 339 874 Scaevola
362 842 485 874 noster
505 838 705 883 dubitabat,
732 840 815 884 quia
839 840 958 885 potuit
980 844 1017 875 et
1041 844 1125 876 ante
1147 844 1256 875 notus

164 887 201 918 et
224 884 361 919 amicus
385 883 482 928 dare,
505 885 624 930 potuit
647 889 683 920 et
703 896 775 920 non
800 885 895 927 dare,
920 885 989 921 nisi
1013 885 1255 922 commilitium

166 929 352 964 caritatem
376 929 546 965 auxisset.
596 930 699 965 nobis
733 931 784 965 ita
807 930 965 975 videtur,
999 930 1028 966 si
1052 934 1135 966 ante
1159 941 1255 966 com-

165 973 329 1009 militium
360 974 497 1010 factum
528 975 575 1010 sit
607 979 878 1020 testamentum,
919 986 991 1011 non
1015 986 1095 1012 esse
1125 976 1256 1022 peculii

168 1023 182 1054 1
234 1020 426 1055 castrensis
448 1030 526 1055 eam
543 1021 786 1065 hereditatem,
806 1021 837 1056 si
854 1024 993 1066 postea,
1015 1025 1153 1057 contra.
1187 1021 1256 1057 Sed

164 1063 195 1100 si
227 1074 350 1100 servus
377 1065 513 1118 peculii
545 1065 738 1101 castrensis
771 1076 794 1101 a
825 1076 1050 1111 quocumque
1083 1067 1131 1102 sit
1152 1066 1256 1102 heres

165 1109 341 1155 scriptus,
374 1121 475 1146 iussu
506 1110 626 1146 militis
650 1111 748 1146 adire
773 1111 916 1146 debebit
938 1111 1173 1147 hereditatem
1197 1122 1256 1147 ea-

165 1158 184 1189 2
232 1165 303 1201 que
325 1155 387 1191 fiet
410 1156 587 1191 bonorum
611 1156 802 1192 castrensis
826 1156 967 1202 peculii.
1014 1156 1128 1193 Filius
1151 1156 1256 1192 fami-

164 1200 232 1236 lias
290 1211 427 1246 aganus
457 1201 501 1237 de
524 1201 665 1246 peculio
697 1202 871 1237 castrensi
894 1201 981 1237 fecit
1003 1205 1257 1238 testamentum

165 1249 218 1290 et,
279 1256 340 1281 um
368 1246 510 1291 ignorat
540 1247 636 1291 patri
674 1257 713 1282 se
745 1257 849 1282 suum
881 1247 1049 1283 heredem
1086 1247 1257 1290 extitisse,

168 1290 332 1327 decessit.
381 1302 453 1327 non
483 1295 603 1336 potest
633 1291 745 1327 videri
781 1302 848 1337 pro
880 1293 1122 1329 castrensibus
1153 1292 1258 1329 bonis

164 1339 336 1379 testatus,
368 1347 435 1382 pro
466 1337 625 1381 paternis
654 1337 846 1373 intestatus
878 1336 1095 1381 decessisse,
1132 1348 1257 1384 quam-

166 1381 216 1417 vis
239 1381 278 1416 id
299 1381 338 1416 in
359 1381 471 1417 milite
495 1382 698 1417 etiamnunc
721 1383 936 1428 rescriptum
960 1383 1023 1426 sit,
1048 1384 1134 1429 quia
1156 1383 1257 1419 miles

164 1427 211 1462 ab
247 1426 349 1462 initio
384 1437 451 1472 pro
486 1431 591 1472 parte
625 1430 799 1472 testatus,
835 1438 901 1473 pro
957 1432 1035 1464 arte
1064 1429 1258 1464 intestatus

166 1475 337 1516 potuerat
358 1472 466 1514 mori,
492 1471 588 1517 quod
611 1472 668 1508 ius
691 1473 759 1508 iste
782 1483 855 1509 non
878 1473 926 1509 ha
953 1474 1062 1517 uerit,
1086 1485 1159 1509 non
1182 1484 1257 1509 ma-

163 1517 217 1562 gis
249 1527 355 1562 quam
387 1517 463 1553 sine
494 1517 743 1554 observatione
773 1519 890 1564 legum
918 1518 1041 1555 facere
1063 1523 1257 1555 testamen-

165 1567 252 1597 tum.
283 1562 487 1598 necessario
509 1573 591 1608 ergo
614 1563 807 1599 castrensis
825 1564 958 1609 peculii
976 1565 1081 1600 heres
1103 1565 1259 1617 scriptus

166 1607 331 1643 universa
363 1608 460 1643 bona
488 1607 654 1651 habebit,
691 1609 840 1654 perinde
871 1620 915 1645 ae
946 1609 978 1645 si
1010 1620 1258 1655 pauperrimus

164 1652 262 1688 facto
281 1656 495 1689 testamento
518 1653 731 1689 decessisset
751 1654 920 1699 ignorans
940 1665 979 1691 se
998 1655 1259 1700 locupletatum

165 1701 185 1733 3
233 1708 299 1743 per
315 1708 436 1734 servos
457 1698 529 1734 alio
547 1698 627 1734 loco
641 1702 799 1744 agentes.
823 1699 933 1735 Pater
951 1700 1085 1745 peculii
1097 1704 1258 1736 castren-

164 1743 214 1779 sis
244 1742 310 1778 filii
342 1753 483 1784 servum
511 1747 727 1780 testamento
759 1745 912 1781 liberum
943 1755 1023 1781 esse
1046 1745 1171 1782 iussit:
1203 1745 1258 1781 in—

165 1792 297 1824 testato
322 1788 491 1825 defuncto
515 1788 589 1824 filio
620 1788 793 1835 familias,
824 1801 908 1826 mox
931 1794 1035 1835 patre
1065 1791 1258 1837 quaeritur,

164 1844 212 1869 an
240 1834 389 1870 libertas
429 1845 531 1870 servo
571 1839 761 1880 competat.
810 1836 1026 1872 occurrebat
1061 1836 1155 1872 enim
1186 1846 1260 1872 non

164 1889 272 1959 &isse
291 1879 486 1914 dominium
506 1879 605 1933 apud
624 1880 715 1916 duos
735 1891 801 1932 pro
820 1881 935 1918 solido
954 1880 1081 1934 i'uisse:
1107 1881 1189 1918 deni
1214 1891 1260 1917 ue

165 1929 697 2007 drigffuspffzsggstliltgizlzmeitzlie
708 1926 1123 2008 tetgilasmffitoffltlagefilii
1153 1936 1260 2017 quazi

165 2014 278 2061 patris
309 2014 405 2051 idem
436 2025 560 2051 servus
592 2016 794 2061 accepisset
824 2017 1027 2053 libertatem
1059 2020 1095 2052 et
1117 2017 1261 2062 utrique

191 2060 304 2095 ariter
327 2060 586 2104 decessissent,
621 2072 694 2097 non
718 2061 946 2098 dubitaretur
976 2072 1021 2098 ex
1042 2065 1259 2099 testamento

205 2105 227 2113 ⁰·
259 2105 412 2142 liberum
443 2116 525 2142 eum
556 2117 647 2142 esse.
696 2107 760 2143 sed
790 2107 829 2142 in
864 2107 1049 2152 superiore
1081 2117 1170 2143 casu
1192 2118 1259 2153 pro

165 2150 332 2187 libertate
361 2161 384 2186 a
414 2154 519 2196 patre
551 2151 636 2187 data
666 2151 730 2187 illa
762 2152 833 2188 dici
863 2156 1034 2198 possunt,
1075 2153 1259 2198 numquid,

166 2195 309 2241 quoad⁴
340 2200 464 2231 utatur
493 2196 572 2232 iure
604 2207 778 2233 concesso
810 2196 905 2233 filius
935 2198 974 2233 in
998 2198 1174 2234 castrensi
1196 2208 1259 2244 pe-

166 2241 272 2284 ctssio,
296 2251 456 2287 eousque
478 2241 534 2277 ius
558 2242 672 2288 patris
697 2243 909 2286 cessaverit,
958 2242 1033 2279 uod
1055 2243 1087 2279 si
1108 2243 1259 2279 intesta-

168 2289 225 2323 tus
248 2285 443 2323 decesserit
464 2287 572 2330 filius,
595 2287 807 2333 postliminii
823 2288 927 2324 cuius
953 2298 1012 2323 am
1030 2287 1261 2325 similitudine

168 2335 270 2377 pater
293 2332 440 2377 antiquo
471 2333 550 2368 iure
581 2332 716 2368 habeat
745 2333 928 2385 peculium
950 2337 1119 2378 retroque
1141 2333 1259 2369 videa-

167 2381 189 2412 4
236 2381 297 2413 tur
318 2377 491 2413 habuisse
514 2388 634 2413 rerum
666 2378 835 2414 dominia.
882 2378 967 2414 Non
988 2382 1110 2414 tamen
1133 2382 1175 2414 ut
1197 2379 1259 2414 he-

166 2424 247 2459 res⁶
270 2423 348 2459 vivo
373 2422 447 2459 filio
469 2422 661 2459 vindictam
685 2423 991 2469 servoimposuit‚
1015 2423 1158 2460 dicatur
1181 2434 1262 2460 eum

165 2472 250 2514 post
272 2472 423 2504 mortem
445 2468 607 2504 intestati
629 2468 695 2504 filii
718 2479 763 2504 ex
786 2469 848 2504 illa
869 2469 1150 2506 manumissione
1172 2468 1261 2505 libe-

166 2517 186 2548 5
233 2524 314 2549 rum
348 2514 485 2549 factum
515 2523 605 2549 esse.
652 2513 747 2559 Quid
777 2518 916 2556 autem,
953 2515 985 2550 si
1007 2517 1262 2550 testamentum

164 2558 294 2594 fecerit
323 2559 418 2594 filius
448 2563 485 2594 et
514 2570 587 2595 non
616 2559 664 2595 sit
694 2559 772 2595 eius
808 2559 907 2595 adita
936 2559 1142 2595 hereditas?
1188 2570 1262 2596 non

165 2608 241 2639 tam
265 2603 372 2639 facile
395 2607 451 2640 est
473 2604 592 2640 dicere
612 2604 860 2640 continuatum
884 2605 981 2650 patri
1004 2609 1089 2657 post
1110 2608 1261 2641 mortem

166 2649 231 2684 filii
254 2659 374 2685 rerum
397 2649 530 2695 peculii
561 2649 774 2693 dominium,
808 2661 890 2685 cum
921 2649 1077 2685 medium
1107 2653 1260 2695 tempus,

167 2705 237 2739 quo
274 2694 474 2730 deliberant
504 2695 660 2731 instituti
688 2695 858 2737 heredes,
894 2695 1085 2740 imaginem
1116 2706 1260 2731 succes-

167 2740 281 2775 sioni⁶
310 2740 541 2785 praestiterit.
591 2740 751 2785 alioquin
774 2744 811 2776 et
834 2741 865 2775 si
897 2740 995 2776 adita
1019 2741 1067 2777 sit
1089 2741 1135 2776 ab
1159 2740 1260 2776 insti-

166 2789 246 2821 tuto
270 2785 452 2821 hereditas
476 2785 551 2828 filii,
576 2785 717 2821 dicetur
740 2795 763 2821 a
786 2789 890 2830 patre
914 2785 961 2821 ad
983 2796 1065 2821 eum
1087 2786 1261 2821 transisse

167 2830 439 2877 proprietatem,
475 2830 573 2875 quod
603 2831 800 2866 absurdum
824 2834 890 2867 est.
939 2831 994 2867 ⁷si
1017 2831 1055 2866 in
1078 2831 1260 2877 pendenti,

167 2946 208 2986 (¹)
231 2943 380 2978 filiorum
392 2945 454 2979 ins.
468 2944 519 2978 ΙΝ
593 2947 638 2987 (2)
661 2947 798 2988 propter
811 2947 870 2979 ins.
886 2946 959 2979 edd.

168 2990 212 3030 (4)
237 2989 429 3032 quodadF'
492 2991 537 3032 (5)
561 2990 666 3032 heres]
682 2992 859 3033 requiritur
869 2991 898 3023 si
910 2991 996 3023 forte
1067 2992 1111 3032 (6)
1134 3001 1262 3024 sueces-

167 3035 272 3068 sionis
284 3036 358 3068 odd.
406 3036 450 3076 (¹1)
474 3034 559 3078 quid
570 3037 632 3068 ins.
683 3038 728 3076 (s)
752 3038 826 3078 post
839 3038 897 3070 ins.
912 3037 985 3069 edd.
1034 3036 1080 3078 (9)
1105 3046 1187 3069 num
1198 3049 1260 3070 scr.

170 3085 229 3121 (ιο)
255 3090 297 3113 cu
310 3081 344 3113 F
430 3082 486 3122 (11)
510 3080 679 3122 contingit
693 3080 745 3112 F²

1239 127 1322 175 840

1037 2946 1081 2988 (3)
1107 2945 1224 2979 debeat
1237 2947 1272 2979 F

1507 84 1567 110 'N

1559 124 1561 137 ⁵
2070 145 2133 178 nn
2161 145 2409 180 mmm

1325 257 1366 288 ut
1388 253 1427 287 in
1450 252 1549 296 aliis,
1586 255 1623 289 ct
1650 252 1687 289 in
1710 253 1780 289 hae
1803 253 1922 300 specie
1945 254 2140 292 habeamus
2164 256 2337 301 dominia,
2370 261 2412 294 ut

1325 299 1395 333 ex⁸
1424 297 1520 334 facto
1553 301 1649 334 retro
1684 298 1796 335 fuisse
1825 303 1889 334 aut
1911 310 1984 336 non
2007 299 2119 337 fuisse
2174 302 2262 339 atris
2285 303 2411 339 creda-

1325 344 1428 379 mus?
1452 343 1647 378 secundum
1671 343 1768 389 quod
1791 343 1935 381 difficile
1959 346 2027 381 erit
2050 355 2140 391 expe
2165 347 2233 390 ire,
2257 348 2305 392 si,
2329 348 2411 384 dum

1327 388 1529 424 deliberant
1563 388 1728 431 heredes,
1764 389 1840 425 dies
1876 391 2025 427 cesserit
2059 391 2167 436 legati
2201 402 2303 429 servo
2338 394 2412 429 dati

1324 433 1429 469 istius
1463 434 1595 479 peculii
1630 438 1844 471 testamento
1877 436 1972 478 eius,
2008 446 2053 473 ex
2088 447 2159 482 quo
2193 442 2298 483 pater
2326 439 2412 474 nihil

1328 488 1457 523 capere
1480 479 1668 524 potuisset,
1693 490 1739 514 an
1759 480 1797 515 id
1819 480 1866 515 ad
1889 481 2005 526 ipsum
2027 481 2217 527 pertineat,
2241 493 2323 518 cum
2343 484 2412 519 uti-

1325 524 1492 605 3inssss
1505 524 2005 606 hgsssseiefflffl‘igsioess
2035 526 2189 616 ξζέἐέἒω
2203 531 2338 618 ἕὶῗὲἓ
2358 528 2414 608 12⁸

2162 599 2172 616 ‚
2398 593 2413 600 -

1324 618 1479 650 testatus
1510 614 1605 650 filius
1630 614 1826 651 decessisse
1853 616 2074 662 proponitur.
2122 618 2221 653 non⁹
2251 622 2306 653 est
2329 628 2412 663 ergo

1324 659 1416 694 ratio
1451 659 1691 705 respondendi
1726 670 1828 706 comp
1851 664 1926 697 tere
1955 661 2156 698 libertatem
2187 673 2229 698 eo
2253 666 2414 716 tempore

1326 704 1458 748 datam,
1483 716 1555 750 quo
1579 715 1652 741 non
1674 705 1745 741 fuit
1765 706 1804 741 in
1852 705 1983 742 ominio
2006 707 2147 753 patris?
2182 707 2414 744 favorabilem

1325 753 1446 786 tamen
1476 750 1689 786 sententiam
1718 751 1935 787 contrariam
1964 752 2001 786 in
2039 756 2192 798 utroque
2223 763 2311 789 casu
2341 763 2414 789 non

1324 806 1349 830 n
1394 805 1507 831 amus.

1400 839 1424 878 Ο
1458 840 1515 876 ΡΑ
1523 850 1566 876 (ΙΙ,
1574 851 1618 877 vs
1646 840 1737 877 libro
1765 841 1948 894 sinqulari
1976 841 2027 877 ad
2057 841 2222 888 requlam
2249 842 2415 879 Catonia-

1325 897 1409 922 nam
1462 885 1533 921 Sed
1567 886 1598 922 si
1632 896 1747 932 ponas
1782 886 1894 921 fihum
1930 890 2183 923 testamentum
2216 887 2346 924 fecisse
2380 891 2417 923 et

1325 935 1465 976 patrem
1489 931 1655 967 heredem
1678 931 1892 967 instituisse:
1927 942 2009 967 cum
2033 932 2156 978 utique
2178 937 2282 978 pater
2303 936 2414 970 testa-

1326 980 1444 1012 mento
1469 987 1535 1012 suo
1560 987 1661 1012 servo
1686 976 1751 1012 filii
1770 977 1972 1012 libertatem
1995 976 2161 1021 dedisset,
2186 979 2247 1023 qui
2270 978 2318 1014 ad
2334 989 2415 1014 eum

1326 1031 1372 1056 ex
1394 1025 1609 1058 testamento
1633 1021 1698 1057 filii
1729 1022 1907 1067 pertinere
1931 1023 2106 1067 coeperit,
2137 1023 2326 1059 videndum
2350 1027 2414 1068 est,

1325 1067 1497 1112 numquid
1520 1067 1552 1102 ei
1577 1068 1778 1112 comparari
1801 1067 1948 1110 debeat,
1980 1068 2056 1112 qui,
2083 1078 2163 1103 cum
2175 1069 2203 1090 ¹⁰
2225 1069 2415 1104 manumit-

1325 1116 1478 1156 teretur,
1511 1112 1649 1148 alienus
1681 1116 1775 1155 erat,
1810 1112 1938 1148 deinde
1970 1117 2098 1158 postea
2126 1113 2324 1159 adquisitus
2349 1118 2414 1150 est.

1326 1157 1389 1193 sed
1413 1157 1610 1193 favorabile
1634 1161 1690 1193 est
1711 1157 1914 1193 libertatem
1933 1168 1956 1192 a
1978 1162 2081 1203 patre
2105 1158 2266 1194 relictam
2289 1158 2415 1195 admit-

1326 1206 1418 1238 tere:
1456 1207 1492 1238 et
1522 1203 1570 1239 ab
1608 1202 1709 1238 initio
1741 1203 1855 1247 patris
1886 1213 1965 1239 esse
1995 1213 2077 1239 eum
2114 1204 2225 1240 videri
2254 1214 2298 1240 ex
2334 1204 2415 1249 hoc,

1327 1247 1424 1294 quod
1447 1251 1575 1294 postea
1598 1248 1796 1294 contigit¹¹,
1821 1248 2032 1284 ostenditur.

1780 1387 1916 1426 XVIII
1927 1387 1967 1427 ¹⁸.

1698 1453 1761 1486 DE
1784 1452 2055 1487 VETERANIS.

1377 1517 1396 1555 1
1431 1518 1585 1555 Annws
1611 1518 1835 1555 MENANDER
1873 1519 1964 1555 libro
1997 1520 2101 1556 tertio
2132 1520 2178 1556 de
2199 1530 2241 1555 re
2267 1519 2421 1556 militm-2·

1329 1563 1589 1600 Veteranorum
1613 1564 1834 1610 privilegium
1856 1565 1951 1600 inter
1974 1569 2095 1601 cetera
2117 1565 2224 1601 etiam
2246 1564 2285 1600 in
2308 1564 2416 1601 delic-

1327 1610 1375 1645 tis
1398 1609 1509 1646 habet
1536 1610 1840 1654 praerogativam,
1870 1613 1912 1645 ut
1939 1614 2153 1655 separentur
2175 1621 2198 1646 a
2228 1610 2357 1646 ceteris
2380 1611 2417 1646 in

1354 1654 1464 1690 oenis.
1511 1665 1579 1691 nec
1608 1654 1656 1690 ad
1686 1655 1820 1691 bestias
1853 1654 1975 1701 itaque
2006 1659 2193 1692 veteranus
2223 1655 2329 1691 datur
2350 1665 2417 1691 nee

1345 1699 1485 1736 ustibus
1510 1699 1683 1736 caeditur.

1375 1742 1401 1782 2
1433 1742 1629 1782 nmmos
1655 1745 1747 1782 libro
1777 1746 1882 1781 tertio
1911 1746 2122 1798 opinionum
2159 1745 2336 1798 ‘Honeste
2351 1755 2417 1798 ‘sa-

1332 1794 1515 1826 eramento
1540 1790 1668 1826 solutis
1692 1790 1778 1826 data
1799 1791 2004 1826 immunitas
2027 1794 2134 1826 etiam
2156 1801 2195 1826 m
2218 1801 2269 1826 eis
2293 1791 2416 1827 cinta-

1328 1835 1443 1879 tibus,
1468 1835 1566 1880 apud
1589 1846 1679 1881 quas
1693 1837 1720 1857 ¹³
1741 1835 1883 1872 incolae
1905 1839 2000 1878 sunt,
2024 1836 2136 1872 valet:
2167 1845 2235 1872 nec
2257 1835 2416 1872 labefac-

1327 1884 1439 1923 tatur,
1459 1881 1490 1916 si
1502 1881 1583 1926 quis
1595 1891 1719 1917 eorum
1730 1881 1915 1917 voluntate
1935 1891 2003 1917 sua
2019 1880 2193 1917 honorem
2205 1884 2270 1916 aut
2287 1891 2416 1917 munus

1335 1929 1348 1961 l
1398 1926 1607 1971 susceperit.
1666 1926 1865 1972 Vectigalia
1900 1930 1937 1962 et
1978 1926 2274 1972 patrimoniorum
2308 1936 2415 1963 onera

1329 1971 1516 2009 sollemnia
1539 1981 1662 2008 omnes
1685 1971 1863 2008 sustinere
1887 1975 2039 2017 oportet.

1376 2014 1400 2054 3
1427 2015 1664 2053 Mammas
1685 2016 1776 2052 libro
1799 2017 1957 2053 secundo
1979 2016 2193 2063 reqularum
2229 2017 2417 2053 Veterauis

1330 2065 1367 2097 et
1394 2061 1516 2098 liberis
1547 2065 1797 2097 veteranorum
1824 2062 1921 2098 idem
1948 2062 2066 2098 honor
2094 2062 2265 2104 habetur,
2297 2062 2358 2108 qui
2381 2065 2416 2098 et

1330 2106 1602 2143 decurionibus:
1637 2107 1746 2152 igitur
1776 2117 1843 2143 nec
1871 2107 1910 2142 in
1939 2107 2122 2143 metallum
2153 2107 2419 2143 damnabuntur

1329 2162 1418 2233 nec(l
1427 2152 1487 2232 int
1496 2162 1588 2198 opus
1616 2152 1802 2198 publicum
1831 2152 1888 2188 vel
1917 2151 1964 2188 ad
1995 2153 2148 2194 bestias,
2171 2162 2239 2188 nec
2261 2151 2418 2189 fustibus

1330 2207 1394 2233 cae
1419 2207 1470 2233 un
1487 2208 1542 2233 ur.

1375 2241 1403 2280 4
1441 2242 1638 2280 Ulmanus
1672 2242 1764 2278 libro
1793 2246 1925 2289 quarto
1956 2242 2002 2278 de
2033 2242 2159 2288 officio
2183 2243 2419 2290 proconsulis

1329 2288 1420 2324 Viae
1449 2287 1661 2324 sternendae
1689 2287 1950 2323 immunitatem
1978 2291 2165 2324 veteranos
2189 2298 2262 2323 non
2284 2288 2419 2324 habere

1328 2333 1420 2377 Iulio
1445 2333 1614 2369 Sossiano
1638 2336 1807 2368 veterano
1831 2332 2045 2378 rescriptum
2067 2337 2133 2369 est.
2174 2343 2258 2370 nam
2281 2343 2348 2368 nec
2371 2333 2418 2369 ab

1328 2378 1642 2422 intributionibus,
1672 2387 1765 2423 quae
1757 2377 2075 2458 ¹²1possessionibus
2097 2378 2206 2421 fiunt,
2230 2382 2418 2414 veteranos

1333 2427 1347 2458 1
1398 2433 1478 2460 esse
1508 2426 1700 2459 excusatos
1793 2433 1851 2458 am
1881 2426 1946 2458 est.
1994 2422 2065 2458 Sed
2095 2426 2135 2459 et
2164 2433 2272 2459 naves
2295 2434 2419 2459 eorum

1329 2468 1510 2522 angariari
1544 2478 1653 2521 posse
1667 2468 1720 2548 ¹:A
1757 2467 1825 2549 ‘ga
1825 2467 1946 2503 Firmo
1983 2471 2019 2503 et
2052 2468 2236 2504 Antonino
2247 2469 2275 2490 ¹⁴
2311 2467 2417 2504 Claro

1329 2519 1913 2605 veffrffiarggcssgfflinyulari
1933 2558 1979 2594 de
2001 2558 2266 2605 cognitionibus
2313 2557 2417 2593 Vete-

1331 2615 1439 2640 ranos
1472 2604 1577 2640 divus
1606 2603 1762 2649 Magnus
1790 2603 1994 2639 Antoninus
2025 2614 2107 2638 cum
2137 2606 2240 2649 patre
2270 2613 2337 2639 suo
2361 2613 2417 2638 re·

1335 2654 1347 2685 1
1399 2650 1545 2695 scripsit
1575 2659 1598 2684 a
1629 2649 1771 2684 navium
1801 2648 1942 2684 fabrica
1971 2648 2147 2684 excusari.
2203 2647 2274 2684 Sed
2307 2651 2344 2683 et
2371 2648 2417 2683 ab

1330 2695 1518 2731 exactione
1549 2695 1767 2730 tributorum
1795 2694 1931 2729 habent
1959 2694 2236 2737 immunitatem,
2266 2693 2336 2729 hoc
2363 2697 2421 2729 est

1331 2744 1351 2776 2
1399 2751 1444 2776 ne
1473 2744 1659 2775 exactores
1688 2739 1905 2775 tributorum
1934 2739 2210 2774 constituantur.
2259 2737 2330 2774 Sed
2359 2747 2418 2774 ve-

1330 2786 1458 2828 terani,
1483 2786 1543 2830 qui
1566 2785 1666 2831 passi
1689 2785 1814 2820 sunt¹⁵
1843 2785 1881 2819 in
1904 2783 2063 2820 ordinem
2085 2784 2174 2830 legi,
2213 2782 2419 2819 muneribus

1329 2831 1430 2876 fungi
1453 2834 1642 2875 coguntur.

1379 2947 1436 2988 (12)
1462 2946 1527 2979 Ed.
1544 2952 1574 2983 1;
1599 2944 1678 2977 Sab.
1694 2951 1782 2983 2...4;
1804 2944 1888 2986 Pap.
1903 2952 1930 2977 5.
1945 2962 1988 2967 —
2002 2943 2087 2976 Bas.
2101 2944 2158 2985 57,
2170 2950 2258 2977 8.-
2272 2942 2322 2987 Css
2339 2942 2416 2976 Cod.

1333 2992 1460 3071 111128ᾼὲιῖ2
1551 2991 1610 3033 (13)
1634 2999 1718 3031 quos
1734 2989 1770 3022 F
1873 2990 1935 3030 (14)
1959 2987 2109 3021 Antonio
2125 3000 2187 3021 scr.
2302 2988 2363 3029 (¹5)
2385 2997 2420 3020 se
