2528 3918
159 139 218 187 'ns
246 155 512 188 anomaeus
543 155 824 188 consonums

159 267 314 314 quinque
345 267 449 304 annis
480 267 586 304 etiam
614 277 695 302 eum
721 266 932 319 accipimus,
978 266 1059 312 ¹qui
1088 265 1238 301 vicensi-

159 317 177 347 'l
226 324 320 349 mum
351 313 512 358 quintum
540 323 671 348 annum
696 315 824 348 aetatis
849 312 932 356 agit.
981 310 1238 356 Praescriptio-

156 369 237 401 nes,
268 369 360 404 quae
391 358 484 394 obici
512 357 628 393 solent
656 357 909 392 accusantibus
940 356 1124 399 adulterii,
1157 359 1240 391 ante

157 404 273 440 solent
295 404 462 446 tractari,
487 413 593 448 quam
618 402 697 447 quis
719 402 814 438 inter
836 413 917 438 reos
944 402 1155 448 recipiatur:
1181 412 1239 437 ce-

157 454 271 484 terum
301 452 535 495 posteaquam
565 448 674 484 semel
704 458 787 483 rece
813 450 872 483 tus
904 451 977 491 est,
1016 458 1088 483 non
1121 449 1240 492 potest

158 498 177 529 8
225 493 542 540 praescriptionem
572 493 726 529 obicere.
806 493 818 528 i
846 493 883 527 in
914 492 1085 528 viduitate
1113 491 1240 527 mulier

157 543 378 585 perseverat,
407 539 444 574 in
473 538 695 574 accusatoris
725 541 779 574 est
807 538 972 582 arbitrio,
1004 548 1027 573 a
1056 547 1126 583 quo
1156 537 1240 572 velit

157 588 177 619 9
224 585 396 630 incipere,
427 587 547 618 utrum
577 584 623 619 ab
653 583 814 619 adultero
839 594 886 618 an
909 584 956 618 ab
980 583 1153 618 adultera.
1202 581 1239 617 Si

157 629 235 675 quis
265 634 302 665 et
330 629 528 664 adulterum
558 632 594 664 et
625 628 823 664 adulteram
847 628 952 664 simul
976 628 1119 671 detulit,
1151 627 1240 662 nihil

157 675 231 720 agit
259 674 476 720 poteritque,
532 674 608 709 uasi
639 678 805 709 neutrum
837 673 1021 717 detulerit,
1062 683 1187 708 rursus
1217 683 1240 707 a

156 731 226 765 quo
250 720 334 756 velit
355 720 492 755 initium
531 730 652 764 acere,
683 719 767 765 quia
795 718 883 755 nihil
907 719 981 764 agit
1003 719 1118 764 prima
1142 717 1237 753 dela-

156 767 262 801 tione.

206 808 254 847 17
279 808 362 853 (16)
392 809 607 846 Urmzvvs²
631 809 722 845 libro
735 810 859 856 primo
880 809 924 844 de
944 809 1133 844 adulteriis
1172 808 1240 852 Qui

156 857 258 892 uxori
281 855 468 901 repudium
493 854 638 899 miserit,
664 854 814 900 postea³
838 853 1059 897 denuntiare,
1089 864 1134 889 ne
1158 853 1240 889 Seio

155 902 316 942 nuberet,
342 904 388 943 et,
407 901 438 936 si
457 900 726 943 denuntiaverit,
747 903 784 935 et
802 900 848 935 ab
869 909 912 935 ea
930 899 1088 945 incipere
1108 902 1238 944 potest.

205 945 254 985 18
280 943 361 990 (17)
387 945 492 981 IDEM
519 945 611 982 libro
640 945 797 980 secundo
829 945 878 980 ad
901 945 1014 990 leqem
1037 944 1171 980 Iuliam
1196 944 1241 979 de

155 993 342 1027 adulteriis
395 991 635 1026 Denuntiasse
689 990 820 1025 ualiter
848 990 1082 1035 accipiamus,
1120 993 1239 1025 utrum

155 1037 201 1073 ad
224 1037 377 1072 iudicem
401 1046 448 1071 an
471 1046 553 1071 vero
578 1035 810 1080 simpiciter?
857 1046 940 1080 ego,
974 1036 1041 1071 etsi
1072 1046 1145 1071 non
1179 1034 1239 1070 de-

156 1083 332 1118 nuntiavit
354 1082 400 1117 ad
423 1081 592 1123 iudicem,
618 1080 785 1116 sufficere
809 1081 933 1123 credo,
959 1081 989 1116 si
1012 1080 1178 1116 adulterii
1201 1090 1240 1115 se

160 1132 170 1162 1
223 1131 387 1163 acturum
416 1126 686 1162 denuntiaverit.
734 1126 828 1169 Quid
858 1136 960 1171 ergo,
995 1126 1026 1162 si
1057 1137 1130 1162 non
1162 1125 1238 1171 qui-

155 1173 234 1209 dem
258 1172 498 1214 denuntiavit,
529 1182 651 1207 verum
683 1171 821 1207 libellos
853 1171 1098 1207 accusatorios
1131 1171 1239 1212 dedit,

155 1222 345 1264 antequam
365 1218 526 1261 nuberet,
547 1227 670 1262 eaque,
693 1227 774 1252 cum
791 1217 828 1252 id
848 1217 1082 1261 cognovisset,
1107 1216 1239 1262 nupsit,

154 1264 209 1299 vel
232 1263 426 1309 ignorans?
467 1266 554 1308 puto
583 1273 656 1298 non
684 1262 797 1298 videri
826 1262 859 1297 ei
888 1262 1154 1298 denuntiatum:
1186 1261 1239 1296 id-

156 1313 176 1344 2
223 1309 317 1345 circo
336 1319 408 1344 non
426 1318 533 1353 posse
551 1311 798 1343 accusatorem
817 1308 864 1344 ab
882 1317 926 1343 ea
942 1308 1111 1353 incipere.
1147 1306 1240 1352 Quid

155 1365 256 1400 ergo,
291 1353 322 1390 si
351 1357 490 1389 tantum
523 1353 763 1396 denuntiavit,
796 1363 841 1388 ne
871 1353 1041 1395 nuberet,
1074 1352 1137 1389 sed
1167 1363 1240 1388 non

155 1399 309 1442 addidit,
341 1409 470 1444 quare,
506 1409 591 1434 num
621 1402 718 1434 recte
748 1398 913 1444 nupsisse
944 1398 1132 1433 videatur?
1178 1397 1241 1433 sed

155 1445 278 1481 melius
304 1449 358 1480 est
379 1444 468 1479 illud
496 1444 614 1489 sequi,
647 1447 688 1478 ut
719 1443 793 1480 eius
824 1443 1047 1479 denuntiatio
1078 1443 1241 1479 videatur

156 1490 364 1526 electionem
388 1489 591 1526 accusatori
613 1499 814 1532 reservare,
848 1489 907 1534 qui
938 1489 1071 1524 crimen
1104 1489 1240 1524 denun-

155 1536 265 1572 tiavit.
313 1535 456 1571 omnino
479 1535 587 1580 igitur
610 1534 640 1570 si
662 1534 750 1570 fecit
773 1534 939 1570 adulterii
963 1534 1119 1570 criminis
1145 1545 1239 1570 com-

154 1581 443 1618 memorationem
474 1580 511 1615 ιιι
549 1579 835 1623 denuntiatione,
874 1580 942 1615 etsi
976 1580 1130 1615 iudicem
1168 1590 1241 1614 non

155 1626 383 1669 monstravit,
415 1625 527 1671 magis
550 1629 717 1671 putamus
741 1625 940 1669 mulierem,
971 1626 1073 1671 quasi
1103 1625 1239 1660 denun-

156 1676 175 1707 3
223 1672 432 1707 tiationem⁴
474 1671 729 1716 praecesserit,
773 1681 880 1716 posse
919 1671 1091 1706 accusari.
1148 1670 1241 1715 Quid

155 1722 273 1754 tamen
309 1717 340 1753 si
375 1716 595 1762 specialiter,
632 1727 712 1751 cum
749 1726 819 1761 quo
856 1716 1069 1751 adulterium
1104 1715 1239 1759 fecerit,

155 1762 418 1799 denuntiationi
441 1762 648 1807 complexus
672 1764 745 1804 est,
769 1772 851 1797 mox
875 1762 958 1797 velit
982 1771 1060 1796 eam
1084 1771 1129 1797 ex
1152 1762 1240 1796 alte-

154 1809 229 1845 rius
257 1818 414 1861 persona
444 1807 641 1843 accusare?
687 1806 799 1851 magis
830 1811 900 1850 est,
936 1810 977 1842 ut
1007 1817 1081 1842 non
1113 1806 1242 1842 debeat

154 1854 288 1890 audiri:
321 1862 437 1898 neque
468 1852 560 1888 enim
590 1851 724 1888 crimen
755 1851 850 1896 quod
874 1852 1094 1887 denuntiavit
1117 1852 1238 1888 obicit.

155 1903 175 1934 4
222 1899 292 1935 Sed
323 1903 360 1934 et
388 1898 420 1934 si
450 1908 515 1943 per
545 1900 815 1943 procuratorem
839 1896 1120 1940 denuntiaverit,
1151 1901 1240 1943 puto

154 1955 260 1990 posse
291 1955 372 1979 eum
401 1944 665 1979 accusationem
689 1943 720 1978 si
742 1942 826 1978 velit
847 1942 1033 1978 instituere
1057 1942 1239 1978 sufficere-

156 1994 175 2026 5
223 2000 292 2036 que
314 1989 558 2035 procuratoris
583 1988 897 2024 denuntiationem.
940 1987 1037 2033 Ergo
1062 1991 1099 2023 et
1121 1988 1153 2024 si
1175 1998 1242 2034 per

153 2039 296 2072 actores
327 2034 606 2077 denuntiaverit,
641 2033 679 2068 id
717 2037 773 2069 est
806 2043 872 2078 per
906 2043 1045 2069 servum
1076 2033 1240 2069 dominus

155 2085 176 2116 6
222 2079 502 2121 denuntiaverit,
539 2082 620 2114 rata
650 2078 718 2114 erit
747 2078 981 2114 denuntiatio.
1038 2078 1240 2123 Quaeritur,

154 2137 201 2162 an
225 2126 318 2162 alius
341 2125 551 2168 adulteram,
575 2124 666 2159 alius
689 2123 889 2160 adulterum
939 2124 1096 2160 ostulare
1113 2124 1239 2169 possit,

153 2175 211 2214 ut,
234 2171 409 2217 'quamvis
446 2171 490 2206 ab
528 2169 653 2206 eodem
683 2170 788 2205 ambo
822 2135 936 2205 simuiJ
958 2169 1136 2215 postulari
1167 2181 1241 2205 non

154 2217 310 2263 possint,
343 2227 366 2251 a
395 2215 542 2251 diversis
572 2218 692 2250 tamen
722 2214 851 2260 singuli
881 2216 1032 2260 possint.
1082 2215 1145 2251 sed
1168 2226 1240 2251 non

154 2263 200 2298 ab
231 2272 271 2298 re
302 2265 358 2297 est
385 2262 454 2297 hoc
483 2261 636 2306 probare
666 2260 823 2296 diversos
848 2264 1078 2296 accusatores
1103 2260 1241 2296 admitti

154 2317 280 2354 posse,
312 2306 411 2349 dum,
444 2307 474 2341 si
497 2309 580 2341 ante
604 2305 908 2342 denuntiationem
931 2305 1109 2359 nupserit,
1141 2306 1241 2351 prior

154 2353 280 2388 mulier
303 2351 466 2387 accusari
488 2362 561 2387 non
584 2351 708 2396 possit.
745 2350 970 2396 exspectabit
988 2351 1097 2396 igitur
1116 2351 1241 2386 mulier

155 2397 368 2434 sententiam
399 2397 443 2432 de
473 2396 636 2432 adultero
665 2397 793 2432 latam:
833 2396 864 2432 si
899 2396 1087 2432 absolutus
1119 2396 1239 2439 fuerit,

154 2443 281 2479 mulier
309 2452 375 2488 per
398 2452 479 2478 eum
502 2442 619 2477 vincet
641 2452 708 2477 nec
731 2442 828 2477 ultra
851 2441 1016 2477 accusari
1038 2445 1177 2487 potest:
1211 2443 1241 2478 si

155 2489 410 2525 condemnatus
432 2487 551 2532 fuerit,
580 2487 708 2523 mulier
730 2498 802 2523 non
826 2490 880 2522 est
904 2486 1152 2532 condemnata,
1177 2487 1241 2524 sed

155 2538 236 2580 aget
260 2543 405 2569 causam
429 2543 550 2576 suam,
584 2532 771 2569 ⁵fortassis
802 2536 839 2568 et
862 2531 1023 2578 optinere
1046 2532 1102 2568 vel
1123 2533 1241 2578 gratia

154 2580 210 2615 vel
237 2578 375 2615 iustitia
403 2578 458 2614 vel
486 2578 575 2623 legis
606 2578 738 2614 auxilio
770 2577 895 2623 possit.
948 2577 1034 2623 quid
1065 2578 1175 2623 enim,
1210 2578 1241 2614 si

155 2624 297 2660 adulter
319 2623 509 2659 inimicitiis
534 2633 727 2677 oppressus
752 2626 805 2658 est
827 2623 882 2658 vel
899 2622 1000 2658 falsis
1023 2624 1240 2669 argumentis

155 2670 378 2721 testibusque
400 2669 607 2705 subornatis
631 2668 729 2713 apud
751 2668 952 2713 praesidem
974 2673 1154 2713 gravatus,
1203 2670 1242 2704 ui

155 2719 220 2751 aut
238 2714 353 2750 nolu1t
371 2717 435 2749 aut
451 2724 525 2749 non
541 2713 659 2758 potuit
674 2723 880 2758 provocare,
899 2713 1027 2750 mulier
1046 2724 1129 2750 vero
1148 2715 1186 2750 iu
1213 2715 1240 2741 '-

156 2771 233 2796 cem
270 2759 474 2811 religiosum
508 2758 636 2794 sortita
694 2758 878 2794 udicitiam
912 2768 1015 2795 suam
1050 2759 1241 2796 defendet?

157 2809 174 2840 7
223 2804 295 2841 Sed
318 2814 350 2840 ει
374 2806 565 2849 antequam
589 2814 655 2839 con
682 2807 843 2840 emnetur

205 2848 256 2888 19
284 2846 366 2893 (18)
396 2848 538 2884 Macen
569 2849 659 2885 libro
685 2850 809 2896 primo
841 2848 885 2884 de
908 2848 1068 2895 publicis
1097 2849 1241 2886 iudiciis

155 2895 211 2933 vel
232 2898 315 2931 ante
341 2904 423 2930 uam
447 2905 528 2929 cum
553 2904 594 2930 eo
618 2893 674 2939 agi
698 2893 816 2940 coepit
826 2895 851 2937 ⁶,

202 2938 255 2979 20
281 2905 363 2983 (ὦ)
376 2939 586 2993 ,ΠιΡΙΑΝσε
607 2939 697 2992 libro
720 2940 877 2976 secundo
902 2939 953 2975 ad
974 2939 1087 2986 leqem
1106 2939 1241 2975 Iuliam

156 2986 201 3022 de
224 2985 399 3022 adulteras
445 2984 587 3020 adulter
608 2983 700 3020 diem
719 2995 822 3020 suum
843 2985 982 3028 obierit,
1006 2985 1241 3021 constitutum

157 3035 212 3068 est
239 3031 346 3067 etiam
375 3033 516 3066 mortuo
547 3029 710 3066 adultero
742 3030 819 3065 sine
849 3030 1133 3075 praescriptione
1162 3041 1240 3066 mu-

160 3080 174 3113 1
224 3076 346 3113 lierem
368 3085 475 3121 posse
499 3075 674 3111 accusari.
723 3075 793 3111 Sed
822 3079 858 3110 et
880 3075 912 3111 si
934 3086 1007 3111 non
1029 3085 1146 3118 mors,
1178 3075 1242 3111 sed

155 3132 274 3168 poena
304 3122 375 3158 alia
402 3130 504 3156 reum
534 3120 768 3163 subtraxerit,
807 3120 926 3156 adhuc
956 3120 1106 3156 dicimus
1134 3131 1242 3166 posse

158 3171 177 3203 2
225 3166 272 3202 ad
301 3166 485 3203 mulierem
513 3164 633 3200 veniri.
681 3165 719 3201 Si
750 3176 791 3201 eo
822 3169 894 3201 tem
921 3176 1002 3209 ore,
1034 3176 1105 3211 quo
1136 3166 1240 3210 elige-

158 3213 266 3248 batur
294 3222 396 3255 reus,
434 3210 597 3246 adultera
637 3213 750 3263 nupta
785 3221 859 3246 non
894 3177 981 3254 fixit,
1020 3221 1091 3256 quo
1122 3214 1241 3246 autem

157 3257 379 3301 absolvatur,
423 3259 537 3302 nupta
578 3256 771 3291 invemtur:
819 3256 1008 3292 dicendum
1050 3259 1104 3291 est
1146 3256 1241 3292 hanc

158 3302 324 3339 absoluto
356 3312 498 3348 quoque
529 3301 691 3336 adultero
722 3310 828 3346 posse
859 3301 1041 3344 accusari,
1080 3300 1164 3346 quia
1198 3311 1239 3336 eo

157 3351 229 3385 tem
257 3357 336 3390 ore,
373 3357 443 3393 quo
478 3346 621 3382 adulter
657 3345 870 3391 eligebatur,
905 3350 1020 3391 nupta
1053 3357 1126 3382 non
1159 3346 1239 3381 fuit.

160 3396 179 3429 3
201 3419 203 3421 ψ
261 3403 286 3428 ιι
311 3396 351 3428 ta
378 3402 451 3427 non
480 3395 601 3437 potest
632 3390 813 3435 accusari,
845 3401 917 3427 non
947 3395 1089 3427 tantum
1114 3391 1160 3427 ab
1186 3401 1240 3433 eo,

159 3437 220 3484 qui
250 3448 272 3473 a
296 3438 450 3473 ulterum
481 3436 667 3472 accusavit
694 3446 761 3471 nec
791 3436 962 3481 optinuit,
1002 3436 1065 3472 sed
1095 3446 1162 3472 nec
1194 3437 1240 3473 ab

159 3483 230 3519 alio
262 3482 420 3527 quidem,
458 3482 488 3516 si
525 3482 665 3517 adulter
700 3481 888 3517 absolutus
919 3485 983 3517 est.
1028 3481 1182 3534 proinde
1211 3481 1241 3517 si

159 3538 225 3575 per
253 3527 483 3564 collusionem
519 3537 599 3563 cum
631 3526 794 3564 adultero
830 3526 1078 3563 constituent⁷
1114 3526 1240 3562 fuerit-

160 3645 199 3684 (ι)
225 3644 263 3675 ut
277 3643 335 3676 ins.
349 3641 384 3674 F
462 3643 504 3683 (2)
529 3641 616 3674 idem
632 3641 662 3674 F
666 3640 680 3660 ²
765 3641 806 3680 (3)
830 3640 940 3683 potest
952 3650 989 3673 ea
1002 3641 1036 3673 F
1114 3643 1156 3680 (4)
1183 3639 1238 3672 de-

160 3688 370 3721 nuntiatioS
459 3688 502 3729 (5)
527 3687 567 3719 ut
577 3687 638 3720 ins.
727 3686 772 3728 (6)
795 3685 940 3728 coeperit
953 3684 1004 3718 [⁴⁷²
1090 3687 1135 3729 (¹1)
1160 3695 1238 3717 con-

159 3732 285 3774 stiterit
304 3733 375 3766 edd.
506 3732 552 3774 (8)
575 3741 728 3765 accusare
751 3731 801 3764 F²
927 3730 973 3772 (9)
996 3729 1192 3773 parentibus
1213 3729 1240 3762 S

162 3780 220 3815 (10)
248 3785 421 3821 transpone
432 3778 480 3811 sic
491 3787 551 3810 nec
563 3777 728 3810 immerito
742 3801 749 3809 .
758 3801 765 3809 .
775 3801 782 3808 .
794 3775 966 3819 potestatis
995 3775 1042 3808 sic
1054 3774 1184 3808 eveniet
1196 3798 1203 3807 .
1213 3798 1220 3807 .
1230 3798 1237 3806 .

1164 200 1166 202 μ
1224 138 1309 187 797

2063 145 2335 188 XXXXVIH
2366 149 2391 187 5

1307 274 1376 310 que
1399 264 1605 307 absolutus,
1637 264 1736 300 dedit
1758 266 1897 302 mulieri
1920 271 2052 312 nuptae
2076 267 2244 304 adversus
2269 279 2390 304 omnes

1308 310 1546 346 securitatem.
1595 310 1701 355 plane
1725 310 1755 345 si
1778 316 1892 356 nupta
1915 323 1993 348 esse
2016 313 2178 355 desierit,
2203 314 2367 350 accusari

1306 355 1456 400 poterit:
1482 366 1598 400 neque
1615 355 1707 406 enim
1728 356 1833 391 aliam
1854 358 1911 409 len
1927 361 2049 393 tuetur
2068 370 2173 404 quam
2190 369 2279 403 eam,
2301 370 2392 405 quae

1307 400 1937 489 nagia5{3)q.lll’zxgildlllalllvllllgtalz{1ifcts
1962 449 2084 493 primo
2124 448 2168 483 de
2204 450 2392 485 adulteriis

1307 490 1407 526 Patri
1431 491 1536 526 datur
1559 491 1615 526 ius
1641 490 1826 526 occidendi
1849 491 2048 527 adulterum
2080 504 2160 528 oum
2189 494 2263 529 filia
2310 505 2389 529 uam

1307 536 1344 571 in
1366 539 1545 581 potestate
1568 536 1697 571 habet:
1731 535 1851 580 itaque
1880 547 1983 573 nemo
2014 538 2106 573 alius
2138 549 2182 574 ex
2204 540 2297 583 patri
2325 541 2392 574 us⁹

1307 581 1399 616 idem
1423 581 1503 617 iure
1526 581 1651 616 faciet:
1678 580 1741 616 sed
1764 592 1829 616 nec
1854 582 1947 617 filius
1972 582 2123 619 familias
2173 588 2269 620 ater:

1354 624 1408 663 22
1433 624 1515 670 (21)
1546 625 1742 663 ULPIANUS
1770 626 1860 661 libro
1884 628 2007 673 primo
2041 628 2084 662 de
2107 641 2130 663 a
2156 630 2281 664 ulteris
2327 631 2392 671 (sic

1308 672 1455 716 eveniet,
1484 675 1526 707 ut
1549 682 1615 707 nec
1638 674 1742 716 pater
1765 681 1830 706 nec
1855 682 1941 707 avus
1965 673 2103 717 possint
2126 673 2301 716 occidere)
2326 685 2392 710 nec

1307 717 1501 752 immerito:
1526 717 1563 752 in
1587 727 1654 752 sua
1677 716 1772 752 enim
1797 719 1975 761 potestate
1999 729 2071 753 non
2089 718 2229 754 videtur
2247 719 2391 762 habere,

1308 762 1371 808 qui
1394 773 1467 798 non
1490 766 1546 798 est
1569 772 1656 798 suae
1679 761 1869 807 potestatis
1883 764 1921 796 ¹⁰.

1356 805 1408 846 23
1442 805 1525 851 (22)
1557 807 1804 842 Psmmzws
1843 807 1934 842 libro
1969 809 2092 853 primo
2135 809 2180 844 de
2219 809 2392 844 adulteris

1307 852 1385 888 Nec
1413 853 1450 888 in
1482 864 1525 889 ea
1556 853 1633 897 lege
1661 851 1837 887 naturalis
1872 852 1917 886 ab
1956 852 2120 898 adoptivo
2156 857 2259 898 pater
2289 864 2328 889 se
2355 865 2391 889 a·

1312 902 1327 933 1
1376 902 1490 934 ratur.
1537 898 1580 933 In
1611 897 1876 933 accusationem
1908 897 2035 933 viduae
2065 898 2160 934 filiae
2189 910 2262 934 non
2285 900 2332 934 ha
2358 903 2394 934 et

1309 947 1328 978 2
1377 947 1480 988 pater
1503 943 1559 979 ius
1583 942 1705 989 praeci
1731 953 1828 978 uum.
1875 942 1937 977 Ius
1969 943 2153 979 occidendi
2183 944 2277 989 patri
2308 955 2392 979 con-

1310 989 1449 1024 ceditur
1473 988 1569 1024 domi
1592 998 1689 1032 suae,
1729 987 1799 1023 'cet
1821 987 1871 1023 ibi
1894 987 1968 1023 filia
1991 999 2064 1024 non
2087 989 2241 1030 habitat,
2273 989 2327 1024 vel
2357 989 2392 1024 in

1310 1034 1414 1070 domo
1444 1034 1624 1080 generi¹¹:
1666 1033 1729 1069 sed
1766 1033 1892 1068 domus
1928 1036 1964 1068 et
1993 1044 2057 1078 pro
2091 1033 2267 1069 domicilio
2299 1034 2392 1069 acci-

1309 1083 1328 1115 3
1376 1079 1508 1124 pienda
1539 1082 1613 1123 est,
1646 1083 1686 1114 ut
1712 1078 1749 1114 in
1772 1079 1849 1123 lege
1874 1078 2040 1114 Cornelia
2064 1078 2108 1114 de
2131 1079 2277 1114 iniuriis.
2325 1079 2394 1115 Sed

1309 1125 1369 1170 qui
1399 1125 1564 1160 occidere
1592 1128 1712 1170 potest
1741 1123 1955 1167 adulterum,
1988 1124 2100 1159 multo
2129 1124 2239 1168 magis
2270 1128 2393 1159 contu-

1308 1174 1329 1205 4
1376 1170 1482 1206 melia
1518 1169 1652 1216 poterit
1686 1170 1763 1205 iure
1793 1168 1958 1204 adficere.
2014 1168 2098 1204 Ideo
2135 1174 2253 1204 autem
2290 1170 2394 1215 patri,

1308 1227 1381 1251 non
1405 1216 1531 1251 marito
1557 1215 1740 1251 mulierem
1765 1218 1801 1250 et
1823 1224 1963 1250 omnem
1988 1214 2188 1249 adulterum
2210 1215 2395 1250 remissum

1309 1266 1363 1296 est
1387 1261 1560 1304 occidere,
1591 1260 1687 1306 quod
1710 1260 1920 1305 plerumque
1943 1259 2060 1304 pietas
2083 1260 2222 1304 paterni
2245 1260 2396 1295 nominis

1310 1306 1498 1342 consilium
1520 1316 1586 1352 pro
1610 1305 1732 1341 liberis
1757 1305 1871 1350 capit:
1905 1310 2063 1340 ceterum
2095 1305 2213 1340 mariti
2242 1305 2339 1340 calor
2363 1308 2398 1339 et

1308 1352 1356 1387 im
1385 1355 1464 1387 etus
1486 1351 1594 1387 facile
1618 1351 1840 1386 decernentis
1863 1350 1933 1385 fuit
1955 1350 2201 1386 refrenandus.

1356 1363 1409 1434 {4
1431 1395 1514 1440 (23)
1541 1396 1736 1433 ULPJANUS
1757 1396 1848 1432 libro
1863 1397 1987 1442 primo
2008 1395 2052 1431 de
2071 1396 2260 1431 adulteriis
2294 1394 2397 1438 Quod

1309 1442 1360 1478 ait
1390 1443 1447 1478 lex
1478 1442 1526 1477 ‘in
1555 1441 1630 1477 filia
1653 1440 1857 1477 adulterum
1880 1440 2175 1486 deprehenderit’,
2206 1451 2278 1476 non
2307 1440 2397 1475 otio-

1309 1500 1389 1524 sum
1412 1487 1571 1523 videtur:
1604 1486 1717 1522 voluit
1746 1486 1840 1522 enim
1871 1487 1923 1521 ita
1954 1486 2096 1521 demum
2123 1487 2216 1521 hanc
2240 1488 2397 1530 potesta-

1308 1538 1380 1569 tem
1404 1534 1499 1578 patri
1521 1536 1734 1577 competere,
1759 1532 1790 1567 si
1812 1531 1851 1566 in
1873 1531 1954 1577 ipsa
1978 1531 2198 1576 turpitudine
2221 1530 2330 1565 filiam
2354 1530 2398 1565 de

1309 1578 1484 1615 adulterio
1510 1577 1766 1623 deprehendat.
1809 1577 1932 1612 Labeo
1959 1587 2101 1622 quoque
2122 1577 2174 1612 ita
2197 1576 2337 1621 probat,
2363 1579 2398 1610 et

1308 1624 1529 1670 Pomponius
1554 1623 1699 1668 scripsit
1720 1622 1759 1658 in
1782 1622 1870 1667 ipsis
1893 1622 2001 1658 rebus
2024 1622 2174 1658 Veneris
2201 1621 2396 1667 deprehen-

1309 1681 1390 1706 sum
1418 1669 1553 1706 occidi:
1585 1671 1623 1704 et
1652 1668 1722 1705 hoc
1751 1671 1807 1703 est
1836 1667 1933 1713 quod
1957 1667 2040 1703 Solo
2065 1671 2101 1703 et
2123 1667 2243 1703 Draco
2275 1667 2399 1702 dicunt

1313 1719 1327 1751 1
1377 1718 1418 1750 ἐν
1447 1717 1553 1761 ἔργῳ.
1609 1713 1752 1749 Sufficit
1778 1713 1894 1766 patri,
1933 1713 1963 1748 si
1992 1723 2034 1748 eo
2070 1717 2229 1758 tempore
2266 1712 2397 1748 habeat

1308 1761 1346 1796 in
1377 1763 1571 1806 potestate,
1608 1769 1678 1805 quo
1710 1758 1858 1802 occldit‚
1896 1769 1970 1794 non
2026 1768 2072 1793 uo
2102 1758 2141 1793 in
2171 1757 2396 1793 matrimonio

1310 1805 1517 1843 collocavit:
1555 1804 1649 1850 finge
1680 1804 1774 1840 enim
1802 1808 1930 1849 postea
1960 1770 2142 1839 redactam
2170 1803 2208 1838 in
2239 1806 2395 1848 potesta-

1310 1855 1329 1887 2
1377 1856 1450 1887 tem
1463 1852 1502 1886 ¹².
1551 1850 1670 1895 Quare
1693 1860 1777 1893 non,
1801 1850 1946 1885 ubicum
1973 1859 2018 1884 ue
2041 1848 2311 1902 deprehenderit
2333 1858 2396 1892 pa-

1309 1900 1375 1941 ter,
1400 1895 1617 1941 permittitur
1640 1896 1672 1931 ei
1697 1894 1876 1936 occidere,
1907 1860 1971 1930 sed¹
2002 1894 2096 1930 domi
2125 1904 2212 1930 suae
2234 1892 2398 1938 generive

1309 1942 1365 1978 sui
1388 1945 1546 1985 tantum,
1576 1941 1639 1976 illa
1661 1940 1754 1976 ratio
1778 1940 1956 1983 redditur,
1990 1939 2085 1985 quod
2112 1939 2282 1974 maiorem
2305 1938 2396 1973 iniu-

1308 1988 1398 2023 riam
1427 1986 1568 2032 putavit
1590 1985 1791 2030 legislator,
1824 1985 1920 2031 quod
1950 1986 1987 2020 in
2019 1985 2162 2020 domum
2190 1983 2303 2030 patris
2335 1987 2399 2018 aut

1310 2037 1329 2068 3
1377 2032 1496 2068 mariti
1515 2042 1605 2067 ausa
1624 2031 1733 2067 fuerit
1750 2031 1825 2066 filia
1845 2031 2046 2066 adulterum
2059 2031 2086 2052 ¹³
2108 2029 2287 2065 inducere.
2328 2028 2398 2064 Sed

1309 2078 1341 2114 si
1363 2081 1468 2124 pater
1491 2077 1578 2112 alibi
1596 2071 1745 2119 habitet,
1771 2077 1904 2112 habeat
1922 2080 2042 2111 autem
2060 2079 2096 2111 et
2116 2075 2222 2110 aliam
2243 2075 2396 2116 domum,

1307 2125 1346 2159 in
1370 2134 1441 2169 qua
1465 2133 1538 2159 non
1560 2123 1708 2166 habitet,
1734 2121 1992 2168 deprehensam
2015 2121 2077 2156 illo
2096 2120 2216 2162 filiam,
2241 2119 2304 2155 ubi
2326 2130 2397 2154 non

1309 2173 1330 2204 4
1377 2168 1533 2212 habitat,
1567 2167 1730 2204 occidere
1758 2178 1831 2203 non
1865 2167 2008 2212 poterit.
2057 2165 2160 2210 Quod
2189 2166 2239 2200 ait
2262 2165 2318 2200 lex
2350 2164 2396 2198 ‘in

1309 2214 1520 2250 ‘continenti
1542 2213 1652 2248 filiam
1683 2212 1847 2257 occidat',
1877 2212 1929 2249 sic
1962 2212 2030 2247 erit
2058 2210 2321 2257 accipiendum,
2352 2220 2398 2244 ne

1309 2260 1427 2295 occiso
1464 2259 1570 2295 hodie
1606 2258 1769 2294 adultero
1806 2261 1963 2294 reservet
2000 2260 2035 2293 et
2069 2261 2152 2302 post
2183 2256 2257 2291 dies
2287 2255 2398 2290 filiam

1309 2305 1451 2341 occidat
1463 2306 1501 2346 ¹⁴,
1531 2304 1587 2340 vel
1611 2307 1754 2340 contra:
1787 2303 1892 2339 debet
1916 2303 2009 2338 enim
2032 2313 2097 2347 pro
2125 2312 2145 2337 e
2167 2312 2239 2336 uno
2263 2301 2338 2336 ictu
2362 2304 2399 2335 et

1309 2362 1380 2387 uno
1404 2350 1540 2396 impetu
1564 2353 1756 2394 utrumque
1780 2348 1961 2391 occidere,
1987 2347 2127 2392 aequai
2150 2347 2204 2382 ira
2227 2346 2397 2381 adversus

1308 2400 1499 2441 utrumque
1523 2399 1678 2448 sumpta.
1727 2394 1823 2439 quod
1847 2394 1877 2429 si
1899 2404 1972 2429 non
1995 2392 2184 2436 affectavit,
2210 2391 2284 2433 sed,
2312 2391 2397 2426 dum

1309 2441 1511 2476 adulterum
1536 2440 1684 2484 occidit,
1718 2439 1878 2485 profugit
1900 2438 1976 2474 filia
1999 2442 2035 2474 et
2056 2437 2275 2482 interpositis
2299 2435 2397 2471 horis

1309 2487 1534 2532 adprehensa
1564 2489 1619 2521 est
1647 2495 1670 2520 a
1698 2488 1800 2530 patre
1830 2484 1892 2529 qui
1920 2483 2217 2529 persequebatur,
2249 2482 2286 2517 in
2312 2492 2396 2517 con-

1309 2532 1435 2567 tinenti
1458 2531 1635 2567 videbitur
1659 2530 1843 2566 occidisse.

1356 2574 1409 2615 25
1435 2574 1519 2620 (24)
1542 2575 1685 2612 Maesa
1709 2576 1800 2611 libro
1815 2575 1937 2622 primo
1953 2574 2181 2621 publicorum
2197 2574 2224 2594 ¹⁵
2263 2571 2395 2607 Marito

1310 2633 1452 2668 quoque
1476 2622 1679 2657 adulterum
1702 2620 1824 2656 uxoris
1857 2630 1945 2656 suae
1977 2618 2140 2655 occidere
2170 2617 2395 2663 permittitur,

1310 2668 1374 2704 sed
1396 2678 1469 2703 non
1493 2666 1704 2713 quemlibet,
1730 2670 1771 2701 ut
1792 2665 1907 2711 patri:
1939 2675 2022 2699 nam
2045 2664 2116 2699 hac
2138 2663 2215 2708 lege
2239 2665 2394 2704 cavetur,

1309 2718 1351 2749 ut
1382 2713 1490 2749 liceat
1519 2713 1594 2748 viro
1629 2711 1889 2764 deprehensum
1924 2709 2019 2745 domi
2050 2719 2137 2744 suae
2173 2711 2259 2751 (non
2289 2707 2394 2742 etiam

1309 2759 1438 2802 soceri)
1468 2758 1506 2793 in
1535 2757 1711 2794 adulterio
1743 2756 1864 2792 uxoris
1896 2754 2058 2791 occidere
2089 2764 2187 2797 eum,
2223 2752 2284 2798 qui
2314 2752 2393 2787 leno

1308 2804 1417 2840 fuerit
1447 2803 1551 2848 quive
1583 2806 1697 2838 artem
1728 2802 1903 2837 ludicram
1933 2803 2017 2835 ante
2045 2798 2171 2835 fecerit
2194 2798 2231 2833 in
2244 2799 2271 2819 ¹⁶
2295 2807 2393 2849 scae-

1310 2859 1392 2885 nam
1423 2848 1578 2885 saltandi
1613 2847 1824 2883 cantandive
1865 2855 1975 2881 causa
2014 2844 2186 2890 prodierit
2221 2842 2394 2878 iudiclove

1308 2894 1453 2940 publico
1484 2893 1673 2929 damnatus
1707 2902 1822 2937 neque
1844 2891 1882 2927 in
1905 2892 2082 2943 integrum
2105 2888 2291 2941 restitutus
2315 2887 2393 2939 erit,

1332 2940 1412 2975 uive
1443 2939 1592 2975 libertus
1622 2937 1698 2973 eius
1731 2936 1852 2972 mariti
1889 2945 2071 2977 uxorisve,
2109 2937 2221 2979 patns
2257 2937 2392 2984 matins,

1308 2951 1372 3021 dlii
1395 2984 1493 3019 filiae
1517 2984 1633 3018 utrius
1657 2993 1780 3018 eorum
1802 2981 1911 3017 fuerit
1934 2983 2013 3025 (nec
2036 2980 2392 3030 interest,·propr1.us

1310 3030 1412 3066 cuius
1442 3040 1565 3065 eorum
1594 3038 1642 3063 an
1672 3038 1753 3062 cum
1788 3027 1858 3062 alio
1899 3024 2093 3062 communis
2130 3023 2251 3065 fuerit)
2290 3031 2393 3066 qulve

1313 3079 1327 3110 1
1378 3085 1502 3110 servus
1532 3074 1609 3109 erit.
1658 3072 1709 3107 Et
1738 3071 1974 3125 praecipitur,
2008 3075 2049 3105 ut
2078 3069 2108 3104 is
2135 3068 2283 3118 maritus
2293 3092 2309 3118 ,.
2333 3066 2393 3111 qui

1309 3120 1438 3156 horum
1469 3129 1572 3164 quem
1605 3117 1792 3160 occident,
1824 3127 1971 3153 uxorem
2000 3115 2076 3150 sine
2105 3123 2204 3164 mora
2228 3111 2391 3164 dimittat.

1310 3169 1329 3200 2
1378 3164 1544 3200 Ceterum
1577 3163 1633 3199 sui
1662 3163 1751 3198 iuris
1782 3173 1829 3198 an
1859 3161 1956 3197 filius
1988 3159 2139 3195 familias
2163 3161 2210 3192 slt
2232 3159 2391 3197 maritus,

1310 3214 1329 3245 3
1377 3209 1465 3245 nihil
1487 3209 1660 3244 interesse
1673 3209 1700 3230 ¹⁷
1724 3218 1746 3243 a
1794 3208 1947 3252 lerisque
1970 3205 2103 3240 dictum
2127 3206 2191 3237 est.
2238 3200 2331 3254 Illud
2353 3201 2390 3235 in

1309 3259 1460 3300 utroque
1491 3265 1534 3289 ex
1566 3253 1742 3289 sententia
1787 3253 1860 3297 egis
1891 3250 2089 3295 quaeritur,
2121 3257 2170 3300 ⁸¹¹¹.
2198 3251 2294 3298 patr}
2315 3255 2390 3298 ma-

1308 3300 1495 3345 gistratum
1525 3298 1688 3335 occidere
1716 3298 1848 3334 liceat?
1883 3297 1967 3331 item
1998 3294 2029 3329 si
2056 3292 2131 3327 filia
2159 3300 2393 3343 ignominiosa

1309 3345 1356 3381 sit
1384 3348 1447 3379 aut
1476 3354 1568 3379 uxor
1597 3347 1724 3379 contra
1751 3343 1847 3388 leges
1878 3343 2007 3384 nupta,
2049 3348 2098 3373 an
2130 3336 2168 3390 id
2195 3346 2250 3388 lus
2280 3334 2389 3370 nihilo

1309 3390 1425 3425 minus
1461 3392 1566 3434 pater
1594 3389 1787 3424 maritusve
1817 3385 1975 3421 habeat?
2015 3387 2052 3418 et
2081 3381 2184 3427 quid,
2220 3391 2250 3416 ει
2287 3383 2391 3424 pater

1309 3435 1498 3470 maritus¹⁸
1526 3434 1608 3470 leno
1631 3433 1687 3469 vel
1711 3434 1829 3477 aliqua
1852 3428 2045 3474 ignominia
2067 3430 2213 3462 notatus
2237 3426 2323 3477 est?-
2356 3427 2391 3458 et

1309 3480 1442 3515 rectius
1472 3479 1611 3515 dicetur
1641 3489 1701 3514 eos
1731 3479 1787 3512 ius
1818 3473 2003 3511 occidendi
2033 3472 2184 3513 habere,
2223 3480 2283 3514 qm
2313 3479 2391 3504 iure

1308 3525 1422 3571 patris
1446 3525 1607 3561 maritive
1630 3531 1802 3559 accusare
1824 3521 1986 3566 possunt.

1307 3638 1456 3672 occidere
1526 3640 1581 3681 (11)
1604 3636 1736 3680 genen's
1749 3635 1784 3667 F
1843 3635 1902 3674 (12)
1925 3629 2133 3674 potestateF
2211 3629 2268 3668 (13)
2292 3625 2388 3660 adul-

1307 3683 1426 3716 tumF
1489 3686 1548 3725 (14)
1573 3681 1703 3716 occidat
1713 3678 1817 3712 filiam
1828 3689 1889 3711 scr.
1966 3677 2024 3717 (15)
2049 3673 2250 3707 iudiciorum
2263 3674 2322 3706 ins.
2342 3671 2390 3705 F²

1309 3730 1372 3771 (16)
1397 3729 1473 3762 inve
1485 3742 1547 3762 scr.
1641 3727 1701 3766 (ιτ)
1726 3723 1876 3756 interF¹
1909 3722 2045 3754 interest
2060 3719 2110 3753 F²
2203 3720 2264 3762 (rs)
2290 3718 2388 3750 mari-

1308 3775 1401 3807 tusve
1413 3775 1487 3808 edd.
