2528 3918
97 163 271 194 TUTELA

97 267 201 318 patre
231 270 426 305 decessisse
457 273 493 304 et
523 273 690 314 nepotem
720 278 765 304 ex
797 278 838 304 eo
863 270 1080 304 successisse
1102 268 1180 304 vivo

98 326 175 352 avo.
209 320 245 350 et
267 314 396 350 fortius
421 313 611 349 dicendum
635 317 690 349 est
711 313 860 349 tutelam
891 324 960 358 quo
987 324 1031 348 ue
1063 324 1083 349 e
1105 314 1182 359 lege

96 360 199 396 Iunia
212 360 223 380 ¹
261 358 385 394 Vellea
427 358 716 394 confirmatum²:
760 369 843 393 nam
885 362 920 393 et
994 359 1181 403 omponius

96 404 187 440 libro
212 407 312 439 sexto
337 403 472 438 decimo
498 414 540 438 ex
565 403 698 439 Sabino
730 403 874 448 scripsit
902 404 1020 438 valere
1053 404 1181 439 tutoris

101 449 289 485 dationem.
333 459 413 483 cum
445 449 536 483 enim
568 448 817 484 confirmatum
849 448 896 483 sit
919 452 1180 491 testamentum,

97 496 352 538 consequenter
374 493 502 528 tutoris
527 503 668 538 quoque
681 493 777 528 datio
801 493 932 528 valebit
955 494 992 528 in
1004 503 1046 529 eo
1070 498 1180 528 testa-

95 541 212 574 mento
237 537 371 582 scripta
395 538 490 582 quod
513 538 617 580 valet,
642 538 679 572 id
703 542 757 573 est
780 538 842 572 ubi
865 549 975 582 nepos
1000 539 1054 574 vel
1077 539 1180 573 heres

94 586 115 619 3
159 582 343 617 institutus
375 583 422 617 sit
453 583 508 617 vel
538 583 746 618 nominatim
778 583 1014 619 exheredatus
1038 584 1095 619 sit.
1144 583 1181 618 Si

93 627 248 663 furiosus
285 630 496 663 testamento
538 631 638 664 tutor
672 628 776 663 detur
789 654 797 670 ‚
835 628 865 663 si
900 628 1062 673 quidem,
1100 638 1180 663 cum

92 672 212 708 furere
243 671 403 715 desierit,
435 675 592 708 tutorem
623 683 701 708 esse
731 676 829 709 recte
861 672 983 708 datum
1006 674 1180 708 Proculus

95 717 288 752 existimat:
330 717 426 762 quod
457 718 488 752 si
519 717 625 753 datus
657 718 704 753 sit
733 728 843 763 pure,
876 723 983 763 negat
1004 718 1179 753 Proculus

94 762 210 797 valere
233 760 424 797 dationem.
458 762 520 797 sed
544 766 598 798 est
621 764 757 805 verius,
783 763 879 808 quod
902 767 938 798 et
961 763 1178 808 Pomponius

93 806 159 849 ait,
191 809 289 842 recte
318 807 429 842 videri
461 807 583 842 datum
616 812 652 843 et
686 812 773 843 tunc
805 807 883 843 fore
906 811 1072 851 tutorem,
1099 818 1179 842 cum

92 854 114 886 4
159 861 284 896 sapere
321 852 487 896 coeperit.
548 852 676 888 Servus
712 853 849 888 alienus
883 853 936 888 ita
969 853 1047 888 dari
1080 857 1180 888 tutor

91 899 210 941 potest
244 896 286 931 ‘si
320 896 411 932 liber
446 898 531 940 erit,
567 902 666 933 tutor
699 899 799 934 esto’.
842 899 928 943 quin
958 898 1064 934 immo
1090 902 1125 933 et
1149 899 1179 933 si

116 950 179 975 ure
214 940 319 977 datus
354 942 417 985 sit,
449 942 587 977 videtur
615 943 732 979 inesse
762 943 853 978 haec
885 943 1046 979 condicio
1085 946 1179 978 ‘cum

91 952 192 1020 gibet
216 986 304 1021 erit'.
337 991 456 1031 potest
479 991 597 1023 autem
621 988 699 1040 quis
730 992 766 1023 et
790 992 959 1023 extraneo
992 998 1092 1023 servo
1117 987 1177 1023 de-

90 1029 235 1066 fendere
259 1041 302 1066 ex
325 1031 394 1067 hac
420 1042 530 1067 causa
562 1032 925 1069 fideicommissariam
956 1033 1176 1068 libertatem:

91 1074 175 1120 quid
200 1076 292 1111 enim
314 1077 472 1119 interest,
486 1087 591 1112 suum
612 1088 751 1113 servum
776 1088 823 1113 an
846 1079 1000 1113 alienum
1023 1082 1179 1113 tutorem

90 1120 292 1165 scripserit,
326 1132 407 1157 cum
437 1123 564 1167 pupilli
595 1122 717 1159 favore
735 1126 785 1158 ,et
814 1123 981 1168 publicae
1014 1123 1177 1158 utilitatis

89 1165 280 1210 adsumpta
314 1167 459 1203 libertas
494 1168 541 1202 sit
574 1168 612 1203 in
646 1178 801 1213 persona
836 1169 910 1203 eius
924 1195 933 1210 ,
977 1168 1038 1213 qui
1079 1171 1178 1203 tutor

90 1210 243 1255 scriptus
268 1212 348 1247 est?
378 1216 498 1257 potest
527 1213 635 1258 igitur
666 1217 702 1249 et
732 1213 816 1249 huic
850 1213 1178 1248 fideicommissaria

88 1255 233 1291 libertas
258 1255 417 1300 defendi,
451 1258 481 1293 si
511 1258 674 1294 voluntas
706 1258 928 1304 apertissime
958 1269 1032 1293 non
1062 1257 1176 1293 refra-

111 1303 199 1335 etur.

87 1311 110 1346 g
138 1344 183 1382 11
212 1345 320 1381 IDEM
340 1346 430 1382 libro
456 1348 639 1394 triqesimo
662 1350 813 1394 septimo
845 1348 895 1384 ad
917 1347 1090 1384 Sabinum
1139 1348 1177 1383 Si

88 1390 166 1435 quis
191 1391 257 1426 sub
283 1391 492 1428 condicione
515 1393 570 1428 vel
595 1403 638 1428 ex
662 1393 718 1429 die
730 1397 883 1429 tutorem
898 1393 1045 1435 dederit,
1058 1393 1175 1429 medio

87 1439 245 1480 tempore
278 1436 369 1471 alius
399 1440 500 1473 tutor
531 1438 669 1474 dandus
702 1443 766 1481 est,
799 1438 959 1484 quamvis
982 1438 1177 1483 legitimum

86 1483 241 1516 tutorem
264 1481 420 1526 pupillus
444 1483 594 1519 habeat:
629 1483 813 1519 sciendum
845 1488 900 1519 est
923 1483 1026 1526 enim,
1051 1493 1175 1529 quam-

87 1525 148 1561 diu
171 1527 439 1562 testamentaria
461 1528 575 1563 tutela
598 1532 782 1573 speratur,
806 1529 997 1574 legitimam
1021 1538 1174 1564 cessare.

90 1573 105 1605 1
153 1570 204 1605 Et
236 1571 266 1606 si
301 1572 410 1607 semel
445 1573 491 1607 ad
526 1574 833 1610 testamentarium
868 1573 1034 1609 devoluta
1067 1573 1177 1609 fuerit

85 1615 208 1658 tutela,
233 1616 359 1651 deinde
383 1622 575 1653 excusatus
600 1619 646 1654 sit
668 1623 767 1655 tutor
786 1619 1086 1664 testamentarius,
1110 1619 1175 1654 ad-

85 1660 156 1696 huc
181 1660 330 1696 dicimus
353 1662 391 1696 in
413 1663 533 1698 locum
557 1664 719 1699 excusati
742 1664 909 1706 dandum,
923 1675 995 1699 non
1019 1664 1067 1699 ad
1089 1664 1174 1709 legi-

86 1707 106 1740 2
152 1706 277 1741 timum
301 1710 453 1742 tutorem
476 1708 593 1744 redire
616 1710 775 1745 tutelam.
823 1709 922 1744 Idem
955 1709 1106 1745 dicimus
1140 1713 1176 1744 et

86 1750 116 1786 si
137 1749 247 1786 fuerit
269 1756 445 1788 remotus:
479 1764 562 1789 nam
586 1757 622 1789 et
643 1754 702 1790 hic
726 1754 859 1790 idcirco
892 1755 985 1797 abit,
1019 1758 1060 1790 ut
1083 1754 1175 1790 alius

86 1798 105 1830 3
153 1795 267 1831 detur.
315 1797 418 1841 Quod
442 1798 473 1833 si
502 1802 602 1835 tutor
632 1803 845 1835 testamento
880 1799 986 1835 datus
1011 1799 1173 1835 decesse-

40 1882 44 1885 ,
84 1841 141 1883 rit,
165 1841 212 1876 ad
234 1842 425 1887 legitimum
448 1844 562 1879 tutela
584 1844 694 1887 redit,
728 1845 812 1890 quia
834 1845 894 1880 hic
917 1848 1064 1881 senatus
1088 1855 1174 1881 con-

85 1889 106 1920 4
153 1887 286 1921 sultum
311 1892 437 1923 cessat.
485 1889 599 1925 Plane
622 1890 653 1925 si
677 1890 747 1925 duo
772 1890 937 1935 pluresve
958 1890 1094 1926 fuerint
1116 1894 1174 1925 tu-

84 1934 179 1966 tores
203 1933 479 1976 testamentarii,
511 1934 548 1969 in
578 1935 697 1970 locum
731 1935 826 1978 eius,
858 1935 919 1980 qui
943 1935 1098 1972 decessit
1119 1935 1175 1971 vel

83 1975 120 2011 in
145 1976 288 2012 civitate
311 1988 388 2013 esse
413 1978 527 2021 desiit,
551 1980 685 2024 poterit
709 1979 787 2015 dari
820 1980 929 2016 alius:
964 1984 1120 2016 ceterum
1143 1981 1175 2016 si

83 2020 394 2101 nullusd.tsupersit
427 2024 483 2058 vel
516 2025 553 2059 in
589 2025 731 2061 civitate
767 2025 813 2061 sit
826 2052 835 2068 ,
870 2025 1026 2070 legitima
1060 2026 1174 2061 tutela

84 2076 190 2101 succe
216 2079 227 2101 1
246 2094 253 2101 .

132 2109 182 2148 12
207 2112 316 2147 IDEM
334 2113 424 2149 libro
450 2115 633 2160 trz‘qesimo
657 2120 782 2151 octavo
807 2115 857 2150 ad
879 2114 1052 2151 Sabinum
1089 2116 1172 2152 Cer-

82 2159 200 2191 tarum
223 2167 342 2192 rerum
366 2159 419 2193 vel
440 2169 629 2195 causarum
645 2163 858 2196 testamento
878 2164 977 2197 tutor
1000 2161 1078 2196 dari
1100 2172 1174 2198 non

83 2205 201 2247 potest
223 2212 290 2237 nec
314 2202 474 2239 deductis
498 2205 605 2240 rebus

131 2244 181 2284 13
207 2247 437 2284 POMPONIUS
465 2249 556 2285 libro
587 2250 741 2296 septimo
765 2250 902 2286 decimo
925 2250 976 2286 ad
997 2250 1172 2287 Sabinum

83 2295 118 2326 et
141 2292 172 2327 si
196 2291 301 2328 datus
324 2292 443 2336 fuerit,
467 2298 545 2330 tota
569 2294 665 2331 datio
691 2295 945 2338 nihilvalebit,

132 2335 183 2374 14
207 2337 446 2374 MARGIANUS
478 2339 570 2375 libro
593 2340 752 2377 secundo
777 2341 1042 2376 institutionum
1089 2342 1173 2387 quia

83 2391 268 2427 personae,
292 2394 365 2419 non
388 2384 438 2420 rei
461 2385 516 2420 vel
541 2395 672 2421 causae
696 2385 810 2421 datur.

131 2425 181 2464 15
213 2427 410 2463 ULPJANUS
440 2429 531 2465 libro
567 2431 750 2476 triqesimo
774 2434 900 2467 octavo
925 2430 976 2466 ad
997 2430 1171 2467 Sabinum

83 2470 120 2506 Si
143 2476 262 2508 tamen
286 2477 386 2509 tutor
409 2474 513 2509 detur
535 2476 587 2510 rei
606 2476 800 2511 Africanae
822 2475 878 2511 vel
899 2476 953 2512 rei
965 2476 1170 2522 Syriaticae,

82 2517 178 2552 utilis
203 2518 299 2554 datio
325 2522 396 2554 est:
432 2519 501 2555 hoc
526 2521 618 2556 enim
641 2522 719 2557 iure
741 2521 885 2556 utimur.

111 2560 181 2600 ‘16
207 2563 315 2598 IDEM
343 2564 434 2600 libro
471 2566 654 2612 triqesz‘mo
690 2577 786 2601 nono
822 2566 872 2601 ad
905 2565 1079 2603 Sabinum
1133 2566 1172 2603 Si

105 2607 160 2643 uis
190 2608 242 2643 ita
266 2608 403 2644 dederit
434 2609 526 2645 ‘filiis
557 2612 644 2647 meis
675 2614 830 2646 tutorem
863 2611 932 2653 do’,
956 2611 994 2646 in
1018 2621 1061 2647 ea
1085 2622 1170 2648 con-

109 2653 221 2688 'cione
245 2657 309 2696 est,
334 2658 375 2689 ut
397 2658 472 2690 tam
502 2655 583 2691 filiis
615 2666 722 2701 quam
744 2655 886 2691 filiabus
911 2656 1051 2692 dedisse
1073 2657 1169 2693 vide-

82 2700 180 2733 atur:
213 2698 368 2735 filiorum
393 2700 486 2735 enim
518 2702 758 2746 appellatione
789 2705 825 2736 et
855 2701 953 2737 filiae
984 2702 1169 2738 continen-

85 2745 99 2776 1
148 2746 217 2778 tur.
266 2743 304 2779 Si
328 2745 407 2789 quis
431 2745 503 2780 filio
528 2750 682 2781 tutorem
707 2746 845 2781 dederit
876 2750 912 2781 et
933 2746 1054 2792 plures
1076 2747 1170 2784 filios

81 2786 221 2831 habeat,
246 2798 293 2824 an
316 2790 480 2826 omnibus
498 2790 579 2826 filiis
592 2792 732 2827 dedisse
754 2791 941 2827 videatur?
973 2795 1010 2826 et
1032 2791 1077 2827 de
1099 2793 1169 2829 hoc

81 2831 299 2886 Pomponius
314 2834 472 2870 dubitat:
497 2837 607 2881 magis
632 2841 752 2872 autem
769 2839 834 2879 est,
855 2840 897 2872 ut
919 2837 1083 2873 omnibus
1108 2837 1169 2874 de-

82 2879 102 2911 2
149 2878 243 2915 disse
266 2879 438 2915 videatur.
487 2880 525 2916 Si
548 2882 627 2926 quis
650 2882 771 2917 liberis
794 2885 931 2917 tutores
955 2882 1093 2917 dederit
1114 2883 1170 2919 vel

82 2921 161 2974 filiis
186 2928 221 2959 et
243 2924 378 2960 habeat
401 2926 574 2970 quosdam
597 2937 619 2962 a
646 2927 696 2962 ud
718 2927 852 2970 hostes,
866 2927 973 2962 etiam
996 2927 1084 2972 ipsis
1108 2928 1168 2964 de-

83 2966 176 3004 dlsse
198 2969 393 3013 videbitur,
427 2971 457 3006 si
489 2981 561 3006 non
593 2982 615 3007 a
631 2972 691 3007 'ud
715 2976 838 3017 aperte
860 2972 1036 3017 probetur
1058 2976 1168 3009 testa-

83 3014 107 3064 3·
125 3016 239 3049 torem
257 3015 422 3051 sensisse.
449 3015 487 3051 Si
506 3017 585 3061 quis
604 3028 685 3053 cum
707 3017 886 3062 ignoraret
909 3027 948 3053 se
971 3017 1084 3053 filium
1107 3019 1168 3063 Ti-

81 3059 169 3093 tium
191 3059 343 3102 habere,
376 3059 458 3097 filiis
489 3065 626 3098 tutores
658 3062 812 3105 dederit,
844 3066 964 3098 utrum
995 3063 1052 3098 his
1083 3064 1168 3099 solis

83 3101 220 3139 dedisse
250 3105 430 3148 videatur,
464 3117 553 3151 quos
584 3107 622 3142 in
652 3111 832 3152 potestate
863 3108 931 3143 scit
954 3118 1001 3143 an
1025 3108 1058 3143 ei
1081 3119 1168 3154 quo-

83 3157 169 3191 que,
201 3160 306 3194 quem
337 3150 513 3195 ignoravit
544 3162 583 3187 se
614 3153 772 3188 habere?
810 3155 847 3188 et
878 3163 936 3188 ma
961 3153 991 3188 ’s
1031 3157 1103 3197 est,
1128 3157 1170 3189 ut

82 3191 168 3245 huic·
187 3193 324 3230 dedisse
347 3206 419 3231 non
442 3196 621 3240 videatur,
652 3197 738 3233 licet
767 3208 898 3233 nomen
968 3198 1081 3234 ’orum
1104 3199 1168 3234 ad-

81 3241 187 3273 mitt1t
209 3243 245 3274 et
268 3240 401 3284 ipsum:
435 3241 500 3277 sed
523 3243 606 3287 quia
631 3242 675 3278 de
697 3243 776 3288 ipso
801 3253 874 3278 non
898 3244 1091 3287 sensisset,
1116 3244 1166 3279 di-

83 3282 232 3318 cendum
274 3289 329 3320 est
370 3297 512 3323 cessare
556 3287 594 3322 in
640 3298 831 3332 personam
866 3287 942 3324 eius
978 3289 1167 3325 dationem.

82 3328 104 3361 4
148 3327 302 3365 Proinde
333 3334 369 3366 et
399 3332 430 3367 si
460 3335 579 3367 certus
612 3332 683 3368 fuit
714 3332 826 3368 filium
858 3333 1075 3377 decessisse,
1108 3335 1169 3380 qui

83 3378 284 3417 supererat,
314 3375 406 3411 idem
439 3377 505 3412 erit
529 3376 734 3413 dicendum:
767 3388 834 3413 nec
858 3379 951 3414 enim
973 3379 1114 3415 videtur
1138 3380 1170 3415 ei

83 3417 102 3450 5
147 3417 298 3468 dedisse,
323 3431 426 3465 quem
450 3422 570 3457 obisse
594 3423 772 3458 credebat.
831 3422 870 3458 Si
899 3425 1075 3469 postumis
1107 3424 1168 3460 de-

84 3459 173 3496 derit
196 3467 332 3499 tutores
356 3465 462 3510 hique
485 3467 563 3502 vivo
587 3472 803 3511 nascantur,
835 3478 883 3503 an
906 3468 1002 3504 datio
1026 3469 1169 3505 valeat?

84 3508 119 3540 et
141 3509 250 3586 magis
275 3513 341 3551 est,
375 3515 417 3545 ut
450 3512 548 3547 utilis
584 3512 681 3548 datio
715 3513 782 3548 fiat
816 3513 922 3548 etiam
956 3514 987 3549 si
1016 3515 1094 3550 vivo
1126 3524 1168 3550 eo

85 3560 217 3587 nascan
234 3564 287 3589 ur.

133 3594 182 3632 17
208 3597 316 3633 IDEM
335 3599 427 3635 libro
452 3601 634 3647 triqesz'mo
658 3604 783 3648 quinto
796 3602 847 3639 ad
856 3603 1010 3639 edictum
1041 3603 1168 3639 Testa-

1179 144 1266 192 335

2137 151 2280 193 XXVI
2311 155 2336 192 2

1253 272 1372 305 mento
1387 269 1490 305 datos
1514 272 1652 304 tutores
1676 280 1748 304 non
1762 281 1839 306 esse
1864 272 2041 317 cogendos
2065 272 2240 308 satisdare
2262 283 2337 308 rem

1252 315 1387 350 salvam
1410 314 1488 350 fore
1511 317 1608 349 certo
1634 315 1765 350 certius
1791 320 1861 350 est:
1895 317 1958 352 sed
1982 318 2091 353 nihilo
2115 318 2231 353 minus
2257 329 2335 354 cum

1275 359 1330 394 uis
1354 359 1459 395 offert
1481 358 1760 401 satisdationem,
1781 365 1821 394 ut
1833 362 1931 397 solus
1945 362 2176 406 administret,
2190 363 2335 398 audien-

1251 370 1316 439 gus
1343 408 1416 447 est,
1449 408 1490 439 ut
1522 404 1637 439 edicto
1664 409 1817 439 cavetur.
1855 406 1919 441 sed
1942 412 2039 442 recte
2062 411 2208 452 praetor
2232 408 2337 444 etiam

1251 449 1377 484 ceteris
1410 449 1535 484 detulit
1569 449 1663 483 hanc
1697 449 1958 494 condicionem,
1992 453 2022 486 si
2054 456 2089 487 et
2130 452 2141 487 i
2168 453 2198 488 si
2228 454 2338 488 velint

1250 494 1445 529 satisdare:
1485 504 1568 529 nam
1593 498 1628 528 et
1651 493 1705 528 si³
1727 494 1795 538 ipsi
1818 497 1936 539 parati
1959 502 2042 531 sunt
2054 498 2139 532 satis
2168 508 2239 539 are,
2264 509 2335 534 non

1250 539 1381 574 debent
1405 539 1544 574 excludi
1568 538 1712 573 alterius
1737 539 1937 583 oblatione,
1971 542 2033 576 sed
2064 543 2209 587 impleta
2239 544 2335 579 vide-

1249 584 1332 619 licet
1356 585 1400 619 ab
1426 584 1589 619 omnibus
1614 583 1847 619 satisdatione
1879 595 2000 621 omnes
2031 592 2170 631 gerent,
2205 592 2246 623 ut
2276 589 2336 634 qui

1250 633 1439 664 contentus
1465 632 1519 664 est
1542 639 1600 663 ma
1624 629 1653 664 is
1679 629 1766 664 satis
1799 630 1962 674 accipere
1994 642 2099 676 quam
2124 643 2254 677 gerere,
2279 644 2335 669 se-

1252 677 1267 708 1
1318 684 1425 709 curus
1451 678 1554 709 esset.
1638 684 1684 708 on
1709 674 1909 710 omnimodo
1942 680 2061 711 autem
2092 678 2123 712 is
2148 678 2207 723 qui
2231 679 2334 714 satis-

1249 718 1309 753 det
1331 718 1585 763 praeferendus
1610 722 1682 754 est:
1717 719 1801 764 quid
1826 720 1917 754 enim
1942 720 1973 755 si
1996 726 2164 766 suspecta
2182 733 2336 767 persona

1248 764 1295 798 sit
1317 764 1372 799 vel
1396 764 1522 808 turpis,
1560 764 1618 798 cui
1652 764 1765 799 tutela
1802 765 1974 800 committi
2008 777 2074 801 nec
2111 778 2191 802 cum
2227 770 2333 804 satis-

1248 808 1392 844 datione
1425 809 1579 843 debeat‘?
1622 809 1676 844 vel
1708 809 1793 854 quid
1826 810 1857 845 si
1887 810 1958 844 iam
1990 812 2102 845 multa
2132 811 2267 857 flagitia
2298 814 2334 848 in

1246 854 1359 888 tutela
1383 853 1549 889 admisit?
1573 864 1691 889 nonne
1709 855 1820 899 magis
1844 855 1969 899 repelli
1999 860 2035 891 et
2056 857 2141 891 reici
2167 868 2188 892 a
2211 859 2334 902 tutela,

1248 908 1355 944 quam
1378 899 1475 934 solus
1501 899 1749 934 administrare
1774 900 1926 935 debeat?
1951 911 2016 935 nec
2038 902 2125 936 satis
2150 913 2222 937 non
2247 903 2334 938 dan-

1246 948 1301 979 tes
1324 947 1457 979 temere
1480 944 1720 988 repelluntur,
1745 945 1829 996 quia
1851 945 2057 990 plerumque
2080 947 2170 981 bene
2193 949 2337 992 probati

1248 992 1284 1024 et
1314 988 1432 1024 idonei
1464 989 1596 1033 atque⁴
1628 989 1771 1024 honestl
1799 993 1957 1032 tutores,
1991 991 2128 1026 etiamsi
2152 993 2239 1028 satis
2263 1004 2336 1028 non

1248 1033 1341 1075 dent,
1367 1044 1440 1069 non
1465 1034 1595 1069 debent
1617 1034 1715 1070 reici:
1755 1034 1839 1079 quin
1862 1036 1968 1070 immo
1993 1046 2060 1070 nec
2083 1036 2229 1071 iubendi
2252 1042 2336 1073 sunt

1247 1081 1267 1113 2
1315 1079 1501 1114 satisdare.
1538 1078 1683 1124 Duplex
1704 1080 1812 1124 igitur
1836 1090 1967 1115 causae
1992 1081 2145 1125 cognitio
2172 1086 2236 1124 est,
2261 1093 2334 1118 una

1247 1134 1291 1159 ex
1339 1133 1466 1159 ersona
1491 1124 1566 1159 eius
1592 1125 1652 1168 qui
1676 1124 1846 1169 optulerit
1869 1125 2157 1168 satisdationem,
2190 1127 2268 1171 quis
2301 1132 2337 1163 et

1247 1178 1317 1213 qua
1334 1168 1361 1204 's
1387 1172 1452 1211 est,
1478 1169 1549 1204 alia
1573 1173 1819 1212 contutorum,
1853 1170 1976 1215 quales
2007 1175 2109 1213 sunt,
2134 1182 2220 1207 num
2242 1172 2336 1208 forte

1247 1213 1322 1249 eius
1347 1214 1617 1249 existimationis
1649 1214 1705 1249 vel
1736 1215 1811 1249 eius
1843 1215 2041 1250 honestatis
2073 1221 2175 1259 sunt,
2199 1220 2241 1252 ut
2263 1228 2336 1254 non

1247 1259 1402 1294 debeant
1424 1259 1520 1294 hanc
1545 1259 1793 1294 contumeliam
1818 1260 2063 1296 satisdationis
2088 1262 2220 1297 subire.

1295 1301 1346 1341 18
1387 1303 1674 1340 CALLJSTRATUS
1714 1304 1806 1340 libro
1849 1307 1954 1341 tertio
1998 1306 2109 1342 edicti
2152 1308 2339 1343 monitor-ii

1247 1349 1350 1393 Quod
1385 1349 1416 1384 si
1475 1349 1571 1384 lures
1607 1349 1783 1385 satisdare
1816 1351 1936 1395 parati
1970 1351 2052 1393 sint,
2084 1355 2171 1387 tunc
2194 1352 2337 1388 idonior

1245 1394 1433 1474 Eraeferen
1461 1405 1502 1429 us
1527 1394 1606 1436 erit,
1629 1398 1671 1429 ut
1695 1398 1730 1429 et
1752 1398 1912 1430 tutorum
1923 1406 2099 1440 personae
2120 1397 2214 1432 inter
2237 1407 2276 1433 se
2300 1402 2336 1434 et

1272 1439 1495 1475 deiussorum
1520 1443 1781 1484 comparentur.
1958 1456 1960 1459 v

1294 1482 1345 1522 19
1378 1483 1572 1520 ULPIANUS
1599 1485 1691 1521 libro
1725 1486 1907 1531 trz'qesimo
1942 1487 2069 1538 quinto
2100 1487 2150 1522 ad
2181 1487 2334 1523 edictum

1246 1528 1284 1564 Si
1306 1539 1410 1565 nemo
1435 1533 1594 1565 tutorum
1617 1534 1789 1575 provocet
1812 1529 1859 1565 ad
1881 1531 2162 1575 satlsdationem,
2186 1532 2249 1568 sed
2274 1543 2333 1568 ex-

1244 1575 1350 1610 sistat
1373 1574 1518 1620 quidam
1549 1575 1611 1620 qui
1643 1578 1742 1610 tutor
1773 1585 1847 1611 non
1871 1579 1924 1611 est
1947 1576 2235 1622 desideraretque
2245 1579 2270 1620 ⁵,
2294 1582 2335 1613 ut

1245 1623 1309 1655 aut
1341 1619 1515 1655 satisdent
1544 1624 1683 1656 tutores
1713 1623 1796 1663 aut,
1827 1620 1860 1656 si
1889 1632 1963 1657 non
1994 1621 2089 1665 dent,
2113 1626 2241 1667 parato
2266 1623 2334 1659 sibi

1245 1665 1421 1700 satisdare
1455 1665 1680 1700 committant
1713 1666 1882 1708 tutelam,
1916 1677 1989 1702 non
2025 1670 2079 1702 est
2113 1668 2331 1704 audiendus:

1244 1720 1360 1755 neque
1383 1710 1475 1745 enim
1499 1714 1563 1746 aut
1588 1714 1708 1746 extero
1734 1711 1986 1747 committenda
2017 1712 2131 1747 tutela
2163 1717 2237 1756 est,
2270 1717 2334 1748 aut

1242 1758 1457 1791 testamento
1483 1754 1557 1790 dati
1587 1759 1724 1791 tutores
1749 1759 1875 1791 contra
1906 1757 1962 1792 ius
1987 1757 2211 1793 satisdationi
2234 1758 2332 1794 subi-

1247 1804 1263 1836 1
1313 1800 1429 1836 ciendi
1451 1804 1543 1836 sunt.
1591 1800 1671 1836 Hoc
1696 1800 1851 1836 edictum
1874 1801 1918 1836 de
1942 1802 2173 1839 satisdatione
2203 1803 2251 1838 ad
2274 1807 2332 1838 tu-

1243 1849 1341 1881 tores
1375 1846 1663 1881 testamentarios
1695 1846 1868 1891 pertinet:
1917 1847 1980 1882 sed
2011 1851 2047 1882 et
2078 1848 2109 1883 si
2139 1858 2184 1883 ex
2215 1849 2332 1893 inqui-

1244 1891 1373 1926 sitione
1407 1890 1484 1925 dati
1517 1891 1589 1926 sint
1622 1893 1778 1933 tutores,
1814 1891 2009 1927 Marcellus
2045 1893 2096 1927 ait
2131 1897 2165 1928 et
2196 1893 2244 1929 ad
2266 1894 2332 1929 hos

1269 1936 1421 1972 ertinere
1443 1936 1514 1971 hoc
1538 1936 1692 1971 edictum
1726 1940 1761 1971 et
1791 1936 1829 1971 id
1852 1937 2014 1972 oratione
2045 1938 2150 1973 etiam
2174 1938 2332 1974 divorum

1242 1947 1396 2016 fratrum
1438 1980 1641 2026 significari.
1685 1981 1836 2026 ideoque
1879 1985 1915 2017 et
1947 1982 1999 2017 illi
2034 1983 2215 2018 clausulae
2248 1987 2334 2019 sunt

1243 2026 1404 2069 subiecti,
1429 2030 1480 2069 ut,
1505 2026 1536 2061 si
1560 2027 1617 2062 cui
1640 2027 1755 2061 maior
1784 2037 1869 2071 pars
1899 2030 2060 2062 tutorum
2091 2028 2278 2071 decernat,
2301 2029 2332 2064 is

1241 2075 1342 2116 gerat
1366 2081 1470 2116 quem
1494 2072 1607 2106 maior
1629 2082 1715 2116 pars
1740 2071 1865 2116 eligat,
1898 2073 2057 2118 quamvis
2089 2074 2198 2109 verba
2222 2073 2331 2109 edicti

1243 2118 1263 2151 2
1310 2116 1358 2151 ad
1381 2117 1669 2152 testamentarios
1692 2117 1906 2162 pertineant.
1962 2117 2191 2154 Testamento
2226 2119 2331 2155 datus

1241 2165 1409 2207 postumo
1443 2165 1543 2197 tutor
1577 2161 1736 2197 nondum
1773 2165 1828 2197 est
1871 2165 1970 2198 tutor
1983 2189 1993 2205 ,
2036 2163 2104 2198 nisi
2144 2167 2331 2209 postumus

1243 2207 1389 2242 edatur:
1416 2206 1522 2242 datur
1543 2211 1665 2241 tamen
1689 2206 1858 2243 adversus
1883 2217 1965 2243 eum
1988 2208 2181 2244 substituto
2204 2210 2330 2255 pupilli

1241 2252 1466 2297 negotiorum
1499 2255 1680 2297 gestorum
1715 2252 1810 2288 actio
1821 2253 1847 2287 ⁶.
1894 2253 1958 2288 sed
1988 2253 2019 2288 si
2053 2257 2179 2298 partus
2214 2254 2331 2291 editus

1240 2296 1359 2339 fuerit,
1385 2296 1511 2332 deinde
1534 2297 1593 2332 hic
1605 2300 1715 2339 tutor,
1739 2297 1947 2343 priusquam
1993 2299 2159 2343 uicquam
2181 2304 2329 2344 gereret,

1240 2345 1399 2377 remotus
1423 2352 1446 2377 a
1468 2343 1582 2377 tutela
1611 2341 1738 2385 fuerit,
1772 2346 1808 2377 et
1837 2343 1895 2378 hic
1920 2353 1962 2379 ea
1989 2353 2043 2378 em
2067 2344 2208 2380 actione
2231 2348 2329 2380 tene-

1240 2387 1348 2422 bitur.
1391 2388 1422 2422 si
1453 2387 1538 2432 quid
1597 2387 1680 2422 lane
1713 2387 1824 2432 gessit
1845 2391 1930 2432 post
1952 2388 2083 2423 editum
2106 2393 2261 2434 partum,
2286 2389 2330 2425 de

1241 2442 1283 2468 eo
1308 2442 1460 2484 quoque,
1485 2397 1596 2477 quodp
1605 2436 1688 2467 ante
1703 2433 1823 2477 gessit,
1840 2433 1974 2468 tutelae
1996 2433 2126 2468 iudicio
2151 2434 2330 2470 tenebitur

1242 2481 1278 2513 et
1301 2487 1416 2512 omms
1441 2477 1700 2512 administratio
1724 2479 1762 2511 in
1786 2478 1854 2512 hac
1879 2478 2020 2513 actione
2043 2479 2168 2514 veniet.

1286 2519 1340 2559 20
1365 2521 1423 2558 ΡΑ
1431 2531 1526 2558 {aas
1564 2522 1656 2558 libro
1698 2523 1881 2569 triqesimo
1923 2527 2048 2559 octavo
2092 2524 2142 2559 ad
2175 2524 2329 2560 edictum

1243 2571 1259 2602 1
1308 2567 1424 2603 Tutor
1463 2567 1623 2603 incertus
1666 2567 1743 2602 dan·
1785 2577 1857 2603 non
1924 2572 2027 2603 otest.
2098 2568 2328 2605 Testamento

1240 2612 1432 2665 quemlibet
1466 2622 1657 2658 possumus
1693 2616 1848 2647 tutorem
1907 2622 1987 2655 are,
2019 2614 2092 2649 sive
2122 2614 2152 2649 is
2183 2619 2329 2659 praetor

1238 2667 1312 2738 {ige
1337 2658 1462 2693 consul
1485 2658 1543 2701 sit,
1567 2658 1652 2703 quia
1673 2657 1733 2692 lex
1756 2657 1943 2692 duodecim
1965 2659 2168 2694 tabularum
2191 2659 2229 2695 id
2242 2669 2328 2695 con-

1253 2703 1260 2711 ”
1283 2706 1368 2737 mat.

1286 2746 1336 2784 21
1365 2747 1473 2783 IDEM
1493 2748 1583 2784 libro
1608 2752 1732 2784 octavo
1758 2749 1926 2784 brevium.
1976 2748 2206 2785 Testamento
2230 2752 2327 2785 tuto-

1238 2803 1295 2828 res
1319 2793 1357 2827 hi
1381 2793 1459 2828 dari
1482 2797 1645 2837 possunt,
1670 2803 1751 2828 cum
1774 2793 1903 2838 quibus
1921 2795 2125 2829 testamenti
2136 2794 2247 2830 factio
2260 2799 2325 2830 est.

1285 2835 1338 2874 22
1371 2837 1565 2874 UszANUs
1585 2838 1676 2873 libro
1701 2839 1843 2884 quadra
1870 2839 1979 2874 esimo
2003 2840 2128 2885 quinto
2161 2839 2212 2875 ad
2233 2839 2327 2876 edie-

1239 2887 1312 2918 tum
1348 2882 1386 2918 Si
1433 2883 1489 2918 uis
1508 2886 1664 2918 tutorem
1676 2883 1813 2918 dederit
1875 2883 1907 2919 ‘o
1932 2895 1996 2920 suo
2021 2886 2196 2928 servum⁷‚
2222 2895 2326 2931 quem

1263 2928 1391 2963 utabat
1437 2928 1571 2963 ‘berum
1603 2938 1680 2963 esse
1693 2955 1702 2970 ‚
1739 2939 1820 2963 cum
1851 2933 1945 2964 esset
1976 2939 2117 2973 servus,
2149 2930 2179 2965 is
2211 2940 2327 2976 neque

1237 2939 1327 3008 fiber
1350 2983 1466 3018 neque
1488 2977 1588 3008 tutor
1613 2973 1689 3008 erit.

1284 3015 1337 3055 23
1362 3018 1590 3053 AFffloANUs
1624 3018 1715 3053 libro
1746 3022 1872 3054 octavo
1905 3021 2154 3065 quaestionum
2213 3020 2327 3055 Tutor

1236 3064 1289 3098 ita
1311 3066 1408 3099 recte
1442 3073 1515 3098 non
1550 3062 1673 3098 datur:
1719 3064 1782 3098 ‘illi
1825 3068 1888 3099 aut
1930 3065 1981 3100 illi
2015 3065 2095 3100 filiis
2130 3065 2228 3107 meis,
2253 3065 2325 3100 utri

1238 3111 1373 3144 ‘eorum
1395 3108 1500 3150 volet,
1526 3108 1641 3143 Titius
1665 3112 1764 3144 tutor
1787 3110 1895 3154 esto';
1929 3110 2014 3155 quid
2039 3110 2131 3146 enim
2155 3111 2323 3151 dicemus,

1238 3154 1268 3189 si
1292 3153 1408 3188 Titius
1444 3153 1660 3188 constituere
1694 3154 1804 3196 nolit,
1839 3155 1912 3189 utri
1943 3166 1987 3190 ex
2020 3155 2102 3190 filiis
2126 3159 2223 3190 tutor
2247 3164 2325 3190 esse

1240 3202 1256 3234 1
1304 3198 1413 3233 velit?
1459 3198 1516 3232 Ita
1546 3202 1665 3233 autem
1695 3203 1794 3235 recte
1824 3203 1923 3235 tutor
1947 3201 2108 3236 dabitur:
2143 3200 2269 3234 ‘Titius
2293 3199 2323 3234 si

1239 3243 1343 3280 ‘volet
1365 3243 1415 3278 illi
1437 3242 1510 3278 filio
1534 3253 1613 3279 meo
1638 3247 1736 3279 tutor
1759 3246 1859 3280 esto’.

1283 3286 1338 3325 24
1362 3288 1409 3323 IA
1418 3297 1588 3323 VOLENUS
1616 3288 1707 3325 libro
1739 3291 1864 3336 quinto
1896 3302 1946 3326 ex
1973 3291 2094 3326 Cassio
2142 3289 2180 3323 Si
2201 3289 2322 3333 plures

1237 3337 1373 3369 tutores
1397 3334 1480 3376 sint,
1505 3343 1528 3368 a
1549 3338 1715 3379 praetore
1746 3339 1947 3371 curatorem
1979 3336 2080 3380 posci
2110 3334 2180 3369 litis
2212 3343 2322 3385 causa

1238 3388 1499 3423 supervacuum
1523 3383 1588 3422 est,
1613 3380 1696 3425 quia
1719 3380 1829 3416 altero
1855 3385 2001 3416 auctore
2025 3391 2105 3415 cum
2130 3379 2240 3413 altero
2265 3388 2322 3422 agi

1263 3428 1366 3459 otest.

1237 3435 1260 3470 P
1284 3466 1336 3505 25
1361 3467 1617 3505 MODESTJNUS
1645 3470 1735 3506 libro
1760 3474 1890 3516 quarto
1908 3469 2173 3516 pandectarum
2220 3467 2319 3502 Duo-

1237 3514 1305 3548 bus
1328 3513 1472 3558 pupillis
1495 3517 1594 3549 tutor
1618 3515 1722 3551 datus
1747 3516 1814 3551 etsi
1836 3515 1983 3550 alterius
2014 3513 2126 3548 tutela
2150 3523 2188 3547 se
2212 3522 2319 3547 excu-

1237 3568 1318 3594 sare
1340 3561 1478 3602 potest,
1510 3569 1591 3594 cum
1623 3570 1681 3596 res
1705 3564 1894 3605 separatae
1917 3560 1999 3600 sint,
2024 3557 2206 3593 attamen⁸
2228 3555 2317 3591 alte-

1236 3603 1311 3638 rius
1334 3607 1434 3638 tutor
1456 3609 1587 3639 manet.

87 3708 125 3748 (1)
150 3709 231 3741 iuna
243 3711 278 3743 F

86 3755 119 3783 et
129 3765 193 3787 scr.

408 3714 451 3751 (2)
477 3714 707 3748 confirmatam
726 3716 808 3749 Hal.

287 3757 327 3796 (4)
354 3757 448 3798 atqui
463 3759 498 3790 F

949 3718 991 3758 (3)
1017 3719 1051 3749 et
1070 3718 1113 3758 si]
1134 3717 1164 3749 si

584 3761 625 3800 (5)
651 3760 883 3803 desideretque
907 3774 969 3795 scr.
1063 3763 1107 3804 (6)
1133 3762 1163 3794 si

1234 3719 1352 3758 partus
1372 3717 1484 3749 editus
1504 3728 1572 3751 non
1595 3719 1699 3751 fuerit
1718 3731 1781 3752 sec.
1796 3718 1831 3751 B
1852 3719 1912 3751 ins.
2071 3717 2113 3756 (7)
2138 3726 2236 3748 suum
2256 3716 2315 3749 ins.

1234 3763 1278 3804 (8)
1304 3764 1364 3794 aut
1376 3764 1488 3795 tamen
1499 3763 1535 3796 F
