2528 3918
90 111 309 172 munnam

89 243 197 279 fuerit
220 242 381 284 occisus,
412 250 521 287 posse
552 241 655 277 eum¹
679 238 824 285 Aquilia
855 248 962 284 agere
993 239 1181 286 pretioque

90 299 131 324 eo
157 287 434 329 aestimandum,
466 285 592 331 quanti
621 284 691 320 fuit
719 284 929 337 priusquam
961 289 1075 320 artem
1099 295 1181 320 cum

89 337 111 369 4
157 333 286 379 pollice
308 331 494 368 amisisset.
543 330 614 366 Sed
638 334 674 366 et
704 340 736 365 81
766 340 909 372 servuS,
966 331 1004 366 ui
1034 339 1180 375 magnas

89 378 234 414 fraudes
257 378 292 413 in
323 376 410 412 meis
439 375 638 411 rationibus
670 375 914 417 commiserat,
961 375 1054 411 uerit
1084 375 1180 411 occi-

89 433 171 466 sus,
203 423 248 458 de
278 433 349 468 quo
380 421 626 466 quaestionem
656 420 791 456 habere
822 420 1101 464 destinaveram,
1136 423 1178 455 ut

89 468 268 504 fraudium
285 466 477 513 participes
497 469 718 508 eruerentur,
738 465 936 501 rectissime
947 466 1071 502 Labeo
1092 465 1180 501 scri-

88 514 142 548 bit
164 512 256 548 tanti
279 511 556 554 aestimandum,
590 511 714 557 quanti
737 521 817 547 mea
839 510 1011 547 intererat
1034 510 1181 547 fraudes

89 558 205 594 881112
234 567 298 603 per
329 567 410 593 eum
434 557 642 592 commissas
666 556 800 602 detegi,
833 566 907 591 non
962 557 1063 592 uanti
1086 566 1183 592 noxa

90 607 109 639 5
157 603 234 639 eius
265 602 357 638 servi
379 602 508 637 valeat.
557 602 629 637 Sed
660 605 696 637 et
727 602 758 637 si
787 601 905 637 bonae
951 602 1028 647 rugi
1060 612 1182 637 servus

88 650 183 684 intra
206 658 339 683 annum
361 648 508 683 mutatis
531 647 690 683 moribus
715 647 855 683 occisus
879 647 944 690 sit,
968 648 1123 693 pretium
1145 646 1183 682 id

89 693 351 735 aestimabitur,
384 696 517 738 quanto
549 692 700 735 valeret,
732 693 940 738 priusquam
963 703 1080 728 mores
1103 703 1181 727 mu·-

90 742 110 774 6
155 741 258 773 taret.
306 738 349 773 In
361 748 499 773 summa
511 738 631 774 omnia
643 738 830 773 commoda
838 739 864 780 ³,
890 748 983 783 quae
1006 739 1101 773 intra
1117 748 1181 773 811-

87 795 191 827 1111111,
226 793 296 829 quo
319 783 530 819 interfectus
555 786 627 826 est,
651 783 897 828 pretiosiorem
921 794 1062 819 servum
1083 782 1181 819 face-

88 833 180 872 rent,
204 829 294 864 haec
317 828 488 864 accedere
511 828 559 864 ad
582 828 866 864 aestimationem
890 829 965 864 eius
991 829 1182 864 dicendum

89 878 108 909 7
157 877 220 910 est.
269 873 307 909 Si
329 873 448 910 infans
473 874 520 910 sit
542 874 683 910 occisus
708 874 868 910 nondum
891 874 1094 917 anniculus,
1117 884 1177 909 ve-

88 920 161 955 rius
187 923 242 954 est
265 918 431 954 sufficere
453 919 549 955 hanc
573 920 772 962 actionem,
797 922 839 954 ut
862 919 1063 955 aestimatio
1087 917 1180 954 refe-

90 968 110 1001 8
157 968 260 1000 ratur
279 965 326 1000 ad
343 964 382 999 id
400 968 552 1010 tempus,
574 975 644 1017 quo
655 966 669 986 ⁴
688 965 784 1000 intra
797 975 931 999 annum
942 965 1039 1000 vixit.
1077 965 1182 1000 Hanc

89 1010 266 1046 actionem
290 1013 326 1045 et
348 1010 471 1046 heredi
490 1013 688 1056 ceterisque
707 1010 974 1046 successoribus
996 1010 1074 1045 dari
1094 1020 1180 1046 con-

88 1059 179 1091 stat:
205 1055 269 1090 sed
291 1055 330 1090 in
353 1055 520 1091 heredem
542 1055 598 1090 vel
622 1059 761 1091 ceteros
784 1056 875 1091 haec
900 1056 994 1091 actio
1018 1066 1092 1091 non
1116 1055 1179 1090 da-

87 1101 196 1143 bitur,
221 1111 303 1136 cum
326 1100 373 1136 sit
395 1100 568 1145 poenalis,
593 1101 662 1136 nisi
684 1100 780 1136 forte
804 1111 847 1136 ex
871 1100 1001 1136 damno
1022 1100 1181 1146 locuple-

89 1149 109 1181 9
155 1146 226 1181 tior
248 1147 351 1181 heres
374 1145 494 1182 factus
519 1146 576 1181 sit.
625 1145 664 1181 Si
687 1146 770 1182 dolo
796 1156 918 1181 servus
951 1147 1091 1182 occisus
1123 1145 1180 1188 sit,

89 1195 126 1227 et
148 1192 224 1236 lege
249 1191 414 1227 Cornelia
437 1201 543 1237 agere
567 1191 749 1227 dominum
771 1202 879 1236 posse
904 1195 1065 1227 constat:
1091 1194 1128 1227 et
1151 1191 1183 1227 si

88 1237 164 1281 lege
187 1237 220 1271 A
247 1237 331 1272 uilia
355 1247 374 1272 e
399 1237 483 1280 erit,
514 1237 772 1282 praeiudicium
794 1237 872 1272 fieri
898 1237 1084 1272 Corneliae
1107 1247 1181 1272 non

91 1285 133 1317 10
180 1282 223 1317 de
250 1285 295 1317 et.
387 1292 452 1317 aec
486 1282 580 1318 actio
617 1282 787 1317 adversus
820 1282 1048 1318 confitentem
1084 1293 1180 1318 com-

88 1327 179 1373 petit
210 1327 249 1362 in
281 1327 464 1407 simplum,
507 1327 676 1363 adversus
715 1331 904 1372 negantem
948 1328 986 1362 in
1020 1327 1180 1373 duplum.

92 1376 130 1407 11
181 1372 219 1407 Si
242 1372 322 1418 quis
379 1372 532 1408 ominem
566 1373 683 1408 vivum
713 1372 806 1408 falso
839 1372 1055 1408 confiteatur
1085 1373 1181 1408 occi-

89 1417 184 1453 disse
208 1421 244 1452 et
265 1420 393 1463 postea
415 1421 563 1462 paratus
589 1418 636 1453 sit
660 1418 848 1454 ostendere
867 1419 1047 1454 hominem
1065 1418 1182 1453 vivum

89 1473 178 1505 esse,
203 1463 360 1498 Iulianus
385 1463 511 1499 scribit
535 1474 678 1499 cessare
700 1464 890 1509 Aquiliam,
916 1464 1076 1508 quamvis
1097 1474 1181 1499 con-

88 1508 207 1544 fessus
239 1508 285 1544 sit
319 1518 358 1544 se
392 1508 584 1544 occidisse:
621 1510 692 1545 hoc
727 1510 821 1544 enim
854 1509 970 1544 solum
1001 1509 1182 1544 remittere

90 1554 204 1589 actori
228 1553 484 1589 confessoriam
509 1554 697 1598 actionem,
722 1566 768 1590 ne
791 1564 939 1590 necesse
961 1555 1095 1590 habeat
1118 1554 1181 1590 do-

90 1609 171 1635 cere
195 1609 276 1634 eum
299 1599 490 1634 occidisse:
524 1603 682 1635 ceterum
712 1600 872 1636 occisum
903 1610 982 1635 esse
1005 1600 1183 1636 hominem

90 1656 111 1680 a
159 1655 360 1690 uocumque
384 1655 404 1679 o
433 1648 536 1680 ortet.

165 1689 190 1726 4
223 1689 383 1725 PAULUS
425 1690 503 1725 ibro
535 1691 728 1726 vicensimo
759 1690 917 1726 secundo
949 1690 1000 1726 ad
1028 1690 1183 1727 edictum

89 1735 169 1771 Hoc
193 1735 351 1780 apertius
375 1739 429 1770 est
454 1735 551 1770 circa
574 1736 800 1771 vulneratum
822 1735 1020 1771 hominem:
1045 1746 1129 1771 nam
1153 1736 1184 1772 si

91 1780 276 1816 confessus
307 1780 354 1816 sit
383 1780 591 1816 vulnerasse
613 1791 680 1816 nec
704 1781 751 1816 sit
773 1781 991 1824 vulneratus,
1017 1782 1183 1816 aestima-

90 1827 223 1861 tionem
247 1826 348 1861 cuius
371 1826 527 1861 vulneris
550 1826 749 1862 faciemus?
772 1826 828 1862 vel
852 1826 899 1862 ad
923 1827 1019 1872 quod
1042 1830 1184 1872 tempus

90 1871 341 1907 recurramus?

137 1914 189 1954 25
210 1916 406 1952 Urmmvs
414 1917 505 1953 libro
514 1920 639 1953 octavo
647 1916 785 1952 decimo
794 1917 844 1952 ad
850 1917 1005 1952 edictum
1028 1916 1186 1952 Proinde

90 1962 121 1998 si
144 1962 285 1998 occisus
310 1961 452 2007 quidem
475 1973 547 1997 non
571 1963 628 2005 sit,
653 1966 815 1997 mortuus
840 1966 960 1998 autem
984 1962 1048 2005 sit,
1071 1962 1185 2007 magis

93 2011 108 2043 1
159 2011 224 2050 est,
244 2011 286 2042 ut
306 2018 379 2043 non
398 2011 564 2042 teneatur
581 2007 620 2042 in
637 2010 790 2050 mortuo,
810 2007 895 2042 licet
912 2007 1032 2043 fassus
1052 2008 1109 2043 sit.
1148 2007 1185 2043 Si

90 2056 304 2098 procurator
338 2056 402 2087 aut
435 2056 535 2087 tutor
569 2056 633 2087 aut
668 2056 814 2088 curator
849 2056 912 2087 aut
944 2053 1057 2098 quivis
1092 2053 1183 2088 alius

92 2098 330 2134 confiteatur⁵
349 2101 413 2133 aut
433 2098 643 2133 8118811181116
665 2098 883 2141 vulnerasse,
910 2097 1131 2133 confessoria
1147 2098 1186 2133 in

92 2147 112 2179 2
161 2153 222 2179 eos
254 2143 352 2178 utilis
384 2143 478 2179 actio
503 2143 624 2178 danda
647 2147 712 2178 est.
759 2143 988 2186 Notandum,
1021 2143 1118 2188 quod
1147 2143 1186 2178 in

91 2189 161 2224 hac
185 2188 338 2230 actione,
363 2198 456 2234 quae
480 2188 650 2224 adversus
675 2189 904 2224 confitentem
928 2188 1054 2232 datur,
1077 2188 1186 2224 iudex

91 2245 165 2269 non
197 2234 249 2269 rei
281 2233 512 2276 iudicandae,
557 2233 620 2269 sed
655 2234 899 2269 aestimandae
932 2234 1057 2270 datur:
1101 2244 1185 2269 nam

92 2279 212 2315 nullae
260 2282 355 2315 artes
381 2282 466 2314 sunt
487 2279 670 2315 iudicandi
692 2279 729 2314 in
754 2279 976 2315 confitentes.

140 2322 194 2362 26
251 2333 379 2360 Amos
407 2324 500 2360 libro
531 2325 722 2361 vicensimo
754 2325 912 2361 secundo
946 2325 997 2360 ad
1030 2324 1184 2360 edictum

92 2371 188 2406 Puta
211 2370 314 2412 enim,
340 2369 436 2422 quod
459 2370 520 2422 qui
544 2370 754 2405 convenitur
773 2369 933 2406 fateatur
951 2380 990 2406 se
1011 2370 1186 2406 occidisse

93 2420 129 2451 et
151 2419 299 2460 paratus
323 2419 370 2450 sit
393 2416 676 2451 aestimationem
707 2415 861 2458 solvere,
895 2419 931 2451 et
960 2415 1184 2451 adversarius

92 2462 211 2505 magni
234 2461 331 2495 litem
356 2460 532 2496 aestimat.

139 2504 218 2543 27⁷
249 2505 444 2541 ULPJANUS
465 2506 556 2541 libro
580 2509 706 2541 octavo
730 2505 866 2541 decimo
887 2505 938 2542 ad
956 2506 1110 2542 edictum
1147 2506 1185 2541 Si

93 2561 215 2587 servus
247 2561 386 2586 servum
421 2550 576 2586 alienum
609 2550 827 2596 subripuerit
857 2554 894 2587 et
923 2551 1113 2594 occiderit,
1150 2554 1186 2587 et

92 2597 251 2632 Iulianus
275 2598 311 2630 et
334 2595 458 2631 Celsus
482 2596 644 2631 scribunt
667 2600 703 2631 et
724 2595 813 2631 furti
836 2600 873 2631 et
895 2596 1016 2631 damni
1034 2597 1185 2632 iniuriae

96 2645 111 2676 1
162 2644 363 2686 competere
386 2641 574 2677 actionem.
622 2640 661 2676 Si
683 2651 805 2676 servus
830 2642 1045 2684 communis,
1069 2642 1107 2677 id
1131 2645 1186 2677 est

92 2697 193 2722 meus
217 2691 253 2722 et
274 2690 378 2729 tuus,
411 2697 552 2722 servum
574 2696 692 2721 meum
715 2686 906 2729 occiderit,
929 2687 998 2732 legi
1019 2687 1185 2732 Aquiliae

95 2734 195 2767 locus
219 2735 273 2768 est
295 2731 467 2767 adversus
490 2735 545 2774 te,
579 2732 611 2767 si
632 2735 698 2767 tua
720 2732 905 2767 voluntate
926 2731 1033 2768 fecit:
1066 2735 1103 2767 et
1132 2732 1185 2767 ita

95 2846 135 2888 (1)
161 2856 253 2877 crum
270 2846 423 2879 Cuiacz’us
437 2846 522 2887 (coll.
537 2846 556 2879 l.
572 2853 601 2880 11
617 2850 632 2885 ξ
649 2853 666 2880 6
684 2846 715 2879 h.
730 2846 765 2887 t.)
948 2846 992 2887 (2)
1017 2845 1105 2879 servi
1122 2846 1184 2879 del.

96 2893 140 2930 (3)
156 2890 270 2923 01111118
282 2890 455 2923 commoda
468 2891 531 2924 del.
604 2891 649 2934 (4)
661 2892 709 2926 sic
720 2891 755 2924 F
762 2890 784 2931 ¹,
797 2890 886 2933 quod
898 2890 984 2924 F2S
1045 2891 1092 2933 (5)
1106 2901 1186 2924 con-

96 2936 212 2968 fltetur
229 2935 281 2968 F¹
359 2937 406 2978 (6)
431 2938 491 2968 aut
503 2935 674 2979 pupillum
686 2938 745 2969 aut
757 2936 911 2969 adultum
924 2938 984 2970 ins.
1068 2937 1111 2978 (7)
1139 2940 1155 2976 ἓ
1171 2943 1185 2970 7

96 2987 164 3015 ...12
178 2997 223 3009 -—-
239 2980 317 3014 Call.
336 2982 389 3022 12,
402 2989 430 3022 7,
445 2989 469 3015 1.
483 2987 511 3015 3.
525 2989 552 3015 7.
567 2989 663 3021 o.1o;
680 2986 738 3021 §17
756 2998 800 3011 =
819 2981 900 3015 Coll.
914 2983 946 3022 2,
961 2989 978 3015 4
1079 2982 1123 3024 (s)
1149 2983 1189 3013 ut

97 3025 176 3067 tibi]
190 3025 261 3058 utri
271 3037 334 3059 scr.
349 3038 417 3060 cum
428 3026 464 3060 B
587 3027 631 3069 (9)
659 3029 693 3059 81
706 3039 764 3060 om.
777 3027 813 3060 F
935 3027 995 3068 (10)
1022 3027 1110 3068 011111]
1131 3026 1188 3058 8111

98 3072 173 3104 dett.
266 3071 322 3113 (11)
348 3071 480 3103 uenerit
491 3071 526 3104 F
598 3072 656 3114 (12)
684 3072 761 3113 erit]
776 3072 842 3104 fuit
857 3072 939 3105 HaL
1022 3073 1081 3115 (13)
1105 3071 1187 3104 item

97 3116 126 3149 si
138 3115 286 3148 insulam
300 3126 407 3148 meam
424 3116 592 3150 adusseris
612 3116 664 3150 vel
677 3117 879 3158 incenderis,
901 3116 1059 3160 Aquiliae
1081 3117 1187 3149 actio-

97 3171 173 3193 nem
193 3161 341 3194 habebo:
365 3161 514 3204 itemque
534 3164 584 3194 est
604 3164 638 3197 et
656 3163 687 3195 si
700 3161 871 3195 arbustum
885 3173 995 3196 meum
1007 3162 1061 3195 vel
1075 3162 1188 3195 villam

98 3216 205 3238 meam
226 3206 318 3249 coll„
332 3207 550 3251 sicperyens:
571 3207 661 3249 quod
681 3207 711 3240 si
732 3207 810 3240 dolo
833 3208 909 3250 quis
923 3207 1070 3240 insulam
1091 3218 1188 3240 exus-

98 3251 190 3291 serit,
201 3251 303 3283 etiam
312 3251 436 3294 capitis
447 3262 556 3294 poena
566 3251 730 3294 plectitur
738 3253 837 3295 quasi
846 3253 1088 3286 incendiarius.
1102 3253 1188 3285 Item

98 3296 128 3328 si
142 3296 218 3338 quis
231 3304 261 3330 et
275 3308 305 3339 q.
315 3309 382 3340 seq.
397 3298 430 3330 in
444 3297 525 3341 Diq.
619 3298 677 3339 (14)
701 3308 807 3330 meam
820 3311 880 3333 om.
897 3298 977 3332 coll.
1059 3299 1117 3340 (15)
1141 3299 1190 3332 sic

99 3341 129 3374 S
147 3341 238 3381 Gon„
248 3341 372 3374 vicinis
387 3342 423 3375 F
508 3343 568 3384 (16)
594 3342 696 3375 8118111
709 3343 842 3376 vicino:
854 3354 923 3376 non
935 3343 1048 3376 minus
1062 3346 1105 3376 et.
1116 3343 1187 3386 inq.

99 3385 284 3426 tenebitur]
297 3386 370 3429 lege
382 3386 496 3419 vicino
512 3387 631 3420 etiam:
646 3398 715 3420 non
729 3387 842 3421 minus
857 3391 900 3422 et.
915 3389 986 3430 inq.
1004 3389 1084 3422 Coll-

100 3432 158 3472 (17)
183 3433 218 3462 81
239 3431 289 3463 118
301 3430 416 3464 Labeo
437 3431 526 3464 libro
537 3431 602 3465 XV
622 3443 860 3475 responsorum
872 3434 976 3467 refert
996 3435 1074 3467 add.
1094 3433 1187 3476 coll„

99 3477 157 3509 ubi
163 3475 266 3519 plura
277 3483 454 3519 sequuntur
466 3489 488 3510 α
502 3478 765 3521 compilatoribus
776 3480 895 3513 omissa
1017 3480 1077 3521 (18)
1102 3478 1188 3511 forte

103 3521 197 3557 Con..
211 3520 420 3554 fornacarius
431 3534 494 3555 scr.
566 3523 627 3565 (19)
652 3523 886 3566 neglegentem
898 3524 933 3557 F
1005 3525 1068 3566 (20)
1093 3534 1187 3556 nam-

101 3576 165 3608 que
182 3566 240 3607 qui
256 3576 325 3597 non
342 3566 421 3600 Con.
523 3567 581 3609 (21)
607 3569 886 3609 quemadmodum
898 3570 926 3602 si
939 3569 1109 3601 hominem
1120 3579 1189 3600 me-

101 3610 200 3643 dicus
220 3615 310 3643 recte
330 3611 485 3651 secuerit,
507 3612 566 3644 sed
578 3613 795 3655 neglegenter
807 3614 862 3647 vel
880 3614 953 3656 ipse
967 3614 1018 3646 vel
1032 3614 1119 3646 alius
1131 3624 1187 3646 cu-

101 3656 237 3696 raverit,
249 3655 388 3698 Aquilia
403 3658 512 3688 cessat
523 3658 584 3691 ins.
598 3658 679 3692 coll.
804 3661 867 3702 (22)
891 3661 975 3701 puto
987 3660 1188 3701 competere]

103 3704 137 3732 et
148 3701 204 3733 hic
217 3703 300 3743 puto
309 3701 351 3733 ad
361 3700 546 3742 exemplum
556 3702 714 3744 Aquiliae
726 3702 870 3735 dandam
885 3703 964 3737 Gon.
1015 3706 1075 3745 (23)
1089 3714 1188 3745 quam

104 3745 142 3778 in
157 3755 232 3778 eum
244 3757 276 3789 q.
289 3757 323 3778 n.
337 3747 381 3787 c.]
393 3745 447 3778 vel
456 3746 674 3788 neglegenter
687 3748 852 3780 custodiit
865 3759 963 3790 quam
973 3749 1010 3780 in
1022 3748 1188 3780 medicum

1170 111 1250 161 127

2167 114 2345 159 V11112

1250 236 1446 274 Proculum
1480 236 1704 273 existimasse
1735 237 1883 274 Urseius
1914 237 2034 274 refert.
2082 237 2179 284 quod
2212 238 2243 274 si
2277 249 2349 274 non

1250 283 1436 319 voluntate
1458 285 1523 318 tua
1545 281 1643 325 fecit,
1668 293 1810 318 cessare
1833 284 1997 319 noxalem
2021 283 2210 325 actionem,
2233 293 2279 318 ne
2302 283 2350 319 sit

1250 328 1290 363 in
1313 331 1494 374 potestate
1526 328 1636 370 servi,
1669 331 1711 363 ut
1740 328 1830 363 tibi⁸
1854 329 1921 364 soli
1951 328 2100 365 serviat:
2133 328 2230 375 quod
2259 331 2348 374 puto

1253 376 1273 408 2
1319 383 1443 409 verum
1475 383 1565 409 esse.
1613 374 1703 408 Item
1734 373 1765 409 si
1795 383 1918 409 servus
1951 374 2149 410 communis
2180 383 2281 409 meus
2314 377 2350 409 et

1251 422 1336 454 tuus
1361 419 1408 454 sit
1430 418 1572 454 occisus
1597 428 1619 453 a
1643 429 1745 454 servo
1770 418 1875 461 Titii,
1902 418 2026 455 Celsus
2050 419 2175 455 scribit
2197 419 2349 455 alterum

1253 474 1298 500 ex
1322 463 1473 500 dominis
1497 467 1661 509 agentem
1684 467 1749 498 aut
1771 463 1843 499 litis
1868 464 2151 500 aestimationem
2176 475 2348 500 consecu-

1252 512 1374 545 turum
1396 520 1462 555 pro
1484 512 1591 562 parte
1614 512 1678 544 aut
1701 519 1817 544 noxae
1842 508 1924 544 dedi
1948 510 1980 545 ei
2001 510 2039 545 in
2062 510 2215 546 solidum
2239 520 2260 545 o
2289 520 2347 545 or-

1253 557 1274 590 3
1320 558 1408 597 tere,
1433 564 1517 600 quia
1539 555 1629 590 haec
1653 564 1711 590 res
1736 554 1944 590 divisionem
1966 565 2039 590 non
2063 555 2200 600 recipit.
2275 555 2350 591 ervi

1253 602 1374 635 autem
1405 599 1602 636 occidentis
1634 600 1776 635 nomine
1807 600 1971 635 dominus
2001 603 2163 643 tenetur,
2198 601 2230 636 is
2265 611 2349 636 vero

1253 645 1313 681 cui
1335 646 1433 681 bona
1455 645 1528 681 fide
1552 645 1660 681 servit
1683 655 1756 681 non
1779 648 1933 680 tenetur.
1969 645 2034 681 sed
2057 656 2104 680 an
2127 646 2170 689 is,
2195 645 2255 691 qui
2274 656 2348 681 ser-

1251 702 1334 726 vum
1365 691 1403 726 in
1433 690 1520 735 fuga
1550 690 1678 733 habet,
1710 693 1877 726 teneatur
1907 691 2049 726 nomine
2078 691 2154 726 eius
2184 691 2350 736 Aquiliae

1253 736 1413 779 actione,
1439 736 1641 781 quaeritur:
1675 739 1711 771 et
1734 736 1786 771 ait
1807 736 1968 772 Iulianus
1992 736 2107 771 teneri
2130 737 2189 771 et⁹
2213 740 2269 772 est
2290 747 2348 772 ve-

1252 784 1274 817 4
1320 781 1517 817 rissimum:
1552 792 1634 816 cum
1647 782 1675 802 ¹⁰
1707 784 1744 816 et
1773 781 1968 817 Marcellus
1994 782 2182 817 consentit.
2230 781 2348 816 Huius

1251 827 1338 872 legis
1374 826 1569 862 secundum
1605 826 1748 872 quidem
1784 827 1980 879 capitulum
2010 826 2049 862 in
2081 826 2350 862 desuetudinem

1253 875 1273 907 5
1321 872 1419 907 abiit.
1468 872 1590 907 Tertio
1615 875 1737 907 autem
1761 875 1879 917 capite
1900 872 1951 907 ait
1973 872 2097 908 eadem
2116 872 2175 907 lex
2187 872 2348 917 Aquilia:

1253 917 1474 953 ‘Ceterarum
1504 927 1624 952 rerum
1656 920 1801 970 praeter
1824 917 2003 953 hominem
2026 921 2063 952 et
2085 917 2261 963 pecudem
2285 928 2347 953 oc-

1253 963 1360 998 ‘cisos
1393 963 1424 998 si
1456 963 1536 1008 quis
1568 963 1672 998 alten
1702 962 1872 998 damnum
1901 962 2012 1006 faxit,
2051 963 2147 1008 quod
2178 962 2309 999 usserit
2322 964 2348 983 ¹·¹

1253 1008 1409 1054 ‘fregerit
1426 1007 1565 1053 ruperit
1583 1008 1724 1051 iniuria,
1749 1008 1873 1053 quanti
1893 1018 1935 1044 ea
1953 1019 2011 1044 res
2031 1008 2099 1044 erit
2113 1009 2141 1030 ¹2
2165 1008 2203 1043 in
2227 1007 2350 1043 diebus

1253 1053 1411 1099 ‘triginta
1434 1053 1625 1099 proximis,
1658 1057 1800 1089 tantum
1824 1064 1886 1089 aes
1911 1054 2054 1089 domino
2080 1053 2166 1089 dare
2199 1053 2350 1088 damnas

1253 1103 1274 1136 6
1322 1099 1435 1134 ‘esto'.
1484 1098 1523 1134 Si
1546 1099 1626 1144 quis
1649 1099 1758 1152 igitur
1781 1110 1853 1134 non
1877 1099 2051 1134 occiderit
2080 1099 2263 1134 hominem
2293 1099 2352 1134 vel

1279 1144 1445 1187 ecudem,
1470 1144 1535 1180 sed
1558 1148 1690 1180 usserit
1712 1144 1858 1190 fregerit
1880 1145 2035 1189 ruperit,
2069 1144 2147 1180 sine
2172 1143 2281 1180 dubio
2306 1154 2351 1179 ex

1280 1190 1308 1225 ‘s
1331 1190 1449 1226 verbis
1472 1190 1560 1235 legis
1580 1189 1756 1235 agendum
1776 1191 1854 1225 erit.
1890 1190 2042 1242 proinde
2062 1189 2093 1225 si
2112 1189 2230 1225 facem
2250 1199 2350 1224 servo

1254 1239 1273 1270 7
1322 1246 1401 1271 meo
1415 1235 1589 1271 obieceris
1602 1239 1639 1271 et
1651 1246 1731 1271 eum
1745 1235 1936 1278 adussens,
1947 1235 2126 1271 teneberis
2138 1234 2234 1270 mihi.
2260 1234 2350 1269 Item

1253 1281 1284 1317 si
1308 1281 1497 1316 arbustum
1520 1291 1638 1316 meum
1655 1280 1711 1316 vel
1728 1280 1848 1316 villam
1866 1291 1983 1316 meam
2002 1280 2216 1323 incenderis,
2240 1279 2350 1325 Aqui-

1254 1329 1274 1362 8
1320 1326 1390 1362 liae
1414 1327 1592 1362 actionem
1614 1326 1755 1362 habebo
1769 1327 1808 1362 ¹³.
1857 1326 1895 1361 Si
1919 1326 1998 1372 quis
2021 1326 2175 1361 insulam
2199 1324 2352 1361 voluerit

1253 1372 1410 1407 11188111Μ
1442 1382 1592 1407 exurere
1623 1375 1659 1407 et
1689 1371 1780 1417 ignis
1814 1371 1921 1407 etiam
1954 1371 2002 1407 ad
2024 1371 2133 1407 vicini
2146 1372 2174 1393 ¹⁵
2196 1370 2351 1406 insulam

1253 1417 1463 1463 pervenerit,
1488 1417 1633 1470 Aquilia
1651 1417 1832 1452 tenebitur
1851 1417 1958 1452 etiam
1978 1417 2114 1452 vicinoz
2140 1427 2212 1452 non
2235 1415 2352 1450 minus

1254 1463 1362 1498 etiam
1384 1463 1566 1508 inquilims
1589 1462 1770 1498 tenebitur
1781 1463 1810 1484 ¹⁶
1834 1462 1880 1498 ob
1911 1472 1970 1498 res
2004 1473 2126 1498 eorum
2151 1464 2297 1497 exustas
2311 1461 2349 1496 ¹⁷.

1255 1511 1275 1544 9
1323 1508 1362 1543 Si
1393 1508 1609 1543 fornicarius
1624 1509 1652 1530 ¹⁸
1683 1518 1807 1543 servus
1840 1508 1958 1543 coloni
1989 1508 2036 1543 ad
2067 1508 2252 1544 fornacem
2282 1506 2348 1542 ob-

1255 1553 1445 1589 dormisset
1468 1557 1504 1588 et
1526 1553 1610 1588 villa
1631 1553 1742 1589 fuerit
1765 1557 1911 1595 exusta,
1945 1553 2114 1589 Neratius
2147 1551 2274 1588 scribit
2306 1562 2351 1587 ex

1254 1599 1375 1635 locato
1401 1602 1615 1634 conventum
1638 1602 1823 1644 praestare
1847 1598 1996 1642 debere,
2029 1598 2061 1634 si
2093 1598 2281 1643 neglegens
2312 1597 2351 1632 in

1256 1644 1425 1689 eligendis
1449 1644 1653 1680 ministeriis
1677 1644 1765 1679 fuit:
1791 1647 1949 1680 ceterum
1968 1644 1998 1679 si
2017 1643 2109 1679 alius
2128 1644 2140 1678 i
2190 1653 2245 1678 em
2264 1642 2350 1678 sub-

1254 1689 1379 1726 iecerit
1412 1689 1571 1732 fornaci,
1609 1689 1700 1725 alius
1735 1690 1962 1735 neglegenter
1974 1690 2003 1711 ¹⁹
2038 1692 2141 1724 custo
2168 1688 2267 1731 ierit,
2303 1698 2352 1723 an

1254 1735 1435 1770 tenebitur
1458 1735 1520 1780 qui
1551 1735 1770 1770 subiecerit?
1805 1745 1889 1770 nam
1919 1734 1980 1780 qui
1989 1735 2021 1756 ²⁰
2053 1734 2230 1776 custodit,
2263 1732 2352 1768 nihil

1254 1780 1352 1823 fecit,
1377 1780 1438 1826 qui
1461 1783 1559 1816 recte
1581 1780 1698 1825 ignem
1722 1780 1884 1823 subiecit,
1909 1791 1983 1816 non
2005 1779 2169 1826 peccavit
2179 1780 2229 1814 2¹:
2264 1777 2351 1824 quid

1256 1836 1338 1871 ergo
1372 1826 1452 1862 est‘?
1486 1828 1575 1906 {um
1599 1825 1722 1861 utilem
1747 1828 1950 1871 competere
1959 1826 1991 1846 22
2014 1825 2193 1861 actionem
2216 1827 2291 1859 tam
2313 1823 2353 1859 in

1255 1881 1338 1906 eum
1369 1871 1431 1916 qui
1462 1881 1485 1906 a
1538 1870 1724 1907 fornacem
1755 1871 1969 1907 obdormivit
1993 1881 2100 1915 quam
2123 1870 2161 1905 in
2186 1880 2267 1905 eum
2291 1869 2352 1914 qui

1255 1916 1483 1970 neglegenter
1507 1916 1665 1952 custodit
1674 1916 1724 1959 ²³,
1749 1926 1815 1952 nec
1863 1916 2028 1961 uisquam
2039 1916 2069 1937 ²⁴
2094 1915 2224 1951 dixerit
2246 1915 2285 1949 in
2309 1924 2352 1961 80

1256 1973 1318 2008 qul
1352 1961 1584 2005 obdormivit,
1626 1972 1702 1997 rem
1737 1971 1819 1997 eum
1839 1927 2044 1997 ί11111118118111
2080 1964 2116 1996 81
2150 1959 2352 1996 naturalem

1255 2018 1420 2053 passum,
1458 2017 1540 2042 cum
1572 2007 1719 2042 deberet
1747 2007 1804 2042 vel
1835 2007 1952 2052 ignem
1983 2006 2190 2051 extinguere
2221 2005 2278 2041 vel
2300 2005 2353 2040 ita

1261 2056 1300 2087 10
1347 2052 1506 2095 munire,
1541 2062 1588 2088 ne
1624 2063 1688 2088 eva
1713 2052 1843 2088 8111125.
1902 2051 1941 2088 Si
1973 2052 2120 2087 furnum
2156 2049 2352 2087 secundum

1256 2097 1429 2143 parietem
1454 2108 1676 2134 communem
1726 2097 1870 2140 aberes,
1903 2107 1951 2133 an
1983 2097 2104 2133 damni
2135 2096 2267 2132 iniuria
2297 2099 2350 2131 te-

1256 2143 1400 2179 nearis?
1435 2147 1472 2178 et
1494 2143 1546 2178 ait
1569 2143 1746 2179 Proculus
1771 2143 1828 2188 agi
1859 2153 1933 2178 non
1966 2152 2073 2188 posse
2083 2143 2134 2185 ²⁶,
2171 2141 2255 2187 quia
2284 2151 2352 2177 nec

1257 2199 1338 2224 cum
1362 2199 1404 2224 eo
1430 2188 1490 2233 qui
1513 2188 1636 2224 focum
1658 2189 1826 2224 haberet:
1865 2192 1901 2224 et
1930 2188 2011 2224 ideo
2044 2187 2195 2233 aequius
2221 2190 2310 2232 puto
2320 2186 2352 2208 ²⁷

1255 2234 1293 2269 in
1311 2233 1449 2269 factum
1470 2234 1646 2270 actionem
1667 2234 1835 2277 dandam,
1853 2233 1991 2269 scilicet
2014 2233 2046 2268 si
2064 2233 2183 2278 paries
2204 2235 2352 2267 exustus

1256 2279 1303 2315 sit
1312 2279 1360 2314 ²⁸:
1393 2279 1450 2315 sin
1458 2279 1491 2301 2⁹
1514 2282 1634 2314 autem
1658 2279 1817 2315 nondum
1840 2279 1926 2314 mihi
1957 2279 2126 2314 damnum
2159 2277 2299 2313 dederis
2309 2277 2351 2319 ³⁰,

1256 2324 1320 2360 sed
1342 2325 1394 2360 ita
1416 2325 1532 2370 ignem
1548 2325 1685 2360 habeas
1697 2325 1738 2368 ³¹,
1763 2327 1805 2359 ut
1824 2328 1992 2367 metuam,
2011 2334 2058 2359 ne
2077 2323 2164 2358 mihi
2184 2323 2352 2358 damnum

1259 2373 1297 2405 11
1347 2369 1421 2412 des,
1435 2370 1556 2405 damni
1565 2370 1690 2406 infecti
1699 2373 1788 2423 puto
1802 2370 1968 2405 sufficere
1981 2369 2184 2405 cautionem
2195 2368 2236 2403 ³2.
2261 2367 2351 2403 Pro-

1256 2415 1359 2451 culus
1383 2415 1452 2458 ait,
1486 2426 1568 2451 cum
1592 2415 1709 2451 colom
1732 2415 1824 2451 servi
1847 2415 1964 2450 villam
1987 2415 2207 2450 exussissent
2215 2413 2265 2456 ³³,
2291 2423 2350 2448 co-

1254 2460 1378 2496 lonum
1400 2461 1456 2496 vel
1480 2471 1524 2496 ex
1546 2461 1666 2496 locato
1690 2461 1747 2496 vel
1756 2461 1788 2483 ³⁴
1811 2461 1888 2505 lege
1911 2460 2056 2505 Aquilia
2078 2458 2211 2501 teneri,
2236 2458 2288 2493 ita
2310 2460 2352 2492 ut

1256 2506 1404 2542 colonus
1427 2506 1542 2551 possit
1565 2516 1685 2542 servos
1699 2507 1729 2527 ³⁵
1752 2516 1869 2541 noxae
1892 2505 2031 2547 dedere,
2057 2507 2093 2540 et
2112 2504 2143 2540 si
2164 2513 2237 2539 uno
2257 2502 2350 2538 iudi-

1256 2550 1350 2587 dicio
1373 2562 1432 2587 res
1456 2554 1551 2587 esset
1568 2551 1739 2594 iudicata,
1765 2551 1877 2586 altero
1898 2550 2048 2595 amplius
2067 2559 2140 2585 non
2161 2548 2348 2594 agendum.

1255 2596 1320 2632 sed
1342 2597 1433 2632 haec
1456 2596 1527 2640 ita,
1561 2596 1592 2632 si
1625 2596 1731 2642 culpa
1762 2596 1910 2632 colonus
1936 2597 2093 2630 careret:
2129 2597 2289 2630 ceterum
2319 2593 2351 2630 si

1255 2641 1382 2677 noxios
1407 2653 1528 2678 servos
1551 2642 1695 2684 habuit,
1728 2641 1848 2676 damni
1872 2651 1952 2676 eum
1975 2640 2106 2675 iniuria
2128 2639 2260 2682 teneri,
2286 2649 2350 2674 cui¹

1255 2687 1346 2723 tales
1377 2687 1506 2723 habuit
1515 2687 1557 2722 ³⁶.
1593 2687 1688 2722 idem
1719 2686 1932 2722 servandum
1963 2689 2000 2721 et
2031 2685 2128 2721 circa
2158 2683 2350 2731 inquilino-

1254 2743 1335 2768 rum
1356 2732 1497 2768 insulae
1518 2742 1691 2777 personas
1722 2731 1864 2767 scribit:
1902 2741 1994 2776 quae
2028 2730 2206 2766 sententia
2240 2730 2352 2766 habet

1255 2846 1314 2888 qui
1325 2846 1545 2889 neglegenter
1558 2845 1699 2886 curavit,
1722 2845 1791 2878 sive
1808 2845 1907 2877 homo
1927 2844 2034 2888 periit
2054 2844 2126 2877 sive
2152 2843 2351 2876 debilitatus

1254 2894 1305 2923 est
1321 2891 1393 2924 Coll
1506 2892 1567 2933 (24)
1594 2891 1775 2933 quiequam
1788 2890 1823 2923 F
1930 2890 1992 2933 (25)
2017 2892 2057 2922 111
2067 2899 2137 2922 11011
2152 2891 2352 2932 evagaretur

1255 2937 1336 2969 item
1349 2935 1438 2968 libro
1450 2936 1499 2968 VI
1514 2946 1554 2968 ex
1566 2936 1711 2968 Viviano
1724 2935 1868 2973 relatum
1882 2937 1934 2968 est
1947 2935 2029 2969 coll.
2163 2936 2226 2976 (26)
2251 2937 2288 2967 81
2300 2935 2351 2967 811

1254 2983 1417 3014 Proculus
1430 2981 1487 3023 agi
1506 2992 1573 3014 non
1591 2982 1701 3024 posse]
1723 2983 1757 3013 et
1768 2981 1842 3023 agit
1851 2991 1921 3013 11011
1934 2983 2049 3023 posset
2059 2980 2097 3013 id
2108 2979 2248 3022 Aquilia
2271 2979 2348 3022 lege

1259 3027 1355 3060 Con„-
1366 3028 1585 3070 scr-fortasse
1597 3029 1630 3059 et
1643 3027 1699 3069 agi
1711 3036 1780 3058 non
1794 3036 1890 3068 posse
1906 3026 1957 3059 ait
1968 3026 2135 3060 Proculus
2148 3027 2209 3068 Aq.
2224 3024 2301 3067 lege

1256 3073 1319 3113 (27)
1332 3072 1516 3114 putatoolz.
1554 3072 1617 3113 (28)
1630 3071 1763 3104 88111881
1771 3072 1801 3104 si
1812 3082 1845 3114 p.
1859 3074 1995 3104 exustus
2005 3071 2063 3112 sit]
2074 3070 2133 3104 sed
2142 3080 2210 3103 non
2221 3080 2345 3113 propo-

1256 3118 1311 3150 nit
1320 3119 1474 3150 exustum
1487 3117 1661 3159 parietem.
1678 3127 1757 3149 sane
1768 3117 1857 3149 enim
1867 3117 1984 3159 quaeri
1995 3119 2109 3159 potest
2122 3117 2202 3150 Con.
2241 3116 2305 3158 (20)
2319 3115 2349 3147 81

1256 3163 1291 3195 F
1298 3162 1309 3182 ¹
1404 3163 1465 3204 (30)
1491 3162 1623 3195 dederit
1638 3162 1717 3196 Con.
1812 3162 1871 3205 (31)
1895 3162 2019 3195 habeat
2037 3162 2119 3196 coll.
2215 3162 2279 3203 (32)
2305 3170 2347 3192 118

1257 3208 1341 3240 mihi
1353 3207 1512 3240 damnum
1524 3207 1582 3240 des
1591 3231 1599 3239 .
1612 3232 1619 3239 .
1631 3231 1638 3239 .
1649 3208 1853 3248 cautionem]
1865 3218 1908 3240 ne
1920 3207 2005 3239 mihi
2019 3206 2127 3246 detur,
2144 3216 2289 3248 aequum
2303 3206 2350 3238 sit

1256 3264 1308 3286 me
1330 3253 1469 3285 interim
1489 3253 1657 3285 actionem
1676 3253 1714 3285 in
1735 3252 1860 3285 factum
1874 3253 2065 3294 impetrare.
2091 3251 2244 3284 fortassis
2258 3250 2348 3283 enim

1257 3298 1297 3331 de
1309 3299 1373 3331 hoc
1386 3298 1530 3330 senserit
1541 3297 1715 3331 Proculus.
1740 3298 1808 3331 nisi
1822 3298 1898 3340 quis
1911 3297 2036 3330 dixerit
2055 3297 2171 3330 damni
2183 3307 2251 3328 non
2265 3295 2349 3328 facti

1257 3342 1409 3376 sufficere
1422 3343 1615 3376 cautionem
1631 3343 1723 3387 Call„
1746 3344 1805 3377 ubi
1820 3344 1901 3377 haec
1912 3349 2110 3386 sequuntur:
2131 3341 2189 3374 sed
2202 3344 2235 3373 et
2247 3341 2276 3373 si
2289 3340 2348 3382 qui

1257 3388 1346 3421 servi
1363 3387 1531 3430 inquilini
1551 3388 1699 3422 insulam
1720 3388 1918 3430 exusserint,
1943 3387 2033 3420 libro
2044 3387 2077 3420 X
2089 3386 2229 3419 Urseius
2244 3386 2348 3418 refert

1257 3432 1420 3466 Sabinum
1432 3434 1645 3476 respondisse
1657 3435 1732 3477 lege
1743 3433 1884 3476 Aquilia
1903 3443 2073 3466 servorum
2094 3431 2226 3466 nomine
2241 3430 2347 3463 domi-

1256 3489 1336 3511 num
1350 3478 1464 3511 noxali
1475 3479 1605 3512 iudicio
1618 3479 1904 3512 conveniendum:
1926 3488 1966 3511 ex
1985 3478 2096 3510 locato
2115 3479 2227 3508 autem
2242 3475 2348 3508 domi-

1256 3534 1338 3556 num
1350 3524 1458 3557 teneri
1470 3527 1582 3568 negat.
1606 3524 1772 3558 Proculus
1785 3527 1897 3557 autem
1907 3522 2092 3565 respondit,
2104 3532 2179 3553 cum
2193 3520 2306 3553 coloni
2319 3527 2350 3554 ee

1256 3582 1288 3612 q.
1301 3581 1368 3612 seq.
1381 3570 1415 3602 in
1427 3570 1510 3615 Diq.
1583 3570 1645 3612 (33)
1670 3570 1859 3603 exusserint
1877 3569 1957 3602 Call.
2036 3568 2098 3609 (34)
2121 3568 2170 3600 sic
2180 3566 2216 3599 F
2222 3565 2233 3585 ¹
2251 3565 2346 3606 coll„

1257 3624 1297 3646 ex
1310 3615 1371 3648 ins.
1384 3614 1419 3647 F
1423 3613 1470 3648 ’S
1640 3616 1701 3657 (35)
1726 3625 1840 3647 servus
1856 3615 1970 3656 posset
1985 3611 2077 3653 Con„
2091 3610 2201 3653 possit
2213 3620 2345 3643 servum

1255 3659 1291 3691 F
1298 3658 1341 3692 'S
1480 3659 1544 3702 (36)
1567 3661 1616 3694 εἰσ
1629 3660 1665 3703 S,
1680 3660 1794 3692 damni
1805 3685 1812 3692 .
1823 3684 1830 3691 .
1842 3683 1849 3691 .
1860 3658 1944 3691 tales
1957 3656 2078 3690 habuit
2089 3668 2149 3689 om.
2161 3655 2218 3697 F¹,
2230 3654 2346 3688 damni

1256 3727 1265 3736 .
1277 3729 1285 3738 .
1299 3729 1307 3738 .
1319 3703 1403 3737 tales
1420 3705 1498 3740 add.
1510 3705 1566 3738 F²
