2528 3918
128 125 216 157 VEL
245 126 293 156 IN
295 123 556 155 S'I'RUMENTO
587 123 766 153 LEGATO

127 248 205 274 esse
234 247 336 273 nemo
370 235 518 271 dubitat.

128 283 356 329 epistularum
380 281 553 316 Marcello
577 281 681 316 fratri
711 291 776 316 suo
800 278 985 331 respondit
1020 283 1055 314 et
1086 282 1219 331 vestem

125 329 250 364 domus
273 328 468 362 instructae
491 327 606 371 legato
624 325 816 362 contineri:
841 334 1004 367 max1me,
1030 325 1157 369 inquit,
1181 334 1219 358 1n

126 373 309 419 proposita
332 372 470 417 specie:
502 372 771 417 proponebatur
795 370 906 412 enim,
941 370 1001 415 qui
1027 369 1217 420 legaverat,

124 422 308 463 argentum
333 421 369 451 et
383 417 541 452 rationes
558 417 759 462 excepisse:
785 426 868 450 nam
885 415 948 460 qui
962 415 1067 457 haec,
1091 418 1216 459 mqmt,

125 463 274 507 excepit,
299 473 371 498 non
394 466 513 507 potest
537 473 609 498 non
627 462 738 497 videri
766 461 810 496 de
834 461 962 495 ceteris
979 460 1100 502 rebus,
1151 469 1218 494 uae

125 510 161 544 in
186 518 229 543 ea
252 512 382 550 essent,
408 508 573 543 sensisse.
620 507 684 543 sed
701 510 737 542 et
759 507 835 551 ipse
850 506 1073 550 Papinianus
1093 514 1134 540 eo
1163 515 1217 539 em

123 554 213 589 libro
237 563 491 599 responsorum
515 554 566 588 ait
588 556 728 598 patrem
759 554 991 587 mercatorem
1027 561 1071 585 ac
1094 549 1216 585 faene-

124 604 290 641 ratorem,
316 599 376 650 qui
400 598 489 634 duos
514 599 605 634 filios
630 597 849 642 totidemque
871 596 964 632 filias
987 595 1138 631 heredes
1162 595 1216 630 in-

124 644 300 686 stituerat,
323 648 375 679 ita
397 644 576 688 legasse¹:
610 643 704 678 ‘filiis
738 643 897 677 maribus
934 642 1079 677 domum
1094 650 1217 693 ‘meam

124 690 347 724 ‘instructam
368 689 413 725 do
433 689 512 734 lego
531 689 678 735 darique
697 688 833 723 iubeo’:
859 698 994 722 merces
1012 689 1050 722 et
1066 695 1218 731 pignora

122 745 169 770 an
194 735 454 777 contineantur,
480 735 603 780 quaeri
626 744 749 780 posse:
776 733 838 769 sed
860 733 1002 768 facilem
1026 731 1138 767 iudici
1155 741 1217 766 vo-

122 780 268 815 luntatis
294 780 536 815 coniecturam
567 780 645 815 fore
677 779 804 814 ceteris
835 778 948 823 patris
980 777 1217 830 facultatibus

124 829 166 859 44
214 825 435 860 examinatis.
484 825 608 861 Celsus
644 825 769 861 scribit
799 824 910 859 servis
943 824 1004 869 qui
1034 834 1071 858 in
1105 821 1217 874 fundo

123 874 348 905 morarentur
370 870 506 916 legatis,
532 871 683 906 vicarios
709 880 831 905 eorum
843 880 916 904 non
936 867 1126 911 contineri,
1150 877 1219 902 nisi

124 919 163 950 45
215 920 389 960 appareat
411 920 447 951 et
462 916 506 951 de
526 916 668 951 vicariis
685 926 766 951 eum
782 915 947 950 sensisse.
995 913 1218 966 Papinianus

123 971 264 1006 quoque
287 961 380 997 libro
404 961 554 1006 septimo
578 971 833 1006 responsorum
844 960 959 1001 uxori,
986 959 1045 995 cui
1068 970 1122 994 vir
1141 969 1218 1010 omj

123 1006 198 1048 nia,
229 1017 322 1051 quae
344 1006 383 1041 in
411 1006 517 1042 domo
547 1012 668 1051 erant,
701 1007 747 1042 ab
778 1006 911 1041 herede
941 1005 1017 1040 filia
1039 1008 1219 1050 praestari

122 1051 251 1094 voluit,
285 1052 470 1087 cautiones
502 1052 702 1088 debitorum
734 1052 1002 1096 emptionesque
1033 1060 1217 1086 servorum

122 1108 194 1132 non
217 1097 331 1132 videri
346 1097 484 1142 legatas
501 1098 696 1151 respondit,
714 1097 793 1139 nisi,
817 1097 944 1150 inquit,
962 1106 1007 1131 ex
1027 1095 1099 1131 alia
1113 1098 1218 1140 parte

122 1146 158 1178 et
181 1142 225 1178 de
249 1142 360 1178 servis
384 1153 465 1178 eum
490 1148 665 1188 cogitasse
688 1146 908 1187 apparuerit,
932 1141 1069 1177 scilicet
1091 1145 1133 1175 ut
1155 1151 1217 1176 eo-

122 1199 202 1223 rum
225 1198 409 1223 servorum
433 1189 467 1224 ei
489 1189 628 1233 legasse
651 1189 815 1224 videatur
838 1187 1047 1232 emptiones,
1073 1197 1163 1230 quos
1181 1189 1218 1220 et

123 1237 166 1268 46
212 1233 310 1278 ipsos
334 1234 447 1269 voluit
471 1234 518 1269 ad
542 1245 622 1269 eam
643 1233 837 1279 pertinere.
893 1233 932 1269 Si
955 1233 1034 1278 quis
1066 1231 1218 1267 fundum

122 1279 173 1313 ita
197 1283 236 1313 ut
258 1278 456 1314 instructus
481 1283 536 1315 est
558 1280 728 1325 legaverit
743 1283 779 1314 et
802 1278 975 1314 adiecerit
999 1288 1082 1313 cum
1096 1276 1217 1329 supel-

122 1323 234 1358 lectili
256 1324 312 1359 vel
334 1324 521 1369 mancipiis
545 1326 601 1361 vel
624 1336 698 1360 una
721 1324 843 1369 aliqua
865 1334 916 1366 re,
943 1333 1035 1368 quae
1054 1332 1216 1357 nomma-

121 1369 185 1403 tim
208 1379 379 1414 expressa
402 1380 475 1405 non
499 1374 576 1405 erat
585 1371 610 1413 ²,
645 1375 766 1406 utrum
795 1370 923 1404 minuit
951 1369 1109 1414 legatum
1125 1367 1216 1420 ‚adi-

124 1414 248 1450 ciendo
274 1415 429 1459 speciem
452 1425 499 1450 an
523 1426 606 1451 vero
631 1427 714 1459 non,
741 1415 937 1460 quaeritur.
984 1418 1021 1449 et
1043 1413 1213 1458 Papm1a-

121 1471 189 1495 nus
212 1469 270 1495 res
298 1460 398 1495 ondit
419 1471 493 1496 non
516 1461 627 1497 videri
650 1462 835 1503 minutum,
861 1460 925 1496 sed
946 1459 1067 1505 potius
1090 1469 1136 1494 ex
1152 1458 1216 1493 ab-

122 1509 161 1540 47
211 1516 260 1540 un
287 1507 363 1540 anti
377 1505 567 1541 adiectum.
606 1507 705 1543 Idem
716 1506 938 1551 Papinianus
954 1505 1048 1540 libro
1065 1504 1216 1549 septimo

121 1561 375 1595 responsorum
398 1552 467 1587 ait:
499 1552 684 1588 instructis
708 1553 822 1589 hortis
853 1551 927 1586 filio
951 1550 1077 1595 legatis
1103 1553 1218 1602 mater

121 1600 306 1640 argentum
333 1596 508 1633 muliebre
535 1597 631 1634 filiae
661 1599 859 1644 legaverat:
895 1595 1083 1642 respondit
1109 1599 1217 1630 etiam

121 1642 157 1676 id
191 1645 379 1686 argentum
413 1643 604 1686 muliebre,
648 1644 745 1689 quod
779 1645 816 1679 in
851 1643 965 1678 hortis
997 1640 1140 1684 habuit,
1176 1643 1218 1675 ut

121 1686 196 1722 ibi³
221 1691 316 1723 esset
338 1687 558 1732 instructior,
584 1689 632 1724 ad
654 1690 764 1725 filiam
788 1689 978 1735 pertinere.

170 1729 220 1769 13
246 1732 304 1767 ΡΑ
312 1743 354 1768 Ul.
362 1743 406 1769 vs
434 1734 525 1770 libro
551 1739 681 1781 quarto
717 1736 766 1771 ad
797 1735 972 1771 Sabinum
1027 1732 1217 1785 Tabernae

122 1778 320 1823 cauponiae
343 1779 580 1816 instrumento
603 1780 720 1825 legato
752 1781 861 1817 etiam
882 1780 1066 1816 institores
1101 1781 1216 1812 conti-

121 1824 198 1858 neri
220 1823 391 1859 Neratius
416 1825 611 1861 existimat:
646 1827 710 1862 sed
733 1827 935 1869 videndum,
967 1837 1013 1862 ne
1044 1826 1139 1860 inter
1161 1823 1215 1857 in-

122 1873 358 1905 strumentum
399 1871 572 1907 tabernae
615 1873 814 1917 cauponiae
863 1877 899 1908 et
940 1871 1217 1921 instrumentum

122 1925 307 1959 cauponae
331 1915 377 1950 sit
401 1916 603 1960 discrimen,
627 1921 669 1952 ut
691 1919 863 1954 tabernae
887 1929 960 1953 non
983 1917 1053 1952 nisi
1067 1915 1140 1950 loci
1161 1924 1215 1948 m-

121 1964 319 1995 strumenta
336 1961 418 2004 sint,
443 1966 484 1996 ut
500 1962 602 2007 dolia:
615 1973 703 1998 vasa
718 1974 875 1999 ancones
887 1965 899 1984 ⁴
926 1963 1056 1999 calices
1073 1960 1215 2002 trullae,

121 2016 212 2050 quae
237 2006 334 2041 circa
358 2017 484 2042 cenam
508 2009 625 2043 solent
644 2009 760 2052 traici,
785 2010 870 2045 item
893 2019 1006 2044 urnae
1030 2016 1158 2044 aereae
1181 2009 1217 2040 et

121 2051 303 2095 congiaria
326 2053 483 2087 sextaria
506 2058 542 2089 et
572 2054 719 2090 similia:
753 2065 938 2100 cauponae
969 2058 1102 2095 autem,
1135 2062 1217 2089 cum

124 2100 138 2130 1
190 2097 440 2141 negotiationis
464 2109 595 2135 nomen
619 2100 676 2142 sit,
702 2100 810 2136 etiam
833 2100 1028 2136 institores.
1076 2100 1215 2134 Instru-

118 2146 238 2177 mento
268 2143 452 2179 balneario
483 2145 600 2189 legato
633 2145 740 2181 etiam
763 2146 1010 2182 balneatorem
1042 2144 1217 2181 contineri

119 2186 289 2223 Neratius
313 2189 516 2233 respondit:

169 2231 220 2269 14
243 2233 353 2268 IDEM
379 2234 471 2270 libro
502 2236 658 2271 secundo
691 2237 742 2272 ad
773 2237 955 2272 Vitellium
1012 2236 1217 2272 continetur

120 2282 240 2313 autem
264 2282 301 2313 et
323 2278 522 2316 fornicator
532 2283 556 2316 ⁵.

170 2322 219 2361 15
245 2323 474 2360 POMPONIUS
496 2327 586 2362 libro
610 2330 716 2363 sexto
740 2328 790 2363 ad
806 2326 980 2363 Sabinum
1021 2328 1059 2363 Si
1074 2328 1127 2363 ita
1144 2332 1216 2364 tes-

118 2372 276 2405 tamento
291 2370 464 2415 scriptum
481 2371 545 2407 sit:
572 2375 676 2418 ‘quae
688 2373 920 2408 tabernarum
936 2374 1216 2409 exercendarum

122 2415 424 2451 ‘instruendarum
446 2417 590 2462 pistrini
614 2429 800 2463 cauponae
825 2429 936 2454 causa
948 2419 1047 2454 facta
1069 2423 1215 2465 parata-

121 2463 201 2505 ‘que
225 2465 318 2504 sunt,
344 2461 389 2496 do
413 2462 525 2507 lego’,
558 2463 613 2498 his
644 2464 763 2500 verbis
788 2464 930 2500 Servius
962 2465 1149 2510 respondit
1181 2468 1217 2500 et

121 2506 297 2549 caballos,
331 2507 393 2551 qui
422 2507 461 2542 in
491 2509 652 2553 pistrinis
683 2514 820 2552 essent,
854 2514 891 2545 et
913 2510 1087 2555 pistores,
1120 2514 1156 2546 et
1178 2511 1216 2545 in

121 2552 298 2596 cauponio
322 2552 505 2589 institores
530 2558 566 2589 et
590 2554 775 2596 focariam,
800 2566 1027 2601 mercesque,
1062 2566 1155 2601 quae
1177 2556 1215 2591 in

128 2600 138 2630 1
176 2597 402 2633 histabernis
414 2603 544 2642 essent,
563 2600 700 2645 legatas
719 2600 843 2635 videri.
882 2600 999 2637 Domo
1011 2601 1215 2637 instructa⁶

120 2652 330 2686 responsum
366 2647 422 2679 est
456 2645 738 2689 suppellectilem
777 2646 949 2690 legatam,
993 2657 1067 2682 non
1107 2647 1214 2683 etiam

121 2687 211 2729 vina,
236 2688 320 2732 quia
344 2689 471 2725 domus
494 2690 585 2725 vinis
606 2691 785 2726 instructa
807 2692 964 2737 intellegi
987 2703 1060 2727 non
1082 2696 1213 2745 potest.

122 2736 139 2766 2
186 2733 317 2769 Mulier
327 2733 431 2770 villae
444 2739 565 2771 custos
578 2738 774 2781 perpetua⁷
788 2736 900 2772 fundo
914 2737 1068 2781 quicum
1080 2741 1214 2773 mstru-

120 2782 238 2813 mento
257 2779 396 2824 legatus
418 2782 536 2815 esset⁸
556 2785 620 2816 aut
638 2782 813 2817 instructo
836 2783 1087 2825 continebitur,
1109 2783 1216 2818 sicuti

120 2823 330 2859 saltuarius:
362 2836 430 2870 par
454 2826 547 2861 enim
569 2827 662 2862 ratio
696 2831 767 2862 est:
799 2838 884 2862 nam
915 2827 1119 2863 desiderant
1141 2831 1215 2863 tam

120 2869 224 2920 villae
248 2880 355 2914 quam
372 2871 474 2915 agri⁹
499 2872 710 2915 custodiam,
734 2872 820 2915 illic,
845 2883 891 2908 ne
914 2872 1001 2918 quid
1020 2873 1128 2908 vicini
1152 2877 1216 2908 aut

121 2923 196 2957 agri
219 2918 283 2949 aut
306 2914 489 2951 fructuum
517 2921 706 2963 occupent,
730 2918 801 2961 hic,
826 2928 871 2953 ne
923 2918 986 2953 uid
1014 2922 1216 2954 ceterarum

120 2969 239 2994 rerum
269 2971 361 3004 quae
390 2961 428 2996 in
459 2962 543 2997 villa
575 2963 821 2999 continentur:
862 2963 894 2998 v‘
924 2974 946 2999 a
985 2967 1107 2999 autem
1139 2964 1215 3000 sine

121 3003 194 3038 ulla
218 3004 442 3042 dubitatione
464 3018 550 3052 pars
574 3008 678 3043 fundi
700 3009 865 3044 habetur.

170 3049 220 3087 16
244 3051 428 3087 ALFENUS
459 3053 550 3089 libro
586 3054 744 3090 secundo
780 3055 1001 3101 dz'qestorum
1038 3066 1061 3089 a
1095 3054 1214 3090 Paulo

121 3095 397 3140 epitomatorum
444 3098 558 3134 Villae
588 3099 825 3135 instrumento
855 3100 974 3145 legato
1010 3100 1214 3146 supellecti-

124 3142 138 3173 1
188 3139 257 3175 lem
288 3152 361 3176 non
393 3144 568 3179 contineri
597 3145 715 3180 verius
748 3148 812 3180 est.
868 3145 984 3181 Vinea
1015 3149 1051 3181 et
1080 3146 1214 3181 instru-

122 3189 239 3220 mento
278 3187 354 3222 eius
390 3188 507 3233 legato
542 3190 819 3225 instrumentum
853 3191 979 3226 vineae
1014 3191 1103 3226 nihil
1136 3201 1215 3226 esse

123 3228 264 3281 Servius
276 3233 479 3277 respondit:
505 3235 566 3279 qui
579 3246 659 3270 eum
676 3236 897 3279 consulebat,
916 3236 1120 3272 Cornelium
1137 3247 1213 3272 res-

122 3274 297 3328 pondlsse·
313 3278 433 3330 aiebat
455 3280 558 3324 palos
581 3281 739 3325 perticas
764 3285 901 3317 rastros
919 3281 945 3316 li
969 3292 1056 3317 ones
1079 3283 1213 3317 instru-

124 3324 142 3353 2
190 3324 300 3355 menti
322 3333 445 3358 vmeae
469 3335 566 3361 esse:
591 3326 687 3371 quod
702 3326 819 3362 verius
835 3330 901 3362 est.
974 3327 1095 3362 uidam
1111 3327 1215 3362 uxori

121 3363 284 3418 fundum,
307 3367 361 3402 uti
383 3368 580 3406 instructus
605 3374 718 3414 esset,
749 3371 789 3407 in
820 3383 890 3417 quo
914 3372 993 3416 ipse
1015 3373 1214 3416 habitabat,

122 3409 261 3453 legavit.
310 3414 493 3464 consultus
524 3416 569 3452 de
591 3416 799 3453 mulieribus
829 3416 982 3452 lanificis
1012 3428 1060 3453 an
1082 3418 1213 3453 instru-

123 3458 240 3490 mento
266 3460 549 3508 continerentur,
580 3462 766 3507 respondit
788 3473 862 3497 non
892 3462 1034 3507 quidem
1059 3474 1137 3499 esse
1159 3464 1214 3498 in-

124 3503 310 3536 strumenti
332 3501 446 3547 fundi,
471 3506 534 3541 sed
557 3507 724 3552 quoniam
746 3508 824 3553 ipse
846 3512 950 3554 pater
962 3507 1127 3551 familias,
1153 3509 1215 3554 qui

576 235 727 288 denique
757 234 926 270 Neratius
957 233 1052 269 libro
1091 235 1218 279 quarto

124 3615 164 3655 (1)
187 3615 328 3659 legasset
342 3618 376 3650 F
452 3620 496 3660 (2)
519 3619 576 3652 uel
587 3631 656 3654 una
666 3622 781 3665 aliqua
792 3633 829 3656 re
839 3623 1039 3656 nominatim
1052 3634 1213 3666 expressa,

124 3669 209 3700 quae
220 3662 330 3695 inerat
339 3676 403 3697 scr.
473 3664 517 3706 (3)
540 3665 605 3698 tibi
616 3668 650 3699 F
722 3669 768 3710 (4)
794 3670 901 3702 etius.
915 3668 966 3702 F²
1035 3669 1079 3710 (5)
1103 3669 1215 3701 forna-

124 3708 217 3739 cator
229 3710 300 3741 edd.
355 3710 400 3750 (6)
425 3708 536 3751 legata
547 3712 608 3744 ins.
623 3713 695 3746 edd.
743 3715 787 3755 (7)
811 3714 849 3746 in
861 3716 922 3747 ins.
938 3713 989 3747 F²
1034 3717 1078 3755 (8)
1104 3716 1153 3747 est
1165 3714 1216 3747 F²

125 3749 170 3792 (9)
195 3756 263 3785 tam
274 3754 347 3795 agri
360 3764 459 3796 quam
472 3754 572 3788 villae
583 3770 645 3790 scr.
795 3760 857 3799 (10)
884 3764 900 3798 §
916 3767 932 3793 4
944 3776 988 3788 =
1003 3759 1023 3791 l.
1037 3767 1074 3793 20
1090 3764 1106 3800 ξ
1121 3767 1135 3793 1
1148 3760 1178 3792 Ιι.
1194 3767 1215 3792 τ.

1205 103 1287 154 471

1248 240 1252 251 t

1250 259 1253 307 ἱ

2130 109 2323 154 XXXIII
2354 115 2377 155 7

1287 233 1450 277 legasset,
1473 224 1511 267 111
1537 242 1579 267 eo
1603 231 1716 266 fundo
1740 232 1957 275 habitasset,
1991 233 2145 269 dubitari
2176 245 2249 270 non
2272 245 2379 280 opor-

1286 282 1382 321 tere,
1415 277 1501 323 quin
1532 280 1568 312 et
1592 277 1744 311 ancillae
1769 282 1804 312 et
1835 282 1975 314 ceterae
2007 289 2083 323 res,
2116 281 2246 324 quibus
2277 285 2380 326 pater

1286 323 1439 358 familias
1463 323 1501 357 in
1528 333 1569 358 eo
1594 322 1705 357 fundo
1731 326 1825 357 esset
1848 324 2063 369 instructus,
2097 335 2217 361 omnes
2242 326 2380 372 legatae

1287 368 1502 403 viderentur.
2049 375 2052 378 '

1336 411 1385 450 17
1410 412 1648 449 MAROIANUS
1675 413 1767 449 libro
1797 414 1948 459 septimo
1981 415 2243 451 institutionum
2291 418 2379 452 Item

1286 458 1432 503 pictoris
1464 459 1698 494 instrumento
1731 459 1849 503 legato
1882 470 1985 495 cerae
2017 461 2153 496 colores
2184 462 2380 508 similiaque

1285 504 1414 539 horum
1449 504 1566 548 legato
1599 504 1748 547 cedunt,
1782 505 1869 539 item
1901 506 2056 549 peniculi
2088 511 2124 541 et
2155 509 2314 543 cauteria
2345 513 2380 544 et

1291 552 1303 583 1
1356 550 1527 585 conchae.
1574 549 1815 585 Instrumento
1839 550 2032 595 piscatorio
2060 553 2233 588 contineri
2257 555 2378 589 Aristo

1286 594 1337 629 ait
1360 595 1554 637 naucellas,
1581 605 1672 640 quae
1696 595 1848 640 piscium
1873 596 2126 640 capiendorum
2151 609 2262 634 causa
2284 610 2379 635 com-

1285 644 1435 684 paratae
1458 644 1560 675 sunt:
1592 640 1656 676 sed
1688 644 1724 675 et
1753 641 1950 685 piscatores
1976 643 2150 678 contineri
2173 646 2289 680 verius
2315 649 2379 680 est.

1286 689 1305 719 2
1354 685 1595 721 Instrumento
1621 686 1842 722 balneatorio
1861 687 1979 731 legato
2005 686 2141 722 dictum
2164 694 2218 724 est
2234 691 2380 726 balnea-

1287 734 1401 766 torem
1426 731 1477 766 sic
1500 731 1738 767 instrumento
1763 732 1938 767 contineri
1969 732 2170 778 balneario,
2204 736 2380 779 quomodo

1286 776 1521 812 instrumento
1546 776 1648 812 fundi
1672 778 1884 812 saltuarium
1908 780 1944 812 et
1966 779 2156 822 topiarios‚
2189 785 2225 815 et
2247 782 2379 817 instru-

1287 825 1407 857 mento
1433 822 1609 866 cauponio
1626 823 1835 867 institorem,
1862 833 1944 858 cum
1967 823 2118 859 balneae
2141 826 2217 860 sine
2235 827 2380 862 balnea-

1288 867 1428 902 toribus
1452 878 1558 902 usum
1583 878 1687 902 suum
1710 869 1884 913 praebere
1907 879 1979 904 non
2002 869 2153 914 possint.

1337 910 1387 950 18
1418 914 1444 933 ¹⁰
1453 912 1613 948 Pxows
1633 913 1724 948 libro
1748 914 1906 949 secundo
1931 914 1981 949 ad
2008 915 2188 950 Vitellium
2225 916 2313 952 Cum
2337 919 2381 953 de

1286 957 1440 994 lanionis
1464 958 1700 994 instrumento
1726 959 1921 1004 quaeritur,
1947 965 2084 996 semota
2109 971 2217 997 carne
2240 973 2380 999 mensas

1286 1004 1447 1048 pondera
1470 1004 1759 1049 ferramentaque
1782 1005 1975 1041 laniandae
2000 1007 2118 1041 carnis
2144 1018 2254 1042 causa
2278 1019 2379 1053 prae-

1286 1053 1426 1094 parata,
1458 1049 1582 1084 item¹¹
1607 1050 1762 1085 trutinas
1787 1050 1922 1086 cultros
1947 1051 2115 1087 dolabras
2146 1053 2380 1090 instrumento

1292 1098 1305 1129 l
1343 1095 1587 1140 relinquimus.
1628 1096 1905 1131 ¹²Instrument0
1927 1097 2044 1142 legato
2064 1098 2255 1143 aliquando
2276 1101 2383 1145 etiam

1285 1150 1460 1185 personas
1484 1140 1678 1185 legantium
1701 1152 1848 1178 necesse
1871 1146 1926 1177 est
1949 1143 2090 1187 inspici.
2138 1147 2179 1178 ut
2202 1155 2286 1180 ecce
2309 1149 2382 1190 pis-

1286 1186 1378 1221 torio
1419 1186 1656 1222 instrumento
1688 1187 1805 1232 legato
1819 1188 1847 1210 ¹³
1880 1188 1933 1223 ita
1967 1189 2036 1233 ipsi
2075 1189 2227 1234 pistores
2265 1191 2383 1227 inesse

1286 1231 1397 1266 videri
1421 1236 1585 1276 possunt,
1618 1233 1648 1267 si
1671 1237 1775 1277 pater
1797 1233 1950 1269 familias
1981 1235 2174 1279 pistrinum
2204 1238 2382 1272 exercuit:

1286 1287 1370 1311 nam
1393 1277 1586 1322 plurimum
1609 1278 1775 1321 interest,
1808 1280 2085 1315 instrumentum
2118 1280 2312 1325 pistoribus
2337 1293 2384 1317 an

1287 1325 1306 1357 2
1354 1323 1505 1368 pistrino
1540 1328 1708 1368 paratum
1743 1325 1801 1360 sit.
1859 1326 2009 1360 Asinam
2050 1326 2307 1362 molendariam
2348 1332 2384 1363 et

1286 1368 1417 1403 molam
1447 1374 1554 1413 negat
1585 1369 1756 1406 Neratius
1788 1371 2025 1406 instrumento
2057 1371 2161 1406 fundi
2196 1373 2382 1408 contineri.

1286 1417 1306 1448 3
1355 1414 1446 1449 Item
1478 1415 1655 1450 caccabos
1690 1419 1727 1450 et
1765 1417 1908 1461 patinas
1939 1417 1977 1451 in
2008 1417 2245 1453 instrumento
2280 1418 2383 1454 fundi

1285 1469 1365 1494 esse
1389 1459 1551 1503 dicimus,
1576 1461 1660 1505 quia
1683 1461 1759 1497 sine
1783 1462 1838 1497 his
1870 1462 2146 1508 pulmentarium
2182 1464 2288 1509 coqui
2310 1475 2384 1500 non

1285 1508 1416 1550 potest.
1463 1515 1530 1540 nec
1542 1506 1694 1541 multum
1708 1507 1819 1543 refert
1833 1509 1859 1529 ¹⁴
1882 1509 1975 1544 inter
1991 1509 2167 1545 caccabos
2184 1513 2221 1545 et
2243 1520 2382 1553 aenum,

1286 1550 1383 1595 quod
1407 1561 1518 1596 supra
1552 1551 1673 1587 focum
1707 1553 1858 1598 pendet:
1890 1554 1949 1590 hic
1981 1565 2076 1600 aqua
2108 1556 2155 1590 ad
2185 1555 2380 1600 potandum

1288 1595 1419 1639 calefit,
1435 1596 1473 1631 in
1489 1596 1558 1632 illis
1575 1598 1854 1642 pulmentarium
1871 1600 2047 1646 coquitur.
2095 1601 2192 1646 quod
2208 1601 2238 1636 si
2253 1611 2383 1637 aenum

1284 1642 1521 1677 instrumento
1554 1644 1777 1687 continetur,
1809 1646 1910 1681 urcei
1942 1657 2101 1691 quoque,
2134 1647 2264 1691 quibus
2289 1657 2381 1692 aqua

1284 1688 1323 1722 in
1347 1697 1477 1723 aenum
1500 1688 1710 1732 infunditur,
1743 1691 1780 1725 in
1803 1691 1897 1726 idem
1930 1702 2043 1736 genus
2075 1692 2305 1737 rediguntur,
2338 1703 2382 1727 ac

1286 1733 1454 1778 deinceps
1465 1733 1504 1767 in
1522 1733 1700 1769 infinitum
1719 1736 1843 1780 primis
1864 1737 2065 1782 quibusque
2088 1738 2251 1782 proxima
2271 1749 2382 1783 copu-

1285 1779 1361 1813 lata
1383 1779 1596 1823 procedunt.
1644 1781 1817 1826 optimum
1847 1792 1929 1826 ergo
1962 1793 2041 1818 esse
2065 1783 2197 1818 Pedius
2229 1784 2280 1818 ait
2310 1794 2383 1819 non

1286 1825 1469 1869 propriam
1498 1826 1688 1860 verborum
1718 1827 2013 1872 significationem
2047 1829 2218 1871 scrutari,
2252 1829 2316 1864 sed
2346 1830 2383 1864 in

1286 1870 1407 1914 primis
1433 1870 1518 1915 quid
1541 1874 1694 1907 testator
1718 1873 1961 1909 demonstrare
1985 1874 2154 1916 voluerit,
2188 1874 2315 1910 deinde
2346 1876 2383 1909 in

1286 1925 1358 1961 qua
1380 1917 1674 1961 praesumptione
1697 1922 1783 1953 sunt
1807 1919 1868 1963 qui
1890 1919 1927 1953 in
1952 1929 2094 1964 quaque
2117 1920 2261 1964 regione
2286 1931 2382 1955 com-

1286 1965 1306 1996 4
1353 1965 1552 1997 morantur.
1600 1962 1689 1998 Cum
1719 1963 1763 1999 de
1792 1964 1897 2000 vilico
1930 1968 2162 2009 quaereretur
2192 1969 2229 2001 et
2258 1976 2305 2000 an
2328 1966 2381 2000 in-

1286 2010 1483 2042 strumento
1508 2008 1641 2043 inesset
1657 2013 1693 2045 et
1705 2011 1732 2030 ¹⁵
1757 2009 1994 2053 dubitaretur,
2008 2010 2182 2046 Scaevola
2198 2011 2382 2046 consultus

1285 2053 1488 2098 respondit,
1513 2053 1545 2089 si
1568 2064 1641 2088 non
1664 2055 1847 2100 pensionis
1873 2059 1971 2091 certa
1996 2055 2207 2100 quantitate,
2233 2057 2297 2092 sed
2312 2056 2383 2092 fide

1286 2103 1305 2134 5
1362 2098 1541 2134 dominica
1573 2099 1769 2143 coleretur,
1802 2101 1935 2136 deberi.
1990 2100 2090 2136 Idem
2122 2102 2307 2137 consultus
2341 2103 2383 2137 de

1285 2148 1381 2180 meta
1403 2144 1626 2180 molendaria
1641 2146 1838 2191 respondit,
1863 2147 1894 2182 si
1909 2147 2053 2182 rusticis
2078 2147 2154 2182 eius
2170 2147 2273 2182 fundi
2297 2158 2381 2193 ope-

1285 2191 1388 2226 rariis
1411 2191 1616 2233 moleretur,
1643 2202 1721 2227 eam
1738 2202 1880 2237 quoque
1897 2192 2030 2227 deberi.
2079 2196 2135 2228 est
2150 2196 2271 2228 autem
2288 2198 2383 2228 meta

1286 2240 1306 2271 6
1353 2236 1502 2271 inferior
1523 2247 1608 2281 pars
1623 2237 1751 2280 molae,
1778 2238 1921 2273 catillus
1938 2238 2112 2283 superior.
2153 2239 2208 2274 De
2224 2239 2382 2274 bubulco

1285 2292 1427 2327 quoque
1451 2283 1502 2317 ita
1517 2283 1712 2328 respondit,
1737 2283 1811 2318 sive
1831 2283 1875 2318 de
1892 2293 1945 2326 eo,
1972 2284 2033 2328 qui
2049 2284 2168 2318 bubus
2184 2284 2234 2319 ibi
2250 2288 2381 2326 araret,

1285 2328 1359 2363 sive
1383 2328 1427 2362 de
1451 2338 1514 2370 e0,
1546 2329 1607 2372 qui
1638 2328 1747 2364 boves
1772 2329 1849 2364 eius
1879 2328 1983 2364 fundi
2014 2333 2176 2365 aratores
2205 2334 2381 2374 pasceret,

1286 2377 1303 2407 7
1354 2377 1598 2418 quaereretur,
1632 2374 1765 2409 deberi.
1812 2374 1868 2409 De
1898 2375 2127 2419 putatoribus
2159 2385 2301 2419 quoque
2331 2375 2383 2409 ita

1285 2419 1490 2464 respondit,
1523 2419 1554 2454 si
1585 2419 1661 2455 eius
1693 2419 1797 2454 fundi
1829 2430 1941 2455 causa
1972 2420 2210 2458 haberentur.
2245 2420 2380 2456 inesse:

1286 2467 1305 2500 8
1353 2464 1524 2500 Pastores
1547 2475 1689 2510 quoque
1720 2469 1757 2500 et
1790 2465 1949 2500 fossores
1982 2465 2028 2500 ad
2058 2465 2270 2510 legatarium
2300 2476 2381 2510 per—

1285 2513 1305 2545 9
1352 2510 1478 2546 tinere.
1525 2509 1615 2546 Item
1640 2521 1722 2545 cum
1743 2510 1878 2546 fundus
1900 2510 1953 2545 ita
1968 2510 2108 2555 legatus
2133 2514 2244 2546 esset:
2270 2511 2381 2546 ‘Mae-

1285 2555 1352 2591 ‘vio
1378 2555 1529 2591 fundum
1542 2555 1723 2599 Seianum,
1747 2556 1800 2591 ita
1815 2559 1857 2591 ut
1873 2556 2028 2600 optimus
2051 2556 2299 2601 maximusque
2315 2560 2380 2600 est,

1286 2604 1380 2637 ‘cum
1403 2601 1501 2636 omni
1522 2602 1761 2637 instrumento
1777 2602 1913 2637 rustico
1930 2605 1967 2637 et
1989 2601 2129 2636 urbano
2142 2605 2178 2637 et
2192 2602 2380 2646 mancipiis

1284 2649 1389 2692 ‘quae
1411 2647 1463 2682 ibi
1487 2647 1583 2682 sunt'
1614 2651 1650 2682 et
1681 2650 1930 2692 quaereretur,
1961 2657 2008 2682 an
2039 2647 2175 2682 semina
2209 2647 2381 2683 deberen-

1282 2696 1353 2735 tur,
1377 2692 1564 2737 respondit
1578 2693 1698 2728 verius
1718 2703 1797 2728 esse
1813 2692 1945 2735 deberi,
1970 2692 2039 2728 nisi
2059 2692 2158 2727 aliud
2172 2696 2382 2728 testatorem

1284 2739 1439 2774 sensisse
1463 2738 1567 2773 heres
1587 2738 1769 2782 probaret.
1815 2737 1910 2772 idem
1932 2738 2119 2783 respondit
2135 2738 2178 2773 de
2202 2738 2380 2774 frumento

1288 2787 1328 2818 10
1376 2783 1535 2828 reposito
1568 2783 1615 2818 ad
1645 2783 1906 2828 mancipiorum
1936 2783 2203 2819 exhibitionem.
2262 2785 2304 2819 In
2326 2785 2379 2819 in-

1284 2832 1483 2865 strumento
1507 2828 1638 2864 medici
1661 2839 1741 2864 esse
1766 2828 1914 2874 collyria
1937 2832 1974 2864 et
1989 2829 2185 2874 emplastra
2201 2832 2237 2864 et
2262 2833 2381 2865 cetera

1289 2878 1324 2908 11
1377 2875 1453 2909 eius
1473 2874 1611 2919 generis
1632 2874 1777 2909 Cassius
1795 2874 1931 2909 scribit.
1968 2874 2035 2909 Oui
2051 2874 2203 2909 fundum
2223 2875 2379 2910 instruc-

1284 2923 1361 2954 tum
1392 2919 1591 2963 legaverat,
1627 2919 1837 2954 nominatim
1868 2920 2048 2965 mancipia
2078 2920 2225 2965 legavit:
2267 2931 2377 2965 quae-

1285 2965 1393 3000 situm
1417 2967 1482 3007 est,
1508 2975 1555 2999 an
1578 2964 1717 3009 reliqua
1739 2964 1929 3009 mancipia,
1955 2976 2047 3010 quae
2062 2976 2135 3001 non
2150 2965 2379 3008 nominasset,

1283 3010 1521 3045 instrumento
1554 3009 1733 3045 cederent.
1781 3009 1927 3046 Cassius
1961 3010 2012 3045 ait
2046 3021 2258 3056 responsum
2289 3022 2378 3051 esse,

1283 3055 1427 3090 tametsi
1456 3054 1636 3099 mancipia
1666 3055 1834 3090 instructi
1862 3055 1966 3091 fundi
1997 3057 2088 3100 sint,
2119 3060 2240 3091 tamen
2269 3056 2380 3090 videri

1284 3111 1345 3136 eos
1371 3100 1467 3136 solos
1491 3100 1628 3145 legatos
1652 3110 1742 3143 esse,
1768 3101 1828 3146 qui
1851 3101 2025 3137 nominati
2047 3105 2177 3144 essent,
2203 3101 2299 3146 quod
2315 3112 2378 3145 ap-

1285 3149 1429 3191 pareret
1452 3155 1525 3180 non
1548 3145 1766 3181 intellexisse
1788 3149 1929 3191 patrem
1963 3146 2117 3182 familias
2140 3147 2378 3182 instrumento

1286 3194 1328 3226 12
1376 3200 1518 3236 quoque
1542 3201 1664 3226 servos
1688 3191 1940 3228 adnumeratus
1964 3203 2054 3228 esse.
2094 3191 2283 3227 SABINUS:
2314 3191 2380 3226 Cui

1283 3236 1417 3272 fundus
1450 3246 1612 3281 quaeque
1641 3236 1694 3272 ibi
1724 3237 1796 3272 sint
1824 3237 1944 3283 legata
1974 3241 2078 3280 sunt,
2115 3237 2147 3271 ei
2178 3236 2311 3272 fundus
2343 3240 2378 3271 et

1285 3282 1420 3324 omnia,
1453 3291 1546 3326 quae
1573 3282 1611 3316 in
1640 3291 1683 3318 eo
1707 3282 1813 3317 solita
1836 3286 1921 3318 sunt
1944 3293 2023 3318 esse
2047 3292 2208 3327 quaeque
2230 3282 2281 3316 ibi
2303 3291 2378 3315 ma-

1283 3327 1360 3363 iore
1391 3331 1496 3372 parte
1528 3326 1613 3361 anni
1644 3327 1778 3363 morari
1807 3331 1844 3363 et
1873 3328 1930 3371 hi,
1963 3328 2025 3373 qui
2047 3328 2085 3362 in
2108 3337 2189 3362 eum
2212 3326 2378 3361 manendi

1285 3382 1397 3408 causa
1420 3372 1494 3407 reci
1521 3382 1581 3407 ere
1604 3382 1643 3408 se
1660 3377 1931 3417 consueverunt,
1955 3373 2063 3417 legati
2087 3371 2268 3407 videntur:
2294 3375 2332 3406 at
2347 3372 2378 3406 si

1284 3428 1357 3462 qua
1381 3427 1493 3452 consu
1508 3421 1546 3452 to
1578 3417 1615 3452 in
1644 3417 1756 3453 fundo
1789 3422 1959 3464 congesta
1990 3420 2218 3453 contractave
2231 3418 2259 3437 ¹⁰
2282 3420 2377 3460 sunt,

1284 3474 1356 3508 quo
1387 3462 1543 3507 legatum
1575 3463 1836 3506 cumularetur,
1877 3474 1921 3499 ea
1961 3474 2035 3499 non
2064 3462 2231 3497 videntur
2259 3462 2377 3506 legata

1286 3511 1328 3543 13
1376 3518 1465 3543 esse.
1513 3507 1666 3552 Quidam
1697 3519 1779 3544 cum
1810 3509 1862 3544 ita
1892 3509 2065 3553 legasset:
2103 3507 2232 3542 ‘villam
2262 3517 2376 3542 meam

1287 3624 1341 3664 (11)
1365 3622 1457 3666 item]
1470 3623 1506 3656 id
1518 3625 1567 3657 est
1578 3637 1641 3658 scr.
1752 3626 1809 3666 (12)
1833 3624 1870 3655 in
1884 3625 1943 3656 ins.
2048 3623 2106 3663 (13)
2130 3620 2251 3664 legato]
2265 3620 2376 3662 legato

1286 3668 1469 3709 aliquando
1481 3669 1582 3702 etiam
1593 3680 1750 3712 personas
1763 3670 1826 3711 17⁰,
1840 3669 1925 3701 delet
1936 3668 2043 3701 omnia
2057 3667 2090 3699 F
2095 3665 2109 3687 ⁶
2180 3667 2240 3708 (14)
2265 3666 2376 3698 differt

1285 3727 1347 3747 scr·
1485 3716 1544 3757 (15)
1570 3718 1603 3748 et
1615 3717 1676 3749 del.
1691 3717 1767 3748 dett.
1782 3715 1913 3757 quidam
2040 3714 2100 3754 (16)
2124 3713 2334 3745 contrectave
2347 3712 2379 3745 F
