2528 3918
164 96 372 139 xxvnn
402 98 428 152 2

165 221 207 253 ut
228 227 303 253 rem
326 216 576 252 hereditariam
599 216 800 253 distrahat?
838 222 902 252 aut
932 217 1016 262 quid
1047 218 1077 252 si
1103 217 1250 262 petitam

165 263 341 299 bonorum
362 261 623 306 possessionem
638 265 755 298 ratam
769 262 905 304 habuit,
930 272 1013 297 mox
1032 262 1125 298 filius
1146 261 1252 297 adeat

164 306 423 343 hereditatem?
456 305 512 340 vel
536 305 621 351 quid
644 306 675 342 si
697 317 763 352 pro
790 306 920 343 herede
949 317 1071 351 gerere
1102 306 1250 342 manda-

165 352 226 393 vit,
249 351 343 386 filius
362 350 451 386 adiit
464 351 725 387 hereditatem?
755 362 802 388 an
822 352 926 393 iussu,
941 351 1103 387 videatur
1122 351 1250 394 adisse,

167 395 323 432 dubitari
356 398 486 441 potest.
542 395 649 432 immo
683 396 800 433 verius
834 401 889 432 est
922 406 967 432 ex
999 397 1055 432 his
1087 397 1251 432 omnibus

167 444 187 476 8
235 440 426 476 aditionem
465 450 543 476 esse
581 441 886 477 introducendam.
942 441 1051 476 Pater
1090 441 1163 476 filio
1201 441 1253 476 ita

166 486 326 531 scripsit:
353 485 451 528 ‘scio‚
475 484 536 528 fili,
585 485 657 522 uod
679 497 743 531 pro
764 491 828 522 tua
846 485 1036 532 prudentia
1054 486 1251 531 invigilabis

167 529 366 566 ‘hereditati
390 530 530 566 delatae
552 497 617 573 tibi
633 530 737 566 Lucii
753 532 861 567 Titii'.
903 535 991 576 puto
1014 532 1115 566 iussu
1164 532 1252 567 atris

167 578 187 610 9
234 574 362 611 adisse.
396 574 488 619 Quid
504 575 534 611 si
550 575 747 611 mandavit:
774 577 816 611 ‘si
832 576 974 621 expedit
989 576 1098 619 adire,
1115 586 1138 611 a
1165 576 1252 611 'to'?

167 620 210 656 ‘si
232 624 339 666 putas
364 619 530 666 expedire
553 621 685 663 adire¹,
718 621 853 657 adito'?
890 621 957 656 erit
979 621 1081 657 iussu
1104 621 1249 656 aditum.

169 668 211 701 10
258 664 296 700 Si
328 668 461 701 ‘coram
484 665 591 701 Titio’
622 666 725 701 iussit
755 666 871 708 adire,
904 666 935 701 si
966 666 1126 702 ‘arbitrio
1149 666 1253 702 Lucii

171 713 208 746 11
258 709 377 753 ‘Titii’,
400 714 499 747 recte
518 715 605 757 puto
622 711 777 747 iussisse.
819 711 890 746 Sed
907 710 937 746 si
952 711 1132 746 mandavit
1150 711 1253 756 quasi

167 765 212 790 ex
235 765 316 791 asse
337 755 500 791 instituto
525 759 562 791 et
583 756 782 791 inveniatur
802 766 847 792 ex
865 760 978 801 parte,
1003 767 1076 792 non
1097 759 1185 802 puto
1209 766 1253 791 ex

166 800 267 836 iussu
290 799 417 837 adisse.
459 800 554 846 quod
578 801 607 836 si
633 811 676 836 ex
698 805 802 846 parte
824 801 939 843 iussit,
962 805 1083 846 potest
1106 812 1149 836 ex
1173 811 1253 837 asse

168 845 276 881 adire.
316 845 419 881 aliter
442 849 550 891 atque
573 846 603 881 si
626 845 807 881 mandavit
830 846 930 892 quasi
954 847 1001 882 ab
1025 847 1193 882 intestato
1219 851 1254 881 et

168 901 214 926 ex
235 893 450 926 testamento
475 891 579 926 adiit:
606 901 687 926 nam
710 901 782 926 non
805 895 893 936 puto
918 891 1108 937 quicquam
1129 891 1252 936 egisse.

167 940 207 971 at
229 935 260 971 si
283 945 328 971 ex
352 939 563 972 testamento
583 936 774 978 mandavit,
798 936 930 981 poterit
951 940 987 972 et
1005 937 1051 972 ab
1071 937 1253 978 intestato,

191 980 337 1016 uoniam
374 991 448 1017 non
484 980 570 1016 fecit
605 980 814 1016 deteriorem
850 981 1095 1018 condicionem
1129 982 1252 1026 patris.

166 1026 180 1061 i
207 1035 333 1071 emque
364 1029 400 1061 et
426 1026 456 1061 si
480 1026 583 1071 quasi
605 1026 767 1062 instituto
817 1027 975 1071 raecepit
998 1031 1033 1062 et
1055 1026 1255 1062 inveniatur

170 1074 211 1106 12
258 1070 486 1114 substitutus,
502 1071 558 1107 vel
574 1075 710 1107 contra.
744 1038 815 1107 Seg
830 1071 861 1107 si
876 1072 1068 1114 mandavit,
1084 1075 1126 1107 ut
1139 1071 1253 1117 patris

167 1115 293 1158 adiret,
317 1116 365 1152 sit
387 1119 507 1151 autem
526 1120 563 1151 et
581 1116 758 1161 impuberi
776 1116 1002 1158 substitutus,
1027 1127 1100 1152 non
1119 1116 1255 1152 sufficit

171 1163 212 1197 13
258 1160 405 1196 iussum.
448 1160 559 1196 Plane
582 1161 613 1196 si
636 1161 689 1196 sic
711 1161 892 1196 mandavit
916 1162 958 1197 ‘si
982 1172 1053 1206 qua
1076 1171 1120 1196 ex
1143 1165 1254 1197 testa-

169 1209 299 1242 ‘mento
314 1206 419 1241 Lucii
435 1205 521 1241 Titii
544 1204 726 1241 deferatur
744 1206 948 1249 hereditas',
972 1210 1093 1259 potest
1112 1206 1255 1242 defendi

171 1254 212 1286 14
258 1251 358 1287 iussu
381 1250 507 1286 adisse
555 1249 626 1286 Sed
657 1250 687 1286 si
744 1255 951 1297 osteaquam
974 1252 1097 1294 iussit,
1130 1251 1254 1296 paeni-

167 1295 315 1332 tentiam
339 1296 409 1341 egit
430 1295 530 1341 prius
555 1306 662 1340 quam
685 1262 800 1332 atgret
808 1297 833 1338 ²,
866 1296 953 1331 nihil
985 1297 1058 1341 agit
1080 1296 1254 1332 adeundo.

172 1344 211 1376 15
259 1341 350 1376 Item
373 1340 404 1376 si
426 1350 465 1376 se
489 1339 732 1385 adrogandum
756 1341 892 1377 dederit
914 1342 1014 1387 prius
1035 1352 1141 1386 quam
1161 1342 1254 1377 filius

167 1386 293 1428 adiret,
318 1396 391 1421 non
415 1388 469 1421 est
492 1385 672 1431 adquisita
693 1385 884 1422 hereditas.

213 1428 267 1468 26
292 1430 453 1466 Panas
473 1430 565 1466 libro
588 1431 745 1466 secundo
776 1431 826 1467 ad
848 1430 1022 1468 Sabinum
1070 1431 1108 1466 Si
1131 1442 1195 1477 ego
1220 1435 1256 1466 et

168 1486 290 1512 servus
313 1486 413 1511 meus
436 1475 491 1511 vel
513 1474 607 1511 filius
630 1476 733 1511 heres
757 1476 939 1512 institutus
963 1476 1027 1519 sit,
1060 1477 1091 1512 si
1117 1477 1253 1512 iussero

167 1520 240 1557 filio
272 1520 328 1556 vel
351 1530 453 1556 servo
478 1520 595 1563 adire,
630 1521 751 1557 statim
782 1525 818 1558 et
849 1532 893 1558 ex
923 1532 1003 1557 mea
1033 1522 1256 1557 institutione

166 1576 223 1602 me
256 1565 422 1602 heredem
452 1575 531 1601 esse
553 1565 772 1611 Pomponius
803 1567 945 1603 scribit:
977 1566 1071 1600 idem
1099 1570 1135 1600 et
1157 1566 1254 1600 Mar-

167 1611 279 1648 cellus
326 1611 433 1646 robat
457 1614 493 1646 et
515 1610 685 1645 Iulianus.

214 1653 267 1692 27
331 1663 523 1690 oupomvs
543 1654 635 1690 libro
661 1655 765 1690 tatio
789 1654 840 1690 ad
861 1653 1036 1691 Sabinum
1070 1654 1255 1690 Neminem

166 1711 232 1746 pro
256 1699 387 1735 herede
433 1708 531 1735 erere
553 1709 661 1744 posse
684 1699 762 1736 vivo
786 1710 848 1743 eo,
880 1700 982 1735 cuius
1008 1700 1046 1735 in
1068 1700 1172 1735 bonis
1194 1710 1254 1745 ge-

166 1744 317 1781 rendum
339 1745 397 1787 sit,
455 1744 544 1779 abeo
569 1744 630 1780 ait.

213 1787 267 1828 28
306 1789 501 1826 Uzpuivvs
532 1789 625 1826 libro
660 1794 786 1825 octavo
820 1789 871 1825 ad
905 1788 1080 1825 Sabinum
1133 1789 1254 1826 Aristo

167 1835 348 1871 existimat
370 1838 571 1880 praetorem
595 1834 731 1870 aditum
753 1834 964 1870 facultatem
986 1835 1106 1870 facere
1127 1835 1256 1871 debere

166 1880 289 1916 heredi
318 1880 475 1915 rationes
508 1879 666 1915 defuncti
698 1880 744 1915 ab
778 1890 818 1915 eo
847 1884 986 1925 petere,
1019 1890 1127 1925 penes
1152 1890 1256 1926 quem

168 1925 213 1962 de
240 1926 354 1961 ositae
377 1928 472 1967 sunt,
498 1924 708 1960 deliberanti
731 1925 775 1960 de
799 1925 964 1960 adeunda
986 1926 1194 1962 hereditate.

245 1968 269 2008 9
294 1969 524 2006 POMPONIUS
544 1969 635 2005 libro
660 1971 764 2005 tertio
788 1970 839 2006 ad
852 1969 1026 2006 Sabinum
1062 1970 1130 2015 Qui
1152 1971 1256 2006 lieres

167 2016 352 2052 institutus
376 2014 609 2060 prohibeatur
631 2015 678 2050 ab
703 2025 765 2058 eo,
797 2015 858 2060 qui
885 2025 957 2051 una
979 2016 1164 2052 institutus
1186 2015 1257 2051 iam

167 2060 401 2097 hereditatem
432 2059 538 2100 adiit,
569 2059 712 2095 tabulas
739 2060 877 2096 litteras
901 2060 1059 2096 rationes
1082 2060 1257 2106 inspicere

168 2105 316 2147 mortui,
351 2104 447 2140 unde
470 2105 562 2140 scire
584 2109 708 2150 posset
731 2115 779 2140 an
801 2105 869 2140 sibi
891 2105 1056 2141 adeunda
1080 2110 1173 2141 esset
1194 2107 1256 2141 he-

167 2151 312 2193 reditas,
337 2160 409 2185 non
431 2149 570 2185 videtur
591 2159 657 2195 pro
680 2149 810 2186 herede
832 2161 964 2196 gerere.

215 2193 268 2234 30
300 2194 497 2232 ULPIANUS
516 2195 608 2231 libro
632 2198 758 2231 octavo
782 2195 832 2231 ad
849 2194 1023 2232 Sabinum
1066 2194 1155 2229 Cum
1179 2195 1255 2247 qui-

169 2241 250 2276 dam
281 2240 467 2286 legationis
498 2250 611 2275 causa
638 2240 768 2276 absens
791 2240 903 2276 filium
926 2240 1091 2276 heredem
1113 2240 1254 2275 institu-

167 2291 244 2321 tum
267 2296 340 2321 non
362 2284 540 2331 potuisset
561 2285 683 2321 iubere
706 2285 804 2320 adire
823 2285 860 2320 in
880 2285 1062 2330 provincia
1082 2289 1255 2329 agentem,

169 2331 269 2368 divus
284 2330 371 2366 Pius
395 2330 601 2375 rescripsit³
625 2330 856 2365 consulibus⁴
881 2330 1068 2365 subvenire
1092 2330 1124 2364 ei
1147 2340 1253 2375 opor-

167 2381 244 2412 tere
266 2379 407 2411 mortuo
430 2375 515 2417 filio,
541 2385 583 2410 eo
609 2374 706 2420 quod
729 2375 783 2411 rei
801 2375 968 2420 publicae
989 2385 1099 2410 causa
1119 2375 1253 2410 aberat.

169 2420 519 2502 ἶᾱιιὲωἷὲιέἑὲἰωέἑ
559 2420 811 2501 Ῥέξῐὲῖἒζιῖ
841 2420 1108 2501 Ἓὲαιὲἓεῐὲεἳέ
1139 2420 1256 2500 ¹²53?ss

169 2510 413 2547 ‘hereditatem
436 2476 509 2546 ng„
521 2475 670 2556 egitest:
702 2510 766 2546 sed
796 2510 827 2546 si
840 2476 927 2547 pscit
954 2520 1028 2546 non
1051 2492 1129 2546 esse
1151 2521 1254 2555 prae-

169 2559 333 2602 ‘gnatem,
356 2555 487 2601 potest'
511 2555 637 2601 accipe
658 2555 841 2601 proximus
865 2566 888 2591 a
909 2559 1043 2598 ventre,
1068 2556 1129 2600 qui
1152 2566 1255 2591 suum

167 2601 333 2637 heredem
365 2601 546 2646 pariturus
579 2605 643 2636 est.
698 2604 735 2636 et
768 2611 840 2636 non
874 2601 989 2636 solum
1023 2600 1070 2635 ad
1103 2604 1255 2636 testatos

167 2647 258 2682 haec
281 2646 408 2688 verba,
440 2655 563 2681 verum
593 2645 641 2681 ad
675 2646 864 2682 intestatos
894 2655 1036 2691 quoque
1066 2645 1255 2691 pertinent.

168 2695 205 2727 et
227 2691 265 2726 in
289 2701 330 2727 eo
354 2694 476 2727 ventre
498 2690 592 2726 idem
610 2690 780 2736 accipias,
804 2690 866 2736 qui
883 2690 1078 2736 legitimum
1093 2691 1149 2726 vel
1169 2701 1254 2726 con-

168 2736 402 2781 sanguineum
431 2735 613 2781 pariturus
638 2739 710 2778 est,
743 2735 911 2782 quoniam
941 2736 1065 2771 mortis
1095 2740 1256 2781 tempore

193 2781 229 2816 ui
251 2782 290 2816 in
311 2784 414 2816 utero
440 2784 511 2823 est,
568 2784 718 2816 uantum
748 2781 794 2816 ad
817 2791 953 2816 moram
976 2780 1177 2816 faciendam
1199 2781 1254 2816 in-

186 2826 360 2862 erioribus
392 2828 428 2861 et
458 2825 526 2861 sibi
570 2836 675 2862 ocum
704 2825 907 2862 faciendum
938 2826 969 2861 si
995 2825 1103 2861 fuerit
1126 2826 1254 2868 editus,

167 2881 234 2916 pro
267 2870 338 2906 iam
368 2874 454 2906 nato
485 2870 649 2906 habetur.
702 2871 890 2917 idemque-'²
922 2875 958 2907 et
985 2882 1049 2916 per
1080 2871 1255 2907 bonorum

167 2916 430 2962 possessionem
471 2915 656 2951 edictalem
698 2916 873 2969 denique⁶
914 2919 1060 2962 praetor
1099 2920 1254 2952 ventrem

169 2964 190 2997 2
236 2960 345 2997 mittit
373 2960 411 2996 in
440 2961 712 3013 possessionem.
761 2961 841 2997 Sive
870 2961 977 3007 igitur
1003 2964 1127 3007 putem
1149 2971 1253 3006 prae-

168 3010 311 3097 ἕὲἒῗῧ
331 3005 418 3087 2335.
430 3009 538 3086 22.ae
557 3007 1255 3087 {3{3.3{²3.2.⁰⁸3a133t⁰..2¹3¹3.1333‘333

168 3106 333 3142 possum,
365 3095 533 3142 quoniam
555 3096 592 3130 in
616 3106 657 3131 eo
682 3100 754 3139 est,
788 3100 830 3132 ut
852 3101 1039 3142 rumpatur
1061 3100 1253 3132 testamen-

168 3147 256 3184 tum,
281 3141 350 3177 nisi
372 3140 403 3177 si
451 3150 607 3185 roponas
631 3145 788 3176 ventrem
809 3141 1013 3177 institutum
1032 3141 1086 3178 vel
1106 3142 1253 3177 exhere-

169 3190 189 3222 3
237 3186 372 3222 datum.
452 3185 524 3221 uod
555 3184 683 3221 dicitur
715 3186 757 3221 ‘si
783 3190 929 3231 putetur
952 3197 1031 3223 esse
1053 3186 1253 3232 praegnas'‚

169 3232 222 3267 sic
252 3230 499 3277 accipiendum
529 3234 600 3272 est,
633 3230 664 3266 si
695 3230 791 3266 dicat
821 3242 860 3267 se
883 3235 1122 3284 praegnatem.
1169 3230 1253 3277 quid

170 3287 273 3322 ergo,
296 3276 328 3313 si
350 3276 431 3322 ipsa
453 3285 526 3312 non
550 3274 663 3318 dicat,
689 3275 752 3310 sed
775 3280 897 3321 neget,
922 3277 982 3312 alii
1004 3276 1127 3312 dicant
1147 3286 1251 3322 prae-

217 3325 311 3358 atem
342 3320 446 3358 esse?
491 3319 612 3356 adhuc
646 3319 736 3355 adiri
769 3321 948 3357 hereditas
983 3322 1081 3357 non⁷
1113 3324 1251 3367 potest:

242 3377 262 3403 e
293 3366 503 3403 obstetrices
534 3365 662 3401 dicere.
710 3365 794 3410 quid
825 3367 855 3401 si
886 3367 964 3411 ipse
994 3369 1100 3412 putat
1129 3362 1254 3402 solus?

169 3411 200 3447 si
222 3415 319 3448 iusta
341 3411 480 3447 ratione
503 3409 644 3452 ductus,
668 3420 742 3446 non
763 3415 883 3455 potest
906 3411 1022 3447 adire:
1047 3411 1078 3448 si
1103 3411 1252 3447 ⁸secun·

169 3460 190 3492 4
238 3457 322 3492 dum
353 3457 545 3493 multorum
575 3454 775 3501 opinionem
807 3460 935 3500 potest.
984 3455 1077 3501 Quid
1108 3466 1190 3502 ergo
1222 3455 1253 3492 si

170 3574 211 3613 (ι)
236 3571 329 3603 adiro
342 3571 403 3605 del.
417 3570 467 3604 F²
559 3570 603 3611 (2)
626 3568 717 3602 filiun
730 3569 790 3602 ins.
906 3571 947 3610 (a)
973 3571 1015 3613 cs.
1034 3569 1054 3602 l.
1069 3576 1106 3604 so
1118 3581 1173 3612 pr.
1187 3569 1217 3602 Ιι.
1231 3575 1252 3603 ε.

172 3619 214 3656 (4)
240 3615 448 3657 consulibus]
457 3613 689 3658 proconsulem
700 3625 762 3647 scr.
810 3614 853 3654 (s)
870 3612 1015 3656 denique
1023 3626 1085 3647 scr.
1134 3617 1178 3655 (ὅ)
1196 3613 1253 3646 de-
1322 3613 1354 3646 ei
1366 3612 1454 3646 nulli
1465 3624 1528 3648 scr.

1087 3660 1132 3700 (8)
1157 3669 1253 3692 secus

170 3660 274 3703 nique
286 3661 349 3696 del.
430 3661 474 3701 (¹1)
498 3661 580 3701 non]
593 3670 660 3692 nou
673 3667 853 3701 numquam
866 3669 933 3692 non
944 3671 1006 3692 scr.

1014 3704 1075 3744 (ιο)
1100 3714 1176 3736 cum
1189 3703 1252 3737 del.

171 3707 232 3739 ins.
248 3706 313 3739 Ad.
328 3705 479 3739 Schmidt
587 3705 632 3747 (9)
657 3703 860 3747 proponium
873 3703 908 3736 F

1246 91 1329 139 4⁰2

1432 37 1443 41 -
1500 29 1569 74 ,ΡΧ

1558 74 1567 117 ἶ
1902 107 1963 138 DE
1991 107 2287 147 ADQULRENDA
2315 107 2404 138 VEL

1319 226 1496 262 praegnas
1518 216 1606 259 fuit,
1639 227 1719 252 cum
1743 221 1888 262 putaret
1910 217 2014 253 heres
2037 227 2108 253 uon
2132 227 2210 254 esse
2230 228 2404 264 praegna-

1319 267 1392 297 tem
1416 265 1453 297 et
1475 261 1574 304 adiit,
1598 271 1682 297 mox
1704 262 1870 297 abortum
1892 262 2027 298 factum
2048 262 2126 298 est?
2149 263 2276 308 procul
2295 263 2405 300 dubio

1320 307 1408 342 nihil
1439 306 1559 352 egerit.
1605 306 1738 342 totiens
1768 307 1877 352 igitur
1908 308 1940 342 ei
1963 317 2030 343 sua
2052 317 2219 352 praesum
2245 308 2295 344 tio
2318 318 2402 354 pro·

1320 354 1340 386 5
1387 351 1481 393 ficit,
1515 350 1678 397 quotiens
1707 352 1888 388 concurrit
1912 363 1992 388 cum
2016 352 2175 388 veritate.
2249 352 2293 388 ed
2315 358 2352 388 et
2374 353 2405 388 si

1319 396 1331 432 i
1358 406 1400 432 sa
1427 396 1552 432 mulier
1573 395 1676 432 heres
1699 396 1863 432 instituta
1885 398 1951 440 sit,
1985 407 2076 442 quae
2107 407 2147 433 se
2176 402 2405 442 praegnatem

1369 441 1432 486 git,
1456 439 1619 476 adeundo
1644 440 1808 486 adquiret
1825 442 2075 478 hereditatem:
2100 452 2167 487 per
2186 442 2405 478 contrarium

1319 496 1392 522 non
1416 485 1596 531 adquiret,
1628 485 1659 521 si
1683 496 1722 522 se
1743 491 1846 532 putet
1868 491 2117 533 praegnatem,
2145 497 2227 523 cum
2251 497 2322 522 non
2346 487 2403 523 sit.

1321 534 1341 566 6
1389 531 1500 566 Suum
1532 530 1697 566 heredem
1720 535 1855 567 certum
1879 536 1933 567 est
1956 543 2000 567 ex
2023 542 2104 568 asse
2126 531 2292 568 heredem
2316 541 2406 574 esse,

1321 575 1388 612 etsi
1410 579 1515 621 putat
1539 585 1617 611 esse
1639 580 1867 621 praegnatem
1894 577 2094 619 mulierem,
2126 587 2218 622 quae
2249 587 2321 612 non
2352 582 2407 612 est

1346 630 1507 700 raeffliaas.
1567 619 1630 655 uid
1648 620 1679 656 si
1697 631 1808 656 unum
1825 622 1862 656 in
1881 626 1982 658 utero
2003 622 2145 664 habeat,
2170 632 2218 657 an
2239 631 2284 657 ex
2304 627 2407 667 parte

1320 632 1407 701 {imi
1433 666 1440 673 ’
1490 665 1537 701 sit
1580 675 1668 708 eres,
1691 665 1764 701 sive
1782 666 1982 702 institutum
2001 671 2207 712 postumum
2225 677 2406 712 proponas

1321 711 1394 746 sive
1425 710 1630 746 intestatum
1661 714 1798 756 patrem
1827 710 2047 747 decessisse?
2082 711 2177 757 quod
2202 716 2238 747 et
2261 711 2406 748 Sextum

1321 754 1557 800 Pomponium
1566 755 1581 776 ⁹
1593 755 1775 800 opinatum
1785 755 2025 792 Tertullianus
2037 756 2129 792 libro
2142 760 2270 802 quarto
2280 766 2406 802 quaes-

1321 800 1458 835 tionum
1476 799 1604 836 refert:
1653 804 1774 836 utasse
1795 800 1898 843 enim,
1914 801 2021 836 sicuti
2037 811 2118 836 cum
2132 803 2158 822 ¹⁰
2174 811 2287 838 vacuo
2306 806 2407 837 utero

1322 855 1409 881 suus
1440 854 1485 880 ex
1516 855 1597 880 asse
1626 811 1730 882 fleres
1754 848 1826 888 est,
1858 846 1910 881 ita
1933 850 1969 881 et
1992 856 2073 881 cum
2097 857 2207 881 unum
2230 846 2320 891 gerit
2342 856 2408 881 nec

1321 900 1386 935 per
1409 894 1573 925 naturam
1596 890 1772 926 humanae
1796 890 2014 926 condicionis
2038 891 2147 926 alium
2170 896 2313 935 partum
2332 891 2406 926 for-

1322 945 1419 971 mare
1450 939 1570 980 potest
1596 935 1704 987 (quod
1727 935 1869 980 quidem
1893 939 1975 980 post
1999 939 2135 970 certum
2158 939 2297 980 tempus
2322 946 2407 971 con-

1322 980 2092 1070 5355³013¹3325352m³25ne'ZxPZZ‘Zrffmffia
2102 980 2409 1071 &sirmas

1982 1051 1991 1067 ,
2400 1052 2408 1059 .

1323 1073 1340 1104 7
1391 1069 1548 1106 Scientia
1579 1052 1698 1106 autem
1728 1070 1783 1106 vel
1814 1070 1932 1115 opinio
1945 1097 1954 1112 ‚
1987 1070 2017 1105 si
2048 1069 2142 1105 filius
2174 1070 2326 1106 familias
2354 1070 2408 1106 vel

1321 1125 1445 1151 servus
1475 1115 1629 1150 instituti
1659 1119 1764 1157 sunt,
1796 1119 1915 1150 utrum
1945 1115 2105 1160 ipsorum
2128 1125 2176 1150 an
2199 1114 2331 1151 domini
2355 1115 2408 1151 vel

1322 1160 1436 1206 patris
1456 1160 1666 1206 accipienda
1685 1160 1757 1196 sit?
1787 1160 1836 1195 fin
1861 1170 1881 1195 e
1903 1164 2042 1206 patrem
2064 1163 2212 1212 putasse
2233 1170 2409 1206 praegna-

1322 1210 1412 1247 tem,
1446 1205 1557 1240 filium
1581 1209 1717 1241 certum
1741 1215 1819 1241 esse

1323 1251 1442 1295 quirat
1463 1250 1720 1285 hereditatem?
1759 1254 1845 1296 puto

1915 1215 1974 1241 ere
1998 1209 2034 1240 et
2056 1215 2108 1240 sic
2130 1204 2245 1247 adire,
2277 1215 2323 1240 an
2346 1205 2409 1241 ad-

1918 1249 2076 1296 quirere:
2101 1249 2165 1286 sed
2188 1254 2314 1286 contra
2338 1261 2410 1286 non

1324 1299 1344 1330 8
1391 1295 1588 1340 adquirere.
1637 1295 1675 1330 Si
1703 1300 1821 1330 certus
1845 1305 1924 1330 sum
1947 1305 2020 1331 non
2044 1305 2123 1331 esse
2144 1294 2276 1331 falsum
2299 1299 2410 1331 testa-

1322 1345 1480 1376 mentum
1513 1341 1568 1376 vel
1595 1340 1734 1375 irritum
1757 1341 1813 1376 vel
1835 1344 1998 1386 ruptum,
2032 1340 2118 1376 licet
2148 1340 2288 1375 dicatur
2320 1351 2410 1383 esse,

1323 1396 1470 1432 possum
1494 1386 1592 1421 adire
1614 1385 1857 1421 hereditatem.

1370 1428 1420 1468 31
1454 1430 1615 1467 Panas
1646 1431 1737 1466 libro
1772 1429 1930 1467 secundo
1965 1429 2015 1465 ad
2047 1428 2221 1466 Sabinum
2278 1429 2411 1466 Heredi

1324 1486 1406 1511 cum
1440 1480 1607 1521 postumo
1640 1475 1804 1511 instituto
1841 1475 1999 1520 reliquae
2030 1480 2151 1520 partes
2182 1474 2409 1518 adcrescunt,

1324 1531 1417 1565 quae
1446 1524 1613 1566 postumo
1646 1520 1752 1556 datae
1785 1524 1887 1562 sunt,
1921 1520 1952 1556 si
1983 1524 2120 1555 certum
2150 1520 2199 1555 sit
2228 1530 2301 1556 non
2333 1531 2411 1556 esse

1323 1569 1564 1610 praegnatem,
1588 1565 1673 1600 licet
1694 1566 1796 1600 heres
1819 1566 1967 1610 ignoret.

1325 1654 1333 1662 ,
1370 1607 1424 1647 32
1463 1609 1657 1661 Ulmanus
1691 1610 1782 1646 libro
1818 1613 1944 1646 octavo
1979 1608 2030 1644 ad
2063 1607 2236 1645 Sabinum
2297 1609 2410 1646 Heres

1322 1655 1507 1690 institutus
1538 1664 1569 1689 s1
1599 1658 1702 1699 putet
1733 1658 1941 1690 testatorem
1970 1654 2104 1695 vivere,
2145 1654 2305 1700 quamvis
2339 1655 2409 1692 iam

1327 1703 1342 1734 1
1392 1699 1583 1735 defunctus
1607 1699 1671 1742 sit,
1695 1699 1792 1734 adire
1815 1698 2046 1735 hereditatem
2068 1709 2142 1734 non
2164 1702 2294 1744 potest.
2340 1699 2410 1737 Sed

1325 1748 1360 1779 et
1383 1745 1415 1781 si
1438 1745 1507 1780 scit
1530 1754 1569 1780 se
1591 1744 1757 1780 heredem
1779 1745 2001 1787 institutum,
2026 1743 2089 1780 sed
2111 1747 2230 1779 utrum
2253 1754 2341 1789 pure
2363 1755 2409 1782 an

1325 1790 1392 1825 sub
1418 1789 1645 1832 condicione,
1674 1789 1830 1834 ignoret,
1862 1800 1935 1825 non
1957 1788 2089 1835 poterit
2111 1788 2210 1825 adire
2232 1789 2411 1825 heredita-

1324 1838 1407 1877 tem,
1431 1834 1516 1870 licet
1538 1845 1627 1879 pure
1648 1834 1752 1870 heres
1770 1834 1955 1870 institutus
1975 1834 2032 1876 sit,
2057 1837 2094 1870 et
2114 1834 2182 1870 sub
2203 1834 2412 1871 condicione

1325 1883 1345 1915 2
1392 1880 1477 1916 licet
1499 1879 1660 1925 paruerit
1683 1879 1894 1915 condicioni.
1931 1879 2003 1914 Sed
2027 1882 2062 1914 et
2085 1879 2116 1914 si
2139 1879 2184 1914 de
2203 1879 2412 1916 condicione

1324 1925 1507 1961 testatoris
1527 1925 1683 1960 incertus
1705 1925 1763 1967 sit,
1787 1929 1890 1970 pater
1907 1924 2061 1960 familias
2081 1934 2129 1959 an
2147 1923 2240 1960 filius
2259 1924 2411 1961 familias

1325 1971 1390 2012 sit,
1422 1981 1495 2007 non
1525 1971 1658 2022 poterit
1687 1970 1785 2006 adire
1816 1969 2065 2011 hereditatem,
2098 1969 2166 2005 etsi
2188 1969 2263 2005 eius
2288 1969 2410 2006 condi-

1326 2015 1438 2051 cionis
1463 2016 1510 2051 sit
1532 2026 1569 2050 m
1592 2015 1751 2058 veritate,
1775 2019 1816 2050 ut
1839 2015 1965 2051 testari
1986 2014 2194 2060 potuerit¹¹.

1371 2057 1424 2098 33
1450 2060 1557 2096 PAUL
1565 2070 1609 2096 os
1636 2060 1727 2096 libro
1758 2059 1969 2096 duodecimo
2001 2059 2052 2095 ad
2077 2058 2262 2095 Plautium
2308 2059 2412 2105 Quod

1326 2106 1356 2142 si
1380 2105 1536 2148 dubitet,
1570 2105 1668 2151 apud
1697 2105 1820 2141 hostes
1852 2104 2003 2140 decessit
2035 2114 2082 2140 an
2107 2104 2191 2140 civis
2215 2104 2410 2148 Romanus,

1326 2151 1494 2196 quoniam
1524 2154 1678 2195 utroque
1710 2161 1798 2186 casu
1830 2154 1885 2186 est
1907 2150 1962 2185 ius
1987 2149 2141 2185 adeundi
2164 2153 2200 2184 et
2221 2150 2259 2185 in
2282 2160 2321 2185 re
2345 2154 2410 2193 est,

1325 2199 1367 2231 ut
1389 2196 1503 2241 possit
1526 2195 1635 2238 adire,
1661 2195 1847 2231 dicendum
1870 2198 1926 2231 est
1947 2205 2053 2240 posse
2077 2194 2185 2230 adire.

1370 2238 1425 2278 34
1457 2240 1651 2276 ULPJANUS
1672 2240 1763 2276 libro
1787 2244 1912 2276 octavo
1936 2240 1986 2275 ad
2008 2239 2181 2275 Sabinum
2228 2238 2298 2274 Sed
2322 2243 2359 2275 et
2381 2239 2412 2276 si

1326 2285 1369 2320 de
1393 2295 1460 2321 sua
1484 2285 1691 2321 condicione
1714 2285 1794 2330 quis
1817 2284 1965 2327 dubitet,
1989 2295 2037 2320 an
2059 2284 2154 2320 filius
2177 2283 2330 2320 familias
2354 2284 2410 2327 sit,

1324 2336 1429 2376 posse
1446 2340 1527 2366 eum
1546 2330 1732 2375 adquirere
1751 2330 1984 2365 hereditatem
2002 2330 2073 2364 iam
2092 2329 2227 2364 dictum
2247 2333 2311 2364 est.
2346 2339 2411 2365 cur

1324 2379 1455 2418 autem,
1482 2375 1512 2410 si
1535 2385 1637 2410 suam
1660 2375 1800 2420 ignoret
1822 2374 2076 2415 condicionem,
2105 2373 2202 2409 adire
2225 2378 2355 2418 potest,
2380 2375 2411 2409 si

1324 2420 1527 2462 testatoris,
1551 2430 1625 2455 non
1647 2421 1791 2465 potest?
1822 2419 1883 2454 illa
1905 2419 1997 2454 ratio
2023 2423 2095 2460 est,
2120 2418 2216 2463 quod
2239 2418 2300 2463 qui
2324 2429 2408 2455 con-

1324 2465 1501 2507 dicionem
1531 2465 1713 2500 testatoris
1741 2465 1900 2509 ignorat,
1932 2474 1979 2499 an
2010 2463 2127 2499 valeat
2157 2467 2410 2499 testamentum

1327 2514 1341 2545 1
1393 2510 1544 2553 dubitat,
1565 2510 1625 2555 qui
1645 2509 1690 2545 de
1709 2519 1786 2552 sua,
1807 2509 1851 2545 de
1870 2513 2082 2544 testamento
2103 2512 2221 2544 certus
2239 2513 2305 2544 est.
2340 2508 2411 2544 Sed

1325 2559 1361 2590 et
1391 2556 1422 2591 si
1454 2565 1534 2590 cum
1567 2559 1660 2590 esset
1693 2564 1783 2600 pure
1815 2554 2018 2597 institutus,
2056 2554 2196 2599 putavit
2225 2553 2291 2589 sub
2324 2564 2408 2589 con·

1324 2600 1465 2636 dicione
1488 2605 1523 2636 et
1546 2599 1692 2645 impleta
1715 2599 1942 2642 condicione,
1975 2609 2082 2644 quam
2114 2598 2280 2634 iniectam
2293 2599 2321 2620 ¹²
2342 2610 2408 2644 pu-

1323 2646 1429 2686 tavit,
1461 2645 1568 2688 adiit,
1600 2655 1647 2680 an
1674 2645 1788 2690 possit
1811 2644 1998 2690 adquirere
2020 2643 2277 2679 hereditatem?
2324 2654 2408 2679 con-

1324 2700 1476 2736 sequens
1508 2694 1564 2726 est
1593 2689 1711 2726 dicere
1741 2700 1847 2735 posse
1878 2699 1959 2725 eum
1989 2688 2107 2731 adire,
2145 2689 2297 2724 maxime
2329 2699 2410 2724 cum

1324 2736 1414 2772 haec
1445 2746 1505 2771 sus
1532 2735 1600 2771 icio
1634 2735 1722 2770 nihil
1753 2735 1826 2770 ei¹³
1856 2733 1999 2770 offuerit
2028 2744 2094 2770 nec
2124 2733 2322 2779 periculum
2345 2733 2408 2769 ad-

1322 2781 1455 2816 tulerit.
1512 2780 1636 2816 acilius
1659 2780 1738 2825 quis
1761 2779 1935 2822 admittet,
1960 2779 1991 2814 si
2014 2779 2092 2824 quis
2115 2789 2205 2824 pure
2226 2778 2408 2814 institutus

1323 2825 1462 2878 putavit
1485 2836 1524 2862 se
1547 2825 1614 2861 sub
1639 2824 1850 2861 condicione
1872 2824 2075 2860 institutum
2095 2823 2410 2869 condicionemque

1322 2871 1503 2916 impletam
1527 2880 1634 2916 quam
1646 2871 1672 2891 ¹⁴¹
1696 2869 1734 2905 in
1758 2873 1920 2905 eventum
1942 2869 2112 2914 putabat:
2144 2878 2227 2904 nam
2249 2868 2287 2904 in
2309 2868 2406 2903 nullo

1322 2916 1412 2952 haec
1436 2915 1592 2962 suspicio
1616 2914 1729 2951 offuit.
2291 2957 2299 2964 ι
2378 2956 2386 2965 .

1368 2958 1422 2999 35
1461 2960 1655 2997 Ummws
1665 2961 1692 2982 ¹⁵
1723 2959 1813 2996 libro
1844 2969 1939 2994 nono
1971 2957 2022 2993 ad
2043 2957 2217 2994 Sabinum
2263 2955 2301 2992 Sl
2327 2967 2407 3002 quis

1322 3006 1426 3042 heres
1446 3005 1630 3041 institutus
1653 3014 1696 3040 ex
1742 3008 1830 3047 arte,
1850 3013 1933 3039 mox
1949 3002 2042 3038 Titio
2059 3002 2284 3043 substitutus,
2305 3005 2405 3038 ante-

1322 3061 1430 3097 quam
1460 3061 1504 3086 ex
1535 3059 1645 3086 causa
1670 3060 1713 3085 su
1739 3048 1933 3084 stitutionis
1957 3048 1990 3083 ei
2012 3046 2194 3083 deferatur
2215 3046 2406 3090 hereditas,

1321 3107 1386 3142 pro
1406 3095 1537 3131 herede
1554 3095 1715 3140 gesserit,
1739 3095 1808 3129 erit
1829 3094 1933 3129 heres
1956 3102 2002 3129 ex
2025 3102 2136 3128 causa
2158 3101 2301 3137 quoque
2320 3092 2405 3128 sub-

1321 3140 1529 3183 stitutionis,
1553 3140 1721 3185 quoniam
1738 3139 1849 3174 invito
1869 3147 2010 3184 quoque
2030 3137 2062 3172 ei
2081 3137 2258 3189 adcrescit
2302 3137 2405 3190 ortio3

1320 3186 1415 3222 idem
1438 3185 1518 3221 dico
1543 3189 1579 3221 et
1601 3185 1632 3221 si
1654 3184 1748 3220 filius
1767 3183 1919 3219 familias
1938 3182 1994 3218 vel
2012 3192 2135 3218 servus
2154 3192 2254 3218 iussu
2299 3192 2406 3217 omim

1320 3231 1376 3267 vel
1398 3230 1511 3276 patris
1535 3229 1689 3265 adierint
1710 3228 1953 3270 hereditatem,
1977 3238 2060 3263 mox
2084 3227 2328 3272 emancipatus
2352 3226 2407 3262 vel

1320 3275 1558 3312 manumissus
1593 3285 1638 3310 ex
1674 3284 1785 3310 causa
1814 3272 2077 3309 substitutionis
2111 3272 2262 3308 adeant:
2302 3275 2407 3307 erunt

1320 3319 1637 3401 ¹1²⁸¹¹¹133²3t332⁰13¹13⁸
1650 3315 2406 3407 ”siuafflxngnffligfflxfffflssffi

1321 3410 1443 3446 datam
1471 3414 1574 3455 pater
1603 3408 1714 3444 filium
1743 3407 1848 3444 iussit
1873 3407 1990 3449 adire,
2022 3406 2211 3443 dicendum
2234 3406 2301 3442 erit
2324 3415 2405 3441 eum

1321 3457 1341 3490 2
1388 3465 1460 3491 non
1485 3454 1667 3500 quaesisse
1689 3463 1790 3490 suam
1813 3452 2021 3498 portionem.
2058 3451 2129 3487 Sed
2148 3451 2179 3487 si
2199 3461 2244 3487 ex
2262 3450 2404 3486 duobus

1653 3567 1712 3608 412)
1735 3566 1925 3600 iniunctam
1938 3566 2010 3599 edd.
2096 3565 2155 3605 (1³)
2179 3564 2266 3597 nihil
2278 3562 2323 3608 ei]
2335 3564 2403 3597 nisi

1604 3612 1662 3654 (u)
1688 3622 1785 3654 quem
1797 3624 1859 3645 scr.
1909 3612 1968 3653 (ιε)
1993 3610 2080 3643 idem
2094 3609 2145 3643 F²
2219 3611 2278 3651 (ιθ)
2293 3610 2404 3653 saissa

1321 3658 1448 3692 videtur
1459 3668 1527 3691 non
1540 3657 1680 3690 adeantx
1704 3658 1804 3690 erunt
1815 3666 1959 3698 namque
1968 3654 2105 3688 heredes
2117 3653 2227 3687 nihilo
2239 3653 2350 3688 minus

1324 3568 1379 3609 (ιι)
1402 3567 1529 3610 poterit
1540 3567 1575 3600 F
