2528 3918
135 130 282 175 XXXI

131 252 356 299 portionibus
380 249 528 285 heredes
552 249 623 285 scri
650 250 736 285 serit
759 253 796 286 et
825 255 964 303 partem
995 249 1091 285 forte
1113 257 1221 301 quar-

131 302 206 333 tam
230 300 352 332 extero
376 294 534 331 eiusdem
557 260 659 330 fungi
682 294 870 347 legaverit,
900 305 967 347 pro
1000 293 1056 329 his
1079 292 1223 339 quidem

131 341 366 388 portionibus,
391 349 481 385 quas
504 340 582 375 iure
603 339 818 376 hereditario
843 343 1007 382 retinent,
1040 338 1222 374 fideicom-

131 388 278 422 missum
302 395 374 421 non
396 388 550 430 petetur,
574 394 647 420 non
669 385 782 430 magis
806 384 928 430 quam'
944 384 975 419 si
1007 383 1111 419 alteri
1139 382 1223 422 fun-

133 432 216 467 dum
239 430 498 476 praelegassetz
523 439 589 475 pro
612 429 727 466 altera
749 441 832 466 vero
851 434 965 475 parte,
990 439 1084 475 quae
1099 428 1222 468 ifex-

131 481 247 512 terum
272 475 404 511 collata
427 478 492 516 est,
516 474 651 510 virilem
698 475 736 510 ui
767 479 852 510 sunt
875 474 919 510 de
942 474 1078 509 familia
1099 476 1225 519 petent

132 521 289 556 admissa
297 523 445 565 propter
460 519 609 555 heredes
620 519 654 555 vi
675 520 683 527 '
701 520 772 555 ‘um
781 520 988 572 portionum
999 518 1222 565 pensatione.

132 570 152 601 5
202 564 274 601 Sed
297 570 333 600 et
356 566 387 600 si
410 564 561 600 fundum
591 565 696 600 heres
728 576 790 600 um
815 574 857 599 ex
882 564 1018 599 familia
1040 563 1225 608 reliquerit

130 611 279 656 eiusque
291 609 374 646 fidei
389 609 614 652 commiserit,
634 615 676 645 ut
690 619 771 645 eum
784 613 907 645 extero
921 609 1097 652 restituat,
1115 618 1224 653 quae-

131 656 239 692 situm
260 659 331 697 est,
355 665 402 690 an
424 655 494 691 hoc
507 654 817 691 fideicommissum
841 654 914 700 peti
928 654 1053 707 possit.
1088 653 1225 689 dixiita

132 701 274 736 demum
286 700 361 745 peti
364 709 490 753 posse,
515 700 546 735 si
557 699 660 735 fundi
700 700 827 734 retium
845 699 990 735 efficiat.
1028 698 1092 734 sed
1104 698 1134 733 si
1146 698 1224 744 qui-

132 745 211 781 dem
235 745 294 781 ille
343 755 417 780 rior
438 748 591 780 testator
604 745 655 779 ita
704 744 990 780 deicommissum
1002 743 1223 796 reliquissetJ:

132 794 230 836 ‘rogo
254 790 318 826 fun
344 800 405 825 um
418 789 477 825 cui
490 789 586 825 voles
601 794 665 825 aut
688 789 817 834 quibus
830 789 927 825 voles
951 799 996 824 ex
1009 788 1145 824 familia
1167 798 1224 823 re·

132 835 309 881 ‘linquas’,
321 845 398 871 rem
410 834 449 870 in
462 834 626 880 expedito
644 834 739 870 fore:
756 834 853 880 quod
865 835 894 870 si
907 834 995 869 talia
1009 834 1119 870 verba
1135 832 1224 869 fuis-

131 885 229 917 sent:
256 884 352 926 ‘peto
376 890 448 916 non
472 879 606 915 fundus
631 879 676 915 de
698 879 834 915 familia
854 880 980 922 exeat',
1004 878 1145 914 heredis
1160 878 1223 914 he·

131 925 253 962 redem
276 929 425 971 propter
447 935 600 971 sequens
624 924 945 966 fideicommissum,
982 924 1078 970 quod
1101 924 1138 959 in
1163 933 1224 959 ex-

130 974 248 1007 terum
265 970 435 1007 collatum
458 975 522 1012 est,
547 973 735 1005 oneratum
751 969 918 1015 intellegi,
943 969 1107 1015 petituris
1125 968 1223 1004 dein—

131 1026 217 1062 ceps
242 1015 369 1052 ceteris
394 1026 438 1051 ex
477 1016 567 1051 rimo
583 1018 797 1051 testamento
814 1014 1126 1050 fideicommissum
1142 1017 1226 1059 post

131 1065 153 1097 6
198 1066 351 1097 mortem
373 1061 453 1096 vide
470 1061 538 1096 'cet
568 1061 645 1096 eius
670 1060 730 1105 qui
764 1060 878 1105 primo
903 1059 1038 1095 electus
1063 1063 1128 1095 est.
1175 1058 1225 1093 Et

130 1105 212 1142 ideo
244 1105 275 1142 si
298 1106 414 1141 electo
448 1116 518 1141 uno
554 1105 863 1141 fideicommissum
894 1104 932 1140 in
968 1108 1129 1140 exterum
1151 1114 1224 1139 non

131 1150 341 1187 conferatur
353 1153 375 1194 ¹,
400 1161 473 1186 non
496 1150 585 1186 alias
610 1151 642 1186 ei
665 1150 727 1195 qui
751 1150 885 1185 electus
906 1153 961 1185 est
975 1149 1224 1186 fideicommis-

130 1207 212 1233 sum
233 1195 490 1242 praestandum
508 1196 586 1237 erit,
611 1206 718 1240 quam
738 1194 1223 1240 interpositis'cautionibus:

131 1241 306 1284 ιιἰιιιᾶιιιιιθ
331 1251 413 1276 cum
435 1241 617 1282 morietur,
642 1240 672 1275 si
696 1240 822 1275 nonin
845 1239 981 1275 familia
993 1245 1075 1275 cum
1094 1238 1225 1275 effectu

720 1284 786 1320 ‘Ro
812 1295 845 1326 0,
858 1284 1010 1319 fundum
1023 1295 1106 1320 eum
1116 1284 1224 1320 mori-

132 1290 150 1321 ‘1
200 1286 484 1339 ‘relinqueretur‚
508 1285 671 1320 restitui'.

927 1329 1023 1382 quod
1045 1329 1093 1366 ad
1116 1329 1226 1365 verba

131 1331 213 1367 ‘eris
237 1335 405 1367 restituas
430 1341 475 1366 ex
498 1330 635 1365 libertis
661 1330 719 1365 cui
750 1340 793 1365 vo
810 1329 871 1365 es'.

130 1377 270 1419 attinet,
302 1376 416 1421 ipsius
440 1376 509 1410 erit
531 1375 658 1410 electio
694 1384 760 1410 nec
783 1379 906 1420 petere
939 1384 1019 1420 quis
1044 1385 1129 1410 uam
1159 1385 1225 1420 po-

129 1422 234 1464 terit,
267 1420 438 1466 quamdiu
461 1420 635 1465 praeferri
657 1419 750 1455 alius
781 1423 919 1465 potest:
955 1419 1023 1455 ²de
1091 1424 1149 1455 cto
1182 1429 1224 1455 eo

130 1467 230 1512 prius
255 1476 359 1512 quam
386 1466 494 1510 eligat
517 1469 641 1510 petent
663 1475 798 1500 omnes.
855 1465 978 1511 itaque
1001 1465 1150 1508 eveniet,
1185 1469 1227 1500 ut

131 1511 229 1558 quod
252 1512 315 1546 uni
339 1511 463 1546 datum
487 1514 542 1546 est
575 1510 662 1546 vivis
685 1510 852 1555 pluribus
883 1520 976 1546 unus
1008 1513 1131 1555 petere
1153 1520 1226 1546 non

129 1556 256 1603 possit,
286 1556 349 1592 sed
373 1565 494 1591 omnes
518 1559 644 1601 petant
667 1555 762 1600 quod
786 1566 858 1590 non
882 1555 1080 1591 omnibus*
1103 1555 1227 1591 datum

130 1605 196 1645 est,
214 1605 252 1637 et
269 1602 321 1636 ita
337 1601 479 1636 demum
494 1604 618 1645 petere
634 1601 750 1646 possit
765 1611 870 1644 unus,
888 1601 919 1636 si
934 1599 1034 1636 solus
1052 1600 1227 1637 moriente

131 1650 152 1683 8
199 1657 241 1683 eo
271 1645 460 1692 superfuit.
515 1645 554 1681 Si
582 1656 657 1681 rem
688 1649 807 1688 tuam,
839 1655 948 1691 quam
979 1645 1227 1681 existimabam

129 1702 256 1734 meam,
281 1695 318 1727 te
340 1691 472 1727 herede
487 1690 652 1726 instituto
670 1690 765 1726 Titio
781 1690 906 1743 legem,
930 1700 1004 1726 non
1020 1694 1075 1726 est
1085 1690 1227 1727 Neratii

129 1737 246 1773 Prisci
270 1736 469 1772 sententiae
492 1746 560 1772 nec
585 1736 830 1771 constitutiom
853 1736 966 1779 locus,
992 1747 1064 1781 qua
1081 1740 1227 1772 cavetur

130 1794 204 1819 non
228 1781 426 1828 cogendum
449 1785 636 1826 praestare
650 1781 806 1826 legatum
830 1781 1018 1817 heredem:
1044 1791 1127 1817 nam
1142 1791 1225 1817 suc-

131 1837 277 1864 cursum
300 1831 357 1863 est
379 1826 584 1869 heredibus,
608 1836 654 1861 ne
678 1831 891 1879 cogerentur
921 1826 1104 1870 redimere,
1129 1826 1226 1872 quod

130 1877 283 1910 testator
306 1882 411 1907 suum
434 1871 640 1907 existimans
673 1871 837 1924 reliquit:
872 1875 958 1907 sunt
987 1872 1083 1907 enim
1112 1882 1149 1906 m
1197 1871 1225 1907 ‘s

129 1918 169 1955 in
192 1917 353 1963 legandis
385 1916 459 1952 suis
482 1917 590 1952 rebus
637 1927 722 1952 uam
755 1927 792 1952 m
815 1917 941 1952 alienis
974 1927 1170 1963 comparan
1197 1917 1204 1924 '

130 1968 170 2000 et
192 1961 384 1999 onerandis
408 1961 598 1997 heredibus
637 1962 803 1997 aciliores
827 1962 1049 1998 voluntates:
1075 1962 1173 2015 quod
1188 1962 1225 1997 in

130 2009 202 2045 hac
225 2008 345 2053 specie
368 2017 441 2042 non
466 2007 600 2050 evenit,
637 2017 720 2042 cum
755 2007 949 2042 dominium
982 2007 1035 2043 rei
1058 2011 1106 2043 s1t
1128 2007 1226 2053 apud

132 2057 154 2090 9
200 2052 378 2089 heredem.
426 2051 465 2087 Si
496 2052 629 2087 omissa
650 2051 915 2088 fideicommissi
944 2053 1056 2088 verba
1087 2052 1158 2088 sint
1190 2056 1226 2088 et

132 2102 255 2135 cetera
277 2107 370 2144 quae
392 2097 561 2142 leguntur
585 2107 667 2132 cum
689 2097 758 2140 his,
783 2107 875 2143 quae
890 2098 999 2133 scribi
1015 2097 1225 2140 debuerunt,

132 2146 352 2189 congruant,
389 2146 489 2178 recte
512 2142 635 2177 datum
659 2146 695 2178 et
724 2142 840 2178 minus
865 2142 1039 2188 scriptum
1062 2143 1225 2188 exemplo

130 2188 366 2225 institutionis
389 2187 658 2233 legatorumque
682 2187 925 2232 intellegetur:
951 2197 1059 2233 quam
1082 2192 1225 2224 senten-

130 2234 221 2270 tiam
255 2233 410 2279 optimus
441 2243 584 2278 quoque
614 2232 808 2277 imperator
838 2237 962 2268 noster
985 2232 1138 2268 Severus
1169 2243 1225 2269 se-

134 2283 177 2315 10
225 2282 329 2314 cutus
366 2281 433 2314 est.
492 2277 582 2312 Item
616 2277 759 2313 Marcus
802 2278 998 2322 imperator
1040 2278 1227 2324 rescripsit

131 2324 252 2365 verba,
284 2323 415 2369 quibus
449 2326 602 2358 testator
623 2322 676 2357 ita
699 2326 844 2358 caverat
878 2326 962 2358 ‘non
987 2321 1151 2358 dubitare
1175 2333 1225 2366 se,

132 2369 395 2415 ‘quodcumque
425 2378 517 2403 uxor
541 2368 618 2403 eius
642 2368 814 2413 cepisset,
846 2367 968 2404 liberis
1002 2368 1077 2403 suis
1108 2367 1225 2403 reddi-

133 2414 286 2456 ‘turam',
311 2424 376 2459 pro
393 2412 667 2448 fideicommisso
684 2412 906 2458 accipienda.
954 2412 1051 2458 quod
1069 2413 1225 2458 rescrip-

132 2464 208 2495 tum
233 2469 407 2494 summam
426 2458 538 2493 habet
554 2457 756 2500 utilitatem,
781 2467 826 2494 ne
843 2457 982 2493 scilicet
1003 2457 1121 2493 honor
1136 2458 1226 2494 bene

131 2504 309 2541 transacti
331 2503 558 2545 matrimonii,
589 2502 678 2538 fides
703 2503 810 2538 etiam
833 2503 1071 2539 communium
1094 2502 1224 2539 libero-

132 2560 213 2586 rum
238 2549 394 2594 decipiat
415 2552 567 2593 patrem,
592 2548 653 2593 qui
668 2547 795 2584 melius
819 2547 863 2583 de
886 2552 1000 2583 matre
1015 2558 1183 2593 praesum
1211 2568 1225 2574 -

133 2598 250 2631 serat:
275 2599 310 2629 et
332 2594 411 2629 ideo
435 2594 602 2646 princeps
626 2593 956 2638 providentissimus
981 2596 1017 2628 et
1038 2593 1126 2629 iuris
1142 2559 1225 2629 refl-

132 2639 353 2686 giosissimus
378 2649 459 2674 cum
483 2638 747 2674 fide1commissi
770 2638 881 2674 verba
905 2647 1046 2674 cessare
1065 2637 1225 2674 animad-

133 2689 300 2737 verteret,
326 2694 406 2719 eum
430 2693 630 2719 sermonem
652 2694 719 2729 pro
739 2683 1010 2719 fideicommisso
1041 2683 1228 2729 rescripsit

136 2729 420 2812 αοὲιὲιῗὶἑίἓῗὰε
441 2773 532 2809 libro
556 2773 745 2809 undecimo
769 2773 1020 2819 quaestionum
1068 2772 1228 2818 Sequens

135 2819 298 2866 quaestio
323 2822 388 2860 est,
413 2828 461 2853 an
484 2819 591 2853 etiam
615 2829 707 2863 quae
729 2818 830 2854 vivus
853 2828 919 2864 per
939 2818 1167 2854 donationem
1190 2819 1228 2854 in

134 2874 284 2900 uxorem
307 2863 461 2899 contulit
482 2863 520 2898 in
544 2863 806 2899 fideicommissi
840 2863 1048 2909 petitionem
1070 2864 1227 2899 veniant.

134 2908 304 2962 respondi
327 2918 371 2943 ea
394 2912 496 2943 extra
519 2918 665 2944 causam
695 2909 873 2944 bonorum
896 2907 1057 2944 defuncti
1081 2919 1227 2955 compu-

134 2958 206 2990 tan
230 2953 359 2990 debere
382 2958 419 2989 et
442 2957 632 2999 propterea
655 2953 928 2990 fideicommisso
944 2964 1018 2989 non
1041 2954 1228 2997 contineri,

136 2999 223 3045 quia
247 3009 291 3035 ea
313 2998 482 3034 habitura
504 3002 599 3034 esset
623 2999 729 3034 etiam
763 2998 834 3034 alio
859 2998 990 3035 herede
1022 2999 1226 3035 exsistente.

135 3044 244 3125 platus
267 3043 475 3125 {manuatim
490 3043 642 3123 ξιιιιιιὶξιιε
666 3044 788 3081 uxoris
812 3043 896 3079 fidei
919 3044 1140 3080 committere
1162 3054 1227 3090 po·

153 3100 191 3125 es
242 3099 267 3125 u
366 3098 410 3124 ea
432 3098 489 3123 res
506 3099 518 3122 ι
535 3098 581 3123 ua
600 3116 607 3123 .

183 3116 238 3172 6⁹9
262 3133 510 3170 Pammnvs
549 3133 639 3168 labro
674 3145 770 3169 nono
805 3133 942 3170 decimo
979 3134 1228 3180 quaestionum

137 3180 252 3221 ιΡειο,
275 3178 368 3214 Luci
391 3178 475 3220 Titi,
501 3182 689 3213 contentus
706 3179 754 3213 sis
780 3183 922 3214 centum
938 3179 1080 3214 aureis’.
1128 3178 1228 3215 fidei-

138 3224 367 3261 commissum
388 3222 506 3259 valere
522 3222 658 3267 placuit
673 3223 779 3268 idque
800 3224 1012 3269 rescriptum
1030 3228 1094 3259 est.
1143 3224 1229 3270 quid

138 3280 221 3315 ergo
246 3269 287 3311 si,
312 3279 394 3304 cum
416 3267 582 3304 heredem
606 3278 649 3303 ex
673 3273 774 3312 parte
798 3269 1021 3311 instituisset,
1053 3269 1106 3304 ita
1127 3268 1227 3304 locu-

137 3319 197 3350 tus
222 3318 295 3350 est:
322 3316 416 3359 ‘peto
439 3323 506 3374 pro
530 3316 632 3358 parte
655 3316 720 3347 tua
737 3317 926 3349 contentus
950 3313 1010 3356 sis,
1035 3313 1127 3350 Luci
1144 3313 1227 3355 Titi,

138 3363 295 3395 ‘centum
330 3358 447 3394 aureis
467 3358 485 3394 ¹?
515 3361 636 3403 petere
668 3361 836 3403 poterunt
867 3358 1059 3394 coheredes
1090 3363 1227 3405 partem

138 3403 358 3446 hereditatis,
381 3403 557 3439 retinente
580 3402 653 3438 sive
672 3404 796 3454 praeci
824 3403 918 3439 iente
933 3414 1003 3449 quo
1021 3408 1227 3440 contentum

137 3459 218 3485 esse
254 3448 365 3484 voluit
395 3447 597 3484 defunctus.
652 3457 728 3483 sine
760 3447 806 3482 du
834 3448 867 3483 io
899 3448 1040 3484 facilius
1073 3453 1128 3484 est
1158 3449 1227 3484 hoc

138 3494 311 3540 probare,
343 3503 450 3538 quam
485 3491 633 3538 probari
663 3492 781 3538 potuit
804 3492 908 3529 illud.
941 3504 1021 3528 cum
1053 3493 1103 3529 ibi
1126 3493 1226 3530 fidei·

140 3539 367 3574 commissum
391 3542 535 3584 petatur
558 3538 603 3573 ab
629 3537 695 3579 his,
721 3547 800 3572 eum
825 3538 954 3582 quibus
979 3548 1050 3574 non
1078 3542 1134 3574 est
1154 3542 1226 3574 tes-

138 3587 236 3619 tator
258 3584 411 3619 locutus.
459 3582 551 3619 idem
576 3582 744 3625 dicemus,
768 3582 810 3623 si,
835 3593 915 3617 cum
943 3593 987 3617 ex
1010 3593 1091 3619 asse
1114 3584 1226 3630 scrip·

142 3697 184 3735 (ι)
210 3698 244 3727 οι
262 3695 338 3730 ideo
360 3696 408 3728 sic
429 3695 535 3728 electo
554 3705 624 3727 uno
645 3694 939 3727 fideicommissum
961 3695 996 3726 in
1019 3699 1166 3728 exter-im
1187 3707 1230 3730 ne

143 3741 335 3772 conseratur
352 3753 415 3774 ser.
532 3744 577 3782 (2)
609 3740 667 3773 sed
680 3741 740 3773 im.
834 3741 891 3781 (2⁸)
915 3739 1069 3772 omnibus
1082 3751 1149 3773 non
1164 3752 1229 3775 ser.

1220 122 1309 172 436

1503 0 1506 19 l

1502 21 1572 105 ἥ

1561 110 1564 129 Ι

2103 138 2165 171 ΒΕ
2192 140 2382 173 LEGATIS

1291 248 1397 284 sisset
1411 247 1588 292 heredem,
1604 249 1682 286 eius
1697 249 1824 296 gratia,
1846 249 1907 295 qui
1923 248 2100 294 legitimus
2115 249 2220 286 heres
2235 250 2380 287 futurus

1293 296 1397 334 esset,
1421 292 1474 329 ita
1495 293 1680 340 loquatur:
1714 297 1809 340 ‘peto
1840 305 1906 340 pro
1937 294 2154 337 hereditate,
2186 305 2292 341 quam
2315 296 2380 331 tibi

1293 337 1442 384 reliqui,
1466 348 1559 383 quae
1582 339 1628 374 ad
1649 339 1798 376 fratrem
1819 350 1936 375 meum
1960 340 2037 375 iure
2059 339 2213 385 legitimo
2236 340 2380 383 rediret,

1296 386 1309 418 1
1362 385 1566 419 ‘contentus
1598 384 1647 420 sis
1679 389 1823 420 centum
1853 384 1995 420 aureis'.
2042 384 2252 428 Praedium,
2309 385 2381 422 uod

1293 427 1435 463 nomine
1457 427 1614 465 familiae
1635 429 1868 475 relinquitur,
1901 430 1933 465 si
1956 440 2029 465 non
2059 430 2261 466 voluntaria
2299 434 2382 467 acta

1293 472 1341 508 sit
1363 472 1543 516 alienatio,
1567 472 1631 509 sed
1653 474 1750 510 bona
1771 474 1912 510 heredis
1934 478 2098 517 veneant,
2122 475 2259 511 tamdiu
2283 485 2380 521 emp-

1292 522 1350 554 tor
1372 517 1525 554 retinere
1539 517 1656 563 debet,
1680 519 1849 565 quamdiu
1867 519 2007 555 debitor
2022 520 2172 556 haberet
2187 520 2290 556 bonis
2308 531 2382 557 non

1292 561 1456 605 venditis,
1481 567 1565 608 post
1586 567 1736 600 mortem
1760 565 1836 600 eius
1860 575 1932 600 non
1956 565 2145 600 habiturus
2162 565 2258 611 quod
2283 569 2382 602 exter

1294 611 1314 642 2
1360 607 1463 643 heres
1487 612 1673 654 praestare
1697 614 1892 655 cogeretur.
1946 610 2065 645 Mater
2094 610 2167 646 filio
2200 611 2381 656 impubere

1294 652 1424 688 herede
1446 653 1610 689 instituto
1634 657 1788 690 tutorem
1806 654 1919 690 eidem
1935 654 2126 701 adscripsit
2142 655 2288 701 eiusque
2299 655 2383 691 fidei

1294 697 1480 740 commisit,
1507 702 1558 741 ut,
1588 698 1619 733 si
1637 698 1731 735 filius
1748 709 1834 735 suus
1855 701 1950 735 intra
1965 700 2252 745 quattuordecim
2268 711 2382 736 annos

1294 742 1517 786 decessisset,
1550 743 1755 780 restitueret
1776 744 2009 780 hereditatem
2033 745 2254 791 Sempronio.
2309 756 2382 782 non

1293 787 1372 824 ideo
1397 787 1513 824 minus
1535 787 1847 825 fideicommissum
1870 792 1969 825 recte
1992 789 2116 826 datum
2138 790 2296 836 intellegi
2320 790 2381 827 de-

1294 833 1363 874 bet,
1388 833 1473 878 quia
1495 836 1650 869 tutorem
1674 833 1760 870 dare
1783 837 1897 869 mater
1918 844 1993 870 non
2015 835 2144 880 potuit.
2192 846 2274 871 nam
2292 839 2329 872 et
2352 836 2383 871 si

1293 881 1398 923 pater
1420 888 1493 913 non
1515 878 1595 914 iure
1617 878 1715 915 facto
1739 880 1978 915 testamento³
2008 880 2138 915 tutoris
2169 880 2253 916 fidei
2285 891 2382 917 com·

1293 923 1444 964 miserit,
1481 933 1595 969 aeque
1623 924 1883 969 praestabitur,
1920 924 2215 970 quemadmodum
2245 926 2276 961 si
2305 926 2383 962 iure

1292 971 1546 1004 testamentum
1568 969 1706 1004 factum
1728 968 1874 1004 fuisset:
1899 968 2034 1005 sufficit
2056 970 2159 1013 enim,
2183 973 2225 1006 ut
2247 971 2293 1006 ab
2317 971 2382 1006 im·

1292 1013 1429 1059 pubere
1452 1012 1575 1049 datum
1598 1013 1910 1049 fideicommissum
1932 1014 2117 1058 videatur,
2148 1015 2194 1050 ab
2219 1025 2261 1051 eo
2293 1015 2383 1058 dari,

1317 1069 1399 1094 uem
1421 1058 1452 1094 is
1477 1058 1538 1103 qui
1561 1058 1672 1094 dabat
1694 1063 1849 1095 tutorem
1866 1058 2015 1095 dederat
2029 1059 2085 1095 vel
2104 1059 2212 1095 etiam
2227 1063 2383 1096 tutorem

1292 1070 1372 1139 ἕστε
1405 1103 1659 1139 arbitrabatur.
1713 1103 1807 1140 idem
1838 1104 1876 1139 in
1909 1107 2076 1140 curatore
2105 1104 2297 1151 impuberis
2328 1106 2384 1142 vel

1292 1148 1438 1184 minoris
1463 1149 1566 1184 annis
1587 1149 1693 1185 debet
1707 1149 1861 1195 probari.
1909 1159 1976 1184 nec
1991 1149 2150 1193 interest,
2174 1153 2274 1186 tutor
2285 1154 2384 1187 recte

1294 1194 1400 1229 datus
1424 1194 1502 1230 vivo
1526 1198 1630 1239 patre
1652 1194 1826 1230 moriatur
1847 1194 1903 1229 vel
1926 1194 2045 1240 aliquo
2070 1195 2250 1240 privilegio
2275 1205 2383 1232 excu-

1293 1242 1393 1275 setur
1415 1239 1471 1274 vel
1493 1242 1593 1274 tutor
1617 1249 1695 1274 esse
1718 1250 1791 1275 non
1814 1239 1930 1285 possit
1951 1243 2102 1285 propter
2125 1244 2289 1283 aetatem,
2325 1240 2385 1276 cui

1293 1288 1393 1319 tutor
1416 1283 1536 1319 fuerat
1559 1284 1685 1320 datus:
1710 1285 1839 1330 quibus
1858 1288 1954 1320 certe
1976 1285 2119 1321 casibus
2137 1284 2384 1322 fideicommis-

1294 1340 1373 1365 sum
1386 1330 1400 1350 ⁴
1424 1340 1498 1365 non
1520 1329 1712 1372 intercidit,
1769 1329 1842 1365 uod
1865 1340 1888 1365 a
1918 1330 2053 1375 pupillo
2086 1330 2209 1366 datum
2231 1330 2381 1366 videtur.

1293 1375 1364 1410 hac
1388 1374 1540 1420 denique
1562 1375 1702 1410 ratione
1724 1341 1864 1420 p‘llacuit
1886 1385 1909 1410 a
1932 1378 2061 1419 tutore,
2086 1375 2147 1421 qui
2169 1375 2257 1411 nihil
2280 1386 2383 1411 acce·

1293 1419 1357 1465 pit,
1382 1418 1696 1455 fideicommissum
1720 1420 1855 1472 pupillo
1879 1420 2033 1465 relinqui
2055 1431 2128 1456 non
2150 1431 2269 1466 posse,
2295 1431 2383 1466 quo-

1294 1465 1390 1500 niam
1414 1464 1510 1510 quod
1534 1465 1579 1500 ab
1605 1474 1646 1501 eo
1670 1464 1881 1510 rehnquitur
1905 1468 2037 1508 extero,
2069 1476 2143 1501 non
2163 1466 2176 1501 i
2203 1466 2276 1501 sius
2299 1476 2383 1511 pro-

1294 1512 1315 1545 3
1361 1509 1452 1556 prio,
1477 1509 1541 1545 sed
1555 1509 1682 1555 pupilli
1697 1510 1776 1545 iure
1792 1510 1974 1546 debeatur.
2021 1509 2150 1546 Fratre
2199 1510 2302 1547 erede
2328 1511 2383 1546 in-

1294 1554 1420 1590 stituto
1443 1556 1544 1600 petit,
1569 1565 1615 1590 ne
1638 1555 1763 1590 domus
1787 1555 2012 1598 alienaretur,
2040 1555 2105 1591 sed
2126 1558 2168 1591 ut
2189 1556 2227 1591 in
2249 1556 2384 1592 familia

1294 1599 1564 1645 relinqueretur.
1612 1600 1643 1635 si
1667 1611 1740 1635 non
1770 1600 1931 1646 paruerit
1961 1600 2063 1636 heres
2095 1601 2289 1643 voluntati,
2320 1601 2383 1637 sed

1295 1645 1440 1680 domum
1463 1644 1670 1680 alienaverit
1692 1645 1747 1680 vel
1771 1648 1891 1681 extero
1916 1645 2046 1681 herede
2072 1645 2236 1682 instituto
2261 1646 2382 1682 deces-

1295 1689 1399 1732 serit,
1439 1700 1563 1726 omnes
1597 1689 1908 1725 fideicommissum
1937 1694 2063 1736 petent
2093 1690 2153 1736 qui
2182 1691 2220 1726 in
2249 1690 2384 1726 familia

1293 1735 1451 1770 fuerunt.
1499 1734 1586 1780 quid
1609 1745 1692 1780 ergo
1717 1735 1747 1770 si
1771 1745 1844 1770 non
1868 1735 1940 1770 sint
1963 1735 2120 1771 eiusdem
2141 1735 2300 1780 gradus?
2333 1736 2386 1771 ita

1294 1790 1352 1815 res
1375 1779 1567 1826 temperari
1591 1779 1707 1822 debet,
1732 1783 1774 1815 ut
1796 1780 1978 1825 proximus
2003 1780 2152 1826 quisque
2174 1780 2288 1826 primo
2303 1781 2384 1817 loco

1294 1825 1459 1860 videatur
1481 1825 1663 1860 invitatus.
1711 1835 1779 1860 nec
1797 1830 1918 1861 tamen
1933 1824 2011 1861 ideo
2036 1835 2075 1861 se
2100 1826 2259 1861 nentium
2274 1836 2386 1862 causa

1294 1874 1442 1916 propter
1464 1870 1667 1915 superiores
1690 1869 1728 1905 in
1751 1874 1935 1923 posterum
1957 1870 2052 1906 laedi
2109 1870 2208 1913 ebet,
2240 1871 2304 1907 sed
2334 1871 2386 1907 ita

1293 1915 1478 1961 proximus
1504 1915 1655 1960 quisque
1677 1914 1917 1951 admittendus
1941 1919 2006 1958 est,
2031 1915 2062 1951 si
2084 1919 2230 1961 paratus
2254 1916 2302 1952 sit
2325 1926 2385 1952 ca·

1293 1971 1376 1996 vere
1399 1971 1439 1996 se
1461 1960 1618 1995 familiae
1640 1960 1784 1996 domum
1801 1961 2057 1996 restituturum.
2107 1961 2203 2006 quod
2218 1961 2249 1997 si
2264 1961 2384 1997 cautio

1293 2016 1367 2041 non
1390 2005 1499 2041 fuerit
1522 2005 1568 2041 ab
1594 2015 1647 2048 eo,
1673 2005 1734 2051 qui
1757 2005 1870 2051 primo
1894 2006 1975 2041 loco
2000 2005 2176 2042 admissus
2200 2009 2267 2049 est,
2291 2006 2384 2042 desi-

1294 2050 1431 2093 derata,
1467 2050 1567 2086 nulla
1613 2050 1730 2086 uidem
1755 2060 1796 2086 eo
1822 2051 1964 2086 nomine
1994 2054 2164 2086 nascetur
2194 2051 2384 2094 condictio,

1294 2095 1358 2132 sed
1381 2095 1412 2131 si
1435 2095 1562 2132 domus
1579 2106 1602 2131 a
1641 2099 1802 2131 exterum
1819 2095 2034 2149 quandoque
2049 2096 2260 2142 pervenerit,
2285 2095 2384 2132 fidei-

1295 2140 1474 2177 commissi
1494 2140 1619 2186 petitio
1641 2140 1798 2176 familiae
1826 2145 2005 2186 competit.
2046 2141 2249 2177 cautionem
2265 2146 2385 2178 autem

1293 2186 1434 2222 ratione
1465 2185 1538 2221 doli
1569 2185 1654 2221 mali
1686 2186 1904 2231 exceptionis
1935 2190 2023 2232 puto
2055 2186 2149 2222 iuste
2179 2186 2385 2229 desiderari,

1294 2234 1316 2266 4
1387 2231 1522 2266 uamvis
1540 2241 1643 2266 nemo
1662 2231 1755 2267 alius
1767 2231 1915 2267 ulterior
1931 2242 1975 2267 ex
1990 2231 2126 2267 familia
2140 2232 2307 2277 supersit.
2347 2232 2384 2269 Si

1294 2275 1355 2321 qui
1403 2287 1438 2311 m
1461 2275 1535 2311 sint
1556 2279 1684 2321 postea
1708 2276 1932 2321 emancipati,
1955 2276 2106 2312 tractari
2120 2280 2252 2322 potest,
2277 2287 2325 2313 an
2347 2277 2384 2313 hi

1294 2331 1436 2366 quoque
1458 2323 1556 2356 recte
1578 2319 1891 2356 fideicommissum
1920 2324 2055 2367 petant.
2111 2325 2147 2356 et
2176 2326 2263 2367 puto
2287 2326 2385 2358 recte

1293 2365 1490 2411 petituros,
1530 2366 1699 2410 quoniam
1736 2365 1893 2401 familiae
1931 2366 2171 2411 appellatione
2207 2377 2385 2412 personae

1295 2421 1365 2455 quo
1391 2420 1437 2446 ue
1459 2410 1529 2446 hae
1551 2409 1816 2446 demonstratae
1839 2410 2103 2456 intelleguntur.

1342 2421 1394 2492 73
1420 2454 1529 2491 IDEM
1554 2455 1646 2507 libro
1679 2456 1846 2507 picesimo
1882 2456 2132 2501 quaestionum
2186 2455 2385 2502 Imperator

1295 2500 1498 2536 Antoninus
1521 2509 1632 2535 resen
1659 2504 1705 2536 sit
1717 2499 1937 2545 legatarium,
1961 2501 1992 2536 si
2015 2500 2101 2536 nihil
2125 2511 2169 2536 ex
2192 2501 2308 2547 legato
2323 2512 2382 2538 ac·

1295 2547 1409 2592 cepit,
1444 2545 1478 2581 ei
1509 2545 1568 2581 cui
1598 2544 1643 2581 de
1670 2548 1706 2581 et
1735 2545 2045 2581 fideicommissum
2077 2546 2279 2582 actionibus
2310 2547 2383 2583 suis

1295 2600 1402 2637 posse
1425 2589 1551 2626 cedere
1575 2600 1642 2626 nec
1664 2589 1702 2625 id
1724 2600 1767 2626 co
1791 2589 1921 2626 endum
1945 2591 2091 2626 solvere.
2140 2591 2226 2636 quid
2245 2602 2329 2637 ergo
2353 2592 2385 2628 si

1295 2647 1368 2672 non
1391 2638 1518 2678 totum,
1543 2635 1607 2671 sed
1622 2639 1762 2681 partem
1793 2635 1886 2681 egati
1903 2636 2020 2671 relicti
2035 2636 2223 2672 restituere
2238 2641 2383 2682 rogatus

1295 2681 1475 2718 abstineat
1499 2681 1567 2716 eo?
1591 2684 1711 2715 utrum
1727 2680 1929 2716 actionibus
1953 2680 2026 2716 suis
2047 2680 2082 2716 in
2107 2684 2221 2716 totum
2238 2686 2385 2727 cogetur

1296 2726 1432 2769 cedere,
1456 2736 1503 2761 an
1527 2735 1610 2761 vero
1635 2735 1708 2760 non
1731 2725 1799 2761 nisi
1829 2724 1877 2760 ad
1905 2735 1983 2761 eam
2009 2726 2256 2778 quantitatem,
2292 2737 2384 2772 quae

1295 2771 1569 2807 fideicommisso
1597 2770 1825 2806 continetur?
1849 2770 1945 2816 quod
1963 2774 2057 2806 ratio
2081 2770 2220 2807 suadet.
2266 2773 2331 2807 sed
2349 2775 2385 2808 et

1296 2817 1327 2853 si
1350 2817 1505 2861 legatum
1529 2815 1746 2868 perceperit,
1778 2826 1852 2850 non
1880 2816 2033 2861 amplius
2065 2825 2110 2851 ex
2143 2825 2254 2852 causa
2283 2816 2381 2852 fidei·

1300 2866 1315 2898 1
1366 2861 1544 2898 commissi
1567 2870 1610 2896 co
1633 2860 1746 2895 endus
1768 2860 1836 2896 erit
1858 2861 2004 2903 solvere,
2029 2870 2137 2906 quam
2151 2861 2297 2907 recepit.
2345 2861 2383 2896 Si

1298 2911 1440 2943 centum
1462 2905 1588 2951 legatis
1610 2871 1758 2957 duplum
1773 2904 1962 2957 restituere
1981 2909 2126 2950 rogatus
2142 2905 2200 2947 sit,
2224 2905 2272 2941 ad
2286 2916 2377 2941 sum-

1296 2963 1390 2987 mam
1422 2951 1530 2996 legati
1559 2950 1736 2986 videbitur
1775 2950 2044 2986 constituisse⁶z
2088 2950 2120 2986 si
2149 2954 2270 2986 autem
2326 2955 2383 2986 ost

1296 3001 1437 3043 tempus
1461 2995 1771 3031 fideicommissum
1794 2995 1957 3031 relictum
1979 2994 2037 3038 sit,
2068 3004 2258 3030 usurarum
2306 3006 2382 3030 um-

1297 3046 1400 3078 taxat
1423 3040 1703 3077 additamentum
1727 3039 1942 3076 admittetur.
2000 3050 2067 3076 nec
2098 3039 2271 3075 mutanda
2301 3050 2381 3076 sen-

1297 3087 1410 3123 tentia
1433 3086 1510 3128 erit,
1535 3084 1632 3131 quod
1655 3084 1748 3120 forte
1771 3085 1887 3130 legato
1912 3088 2080 3130 percepto
2104 3094 2270 3130 magnum
2287 3095 2379 3121 emo-

1298 3133 1495 3168 lumentum
1519 3140 1564 3166 ex
1586 3129 1704 3175 aliquo
1729 3130 1869 3175 negotio
1895 3133 2109 3165 consecutus
2133 3133 2188 3166 est
2210 3134 2275 3166 aut
2297 3139 2382 3176 poe·

1298 3188 1381 3213 nam
1413 3175 1652 3222 stipulationis
1682 3175 1921 3211 imminentem
1953 3174 2074 3210 evasit.
2127 3173 2219 3211 haec
2249 3175 2320 3218 ita,
2352 3174 2382 3211 si

1298 3221 1479 3268 quantitas
1508 3230 1590 3256 cum
1629 3220 1829 3266 quantitate
1870 3218 2086 3255 conferatur.
2143 3219 2318 3255 enimvero
2351 3219 2383 3255 si

1296 3266 1451 3313 pecunia
1465 3269 1616 3318 accepta
1631 3269 1778 3310 rogatus
1794 3265 1841 3300 sit
1860 3275 1935 3299 rem
1951 3264 2143 3309 propriam,
2168 3274 2274 3310 quam
2301 3274 2382 3300 uam

1296 3311 1440 3347 maioris
1463 3314 1569 3356 pretn
1593 3313 1658 3353 est,
1682 3310 1879 3349 restituere,
1907 3319 1979 3345 non
2004 3313 2059 3344 est
2074 3308 2271 3346 audiendus
2302 3319 2381 3355 ega-

1296 3357 1422 3399 tarius,
1445 3355 1458 3392 l
1524 3358 1562 3391 to
1586 3358 1757 3401 percepto
1781 3355 1812 3390 si
1834 3353 1918 3390 velit
1943 3358 2168 3399 computare:
2194 3364 2266 3390 non
2290 3355 2382 3390 enim

1296 3401 1460 3482 {eqffi
1479 3399 1901 3491 ,gsscggssssffefflffl
1924 3399 2074 3479 ⁸3&
2096 3399 2109 3434 ¹
2148 3403 2382 3496 ufflffid'i‘ss

1295 3491 1368 3528 filio
1393 3501 1458 3527 suo
1484 3500 1528 3526 ex
1577 3493 1653 3526 arte
1683 3489 1813 3525 herede
1835 3489 1998 3524 instituto
2029 3492 2197 3534 patruum
2221 3498 2296 3524 eius
2321 3498 2380 3524 co-

1295 3535 1462 3572 heredem
1485 3536 1517 3571 ei
1567 3535 1698 3571 edisset
1720 3539 1756 3570 et
1779 3534 1824 3569 ab
1841 3544 1883 3570 eo
1907 3534 2064 3579 petisset,
2089 3538 2130 3569 ut
2151 3533 2262 3568 filium
2278 3543 2380 3569 suum

1296 3591 1360 3627 pro
1392 3580 1482 3615 virili
1513 3580 1677 3626 portione
1707 3578 1789 3615 filiis
1819 3579 1893 3614 suis
1917 3578 2126 3614 coheredem
2160 3578 2313 3614 faceret:
2351 3578 2379 3613 si

1300 3696 1344 3737 (³)
1370 3694 1493 3727 fnctnm
1514 3696 1750 3728 testamentum
1768 3693 1821 3726 1³²
1998 3693 2041 3734 (4)
2067 3691 2330 3726 fideicommissit
2352 3690 2385 3724 F

1299 3741 1343 3782 (5)
1369 3740 1561 3773 constitisse
1573 3738 1606 3773 S
