<?xml version="1.0" encoding="UTF-8"?>
<!DOCTYPE html PUBLIC "-//W3C//DTD XHTML 1.0 Transitional//EN"
    "http://www.w3.org/TR/xhtml1/DTD/xhtml1-transitional.dtd">
<html xmlns="http://www.w3.org/1999/xhtml" xml:lang="en" lang="en">
 <head>
  <title>
</title>
<meta http-equiv="Content-Type" content="text/html;charset=utf-8" />
  <meta name='ocr-system' content='tesseract 3.04.00' />
  <meta name='ocr-capabilities' content='ocr_page ocr_carea ocr_par ocr_line ocrx_word'/>
</head>
<body>
  <div class='ocr_page' id='page_1' title='image "./corpusjuriscivil01krueuoft_0362.png"; bbox 0 0 2528 3918; ppageno 0'>
   <div class='ocr_carea' id='block_1_1' title="bbox 200 127 412 171">
    <p class='ocr_par' dir='ltr' id='par_1_1' title="bbox 200 127 412 171">
     <span class='ocr_line' id='line_1_1' title="bbox 200 127 412 171; baseline -0.014 0"><span class='ocrx_word' id='word_1_1' title='bbox 200 127 367 171; x_wconf 87' lang='lat' dir='ltr'>XVIIII</span> <span class='ocrx_word' id='word_1_2' title='bbox 395 131 412 168; x_wconf 83' lang='lat' dir='ltr'>i</span> 
     </span>
    </p>
   </div>
   <div class='ocr_carea' id='block_1_2' title="bbox 192 244 1279 3428">
    <p class='ocr_par' dir='ltr' id='par_1_2' title="bbox 192 244 1279 3064">
     <span class='ocr_line' id='line_1_2' title="bbox 201 244 1276 291; baseline -0.003 -9"><span class='ocrx_word' id='word_1_3' title='bbox 201 247 301 283; x_wconf 87' lang='lat' dir='ltr'>cuius</span> <span class='ocrx_word' id='word_1_4' title='bbox 325 249 489 291; x_wconf 87' lang='lat' dir='ltr'>respectu</span> <span class='ocrx_word' id='word_1_5' title='bbox 511 245 582 280; x_wconf 87' lang='lat' dir='ltr'>ista</span> <span class='ocrx_word' id='word_1_6' title='bbox 605 245 677 281; x_wconf 89' lang='lat' dir='ltr'>sint</span> <span class='ocrx_word' id='word_1_7' title='bbox 698 244 834 282; x_wconf 87' lang='lat' dir='ltr'>relicta.</span> <span class='ocrx_word' id='word_1_8' title='bbox 867 245 950 281; x_wconf 89' lang='lat' dir='ltr'>item</span> <span class='ocrx_word' id='word_1_9' title='bbox 974 244 1069 290; x_wconf 90' lang='lat' dir='ltr'>quod</span> <span class='ocrx_word' id='word_1_10' title='bbox 1092 255 1137 280; x_wconf 89' lang='lat' dir='ltr'>ex</span> <span class='ocrx_word' id='word_1_11' title='bbox 1159 244 1276 289; x_wconf 89' lang='lat' dir='ltr'>operis</span> 
     </span>
     <span class='ocr_line' id='line_1_3' title="bbox 200 289 1275 336; baseline -0.003 -9"><span class='ocrx_word' id='word_1_12' title='bbox 200 301 321 327; x_wconf 86' lang='lat' dir='ltr'>servus</span> <span class='ocrx_word' id='word_1_13' title='bbox 346 290 521 335; x_wconf 86' lang='lat' dir='ltr'>praestitit</span> <span class='ocrx_word' id='word_1_14' title='bbox 543 289 734 332; x_wconf 89' lang='lat' dir='ltr'>venditori,</span> <span class='ocrx_word' id='word_1_15' title='bbox 759 291 908 336; x_wconf 80' lang='lat' dir='ltr'>emptori</span> <span class='ocrx_word' id='word_1_16' title='bbox 931 289 1187 325; x_wconf 86' lang='lat' dir='ltr'>restituendum</span> <span class='ocrx_word' id='word_1_17' title='bbox 1211 292 1275 330; x_wconf 88' lang='lat' dir='ltr'>est,</span> 
     </span>
     <span class='ocr_line' id='line_1_4' title="bbox 201 334 1278 380; baseline -0.005 -8"><span class='ocrx_word' id='word_1_18' title='bbox 201 336 267 372; x_wconf 87' lang='lat' dir='ltr'>nisi</span> <span class='ocrx_word' id='word_1_19' title='bbox 289 336 366 370; x_wconf 89' lang='lat' dir='ltr'>ideo</span> <span class='ocrx_word' id='word_1_20' title='bbox 392 335 466 370; x_wconf 89' lang='lat' dir='ltr'>dies</span> <span class='ocrx_word' id='word_1_21' title='bbox 490 334 691 370; x_wconf 76' lang='lat' dir='ltr'>traditionis</span> <span class='ocrx_word' id='word_1_22' title='bbox 715 343 759 369; x_wconf 85' lang='lat' dir='ltr'>ex</span> <span class='ocrx_word' id='word_1_23' title='bbox 781 339 888 380; x_wconf 89' lang='lat' dir='ltr'>pacto</span> <span class='ocrx_word' id='word_1_24' title='bbox 913 338 1124 380; x_wconf 84' lang='lat' dir='ltr'>prorogatus</span> <span class='ocrx_word' id='word_1_25' title='bbox 1148 336 1213 375; x_wconf 89' lang='lat' dir='ltr'>est,</span> <span class='ocrx_word' id='word_1_26' title='bbox 1237 336 1278 368; x_wconf 95' lang='grc' dir='ltr'>ιιι</span> 
     </span>
     <span class='ocr_line' id='line_1_5' title="bbox 204 377 1276 425; baseline -0.003 -10"><span class='ocrx_word' id='word_1_27' title='bbox 204 384 243 415; x_wconf 84' lang='grc'>19</span> <span class='ocrx_word' id='word_1_28' title='bbox 289 379 334 414; x_wconf 86' lang='lat' dir='ltr'>ad</span> <span class='ocrx_word' id='word_1_29' title='bbox 366 378 581 414; x_wconf 87' lang='lat' dir='ltr'>venditorem</span> <span class='ocrx_word' id='word_1_30' title='bbox 611 388 742 424; x_wconf 85' lang='lat' dir='ltr'>operae</span> <span class='ocrx_word' id='word_1_31' title='bbox 774 380 1000 425; x_wconf 82' lang='lat' dir='ltr'>pertinerent.</span> <span class='ocrx_word' id='word_1_32' title='bbox 1048 378 1106 413; x_wconf 89' lang='lat' dir='ltr'>Ex</span> <span class='ocrx_word' id='word_1_33' title='bbox 1136 377 1276 413; x_wconf 89' lang='lat' dir='ltr'>vendito</span> 
     </span>
     <span class='ocr_line' id='line_1_6' title="bbox 199 422 1277 469; baseline -0.004 -8"><span class='ocrx_word' id='word_1_34' title='bbox 199 425 292 461; x_wconf 89' lang='lat' dir='ltr'>actio</span> <span class='ocrx_word' id='word_1_35' title='bbox 315 423 486 459; x_wconf 84' lang='lat' dir='ltr'>venditori</span> <span class='ocrx_word' id='word_1_36' title='bbox 510 423 679 469; x_wconf 89' lang='lat' dir='ltr'>competit</span> <span class='ocrx_word' id='word_1_37' title='bbox 701 423 747 459; x_wconf 87' lang='lat' dir='ltr'>ad</span> <span class='ocrx_word' id='word_1_38' title='bbox 770 434 813 459; x_wconf 88' lang='lat' dir='ltr'>ea</span> <span class='ocrx_word' id='word_1_39' title='bbox 835 435 920 460; x_wconf 90' lang='lat' dir='ltr'>cons</span> <span class='ocrx_word' id='word_1_40' title='bbox 967 422 1100 465; x_wconf 89' lang='lat' dir='ltr'>uenda,</span> <span class='ocrx_word' id='word_1_41' title='bbox 1132 431 1224 467; x_wconf 87' lang='lat' dir='ltr'>quae</span> <span class='ocrx_word' id='word_1_42' title='bbox 1246 422 1277 457; x_wconf 89' lang='lat' dir='ltr'>ei</span> 
     </span>
     <span class='ocr_line' id='line_1_7' title="bbox 200 466 1277 521; baseline -0.003 -17"><span class='ocrx_word' id='word_1_43' title='bbox 200 473 243 504; x_wconf 82' lang='lat'>20</span> <span class='ocrx_word' id='word_1_44' title='bbox 289 469 334 503; x_wconf 86' lang='lat' dir='ltr'>ab</span> <span class='ocrx_word' id='word_1_45' title='bbox 359 471 516 513; x_wconf 79' lang='lat' dir='ltr'>emptore</span> <span class='ocrx_word' id='word_1_46' title='bbox 537 468 712 514; x_wconf 82' lang='lat' dir='ltr'>praestari</span> <span class='ocrx_word' id='word_1_47' title='bbox 733 472 884 521; x_wconf 87' lang='lat' dir='ltr'>oportet.</span> <span class='ocrx_word' id='word_1_48' title='bbox 966 467 1088 503; x_wconf 89' lang='lat' dir='ltr'>eniunt</span> <span class='ocrx_word' id='word_1_49' title='bbox 1105 470 1224 502; x_wconf 91' lang='lat' dir='ltr'>autem</span> <span class='ocrx_word' id='word_1_50' title='bbox 1240 466 1277 501; x_wconf 91' lang='lat' dir='ltr'>in</span> 
     </span>
     <span class='ocr_line' id='line_1_8' title="bbox 199 510 1279 563; baseline -0.004 -14"><span class='ocrx_word' id='word_1_51' title='bbox 199 515 267 549; x_wconf 92' lang='lat' dir='ltr'>hoc</span> <span class='ocrx_word' id='word_1_52' title='bbox 286 512 454 548; x_wconf 90' lang='lat' dir='ltr'>iudicium</span> <span class='ocrx_word' id='word_1_53' title='bbox 471 512 565 548; x_wconf 80' lang='lat' dir='ltr'>infra</span> <span class='ocrx_word' id='word_1_54' title='bbox 583 512 728 558; x_wconf 85' lang='lat' dir='ltr'>scripta.</span> <span class='ocrx_word' id='word_1_55' title='bbox 762 524 800 548; x_wconf 95' lang='lat' dir='ltr'>in</span> <span class='ocrx_word' id='word_1_56' title='bbox 822 513 944 559; x_wconf 89' lang='lat' dir='ltr'>primis</span> <span class='ocrx_word' id='word_1_57' title='bbox 968 512 1129 558; x_wconf 88' lang='lat' dir='ltr'>pretium,</span> <span class='ocrx_word' id='word_1_58' title='bbox 1153 510 1279 563; x_wconf 86' lang='lat' dir='ltr'>quanti</span> 
     </span>
     <span class='ocr_line' id='line_1_9' title="bbox 199 555 1276 603; baseline -0.002 -11"><span class='ocrx_word' id='word_1_59' title='bbox 199 568 255 593; x_wconf 89' lang='lat' dir='ltr'>res</span> <span class='ocrx_word' id='word_1_60' title='bbox 280 557 385 592; x_wconf 89' lang='lat' dir='ltr'>venit.</span> <span class='ocrx_word' id='word_1_61' title='bbox 419 557 503 593; x_wconf 88' lang='lat' dir='ltr'>item</span> <span class='ocrx_word' id='word_1_62' title='bbox 526 567 657 594; x_wconf 87' lang='lat' dir='ltr'>usurae</span> <span class='ocrx_word' id='word_1_63' title='bbox 686 558 790 603; x_wconf 79' lang='lat' dir='ltr'>pretii</span> <span class='ocrx_word' id='word_1_64' title='bbox 821 561 904 603; x_wconf 90' lang='lat' dir='ltr'>post</span> <span class='ocrx_word' id='word_1_65' title='bbox 936 557 1026 592; x_wconf 89' lang='lat' dir='ltr'>diem</span> <span class='ocrx_word' id='word_1_66' title='bbox 1059 555 1276 591; x_wconf 76' lang='lat' dir='ltr'>traditionis:</span> 
     </span>
     <span class='ocr_line' id='line_1_10' title="bbox 199 601 1277 655; baseline -0.004 -17"><span class='ocrx_word' id='word_1_67' title='bbox 199 613 281 638; x_wconf 89' lang='lat' dir='ltr'>nam</span> <span class='ocrx_word' id='word_1_68' title='bbox 305 612 385 637; x_wconf 90' lang='lat' dir='ltr'>cuin</span> <span class='ocrx_word' id='word_1_69' title='bbox 408 612 449 638; x_wconf 90' lang='lat' dir='ltr'>re</span> <span class='ocrx_word' id='word_1_70' title='bbox 471 605 610 655; x_wconf 76' lang='lat' dir='ltr'>emptor</span> <span class='ocrx_word' id='word_1_71' title='bbox 638 602 799 644; x_wconf 80' lang='lat' dir='ltr'>fruatur,</span> <span class='ocrx_word' id='word_1_72' title='bbox 831 601 1080 647; x_wconf 88' lang='lat' dir='ltr'>aequissimum</span> <span class='ocrx_word' id='word_1_73' title='bbox 1113 604 1168 636; x_wconf 90' lang='lat' dir='ltr'>est</span> <span class='ocrx_word' id='word_1_74' title='bbox 1199 609 1277 635; x_wconf 90' lang='lat' dir='ltr'>eum</span> 
     </span>
     <span class='ocr_line' id='line_1_11' title="bbox 199 646 1276 692; baseline -0.003 -10"><span class='ocrx_word' id='word_1_75' title='bbox 199 650 238 682; x_wconf 81' lang='lat'>21</span> <span class='ocrx_word' id='word_1_76' title='bbox 288 656 416 682; x_wconf 88' lang='lat' dir='ltr'>usuras</span> <span class='ocrx_word' id='word_1_77' title='bbox 438 650 544 692; x_wconf 85' lang='lat' dir='ltr'>pretu</span> <span class='ocrx_word' id='word_1_78' title='bbox 637 646 730 683; x_wconf 85' lang='lat' dir='ltr'>dere.</span> <span class='ocrx_word' id='word_1_79' title='bbox 777 647 1039 682; x_wconf 88' lang='lat' dir='ltr'>Possessionem</span> <span class='ocrx_word' id='word_1_80' title='bbox 1062 648 1181 680; x_wconf 89' lang='lat' dir='ltr'>autem</span> <span class='ocrx_word' id='word_1_81' title='bbox 1204 648 1276 679; x_wconf 90' lang='lat' dir='ltr'>tra-</span> 
     </span>
     <span class='ocr_line' id='line_1_12' title="bbox 199 689 1276 737; baseline -0.004 -10"><span class='ocrx_word' id='word_1_82' title='bbox 199 692 308 727; x_wconf 87' lang='lat' dir='ltr'>ditam</span> <span class='ocrx_word' id='word_1_83' title='bbox 340 691 503 737; x_wconf 89' lang='lat' dir='ltr'>accipere</span> <span class='ocrx_word' id='word_1_84' title='bbox 526 691 571 727; x_wconf 92' lang='lat' dir='ltr'>de</span> <span class='ocrx_word' id='word_1_85' title='bbox 596 701 693 727; x_wconf 88' lang='lat' dir='ltr'>emus</span> <span class='ocrx_word' id='word_1_86' title='bbox 717 695 754 727; x_wconf 93' lang='lat' dir='ltr'>et</span> <span class='ocrx_word' id='word_1_87' title='bbox 775 692 805 727; x_wconf 91' lang='lat' dir='ltr'>si</span> <span class='ocrx_word' id='word_1_88' title='bbox 827 691 989 737; x_wconf 89' lang='lat' dir='ltr'>precaria</span> <span class='ocrx_word' id='word_1_89' title='bbox 1012 690 1058 725; x_wconf 83' lang='lat' dir='ltr'>sit</span> <span class='ocrx_word' id='word_1_90' title='bbox 1080 689 1276 735; x_wconf 81' lang='lat' dir='ltr'>possessio:</span> 
     </span>
     <span class='ocr_line' id='line_1_13' title="bbox 198 733 1276 782; baseline -0.003 -11"><span class='ocrx_word' id='word_1_91' title='bbox 198 737 267 773; x_wconf 92' lang='lat' dir='ltr'>hoc</span> <span class='ocrx_word' id='word_1_92' title='bbox 290 736 381 771; x_wconf 90' lang='lat' dir='ltr'>enini</span> <span class='ocrx_word' id='word_1_93' title='bbox 404 736 519 773; x_wconf 86' lang='lat' dir='ltr'>solum</span> <span class='ocrx_word' id='word_1_94' title='bbox 541 740 706 782; x_wconf 90' lang='lat' dir='ltr'>spectare</span> <span class='ocrx_word' id='word_1_95' title='bbox 728 736 916 777; x_wconf 88' lang='lat' dir='ltr'>debemus,</span> <span class='ocrx_word' id='word_1_96' title='bbox 940 745 987 771; x_wconf 87' lang='lat' dir='ltr'>an</span> <span class='ocrx_word' id='word_1_97' title='bbox 1010 734 1142 770; x_wconf 86' lang='lat' dir='ltr'>habeat</span> <span class='ocrx_word' id='word_1_98' title='bbox 1162 733 1276 769; x_wconf 80' lang='lat' dir='ltr'>facul·</span> 
     </span>
     <span class='ocr_line' id='line_1_14' title="bbox 198 780 1276 826; baseline -0.002 -10"><span class='ocrx_word' id='word_1_99' title='bbox 198 784 241 816; x_wconf 88' lang='lat'>22</span> <span class='ocrx_word' id='word_1_100' title='bbox 287 784 397 816; x_wconf 89' lang='lat' dir='ltr'>tatem</span> <span class='ocrx_word' id='word_1_101' title='bbox 430 780 590 817; x_wconf 78' lang='lat' dir='ltr'>fructus¹</span> <span class='ocrx_word' id='word_1_102' title='bbox 624 780 850 826; x_wconf 88' lang='lat' dir='ltr'>percipiendi.</span> <span class='ocrx_word' id='word_1_103' title='bbox 897 780 1090 815; x_wconf 87' lang='lat' dir='ltr'>Praeterea</span> <span class='ocrx_word' id='word_1_104' title='bbox 1120 789 1163 814; x_wconf 90' lang='lat' dir='ltr'>ex</span> <span class='ocrx_word' id='word_1_105' title='bbox 1193 788 1276 814; x_wconf 88' lang='lat' dir='ltr'>ven-</span> 
     </span>
     <span class='ocr_line' id='line_1_15' title="bbox 198 822 1278 876; baseline -0.003 -16"><span class='ocrx_word' id='word_1_106' title='bbox 198 826 272 861; x_wconf 92' lang='lat' dir='ltr'>dito</span> <span class='ocrx_word' id='word_1_107' title='bbox 302 825 440 871; x_wconf 83' lang='lat' dir='ltr'>agendo</span> <span class='ocrx_word' id='word_1_108' title='bbox 472 830 707 871; x_wconf 85' lang='lat' dir='ltr'>consequetur</span> <span class='ocrx_word' id='word_1_109' title='bbox 742 825 848 860; x_wconf 88' lang='lat' dir='ltr'>etiam</span> <span class='ocrx_word' id='word_1_110' title='bbox 883 828 1065 876; x_wconf 89' lang='lat' dir='ltr'>sumptus,</span> <span class='ocrx_word' id='word_1_111' title='bbox 1125 823 1161 858; x_wconf 93' lang='lat' dir='ltr'>ui</span> <span class='ocrx_word' id='word_1_112' title='bbox 1190 822 1278 858; x_wconf 84' lang='lat' dir='ltr'>facti</span> 
     </span>
     <span class='ocr_line' id='line_1_16' title="bbox 198 867 1276 922; baseline -0.003 -16"><span class='ocrx_word' id='word_1_113' title='bbox 198 873 282 906; x_wconf 88' lang='lat' dir='ltr'>sunt</span> <span class='ocrx_word' id='word_1_114' title='bbox 303 870 341 906; x_wconf 87' lang='lat' dir='ltr'>in</span> <span class='ocrx_word' id='word_1_115' title='bbox 363 880 403 906; x_wconf 87' lang='lat' dir='ltr'>re</span> <span class='ocrx_word' id='word_1_116' title='bbox 426 870 607 913; x_wconf 84' lang='lat' dir='ltr'>distracta,</span> <span class='ocrx_word' id='word_1_117' title='bbox 631 874 672 906; x_wconf 93' lang='lat' dir='ltr'>ut</span> <span class='ocrx_word' id='word_1_118' title='bbox 694 874 782 915; x_wconf 90' lang='lat' dir='ltr'>puta</span> <span class='ocrx_word' id='word_1_119' title='bbox 804 870 834 905; x_wconf 89' lang='lat' dir='ltr'>si</span> <span class='ocrx_word' id='word_1_120' title='bbox 858 870 942 922; x_wconf 84' lang='lat' dir='ltr'>quid</span> <span class='ocrx_word' id='word_1_121' title='bbox 964 880 1001 904; x_wconf 90' lang='lat' dir='ltr'>in</span> <span class='ocrx_word' id='word_1_122' title='bbox 1024 868 1104 904; x_wconf 87' lang='lat' dir='ltr'>aedi</span> <span class='ocrx_word' id='word_1_123' title='bbox 1130 868 1187 904; x_wconf 89' lang='lat' dir='ltr'>cia</span> <span class='ocrx_word' id='word_1_124' title='bbox 1206 867 1276 903; x_wconf 87' lang='lat' dir='ltr'>dis-</span> 
     </span>
     <span class='ocr_line' id='line_1_17' title="bbox 197 912 1277 961; baseline -0.003 -11"><span class='ocrx_word' id='word_1_125' title='bbox 197 918 313 951; x_wconf 83' lang='lat' dir='ltr'>tracta</span> <span class='ocrx_word' id='word_1_126' title='bbox 344 919 528 961; x_wconf 81' lang='lat' dir='ltr'>erogatum</span> <span class='ocrx_word' id='word_1_127' title='bbox 559 919 632 950; x_wconf 86' lang='lat' dir='ltr'>est:</span> <span class='ocrx_word' id='word_1_128' title='bbox 667 915 791 950; x_wconf 88' lang='lat' dir='ltr'>scribit</span> <span class='ocrx_word' id='word_1_129' title='bbox 821 925 914 950; x_wconf 87' lang='lat' dir='ltr'>enim</span> <span class='ocrx_word' id='word_1_130' title='bbox 937 914 1059 950; x_wconf 88' lang='lat' dir='ltr'>Labeo</span> <span class='ocrx_word' id='word_1_131' title='bbox 1084 917 1119 949; x_wconf 90' lang='lat' dir='ltr'>et</span> <span class='ocrx_word' id='word_1_132' title='bbox 1142 912 1277 948; x_wconf 87' lang='lat' dir='ltr'>Treba·</span> 
     </span>
     <span class='ocr_line' id='line_1_18' title="bbox 196 957 1279 996; baseline -0.002 -2"><span class='ocrx_word' id='word_1_133' title='bbox 196 960 268 995; x_wconf 93' lang='lat' dir='ltr'>tius</span> <span class='ocrx_word' id='word_1_134' title='bbox 301 969 379 995; x_wconf 87' lang='lat' dir='ltr'>esse</span> <span class='ocrx_word' id='word_1_135' title='bbox 411 970 455 996; x_wconf 92' lang='lat' dir='ltr'>ex</span> <span class='ocrx_word' id='word_1_136' title='bbox 485 959 626 996; x_wconf 90' lang='lat' dir='ltr'>vendito</span> <span class='ocrx_word' id='word_1_137' title='bbox 651 960 719 995; x_wconf 91' lang='lat' dir='ltr'>hoc</span> <span class='ocrx_word' id='word_1_138' title='bbox 744 959 883 995; x_wconf 91' lang='lat' dir='ltr'>nomine</span> <span class='ocrx_word' id='word_1_139' title='bbox 906 960 1092 995; x_wconf 89' lang='lat' dir='ltr'>actionem.</span> <span class='ocrx_word' id='word_1_140' title='bbox 1127 957 1220 994; x_wconf 89' lang='lat' dir='ltr'>idem</span> <span class='ocrx_word' id='word_1_141' title='bbox 1243 961 1279 993; x_wconf 90' lang='lat' dir='ltr'>et</span> 
     </span>
     <span class='ocr_line' id='line_1_19' title="bbox 197 1004 1276 1049; baseline -0.003 -10"><span class='ocrx_word' id='word_1_142' title='bbox 197 1005 228 1040; x_wconf 88' lang='lat' dir='ltr'>si</span> <span class='ocrx_word' id='word_1_143' title='bbox 257 1004 295 1039; x_wconf 93' lang='lat' dir='ltr'>in</span> <span class='ocrx_word' id='word_1_144' title='bbox 327 1005 422 1049; x_wconf 84' lang='lat' dir='ltr'>aegri</span> <span class='ocrx_word' id='word_1_145' title='bbox 444 1005 535 1040; x_wconf 88' lang='lat' dir='ltr'>servi</span> <span class='ocrx_word' id='word_1_146' title='bbox 560 1004 778 1040; x_wconf 88' lang='lat' dir='ltr'>curationem</span> <span class='ocrx_word' id='word_1_147' title='bbox 800 1004 997 1049; x_wconf 88' lang='lat' dir='ltr'>impensum</span> <span class='ocrx_word' id='word_1_148' title='bbox 1020 1008 1074 1039; x_wconf 88' lang='lat' dir='ltr'>est</span> <span class='ocrx_word' id='word_1_149' title='bbox 1097 1007 1181 1038; x_wconf 90' lang='lat' dir='ltr'>ante</span> <span class='ocrx_word' id='word_1_150' title='bbox 1203 1006 1276 1037; x_wconf 90' lang='lat' dir='ltr'>tra-</span> 
     </span>
     <span class='ocr_line' id='line_1_20' title="bbox 197 1047 1278 1094; baseline -0.004 -9"><span class='ocrx_word' id='word_1_151' title='bbox 197 1049 366 1085; x_wconf 80' lang='lat' dir='ltr'>ditionem</span> <span class='ocrx_word' id='word_1_152' title='bbox 390 1053 454 1085; x_wconf 88' lang='lat' dir='ltr'>aut</span> <span class='ocrx_word' id='word_1_153' title='bbox 475 1050 506 1085; x_wconf 88' lang='lat' dir='ltr'>si</span> <span class='ocrx_word' id='word_1_154' title='bbox 530 1049 613 1094; x_wconf 93' lang='lat' dir='ltr'>quid</span> <span class='ocrx_word' id='word_1_155' title='bbox 636 1049 672 1084; x_wconf 92' lang='lat' dir='ltr'>in</span> <span class='ocrx_word' id='word_1_156' title='bbox 704 1048 926 1093; x_wconf 89' lang='lat' dir='ltr'>disciplinas,</span> <span class='ocrx_word' id='word_1_157' title='bbox 959 1049 1072 1094; x_wconf 77' lang='lat' dir='ltr'>quas²</span> <span class='ocrx_word' id='word_1_158' title='bbox 1094 1047 1278 1084; x_wconf 88' lang='lat' dir='ltr'>verisimile</span> 
     </span>
     <span class='ocr_line' id='line_1_21' title="bbox 197 1092 1276 1139; baseline -0.003 -9"><span class='ocrx_word' id='word_1_159' title='bbox 197 1097 274 1130; x_wconf 89' lang='lat' dir='ltr'>erat</span> <span class='ocrx_word' id='word_1_160' title='bbox 297 1094 402 1130; x_wconf 87' lang='lat' dir='ltr'>etiam</span> <span class='ocrx_word' id='word_1_161' title='bbox 426 1098 618 1139; x_wconf 80' lang='lat' dir='ltr'>emptorem</span> <span class='ocrx_word' id='word_1_162' title='bbox 641 1093 728 1129; x_wconf 91' lang='lat' dir='ltr'>velle</span> <span class='ocrx_word' id='word_1_163' title='bbox 747 1093 912 1138; x_wconf 88' lang='lat' dir='ltr'>impendi.</span> <span class='ocrx_word' id='word_1_164' title='bbox 948 1093 1016 1129; x_wconf 88' lang='lat' dir='ltr'>Iioc</span> <span class='ocrx_word' id='word_1_165' title='bbox 1036 1093 1186 1138; x_wconf 88' lang='lat' dir='ltr'>amplius</span> <span class='ocrx_word' id='word_1_166' title='bbox 1205 1092 1276 1128; x_wconf 91' lang='lat' dir='ltr'>La-</span> 
     </span>
     <span class='ocr_line' id='line_1_22' title="bbox 197 1138 1278 1184; baseline -0.005 -9"><span class='ocrx_word' id='word_1_167' title='bbox 197 1139 263 1175; x_wconf 87' lang='lat' dir='ltr'>beo</span> <span class='ocrx_word' id='word_1_168' title='bbox 296 1139 348 1174; x_wconf 90' lang='lat' dir='ltr'>ait</span> <span class='ocrx_word' id='word_1_169' title='bbox 378 1143 414 1174; x_wconf 92' lang='lat' dir='ltr'>et</span> <span class='ocrx_word' id='word_1_170' title='bbox 444 1139 474 1174; x_wconf 89' lang='lat' dir='ltr'>si</span> <span class='ocrx_word' id='word_1_171' title='bbox 505 1138 589 1184; x_wconf 89' lang='lat' dir='ltr'>quid</span> <span class='ocrx_word' id='word_1_172' title='bbox 618 1138 654 1173; x_wconf 92' lang='lat' dir='ltr'>in</span> <span class='ocrx_word' id='word_1_173' title='bbox 685 1138 792 1173; x_wconf 83' lang='lat' dir='ltr'>funus</span> <span class='ocrx_word' id='word_1_174' title='bbox 817 1138 944 1174; x_wconf 87' lang='lat' dir='ltr'>mortui</span> <span class='ocrx_word' id='word_1_175' title='bbox 968 1138 1059 1174; x_wconf 86' lang='lat' dir='ltr'>servi</span> <span class='ocrx_word' id='word_1_176' title='bbox 1081 1138 1278 1183; x_wconf 89' lang='lat' dir='ltr'>impensum</span> 
     </span>
     <span class='ocr_line' id='line_1_23' title="bbox 196 1182 1279 1233; baseline -0.002 -14"><span class='ocrx_word' id='word_1_177' title='bbox 196 1184 254 1226; x_wconf 89' lang='lat' dir='ltr'>sit,</span> <span class='ocrx_word' id='word_1_178' title='bbox 279 1194 323 1219; x_wconf 86' lang='lat' dir='ltr'>ex</span> <span class='ocrx_word' id='word_1_179' title='bbox 346 1183 485 1219; x_wconf 89' lang='lat' dir='ltr'>vendito</span> <span class='ocrx_word' id='word_1_180' title='bbox 510 1183 678 1228; x_wconf 85' lang='lat' dir='ltr'>consequi</span> <span class='ocrx_word' id='word_1_181' title='bbox 701 1194 722 1218; x_wconf 93' lang='lat' dir='ltr'>o</span> <span class='ocrx_word' id='word_1_182' title='bbox 749 1187 875 1225; x_wconf 90' lang='lat' dir='ltr'>ortere,</span> <span class='ocrx_word' id='word_1_183' title='bbox 900 1183 931 1218; x_wconf 90' lang='lat' dir='ltr'>si</span> <span class='ocrx_word' id='word_1_184' title='bbox 954 1183 1058 1218; x_wconf 92' lang='lat' dir='ltr'>modo</span> <span class='ocrx_word' id='word_1_185' title='bbox 1079 1182 1154 1218; x_wconf 90' lang='lat' dir='ltr'>sine</span> <span class='ocrx_word' id='word_1_186' title='bbox 1174 1182 1279 1233; x_wconf 82' lang='lat' dir='ltr'>culpa</span> 
     </span>
     <span class='ocr_line' id='line_1_24' title="bbox 197 1228 1277 1268; baseline -0.003 -4"><span class='ocrx_word' id='word_1_187' title='bbox 197 1232 240 1264; x_wconf 84' lang='grc'>23</span> <span class='ocrx_word' id='word_1_188' title='bbox 286 1228 478 1264; x_wconf 89' lang='lat' dir='ltr'>venditoris</span> <span class='ocrx_word' id='word_1_189' title='bbox 512 1232 660 1264; x_wconf 91' lang='lat' dir='ltr'>mortem</span> <span class='ocrx_word' id='word_1_190' title='bbox 695 1238 716 1263; x_wconf 92' lang='lat' dir='ltr'>o</span> <span class='ocrx_word' id='word_1_191' title='bbox 743 1228 831 1263; x_wconf 90' lang='lat' dir='ltr'>ierit.</span> <span class='ocrx_word' id='word_1_192' title='bbox 879 1228 967 1263; x_wconf 89' lang='lat' dir='ltr'>Item</span> <span class='ocrx_word' id='word_1_193' title='bbox 1002 1228 1033 1263; x_wconf 93' lang='lat' dir='ltr'>si</span> <span class='ocrx_word' id='word_1_194' title='bbox 1064 1230 1277 1268; x_wconf 89' lang='lat' dir='ltr'>convenerit,</span> 
     </span>
     <span class='ocr_line' id='line_1_25' title="bbox 196 1271 1276 1317; baseline -0.002 -8"><span class='ocrx_word' id='word_1_195' title='bbox 196 1284 276 1310; x_wconf 88' lang='lat' dir='ltr'>cum</span> <span class='ocrx_word' id='word_1_196' title='bbox 299 1283 356 1309; x_wconf 88' lang='lat' dir='ltr'>res</span> <span class='ocrx_word' id='word_1_197' title='bbox 379 1273 530 1315; x_wconf 89' lang='lat' dir='ltr'>veniret,</span> <span class='ocrx_word' id='word_1_198' title='bbox 564 1276 605 1308; x_wconf 90' lang='lat' dir='ltr'>ut</span> <span class='ocrx_word' id='word_1_199' title='bbox 627 1273 784 1317; x_wconf 86' lang='lat' dir='ltr'>locuples</span> <span class='ocrx_word' id='word_1_200' title='bbox 809 1273 853 1307; x_wconf 90' lang='lat' dir='ltr'>ab</span> <span class='ocrx_word' id='word_1_201' title='bbox 878 1276 1036 1317; x_wconf 86' lang='lat' dir='ltr'>emptore</span> <span class='ocrx_word' id='word_1_202' title='bbox 1058 1282 1141 1308; x_wconf 90' lang='lat' dir='ltr'>reus</span> <span class='ocrx_word' id='word_1_203' title='bbox 1165 1271 1276 1313; x_wconf 86' lang='lat' dir='ltr'>detur,</span> 
     </span>
     <span class='ocr_line' id='line_1_26' title="bbox 196 1317 1276 1363; baseline -0.001 -10"><span class='ocrx_word' id='word_1_204' title='bbox 196 1321 239 1353; x_wconf 80' lang='lat'>24</span> <span class='ocrx_word' id='word_1_205' title='bbox 285 1328 329 1353; x_wconf 91' lang='lat' dir='ltr'>ex</span> <span class='ocrx_word' id='word_1_206' title='bbox 352 1318 492 1354; x_wconf 86' lang='lat' dir='ltr'>vendito</span> <span class='ocrx_word' id='word_1_207' title='bbox 515 1318 571 1363; x_wconf 82' lang='lat' dir='ltr'>agi</span> <span class='ocrx_word' id='word_1_208' title='bbox 594 1327 720 1363; x_wconf 90' lang='lat' dir='ltr'>posse,</span> <span class='ocrx_word' id='word_1_209' title='bbox 745 1322 785 1352; x_wconf 92' lang='lat' dir='ltr'>ut</span> <span class='ocrx_word' id='word_1_210' title='bbox 808 1317 844 1352; x_wconf 92' lang='lat' dir='ltr'>id</span> <span class='ocrx_word' id='word_1_211' title='bbox 867 1318 941 1353; x_wconf 92' lang='lat' dir='ltr'>fiat.</span> <span class='ocrx_word' id='word_1_212' title='bbox 989 1317 1027 1352; x_wconf 91' lang='lat' dir='ltr'>Si</span> <span class='ocrx_word' id='word_1_213' title='bbox 1056 1317 1148 1352; x_wconf 86' lang='lat' dir='ltr'>inter</span> <span class='ocrx_word' id='word_1_214' title='bbox 1180 1326 1276 1361; x_wconf 88' lang='lat' dir='ltr'>emp-</span> 
     </span>
     <span class='ocr_line' id='line_1_27' title="bbox 196 1360 1278 1408; baseline -0.003 -10"><span class='ocrx_word' id='word_1_215' title='bbox 196 1367 308 1399; x_wconf 87' lang='lat' dir='ltr'>torem</span> <span class='ocrx_word' id='word_1_216' title='bbox 331 1363 555 1408; x_wconf 88' lang='lat' dir='ltr'>praediorum</span> <span class='ocrx_word' id='word_1_217' title='bbox 580 1366 616 1397; x_wconf 91' lang='lat' dir='ltr'>et</span> <span class='ocrx_word' id='word_1_218' title='bbox 638 1362 852 1398; x_wconf 89' lang='lat' dir='ltr'>venditorem</span> <span class='ocrx_word' id='word_1_219' title='bbox 885 1362 1125 1404; x_wconf 88' lang='lat' dir='ltr'>convenisset,</span> <span class='ocrx_word' id='word_1_220' title='bbox 1155 1365 1214 1403; x_wconf 92' lang='lat' dir='ltr'>ut,</span> <span class='ocrx_word' id='word_1_221' title='bbox 1248 1360 1278 1395; x_wconf 84' lang='lat' dir='ltr'>si</span> 
     </span>
     <span class='ocr_line' id='line_1_28' title="bbox 196 1406 1277 1453; baseline -0.003 -10"><span class='ocrx_word' id='word_1_222' title='bbox 196 1418 239 1443; x_wconf 89' lang='lat' dir='ltr'>ea</span> <span class='ocrx_word' id='word_1_223' title='bbox 272 1407 419 1453; x_wconf 90' lang='lat' dir='ltr'>praedia</span> <span class='ocrx_word' id='word_1_224' title='bbox 453 1411 590 1452; x_wconf 87' lang='lat' dir='ltr'>emptor</span> <span class='ocrx_word' id='word_1_225' title='bbox 624 1407 770 1442; x_wconf 90' lang='lat' dir='ltr'>heresve</span> <span class='ocrx_word' id='word_1_226' title='bbox 803 1407 876 1443; x_wconf 90' lang='lat' dir='ltr'>eius</span> <span class='ocrx_word' id='word_1_227' title='bbox 909 1407 1021 1452; x_wconf 91' lang='lat' dir='ltr'>pluris</span> <span class='ocrx_word' id='word_1_228' title='bbox 1053 1406 1277 1447; x_wconf 89' lang='lat' dir='ltr'>vendidisset,</span> 
     </span>
     <span class='ocr_line' id='line_1_29' title="bbox 196 1451 1278 1504; baseline -0.003 -16"><span class='ocrx_word' id='word_1_229' title='bbox 196 1452 270 1488; x_wconf 90' lang='lat' dir='ltr'>eius</span> <span class='ocrx_word' id='word_1_230' title='bbox 302 1457 440 1497; x_wconf 90' lang='lat' dir='ltr'>partem</span> <span class='ocrx_word' id='word_1_231' title='bbox 471 1452 649 1487; x_wconf 83' lang='lat' dir='ltr'>dimidiam</span> <span class='ocrx_word' id='word_1_232' title='bbox 681 1451 854 1487; x_wconf 91' lang='lat' dir='ltr'>venditori</span> <span class='ocrx_word' id='word_1_233' title='bbox 885 1456 1087 1504; x_wconf 81' lang='lat' dir='ltr'>praestaret</span> <span class='ocrx_word' id='word_1_234' title='bbox 1116 1454 1153 1487; x_wconf 93' lang='lat' dir='ltr'>et</span> <span class='ocrx_word' id='word_1_235' title='bbox 1175 1451 1278 1486; x_wconf 91' lang='lat' dir='ltr'>heres</span> 
     </span>
     <span class='ocr_line' id='line_1_30' title="bbox 196 1496 1278 1543; baseline -0.002 -11"><span class='ocrx_word' id='word_1_236' title='bbox 196 1497 366 1543; x_wconf 89' lang='lat' dir='ltr'>emptoris</span> <span class='ocrx_word' id='word_1_237' title='bbox 397 1497 508 1542; x_wconf 89' lang='lat' dir='ltr'>pluris</span> <span class='ocrx_word' id='word_1_238' title='bbox 541 1507 583 1532; x_wconf 90' lang='lat' dir='ltr'>ea</span> <span class='ocrx_word' id='word_1_239' title='bbox 616 1496 761 1541; x_wconf 88' lang='lat' dir='ltr'>praedia</span> <span class='ocrx_word' id='word_1_240' title='bbox 794 1496 1028 1540; x_wconf 87' lang='lat' dir='ltr'>vendidisset,</span> <span class='ocrx_word' id='word_1_241' title='bbox 1060 1496 1278 1532; x_wconf 87' lang='lat' dir='ltr'>venditorem</span> 
     </span>
     <span class='ocr_line' id='line_1_31' title="bbox 195 1540 1277 1587; baseline -0.001 -10"><span class='ocrx_word' id='word_1_242' title='bbox 195 1553 239 1577; x_wconf 93' lang='lat' dir='ltr'>ex</span> <span class='ocrx_word' id='word_1_243' title='bbox 261 1541 402 1578; x_wconf 91' lang='lat' dir='ltr'>vendito</span> <span class='ocrx_word' id='word_1_244' title='bbox 427 1541 562 1587; x_wconf 85' lang='lat' dir='ltr'>agendo</span> <span class='ocrx_word' id='word_1_245' title='bbox 586 1545 723 1586; x_wconf 86' lang='lat' dir='ltr'>partem</span> <span class='ocrx_word' id='word_1_246' title='bbox 747 1541 840 1585; x_wconf 89' lang='lat' dir='ltr'>eius,</span> <span class='ocrx_word' id='word_1_247' title='bbox 874 1553 944 1587; x_wconf 90' lang='lat' dir='ltr'>quo</span> <span class='ocrx_word' id='word_1_248' title='bbox 968 1542 1080 1587; x_wconf 87' lang='lat' dir='ltr'>pluris</span> <span class='ocrx_word' id='word_1_249' title='bbox 1103 1540 1277 1576; x_wconf 91' lang='lat' dir='ltr'>vendidis-</span> 
     </span>
     <span class='ocr_line' id='line_1_32' title="bbox 195 1586 1278 1632; baseline -0.002 -10"><span class='ocrx_word' id='word_1_250' title='bbox 195 1591 237 1622; x_wconf 82' lang='lat'>25</span> <span class='ocrx_word' id='word_1_251' title='bbox 285 1591 350 1630; x_wconf 90' lang='lat' dir='ltr'>set,</span> <span class='ocrx_word' id='word_1_252' title='bbox 376 1590 659 1622; x_wconf 88' lang='lat' dir='ltr'>consecuturum.</span> <span class='ocrx_word' id='word_1_253' title='bbox 708 1586 745 1621; x_wconf 89' lang='lat' dir='ltr'>Si</span> <span class='ocrx_word' id='word_1_254' title='bbox 776 1591 987 1632; x_wconf 90' lang='lat' dir='ltr'>procurator</span> <span class='ocrx_word' id='word_1_255' title='bbox 1017 1586 1212 1622; x_wconf 87' lang='lat' dir='ltr'>vendiderit</span> <span class='ocrx_word' id='word_1_256' title='bbox 1242 1589 1278 1620; x_wconf 92' lang='lat' dir='ltr'>et</span> 
     </span>
     <span class='ocr_line' id='line_1_33' title="bbox 196 1631 1277 1676; baseline -0.001 -9"><span class='ocrx_word' id='word_1_257' title='bbox 196 1631 329 1668; x_wconf 90' lang='lat' dir='ltr'>caverit</span> <span class='ocrx_word' id='word_1_258' title='bbox 359 1631 528 1676; x_wconf 86' lang='lat' dir='ltr'>emptori,</span> <span class='ocrx_word' id='word_1_259' title='bbox 562 1631 762 1676; x_wconf 87' lang='lat' dir='ltr'>quaeritur,</span> <span class='ocrx_word' id='word_1_260' title='bbox 793 1641 841 1667; x_wconf 91' lang='lat' dir='ltr'>an</span> <span class='ocrx_word' id='word_1_261' title='bbox 865 1631 1006 1667; x_wconf 92' lang='lat' dir='ltr'>domino</span> <span class='ocrx_word' id='word_1_262' title='bbox 1029 1631 1084 1667; x_wconf 90' lang='lat' dir='ltr'>vel</span> <span class='ocrx_word' id='word_1_263' title='bbox 1107 1631 1277 1666; x_wconf 86' lang='lat' dir='ltr'>adversus</span> 
     </span>
     <span class='ocr_line' id='line_1_34' title="bbox 195 1675 1276 1722; baseline -0.001 -10"><span class='ocrx_word' id='word_1_264' title='bbox 195 1677 374 1712; x_wconf 92' lang='lat' dir='ltr'>dominum</span> <span class='ocrx_word' id='word_1_265' title='bbox 396 1676 490 1712; x_wconf 89' lang='lat' dir='ltr'>actio</span> <span class='ocrx_word' id='word_1_266' title='bbox 515 1676 593 1711; x_wconf 89' lang='lat' dir='ltr'>dari</span> <span class='ocrx_word' id='word_1_267' title='bbox 617 1675 754 1712; x_wconf 89' lang='lat' dir='ltr'>debeat.</span> <span class='ocrx_word' id='word_1_268' title='bbox 792 1680 828 1712; x_wconf 92' lang='lat' dir='ltr'>et</span> <span class='ocrx_word' id='word_1_269' title='bbox 848 1676 1068 1722; x_wconf 76' lang='lat' dir='ltr'>Papinianus</span> <span class='ocrx_word' id='word_1_270' title='bbox 1091 1676 1181 1711; x_wconf 93' lang='lat' dir='ltr'>libro</span> <span class='ocrx_word' id='word_1_271' title='bbox 1205 1679 1276 1711; x_wconf 90' lang='lat' dir='ltr'>ter-</span> 
     </span>
     <span class='ocr_line' id='line_1_35' title="bbox 193 1720 1278 1766; baseline 0 -10"><span class='ocrx_word' id='word_1_272' title='bbox 193 1722 243 1757; x_wconf 87' lang='lat' dir='ltr'>tio</span> <span class='ocrx_word' id='word_1_273' title='bbox 276 1731 526 1766; x_wconf 85' lang='lat' dir='ltr'>responsorum</span> <span class='ocrx_word' id='word_1_274' title='bbox 556 1725 662 1766; x_wconf 90' lang='lat' dir='ltr'>putat</span> <span class='ocrx_word' id='word_1_275' title='bbox 696 1732 776 1757; x_wconf 90' lang='lat' dir='ltr'>cum</span> <span class='ocrx_word' id='word_1_276' title='bbox 811 1721 953 1757; x_wconf 88' lang='lat' dir='ltr'>domino</span> <span class='ocrx_word' id='word_1_277' title='bbox 989 1732 1033 1758; x_wconf 85' lang='lat' dir='ltr'>ex</span> <span class='ocrx_word' id='word_1_278' title='bbox 1067 1725 1185 1766; x_wconf 88' lang='lat' dir='ltr'>empto</span> <span class='ocrx_word' id='word_1_279' title='bbox 1222 1720 1278 1765; x_wconf 87' lang='lat' dir='ltr'>agi</span> 
     </span>
     <span class='ocr_line' id='line_1_36' title="bbox 193 1765 1276 1812; baseline -0.002 -10"><span class='ocrx_word' id='word_1_280' title='bbox 193 1776 299 1811; x_wconf 87' lang='lat' dir='ltr'>posse</span> <span class='ocrx_word' id='word_1_281' title='bbox 328 1766 408 1801; x_wconf 92' lang='lat' dir='ltr'>utili</span> <span class='ocrx_word' id='word_1_282' title='bbox 440 1766 579 1801; x_wconf 85' lang='lat' dir='ltr'>actione</span> <span class='ocrx_word' id='word_1_283' title='bbox 602 1766 649 1801; x_wconf 89' lang='lat' dir='ltr'>ad</span> <span class='ocrx_word' id='word_1_284' title='bbox 673 1766 870 1812; x_wconf 86' lang='lat' dir='ltr'>exemplum</span> <span class='ocrx_word' id='word_1_285' title='bbox 892 1766 1091 1803; x_wconf 88' lang='lat' dir='ltr'>institoriae</span> <span class='ocrx_word' id='word_1_286' title='bbox 1114 1765 1276 1807; x_wconf 90' lang='lat' dir='ltr'>actionis,</span> 
     </span>
     <span class='ocr_line' id='line_1_37' title="bbox 194 1810 1276 1856; baseline -0.002 -9"><span class='ocrx_word' id='word_1_287' title='bbox 194 1811 224 1847; x_wconf 90' lang='lat' dir='ltr'>si</span> <span class='ocrx_word' id='word_1_288' title='bbox 246 1811 351 1847; x_wconf 92' lang='lat' dir='ltr'>modo</span> <span class='ocrx_word' id='word_1_289' title='bbox 374 1821 448 1846; x_wconf 91' lang='lat' dir='ltr'>rem</span> <span class='ocrx_word' id='word_1_290' title='bbox 466 1810 685 1846; x_wconf 84' lang='lat' dir='ltr'>vendendam</span> <span class='ocrx_word' id='word_1_291' title='bbox 703 1811 900 1847; x_wconf 89' lang='lat' dir='ltr'>mandavit:</span> <span class='ocrx_word' id='word_1_292' title='bbox 925 1822 1006 1856; x_wconf 88' lang='lat' dir='ltr'>ergo</span> <span class='ocrx_word' id='word_1_293' title='bbox 1018 1812 1032 1833; x_wconf 81' lang='lat'>³</span> <span class='ocrx_word' id='word_1_294' title='bbox 1052 1815 1088 1846; x_wconf 93' lang='lat' dir='ltr'>et</span> <span class='ocrx_word' id='word_1_295' title='bbox 1106 1820 1171 1856; x_wconf 89' lang='lat' dir='ltr'>per</span> <span class='ocrx_word' id='word_1_296' title='bbox 1191 1820 1276 1846; x_wconf 93' lang='lat' dir='ltr'>con-</span> 
     </span>
     <span class='ocr_line' id='line_1_38' title="bbox 194 1854 1276 1908; baseline -0.001 -17"><span class='ocrx_word' id='word_1_297' title='bbox 194 1856 344 1891; x_wconf 90' lang='lat' dir='ltr'>trarium</span> <span class='ocrx_word' id='word_1_298' title='bbox 374 1855 561 1891; x_wconf 88' lang='lat' dir='ltr'>dicendum</span> <span class='ocrx_word' id='word_1_299' title='bbox 584 1859 638 1891; x_wconf 86' lang='lat' dir='ltr'>est</span> <span class='ocrx_word' id='word_1_300' title='bbox 659 1856 781 1891; x_wconf 87' lang='lat' dir='ltr'>utilem</span> <span class='ocrx_word' id='word_1_301' title='bbox 805 1867 849 1892; x_wconf 85' lang='lat' dir='ltr'>ex</span> <span class='ocrx_word' id='word_1_302' title='bbox 871 1861 990 1908; x_wconf 88' lang='lat' dir='ltr'>empto</span> <span class='ocrx_word' id='word_1_303' title='bbox 1014 1855 1190 1891; x_wconf 83' lang='lat' dir='ltr'>actionem</span> <span class='ocrx_word' id='word_1_304' title='bbox 1214 1854 1276 1891; x_wconf 91' lang='lat' dir='ltr'>do-</span> 
     </span>
     <span class='ocr_line' id='line_1_39' title="bbox 194 1899 1278 1946; baseline -0.002 -9"><span class='ocrx_word' id='word_1_305' title='bbox 194 1904 238 1937; x_wconf 83' lang='lat'>26</span> <span class='ocrx_word' id='word_1_306' title='bbox 283 1901 379 1937; x_wconf 92' lang='lat' dir='ltr'>mino</span> <span class='ocrx_word' id='word_1_307' title='bbox 404 1904 612 1946; x_wconf 89' lang='lat' dir='ltr'>competere.</span> <span class='ocrx_word' id='word_1_308' title='bbox 660 1901 795 1936; x_wconf 91' lang='lat' dir='ltr'>Ibidem</span> <span class='ocrx_word' id='word_1_309' title='bbox 814 1900 867 1936; x_wconf 89' lang='lat' dir='ltr'>Pa</span> <span class='ocrx_word' id='word_1_310' title='bbox 893 1901 1032 1936; x_wconf 89' lang='lat' dir='ltr'>imanus</span> <span class='ocrx_word' id='word_1_311' title='bbox 1051 1899 1278 1946; x_wconf 88' lang='lat' dir='ltr'>respondisse</span> 
     </span>
     <span class='ocr_line' id='line_1_40' title="bbox 194 1945 1277 1992; baseline -0.001 -11"><span class='ocrx_word' id='word_1_312' title='bbox 194 1956 233 1981; x_wconf 90' lang='lat' dir='ltr'>se</span> <span class='ocrx_word' id='word_1_313' title='bbox 255 1945 383 1987; x_wconf 83' lang='lat' dir='ltr'>refert,</span> <span class='ocrx_word' id='word_1_314' title='bbox 415 1945 446 1981; x_wconf 90' lang='lat' dir='ltr'>si</span> <span class='ocrx_word' id='word_1_315' title='bbox 477 1946 697 1988; x_wconf 87' lang='lat' dir='ltr'>convenerit,</span> <span class='ocrx_word' id='word_1_316' title='bbox 728 1949 770 1981; x_wconf 94' lang='lat' dir='ltr'>ut</span> <span class='ocrx_word' id='word_1_317' title='bbox 801 1946 847 1981; x_wconf 91' lang='lat' dir='ltr'>ad</span> <span class='ocrx_word' id='word_1_318' title='bbox 896 1946 962 1981; x_wconf 84' lang='lat' dir='ltr'>‘em</span> <span class='ocrx_word' id='word_1_319' title='bbox 985 1946 1099 1992; x_wconf 90' lang='lat' dir='ltr'>pretio</span> <span class='ocrx_word' id='word_1_320' title='bbox 1123 1956 1196 1981; x_wconf 91' lang='lat' dir='ltr'>non</span> <span class='ocrx_word' id='word_1_321' title='bbox 1219 1955 1277 1980; x_wconf 91' lang='lat' dir='ltr'>so-</span> 
     </span>
     <span class='ocr_line' id='line_1_41' title="bbox 192 1990 1277 2042; baseline 0.001 -17"><span class='ocrx_word' id='word_1_322' title='bbox 192 1991 269 2026; x_wconf 79' lang='lat' dir='ltr'>luto</span> <span class='ocrx_word' id='word_1_323' title='bbox 292 1990 464 2026; x_wconf 90' lang='lat' dir='ltr'>venditori</span> <span class='ocrx_word' id='word_1_324' title='bbox 487 1990 632 2042; x_wconf 88' lang='lat' dir='ltr'>duplum</span> <span class='ocrx_word' id='word_1_325' title='bbox 654 1994 915 2036; x_wconf 83' lang='lat' dir='ltr'>praestaretur,</span> <span class='ocrx_word' id='word_1_326' title='bbox 946 1991 984 2026; x_wconf 89' lang='lat' dir='ltr'>in</span> <span class='ocrx_word' id='word_1_327' title='bbox 1006 1990 1168 2026; x_wconf 87' lang='lat' dir='ltr'>fraudem</span> <span class='ocrx_word' id='word_1_328' title='bbox 1192 2000 1277 2026; x_wconf 88' lang='lat' dir='ltr'>con-</span> 
     </span>
     <span class='ocr_line' id='line_1_42' title="bbox 194 2034 1278 2081; baseline 0.001 -11"><span class='ocrx_word' id='word_1_329' title='bbox 194 2035 418 2071; x_wconf 82' lang='lat' dir='ltr'>stitutionum</span> <span class='ocrx_word' id='word_1_330' title='bbox 440 2034 550 2071; x_wconf 89' lang='lat' dir='ltr'>videri</span> <span class='ocrx_word' id='word_1_331' title='bbox 573 2035 770 2078; x_wconf 88' lang='lat' dir='ltr'>adiectum,</span> <span class='ocrx_word' id='word_1_332' title='bbox 802 2035 898 2081; x_wconf 90' lang='lat' dir='ltr'>quod</span> <span class='ocrx_word' id='word_1_333' title='bbox 921 2046 1066 2071; x_wconf 89' lang='lat' dir='ltr'>usuram</span> <span class='ocrx_word' id='word_1_334' title='bbox 1087 2035 1278 2081; x_wconf 86' lang='lat' dir='ltr'>legitimam</span> 
     </span>
     <span class='ocr_line' id='line_1_43' title="bbox 195 2079 1277 2125; baseline 0 -10"><span class='ocrx_word' id='word_1_335' title='bbox 195 2079 351 2116; x_wconf 85' lang='lat' dir='ltr'>excedit:</span> <span class='ocrx_word' id='word_1_336' title='bbox 385 2079 628 2125; x_wconf 81' lang='lat' dir='ltr'>diversamque</span> <span class='ocrx_word' id='word_1_337' title='bbox 659 2090 804 2116; x_wconf 87' lang='lat' dir='ltr'>causam</span> <span class='ocrx_word' id='word_1_338' title='bbox 829 2081 1092 2116; x_wconf 84' lang='lat' dir='ltr'>commissoriae</span> <span class='ocrx_word' id='word_1_339' title='bbox 1114 2090 1193 2117; x_wconf 86' lang='lat' dir='ltr'>esse</span> <span class='ocrx_word' id='word_1_340' title='bbox 1215 2080 1277 2123; x_wconf 89' lang='lat' dir='ltr'>ait,</span> 
     </span>
     <span class='ocr_line' id='line_1_44' title="bbox 195 2124 1276 2171; baseline -0.001 -10"><span class='ocrx_word' id='word_1_341' title='bbox 195 2136 276 2161; x_wconf 91' lang='lat' dir='ltr'>cum</span> <span class='ocrx_word' id='word_1_342' title='bbox 300 2135 342 2160; x_wconf 89' lang='lat' dir='ltr'>ea</span> <span class='ocrx_word' id='word_1_343' title='bbox 365 2125 500 2171; x_wconf 89' lang='lat' dir='ltr'>specie,</span> <span class='ocrx_word' id='word_1_344' title='bbox 531 2124 664 2170; x_wconf 88' lang='lat' dir='ltr'>inquit,</span> <span class='ocrx_word' id='word_1_345' title='bbox 696 2136 768 2161; x_wconf 90' lang='lat' dir='ltr'>non</span> <span class='ocrx_word' id='word_1_346' title='bbox 800 2125 927 2161; x_wconf 88' lang='lat' dir='ltr'>faenus</span> <span class='ocrx_word' id='word_1_347' title='bbox 950 2126 1111 2162; x_wconf 89' lang='lat' dir='ltr'>illicitum</span> <span class='ocrx_word' id='word_1_348' title='bbox 1133 2128 1276 2161; x_wconf 90' lang='lat' dir='ltr'>contra-</span> 
     </span>
     <span class='ocr_line' id='line_1_45' title="bbox 194 2169 1275 2216; baseline 0 -11"><span class='ocrx_word' id='word_1_349' title='bbox 194 2170 318 2212; x_wconf 88' lang='lat' dir='ltr'>hatur,</span> <span class='ocrx_word' id='word_1_350' title='bbox 350 2169 412 2206; x_wconf 91' lang='lat' dir='ltr'>sed</span> <span class='ocrx_word' id='word_1_351' title='bbox 441 2169 500 2205; x_wconf 86' lang='lat' dir='ltr'>lex</span> <span class='ocrx_word' id='word_1_352' title='bbox 530 2170 730 2206; x_wconf 89' lang='lat' dir='ltr'>contractui</span> <span class='ocrx_word' id='word_1_353' title='bbox 761 2181 833 2206; x_wconf 92' lang='lat' dir='ltr'>non</span> <span class='ocrx_word' id='word_1_354' title='bbox 862 2171 1064 2216; x_wconf 90' lang='lat' dir='ltr'>improbata</span> <span class='ocrx_word' id='word_1_355' title='bbox 1098 2170 1240 2206; x_wconf 86' lang='lat' dir='ltr'>dicatur</span> <span class='ocrx_word' id='word_1_356' title='bbox 1249 2170 1275 2205; x_wconf 79' lang='lat'>⁴.</span> 
     </span>
     <span class='ocr_line' id='line_1_46' title="bbox 194 2214 1276 2260; baseline 0 -10"><span class='ocrx_word' id='word_1_357' title='bbox 194 2218 236 2250; x_wconf 80' lang='lat'>27</span> <span class='ocrx_word' id='word_1_358' title='bbox 285 2214 322 2250; x_wconf 91' lang='lat' dir='ltr'>Si</span> <span class='ocrx_word' id='word_1_359' title='bbox 353 2214 431 2260; x_wconf 90' lang='lat' dir='ltr'>quis</span> <span class='ocrx_word' id='word_1_360' title='bbox 463 2214 663 2251; x_wconf 91' lang='lat' dir='ltr'>colludente</span> <span class='ocrx_word' id='word_1_361' title='bbox 691 2219 924 2260; x_wconf 89' lang='lat' dir='ltr'>procuratore</span> <span class='ocrx_word' id='word_1_362' title='bbox 946 2226 1024 2251; x_wconf 91' lang='lat' dir='ltr'>meo</span> <span class='ocrx_word' id='word_1_363' title='bbox 1048 2216 1095 2251; x_wconf 89' lang='lat' dir='ltr'>ab</span> <span class='ocrx_word' id='word_1_364' title='bbox 1118 2225 1160 2251; x_wconf 91' lang='lat' dir='ltr'>eo</span> <span class='ocrx_word' id='word_1_365' title='bbox 1185 2225 1276 2250; x_wconf 91' lang='lat' dir='ltr'>eme-</span> 
     </span>
     <span class='ocr_line' id='line_1_47' title="bbox 193 2259 1274 2306; baseline 0 -12"><span class='ocrx_word' id='word_1_366' title='bbox 193 2260 251 2303; x_wconf 86' lang='lat' dir='ltr'>rit,</span> <span class='ocrx_word' id='word_1_367' title='bbox 275 2270 323 2295; x_wconf 92' lang='lat' dir='ltr'>an</span> <span class='ocrx_word' id='word_1_368' title='bbox 346 2259 459 2305; x_wconf 89' lang='lat' dir='ltr'>possit</span> <span class='ocrx_word' id='word_1_369' title='bbox 481 2269 587 2305; x_wconf 87' lang='lat' dir='ltr'>agere</span> <span class='ocrx_word' id='word_1_370' title='bbox 610 2270 654 2295; x_wconf 83' lang='lat' dir='ltr'>ex</span> <span class='ocrx_word' id='word_1_371' title='bbox 676 2261 820 2306; x_wconf 80' lang='lat' dir='ltr'>empto?</span> <span class='ocrx_word' id='word_1_372' title='bbox 855 2264 891 2296; x_wconf 92' lang='lat' dir='ltr'>et</span> <span class='ocrx_word' id='word_1_373' title='bbox 913 2265 1000 2306; x_wconf 91' lang='lat' dir='ltr'>puto</span> <span class='ocrx_word' id='word_1_374' title='bbox 1023 2261 1208 2303; x_wconf 91' lang='lat' dir='ltr'>hactenus,</span> <span class='ocrx_word' id='word_1_375' title='bbox 1233 2264 1274 2295; x_wconf 93' lang='lat' dir='ltr'>ut</span> 
     </span>
     <span class='ocr_line' id='line_1_48' title="bbox 194 2304 1278 2349; baseline -0.001 -9"><span class='ocrx_word' id='word_1_376' title='bbox 194 2307 237 2340; x_wconf 81' lang='lat'>28</span> <span class='ocrx_word' id='word_1_377' title='bbox 283 2308 347 2339; x_wconf 90' lang='lat' dir='ltr'>aut</span> <span class='ocrx_word' id='word_1_378' title='bbox 377 2308 491 2340; x_wconf 88' lang='lat' dir='ltr'>stetur</span> <span class='ocrx_word' id='word_1_379' title='bbox 521 2305 690 2349; x_wconf 89' lang='lat' dir='ltr'>emptioni</span> <span class='ocrx_word' id='word_1_380' title='bbox 723 2308 787 2340; x_wconf 91' lang='lat' dir='ltr'>aut</span> <span class='ocrx_word' id='word_1_381' title='bbox 821 2304 1034 2341; x_wconf 88' lang='lat' dir='ltr'>discedatur.</span> <span class='ocrx_word' id='word_1_382' title='bbox 1081 2305 1151 2341; x_wconf 87' lang='lat' dir='ltr'>Sed</span> <span class='ocrx_word' id='word_1_383' title='bbox 1181 2308 1217 2340; x_wconf 90' lang='lat' dir='ltr'>et</span> <span class='ocrx_word' id='word_1_384' title='bbox 1247 2304 1278 2340; x_wconf 91' lang='lat' dir='ltr'>si</span> 
     </span>
     <span class='ocr_line' id='line_1_49' title="bbox 195 2349 1278 2395; baseline 0 -11"><span class='ocrx_word' id='word_1_385' title='bbox 195 2350 273 2395; x_wconf 89' lang='lat' dir='ltr'>quis</span> <span class='ocrx_word' id='word_1_386' title='bbox 296 2349 467 2384; x_wconf 89' lang='lat' dir='ltr'>minorem</span> <span class='ocrx_word' id='word_1_387' title='bbox 490 2349 610 2394; x_wconf 86' lang='lat' dir='ltr'>viginti</span> <span class='ocrx_word' id='word_1_388' title='bbox 633 2350 788 2395; x_wconf 89' lang='lat' dir='ltr'>quinque</span> <span class='ocrx_word' id='word_1_389' title='bbox 810 2350 912 2386; x_wconf 89' lang='lat' dir='ltr'>annis</span> <span class='ocrx_word' id='word_1_390' title='bbox 937 2350 1217 2391; x_wconf 88' lang='lat' dir='ltr'>circumvenerit,</span> <span class='ocrx_word' id='word_1_391' title='bbox 1242 2353 1278 2385; x_wconf 94' lang='lat' dir='ltr'>et</span> 
     </span>
     <span class='ocr_line' id='line_1_50' title="bbox 193 2394 1276 2441; baseline 0 -12"><span class='ocrx_word' id='word_1_392' title='bbox 193 2394 277 2430; x_wconf 90' lang='lat' dir='ltr'>huic</span> <span class='ocrx_word' id='word_1_393' title='bbox 299 2394 473 2430; x_wconf 87' lang='lat' dir='ltr'>hactenus</span> <span class='ocrx_word' id='word_1_394' title='bbox 497 2394 659 2430; x_wconf 87' lang='lat' dir='ltr'>dabimus</span> <span class='ocrx_word' id='word_1_395' title='bbox 683 2395 860 2430; x_wconf 87' lang='lat' dir='ltr'>actionem</span> <span class='ocrx_word' id='word_1_396' title='bbox 884 2405 930 2431; x_wconf 86' lang='lat' dir='ltr'>ex</span> <span class='ocrx_word' id='word_1_397' title='bbox 953 2398 1090 2441; x_wconf 89' lang='lat' dir='ltr'>empto,</span> <span class='ocrx_word' id='word_1_398' title='bbox 1123 2398 1163 2430; x_wconf 92' lang='lat' dir='ltr'>ut</span> <span class='ocrx_word' id='word_1_399' title='bbox 1186 2394 1276 2430; x_wconf 84' lang='lat' dir='ltr'>dixi-</span> 
     </span>
     <span class='ocr_line' id='line_1_51' title="bbox 195 2439 1277 2486; baseline 0.001 -12"><span class='ocrx_word' id='word_1_400' title='bbox 195 2442 238 2474; x_wconf 81' lang='lat'>29</span> <span class='ocrx_word' id='word_1_401' title='bbox 284 2449 364 2474; x_wconf 89' lang='lat' dir='ltr'>mus</span> <span class='ocrx_word' id='word_1_402' title='bbox 394 2439 431 2474; x_wconf 92' lang='lat' dir='ltr'>in</span> <span class='ocrx_word' id='word_1_403' title='bbox 454 2439 636 2484; x_wconf 86' lang='lat' dir='ltr'>superiore</span> <span class='ocrx_word' id='word_1_404' title='bbox 659 2449 757 2475; x_wconf 89' lang='lat' dir='ltr'>casu.</span> <span class='ocrx_word' id='word_1_405' title='bbox 805 2439 844 2475; x_wconf 90' lang='lat' dir='ltr'>Si</span> <span class='ocrx_word' id='word_1_406' title='bbox 875 2440 953 2485; x_wconf 89' lang='lat' dir='ltr'>quis</span> <span class='ocrx_word' id='word_1_407' title='bbox 984 2450 1007 2475; x_wconf 93' lang='lat' dir='ltr'>a</span> <span class='ocrx_word' id='word_1_408' title='bbox 1037 2439 1171 2486; x_wconf 90' lang='lat' dir='ltr'>pupillo</span> <span class='ocrx_word' id='word_1_409' title='bbox 1202 2439 1277 2475; x_wconf 89' lang='lat' dir='ltr'>sine</span> 
     </span>
     <span class='ocr_line' id='line_1_52' title="bbox 193 2483 1276 2527; baseline 0 -8"><span class='ocrx_word' id='word_1_410' title='bbox 193 2484 319 2520; x_wconf 92' lang='lat' dir='ltr'>tutoris</span> <span class='ocrx_word' id='word_1_411' title='bbox 343 2483 557 2519; x_wconf 88' lang='lat' dir='ltr'>auctoritate</span> <span class='ocrx_word' id='word_1_412' title='bbox 580 2484 713 2527; x_wconf 88' lang='lat' dir='ltr'>emerit,</span> <span class='ocrx_word' id='word_1_413' title='bbox 738 2495 782 2520; x_wconf 89' lang='lat' dir='ltr'>ex</span> <span class='ocrx_word' id='word_1_414' title='bbox 804 2495 875 2520; x_wconf 91' lang='lat' dir='ltr'>uno</span> <span class='ocrx_word' id='word_1_415' title='bbox 899 2485 1011 2521; x_wconf 89' lang='lat' dir='ltr'>latere</span> <span class='ocrx_word' id='word_1_416' title='bbox 1030 2488 1172 2520; x_wconf 89' lang='lat' dir='ltr'>constat</span> <span class='ocrx_word' id='word_1_417' title='bbox 1192 2495 1276 2520; x_wconf 91' lang='lat' dir='ltr'>coii-</span> 
     </span>
     <span class='ocr_line' id='line_1_53' title="bbox 193 2529 1277 2582; baseline 0.002 -19"><span class='ocrx_word' id='word_1_418' title='bbox 193 2532 348 2565; x_wconf 85' lang='lat' dir='ltr'>tractus:</span> <span class='ocrx_word' id='word_1_419' title='bbox 380 2539 464 2564; x_wconf 87' lang='lat' dir='ltr'>nani</span> <span class='ocrx_word' id='word_1_420' title='bbox 495 2529 556 2574; x_wconf 91' lang='lat' dir='ltr'>qui</span> <span class='ocrx_word' id='word_1_421' title='bbox 579 2529 673 2572; x_wconf 90' lang='lat' dir='ltr'>emit,</span> <span class='ocrx_word' id='word_1_422' title='bbox 698 2529 769 2565; x_wconf 91' lang='lat' dir='ltr'>obli</span> <span class='ocrx_word' id='word_1_423' title='bbox 816 2534 875 2565; x_wconf 91' lang='lat' dir='ltr'>tus</span> <span class='ocrx_word' id='word_1_424' title='bbox 899 2533 954 2565; x_wconf 89' lang='lat' dir='ltr'>est</span> <span class='ocrx_word' id='word_1_425' title='bbox 974 2541 1024 2575; x_wconf 92' lang='lat' dir='ltr'>pu</span> <span class='ocrx_word' id='word_1_426' title='bbox 1050 2529 1128 2572; x_wconf 91' lang='lat' dir='ltr'>illo,</span> <span class='ocrx_word' id='word_1_427' title='bbox 1161 2529 1277 2582; x_wconf 89' lang='lat' dir='ltr'>pupil-</span> 
     </span>
     <span class='ocr_line' id='line_1_54' title="bbox 195 2540 1278 2619; baseline 0.002 -10"><span class='ocrx_word' id='word_1_428' title='bbox 195 2577 236 2609; x_wconf 86' lang='lat'>30</span> <span class='ocrx_word' id='word_1_429' title='bbox 283 2574 357 2609; x_wconf 92' lang='lat' dir='ltr'>lum</span> <span class='ocrx_word' id='word_1_430' title='bbox 379 2574 447 2609; x_wconf 91' lang='lat' dir='ltr'>sibi</span> <span class='ocrx_word' id='word_1_431' title='bbox 469 2584 542 2609; x_wconf 90' lang='lat' dir='ltr'>non</span> <span class='ocrx_word' id='word_1_432' title='bbox 572 2573 714 2619; x_wconf 88' lang='lat' dir='ltr'>obligat.</span> <span class='ocrx_word' id='word_1_433' title='bbox 762 2540 816 2610; x_wconf 54' lang='lat' dir='ltr'>§ia</span> <span class='ocrx_word' id='word_1_434' title='bbox 831 2574 992 2611; x_wconf 88' lang='lat' dir='ltr'>venditor</span> <span class='ocrx_word' id='word_1_435' title='bbox 1069 2575 1278 2611; x_wconf 88' lang='lat' dir='ltr'>bitationem</span> 
     </span>
     <span class='ocr_line' id='line_1_55' title="bbox 195 2619 1278 2664; baseline 0.002 -11"><span class='ocrx_word' id='word_1_436' title='bbox 195 2619 394 2664; x_wconf 86' lang='lat' dir='ltr'>exceperit,</span> <span class='ocrx_word' id='word_1_437' title='bbox 418 2622 459 2654; x_wconf 89' lang='lat' dir='ltr'>ut</span> <span class='ocrx_word' id='word_1_438' title='bbox 482 2619 651 2664; x_wconf 90' lang='lat' dir='ltr'>inquilino</span> <span class='ocrx_word' id='word_1_439' title='bbox 675 2619 784 2655; x_wconf 91' lang='lat' dir='ltr'>liceat</span> <span class='ocrx_word' id='word_1_440' title='bbox 805 2619 987 2662; x_wconf 89' lang='lat' dir='ltr'>habitare,</span> <span class='ocrx_word' id='word_1_441' title='bbox 1010 2619 1065 2655; x_wconf 89' lang='lat' dir='ltr'>vel</span> <span class='ocrx_word' id='word_1_442' title='bbox 1087 2619 1214 2656; x_wconf 90' lang='lat' dir='ltr'>colono</span> <span class='ocrx_word' id='word_1_443' title='bbox 1238 2623 1278 2655; x_wconf 91' lang='lat' dir='ltr'>ut</span> 
     </span>
     <span class='ocr_line' id='line_1_56' title="bbox 194 2663 1277 2710; baseline 0.002 -12"><span class='ocrx_word' id='word_1_444' title='bbox 194 2663 328 2708; x_wconf 81' lang='lat' dir='ltr'>perfrui</span> <span class='ocrx_word' id='word_1_445' title='bbox 350 2663 457 2698; x_wconf 87' lang='lat' dir='ltr'>liceat</span> <span class='ocrx_word' id='word_1_446' title='bbox 479 2663 527 2699; x_wconf 87' lang='lat' dir='ltr'>ad</span> <span class='ocrx_word' id='word_1_447' title='bbox 551 2667 687 2699; x_wconf 86' lang='lat' dir='ltr'>certum</span> <span class='ocrx_word' id='word_1_448' title='bbox 710 2667 868 2710; x_wconf 89' lang='lat' dir='ltr'>tempus,</span> <span class='ocrx_word' id='word_1_449' title='bbox 899 2676 934 2700; x_wconf 91' lang='lat' dir='ltr'>m</span> <span class='ocrx_word' id='word_1_450' title='bbox 982 2664 1011 2700; x_wconf 83' lang='lat' dir='ltr'>&#39;s</span> <span class='ocrx_word' id='word_1_451' title='bbox 1034 2674 1114 2700; x_wconf 88' lang='lat' dir='ltr'>esse</span> <span class='ocrx_word' id='word_1_452' title='bbox 1136 2663 1277 2700; x_wconf 85' lang='lat' dir='ltr'>Servius</span> 
     </span>
     <span class='ocr_line' id='line_1_57' title="bbox 194 2708 1276 2755; baseline 0.001 -12"><span class='ocrx_word' id='word_1_453' title='bbox 194 2708 346 2752; x_wconf 88' lang='lat' dir='ltr'>putabat</span> <span class='ocrx_word' id='word_1_454' title='bbox 376 2717 419 2743; x_wconf 89' lang='lat' dir='ltr'>ex</span> <span class='ocrx_word' id='word_1_455' title='bbox 449 2708 590 2744; x_wconf 87' lang='lat' dir='ltr'>vendito</span> <span class='ocrx_word' id='word_1_456' title='bbox 622 2719 701 2744; x_wconf 90' lang='lat' dir='ltr'>esse</span> <span class='ocrx_word' id='word_1_457' title='bbox 732 2709 927 2746; x_wconf 87' lang='lat' dir='ltr'>actionem:</span> <span class='ocrx_word' id='word_1_458' title='bbox 985 2709 1111 2755; x_wconf 85' lang='lat' dir='ltr'>enique</span> <span class='ocrx_word' id='word_1_459' title='bbox 1133 2709 1276 2745; x_wconf 86' lang='lat' dir='ltr'>Tubero</span> 
     </span>
     <span class='ocr_line' id='line_1_58' title="bbox 196 2753 1277 2799; baseline 0.003 -12"><span class='ocrx_word' id='word_1_460' title='bbox 196 2753 264 2795; x_wconf 92' lang='lat' dir='ltr'>ait,</span> <span class='ocrx_word' id='word_1_461' title='bbox 296 2753 327 2788; x_wconf 86' lang='lat' dir='ltr'>si</span> <span class='ocrx_word' id='word_1_462' title='bbox 358 2753 427 2788; x_wconf 90' lang='lat' dir='ltr'>iste</span> <span class='ocrx_word' id='word_1_463' title='bbox 450 2753 596 2789; x_wconf 91' lang='lat' dir='ltr'>colonus</span> <span class='ocrx_word' id='word_1_464' title='bbox 621 2753 787 2789; x_wconf 91' lang='lat' dir='ltr'>damnum</span> <span class='ocrx_word' id='word_1_465' title='bbox 821 2754 975 2798; x_wconf 89' lang='lat' dir='ltr'>dederit,</span> <span class='ocrx_word' id='word_1_466' title='bbox 1007 2758 1201 2799; x_wconf 89' lang='lat' dir='ltr'>emptorem</span> <span class='ocrx_word' id='word_1_467' title='bbox 1233 2764 1277 2790; x_wconf 86' lang='lat' dir='ltr'>ex</span> 
     </span>
     <span class='ocr_line' id='line_1_59' title="bbox 195 2799 1276 2851; baseline 0.002 -19"><span class='ocrx_word' id='word_1_468' title='bbox 195 2802 313 2842; x_wconf 89' lang='lat' dir='ltr'>empto</span> <span class='ocrx_word' id='word_1_469' title='bbox 338 2801 499 2842; x_wconf 84' lang='lat' dir='ltr'>agentem</span> <span class='ocrx_word' id='word_1_470' title='bbox 524 2808 647 2843; x_wconf 86' lang='lat' dir='ltr'>cogere</span> <span class='ocrx_word' id='word_1_471' title='bbox 667 2809 776 2851; x_wconf 85' lang='lat' dir='ltr'>posse</span> <span class='ocrx_word' id='word_1_472' title='bbox 798 2799 1035 2842; x_wconf 88' lang='lat' dir='ltr'>venditorem,</span> <span class='ocrx_word' id='word_1_473' title='bbox 1069 2800 1134 2834; x_wconf 83' lang='lat' dir='ltr'>ut⁵</span> <span class='ocrx_word' id='word_1_474' title='bbox 1158 2809 1202 2835; x_wconf 92' lang='lat' dir='ltr'>ex</span> <span class='ocrx_word' id='word_1_475' title='bbox 1224 2799 1276 2834; x_wconf 93' lang='lat' dir='ltr'>lo-</span> 
     </span>
     <span class='ocr_line' id='line_1_60' title="bbox 196 2842 1275 2895; baseline 0.003 -18"><span class='ocrx_word' id='word_1_476' title='bbox 196 2847 276 2878; x_wconf 89' lang='lat' dir='ltr'>cato</span> <span class='ocrx_word' id='word_1_477' title='bbox 302 2852 383 2877; x_wconf 91' lang='lat' dir='ltr'>cum</span> <span class='ocrx_word' id='word_1_478' title='bbox 407 2842 532 2878; x_wconf 90' lang='lat' dir='ltr'>colono</span> <span class='ocrx_word' id='word_1_479' title='bbox 558 2847 778 2895; x_wconf 82' lang='lat' dir='ltr'>experiatur,</span> <span class='ocrx_word' id='word_1_480' title='bbox 802 2847 843 2879; x_wconf 92' lang='lat' dir='ltr'>ut</span> <span class='ocrx_word' id='word_1_481' title='bbox 890 2843 1037 2890; x_wconf 90' lang='lat' dir='ltr'>uidquid</span> <span class='ocrx_word' id='word_1_482' title='bbox 1059 2843 1168 2880; x_wconf 83' lang='lat' dir='ltr'>fuerit</span> <span class='ocrx_word' id='word_1_483' title='bbox 1191 2854 1275 2880; x_wconf 90' lang='lat' dir='ltr'>con-</span> 
     </span>
     <span class='ocr_line' id='line_1_61' title="bbox 195 2888 1277 2932; baseline 0.004 -11"><span class='ocrx_word' id='word_1_484' title='bbox 195 2890 235 2921; x_wconf 81' lang='lat'>31</span> <span class='ocrx_word' id='word_1_485' title='bbox 284 2891 440 2930; x_wconf 88' lang='lat' dir='ltr'>secutus,</span> <span class='ocrx_word' id='word_1_486' title='bbox 466 2891 614 2932; x_wconf 90' lang='lat' dir='ltr'>emptor1</span> <span class='ocrx_word' id='word_1_487' title='bbox 636 2888 773 2924; x_wconf 89' lang='lat' dir='ltr'>reddat.</span> <span class='ocrx_word' id='word_1_488' title='bbox 820 2889 875 2925; x_wconf 90' lang='lat' dir='ltr'>Ae</span> <span class='ocrx_word' id='word_1_489' title='bbox 899 2889 979 2925; x_wconf 91' lang='lat' dir='ltr'>ibus</span> <span class='ocrx_word' id='word_1_490' title='bbox 1011 2888 1191 2925; x_wconf 83' lang='lat' dir='ltr'>distractis</span> <span class='ocrx_word' id='word_1_491' title='bbox 1221 2889 1277 2925; x_wconf 86' lang='lat' dir='ltr'>vel</span> 
     </span>
     <span class='ocr_line' id='line_1_62' title="bbox 194 2931 1278 2980; baseline 0.003 -13"><span class='ocrx_word' id='word_1_492' title='bbox 194 2931 319 2977; x_wconf 81' lang='lat' dir='ltr'>legatis</span> <span class='ocrx_word' id='word_1_493' title='bbox 350 2942 393 2967; x_wconf 91' lang='lat' dir='ltr'>ea</span> <span class='ocrx_word' id='word_1_494' title='bbox 422 2941 500 2967; x_wconf 87' lang='lat' dir='ltr'>esse</span> <span class='ocrx_word' id='word_1_495' title='bbox 530 2932 670 2968; x_wconf 90' lang='lat' dir='ltr'>aedium</span> <span class='ocrx_word' id='word_1_496' title='bbox 701 2933 854 2969; x_wconf 89' lang='lat' dir='ltr'>solemus</span> <span class='ocrx_word' id='word_1_497' title='bbox 885 2934 1022 2976; x_wconf 90' lang='lat' dir='ltr'>dicere,</span> <span class='ocrx_word' id='word_1_498' title='bbox 1053 2944 1145 2980; x_wconf 90' lang='lat' dir='ltr'>quae</span> <span class='ocrx_word' id='word_1_499' title='bbox 1176 2934 1278 2980; x_wconf 88' lang='lat' dir='ltr'>quasi</span> 
     </span>
     <span class='ocr_line' id='line_1_63' title="bbox 194 2976 1278 3064; baseline 0.003 -53"><span class='ocrx_word' id='word_1_500' title='bbox 194 2976 452 3064; x_wconf 56' lang='lat' dir='ltr'>partgasse&#39;dium</span> <span class='ocrx_word' id='word_1_501' title='bbox 486 2977 539 3012; x_wconf 87' lang='lat' dir='ltr'>vel</span> <span class='ocrx_word' id='word_1_502' title='bbox 574 2982 720 3023; x_wconf 87' lang='lat' dir='ltr'>propter</span> <span class='ocrx_word' id='word_1_503' title='bbox 748 2978 855 3014; x_wconf 89' lang='lat' dir='ltr'>aedes</span> <span class='ocrx_word' id='word_1_504' title='bbox 885 2979 1082 3022; x_wconf 84' lang='lat' dir='ltr'>habentur,</span> <span class='ocrx_word' id='word_1_505' title='bbox 1115 2982 1156 3014; x_wconf 94' lang='lat' dir='ltr'>ut</span> <span class='ocrx_word' id='word_1_506' title='bbox 1189 2982 1278 3024; x_wconf 90' lang='lat' dir='ltr'>puta</span> 
     </span>
     <span class='ocr_line' id='line_1_64' title="bbox 220 3032 244 3057; baseline 0 0"><span class='ocrx_word' id='word_1_507' title='bbox 220 3032 244 3057; x_wconf 89' lang='grc' dir='ltr'>ιι</span> 
     </span>
    </p>

    <p class='ocr_par' dir='ltr' id='par_1_3' title="bbox 195 3033 1277 3163">
     <span class='ocr_line' id='line_1_65' title="bbox 195 3033 1277 3115; baseline 0.002 -13"><span class='ocrx_word' id='word_1_508' title='bbox 195 3033 218 3066; x_wconf 74' lang='lat' dir='ltr'><strong>p</strong></span> <span class='ocrx_word' id='word_1_509' title='bbox 244 3064 295 3103; x_wconf 90' lang='lat'>14</span> <span class='ocrx_word' id='word_1_510' title='bbox 319 3065 548 3102; x_wconf 70' lang='lat' dir='ltr'><em>POMPONIUS</em></span> <span class='ocrx_word' id='word_1_511' title='bbox 576 3066 665 3102; x_wconf 85' lang='lat' dir='ltr'>libro</span> <span class='ocrx_word' id='word_1_512' title='bbox 690 3068 871 3113; x_wconf 61' lang='lat' dir='ltr'>trigesimo</span> <span class='ocrx_word' id='word_1_513' title='bbox 887 3069 1012 3115; x_wconf 81' lang='lat' dir='ltr'>primo</span> <span class='ocrx_word' id='word_1_514' title='bbox 1036 3068 1086 3104; x_wconf 84' lang='lat' dir='ltr'>ad</span> <span class='ocrx_word' id='word_1_515' title='bbox 1107 3066 1277 3111; x_wconf 77' lang='lat' dir='ltr'>Quintum</span> 
     </span>
     <span class='ocr_line' id='line_1_66' title="bbox 195 3109 1022 3163; baseline 0.004 -17"><span class='ocrx_word' id='word_1_516' title='bbox 195 3109 356 3147; x_wconf 77' lang='lat' dir='ltr'>Mucium</span> <span class='ocrx_word' id='word_1_517' title='bbox 402 3109 452 3152; x_wconf 87' lang='lat' dir='ltr'>(id</span> <span class='ocrx_word' id='word_1_518' title='bbox 475 3114 530 3146; x_wconf 90' lang='lat' dir='ltr'>est</span> <span class='ocrx_word' id='word_1_519' title='bbox 553 3121 622 3163; x_wconf 83' lang='lat' dir='ltr'>quo</span> <span class='ocrx_word' id='word_1_520' title='bbox 646 3114 815 3156; x_wconf 82' lang='lat' dir='ltr'>puteum⁰</span> <span class='ocrx_word' id='word_1_521' title='bbox 838 3113 1022 3158; x_wconf 89' lang='lat' dir='ltr'>operitur),</span> 
     </span>
    </p>

    <p class='ocr_par' dir='ltr' id='par_1_4' title="bbox 195 3153 1278 3380">
     <span class='ocr_line' id='line_1_67' title="bbox 244 3153 1276 3203; baseline 0.001 -11"><span class='ocrx_word' id='word_1_522' title='bbox 244 3153 294 3192; x_wconf 88' lang='lat'>15</span> <span class='ocrx_word' id='word_1_523' title='bbox 325 3153 520 3192; x_wconf 70' lang='lat' dir='ltr'>vrmiws</span> <span class='ocrx_word' id='word_1_524' title='bbox 547 3155 636 3191; x_wconf 71' lang='lat' dir='ltr'>libro</span> <span class='ocrx_word' id='word_1_525' title='bbox 670 3158 850 3203; x_wconf 75' lang='lat' dir='ltr'>triqese‘mo</span> <span class='ocrx_word' id='word_1_526' title='bbox 873 3158 1030 3194; x_wconf 85' lang='lat' dir='ltr'>secundo</span> <span class='ocrx_word' id='word_1_527' title='bbox 1053 3157 1104 3193; x_wconf 87' lang='lat' dir='ltr'>ad</span> <span class='ocrx_word' id='word_1_528' title='bbox 1124 3157 1276 3194; x_wconf 80' lang='lat' dir='ltr'>edictum</span> 
     </span>
     <span class='ocr_line' id='line_1_68' title="bbox 195 3199 1275 3248; baseline 0.003 -13"><span class='ocrx_word' id='word_1_529' title='bbox 195 3200 308 3236; x_wconf 81' lang='lat' dir='ltr'>lines⁷</span> <span class='ocrx_word' id='word_1_530' title='bbox 332 3202 369 3236; x_wconf 88' lang='lat' dir='ltr'>et</span> <span class='ocrx_word' id='word_1_531' title='bbox 389 3199 510 3242; x_wconf 90' lang='lat' dir='ltr'>labra,</span> <span class='ocrx_word' id='word_1_532' title='bbox 535 3199 711 3236; x_wconf 87' lang='lat' dir='ltr'>salientes.</span> <span class='ocrx_word' id='word_1_533' title='bbox 751 3202 892 3239; x_wconf 86' lang='lat' dir='ltr'>fistulae</span> <span class='ocrx_word' id='word_1_534' title='bbox 914 3210 1072 3248; x_wconf 88' lang='lat' dir='ltr'>quoque,</span> <span class='ocrx_word' id='word_1_535' title='bbox 1104 3212 1195 3248; x_wconf 88' lang='lat' dir='ltr'>quae</span> <span class='ocrx_word' id='word_1_536' title='bbox 1218 3212 1275 3238; x_wconf 88' lang='lat' dir='ltr'>sa-</span> 
     </span>
     <span class='ocr_line' id='line_1_69' title="bbox 195 3244 1278 3292; baseline 0.003 -12"><span class='ocrx_word' id='word_1_537' title='bbox 195 3244 360 3281; x_wconf 85' lang='lat' dir='ltr'>lientibus</span> <span class='ocrx_word' id='word_1_538' title='bbox 390 3244 602 3290; x_wconf 78' lang='lat' dir='ltr'>iunguntur,</span> <span class='ocrx_word' id='word_1_539' title='bbox 635 3246 792 3290; x_wconf 83' lang='lat' dir='ltr'>quamvis</span> <span class='ocrx_word' id='word_1_540' title='bbox 822 3247 925 3292; x_wconf 87' lang='lat' dir='ltr'>longe</span> <span class='ocrx_word' id='word_1_541' title='bbox 955 3251 1147 3283; x_wconf 87' lang='lat' dir='ltr'>excurrant</span> <span class='ocrx_word' id='word_1_542' title='bbox 1176 3251 1278 3284; x_wconf 90' lang='lat' dir='ltr'>extra</span> 
     </span>
     <span class='ocr_line' id='line_1_70' title="bbox 196 3288 1276 3341; baseline 0.002 -16"><span class='ocrx_word' id='word_1_543' title='bbox 196 3288 409 3332; x_wconf 85' lang='lat' dir='ltr'>aedificium,</span> <span class='ocrx_word' id='word_1_544' title='bbox 433 3288 574 3341; x_wconf 74' lang='lat' dir='ltr'>aedium</span> <span class='ocrx_word' id='word_1_545' title='bbox 597 3294 699 3325; x_wconf 86' lang='lat' dir='ltr'>sunt:</span> <span class='ocrx_word' id='word_1_546' title='bbox 724 3291 807 3325; x_wconf 90' lang='lat' dir='ltr'>item</span> <span class='ocrx_word' id='word_1_547' title='bbox 833 3292 993 3328; x_wconf 89' lang='lat' dir='ltr'>canales:</span> <span class='ocrx_word' id='word_1_548' title='bbox 1018 3292 1134 3338; x_wconf 89' lang='lat' dir='ltr'>pisces</span> <span class='ocrx_word' id='word_1_549' title='bbox 1157 3295 1276 3328; x_wconf 89' lang='lat' dir='ltr'>autem</span> 
     </span>
     <span class='ocr_line' id='line_1_71' title="bbox 196 3333 1173 3380; baseline 0.003 -10"><span class='ocrx_word' id='word_1_550' title='bbox 196 3334 257 3380; x_wconf 88' lang='lat' dir='ltr'>qui</span> <span class='ocrx_word' id='word_1_551' title='bbox 279 3337 364 3370; x_wconf 89' lang='lat' dir='ltr'>sunt</span> <span class='ocrx_word' id='word_1_552' title='bbox 385 3334 423 3370; x_wconf 92' lang='lat' dir='ltr'>iii</span> <span class='ocrx_word' id='word_1_553' title='bbox 444 3333 584 3380; x_wconf 86' lang='lat' dir='ltr'>piscina</span> <span class='ocrx_word' id='word_1_554' title='bbox 606 3345 678 3370; x_wconf 89' lang='lat' dir='ltr'>non</span> <span class='ocrx_word' id='word_1_555' title='bbox 701 3339 785 3370; x_wconf 90' lang='lat' dir='ltr'>sunt</span> <span class='ocrx_word' id='word_1_556' title='bbox 808 3336 947 3372; x_wconf 87' lang='lat' dir='ltr'>aedium</span> <span class='ocrx_word' id='word_1_557' title='bbox 970 3348 1037 3373; x_wconf 88' lang='lat' dir='ltr'>nec</span> <span class='ocrx_word' id='word_1_558' title='bbox 1060 3336 1173 3379; x_wconf 82' lang='lat' dir='ltr'>fundi,</span> 
     </span>
    </p>

    <p class='ocr_par' dir='ltr' id='par_1_5' title="bbox 245 3376 1275 3428">
     <span class='ocr_line' id='line_1_72' title="bbox 245 3376 1275 3428; baseline -0.001 -11"><span class='ocrx_word' id='word_1_559' title='bbox 245 3376 296 3417; x_wconf 87' lang='grc'>16</span> <span class='ocrx_word' id='word_1_560' title='bbox 326 3378 556 3415; x_wconf 67' lang='lat' dir='ltr'>Poueomvs</span> <span class='ocrx_word' id='word_1_561' title='bbox 575 3378 665 3415; x_wconf 75' lang='lat' dir='ltr'>libro</span> <span class='ocrx_word' id='word_1_562' title='bbox 690 3380 871 3425; x_wconf 76' lang='lat' dir='ltr'>triqesimo</span> <span class='ocrx_word' id='word_1_563' title='bbox 887 3382 1010 3428; x_wconf 78' lang='lat' dir='ltr'>primo</span> <span class='ocrx_word' id='word_1_564' title='bbox 1034 3381 1085 3417; x_wconf 84' lang='lat' dir='ltr'>ad</span> <span class='ocrx_word' id='word_1_565' title='bbox 1105 3380 1275 3425; x_wconf 80' lang='lat' dir='ltr'>Quintum</span> 
     </span>
    </p>
   </div>
   <div class='ocr_carea' id='block_1_3' title="bbox 195 3492 1276 3761">
    <p class='ocr_par' dir='ltr' id='par_1_6' title="bbox 195 3492 1276 3761">
     <span class='ocr_line' id='line_1_73' title="bbox 197 3492 1274 3538; baseline 0.001 -11"><span class='ocrx_word' id='word_1_566' title='bbox 197 3495 236 3535; x_wconf 89' lang='lat' dir='ltr'>(i)</span> <span class='ocrx_word' id='word_1_567' title='bbox 261 3492 419 3526; x_wconf 74' lang='lat' dir='ltr'>fuctusF</span> <span class='ocrx_word' id='word_1_568' title='bbox 504 3492 548 3534; x_wconf 79' lang='lat'>(2)</span> <span class='ocrx_word' id='word_1_569' title='bbox 573 3502 658 3534; x_wconf 80' lang='lat' dir='ltr'>quae</span> <span class='ocrx_word' id='word_1_570' title='bbox 668 3505 729 3526; x_wconf 72' lang='lat' dir='ltr'>scr.</span> <span class='ocrx_word' id='word_1_571' title='bbox 823 3494 864 3534; x_wconf 84' lang='grc'>(3)</span> <span class='ocrx_word' id='word_1_572' title='bbox 890 3495 1051 3536; x_wconf 85' lang='lat' dir='ltr'>erergoF&#39;</span> <span class='ocrx_word' id='word_1_573' title='bbox 1126 3497 1168 3537; x_wconf 74' lang='grc'>(4)</span> <span class='ocrx_word' id='word_1_574' title='bbox 1192 3496 1274 3538; x_wconf 85' lang='lat' dir='ltr'>Pap.</span> 
     </span>
     <span class='ocr_line' id='line_1_74' title="bbox 195 3535 1275 3580; baseline 0.003 -10"><span class='ocrx_word' id='word_1_575' title='bbox 195 3538 219 3572; x_wconf 90' lang='lat'>1.</span> <span class='ocrx_word' id='word_1_576' title='bbox 233 3538 286 3570; x_wconf 93' lang='lat'>111</span> <span class='ocrx_word' id='word_1_577' title='bbox 298 3547 385 3580; x_wconf 85' lang='lat' dir='ltr'>resp.</span> <span class='ocrx_word' id='word_1_578' title='bbox 410 3535 575 3570; x_wconf 78' lang='lat' dir='ltr'>Convenit</span> <span class='ocrx_word' id='word_1_579' title='bbox 587 3536 629 3569; x_wconf 82' lang='lat' dir='ltr'>ad</span> <span class='ocrx_word' id='word_1_580' title='bbox 650 3536 738 3570; x_wconf 83' lang='lat' dir='ltr'>diem</span> <span class='ocrx_word' id='word_1_581' title='bbox 758 3538 868 3579; x_wconf 81' lang='lat' dir='ltr'>pretio</span> <span class='ocrx_word' id='word_1_582' title='bbox 888 3549 956 3571; x_wconf 88' lang='lat' dir='ltr'>non</span> <span class='ocrx_word' id='word_1_583' title='bbox 975 3539 1086 3572; x_wconf 88' lang='lat' dir='ltr'>soluto</span> <span class='ocrx_word' id='word_1_584' title='bbox 1106 3540 1275 3573; x_wconf 86' lang='lat' dir='ltr'>venditori</span> 
     </span>
     <span class='ocr_line' id='line_1_75' title="bbox 197 3581 1274 3625; baseline 0.004 -11"><span class='ocrx_word' id='word_1_585' title='bbox 197 3582 337 3615; x_wconf 85' lang='lat' dir='ltr'>alterum</span> <span class='ocrx_word' id='word_1_586' title='bbox 357 3584 488 3615; x_wconf 80' lang='lat' dir='ltr'>tantum</span> <span class='ocrx_word' id='word_1_587' title='bbox 507 3582 679 3625; x_wconf 81' lang='lat' dir='ltr'>praestari.</span> <span class='ocrx_word' id='word_1_588' title='bbox 705 3581 793 3625; x_wconf 87' lang='lat' dir='ltr'>quod</span> <span class='ocrx_word' id='word_1_589' title='bbox 805 3592 979 3616; x_wconf 85' lang='lat' dir='ltr'>usurarum</span> <span class='ocrx_word' id='word_1_590' title='bbox 992 3584 1207 3618; x_wconf 79' lang='lat' dir='ltr'>centesimam</span> <span class='ocrx_word' id='word_1_591' title='bbox 1219 3594 1274 3618; x_wconf 84' lang='lat' dir='ltr'>ex-</span> 
     </span>
     <span class='ocr_line' id='line_1_76' title="bbox 197 3625 1276 3667; baseline 0.004 -8"><span class='ocrx_word' id='word_1_592' title='bbox 197 3626 296 3667; x_wconf 84' lang='lat' dir='ltr'>cedit,</span> <span class='ocrx_word' id='word_1_593' title='bbox 317 3627 354 3659; x_wconf 89' lang='lat' dir='ltr'>in</span> <span class='ocrx_word' id='word_1_594' title='bbox 366 3626 515 3660; x_wconf 80' lang='lat' dir='ltr'>fraudem</span> <span class='ocrx_word' id='word_1_595' title='bbox 527 3626 612 3659; x_wconf 77' lang='lat' dir='ltr'>iuris</span> <span class='ocrx_word' id='word_1_596' title='bbox 624 3625 757 3659; x_wconf 86' lang='lat' dir='ltr'>videtur</span> <span class='ocrx_word' id='word_1_597' title='bbox 767 3626 928 3660; x_wconf 72' lang='lat' dir='ltr'>additum.</span> <span class='ocrx_word' id='word_1_598' title='bbox 954 3628 1083 3662; x_wconf 81' lang='lat' dir='ltr'>diversa</span> <span class='ocrx_word' id='word_1_599' title='bbox 1103 3639 1205 3663; x_wconf 75' lang='lat' dir='ltr'>cansa</span> <span class='ocrx_word' id='word_1_600' title='bbox 1225 3632 1276 3663; x_wconf 81' lang='lat' dir='ltr'>est</span> 
     </span>
     <span class='ocr_line' id='line_1_77' title="bbox 197 3670 1275 3714; baseline 0.004 -10"><span class='ocrx_word' id='word_1_601' title='bbox 197 3670 442 3704; x_wconf 73' lang='lat' dir='ltr'>commissoriae</span> <span class='ocrx_word' id='word_1_602' title='bbox 460 3670 557 3714; x_wconf 74' lang='lat' dir='ltr'>Iegis,</span> <span class='ocrx_word' id='word_1_603' title='bbox 577 3681 653 3704; x_wconf 88' lang='lat' dir='ltr'>cuin</span> <span class='ocrx_word' id='word_1_604' title='bbox 672 3670 709 3704; x_wconf 81' lang='lat' dir='ltr'>in</span> <span class='ocrx_word' id='word_1_605' title='bbox 729 3681 769 3705; x_wconf 80' lang='lat' dir='ltr'>ea</span> <span class='ocrx_word' id='word_1_606' title='bbox 784 3671 896 3714; x_wconf 83' lang='lat' dir='ltr'>specie</span> <span class='ocrx_word' id='word_1_607' title='bbox 915 3682 982 3705; x_wconf 88' lang='lat' dir='ltr'>non</span> <span class='ocrx_word' id='word_1_608' title='bbox 995 3672 1091 3707; x_wconf 73' lang='lat' dir='ltr'>fenus</span> <span class='ocrx_word' id='word_1_609' title='bbox 1103 3673 1275 3707; x_wconf 89' lang='lat' dir='ltr'>inlicitum</span> 
     </span>
     <span class='ocr_line' id='line_1_78' title="bbox 197 3714 1274 3761; baseline 0.005 -13"><span class='ocrx_word' id='word_1_610' title='bbox 197 3718 399 3756; x_wconf 80' lang='lat' dir='ltr'>exerceatur,</span> <span class='ocrx_word' id='word_1_611' title='bbox 411 3715 469 3749; x_wconf 81' lang='lat' dir='ltr'>sed</span> <span class='ocrx_word' id='word_1_612' title='bbox 481 3715 534 3749; x_wconf 86' lang='lat' dir='ltr'>lex</span> <span class='ocrx_word' id='word_1_613' title='bbox 546 3714 737 3749; x_wconf 71' lang='lat' dir='ltr'>contractui</span> <span class='ocrx_word' id='word_1_614' title='bbox 746 3718 957 3756; x_wconf 71' lang='lat' dir='ltr'>(contractus</span> <span class='ocrx_word' id='word_1_615' title='bbox 970 3719 1055 3761; x_wconf 82' lang='lat' dir='ltr'>cod.)</span> <span class='ocrx_word' id='word_1_616' title='bbox 1068 3728 1136 3751; x_wconf 86' lang='lat' dir='ltr'>non</span> <span class='ocrx_word' id='word_1_617' title='bbox 1149 3719 1274 3761; x_wconf 82' lang='lat' dir='ltr'>impro-</span> 
     </span>
    </p>
   </div>
   <div class='ocr_carea' id='block_1_4' title="bbox 1264 121 1346 168">
    <p class='ocr_par' dir='ltr' id='par_1_7' title="bbox 1264 121 1346 168">
     <span class='ocr_line' id='line_1_79' title="bbox 1264 121 1346 168; baseline -0.024 0"><span class='ocrx_word' id='word_1_618' title='bbox 1264 121 1346 168; x_wconf 74' lang='lat'>246</span> 
     </span>
    </p>
   </div>
   <div class='ocr_carea' id='block_1_5' title="bbox 2068 120 2494 170">
    <p class='ocr_par' dir='ltr' id='par_1_8' title="bbox 2068 120 2494 170">
     <span class='ocr_line' id='line_1_80' title="bbox 2068 120 2494 170; baseline 0.012 -5"><span class='ocrx_word' id='word_1_619' title='bbox 2068 136 2126 166; x_wconf 76' lang='lat' dir='ltr'>nn</span> <span class='ocrx_word' id='word_1_620' title='bbox 2155 122 2420 170; x_wconf 72' lang='lat' dir='ltr'>ACTIONIBUS</span> <span class='ocrx_word' id='word_1_621' title='bbox 2483 120 2494 125; x_wconf 48' lang='grc'>”</span> 
     </span>
    </p>
   </div>
   <div class='ocr_carea' id='block_1_6' title="bbox 1344 243 2483 3428">
    <p class='ocr_par' dir='ltr' id='par_1_9' title="bbox 1345 243 2419 332">
     <span class='ocr_line' id='line_1_81' title="bbox 1345 243 2419 290; baseline 0.003 -11"><span class='ocrx_word' id='word_1_622' title='bbox 1345 243 1503 280; x_wconf 68' lang='lat' dir='ltr'>Mucium</span> <span class='ocrx_word' id='word_1_623' title='bbox 1548 255 1620 281; x_wconf 88' lang='lat' dir='ltr'>non</span> <span class='ocrx_word' id='word_1_624' title='bbox 1649 245 1760 290; x_wconf 81' lang='lat' dir='ltr'>magis</span> <span class='ocrx_word' id='word_1_625' title='bbox 1791 254 1896 290; x_wconf 86' lang='lat' dir='ltr'>quam</span> <span class='ocrx_word' id='word_1_626' title='bbox 1927 245 2038 290; x_wconf 78' lang='lat' dir='ltr'>pulli⁸</span> <span class='ocrx_word' id='word_1_627' title='bbox 2061 247 2123 280; x_wconf 89' lang='lat' dir='ltr'>aut</span> <span class='ocrx_word' id='word_1_628' title='bbox 2147 247 2265 280; x_wconf 87' lang='lat' dir='ltr'>cetera</span> <span class='ocrx_word' id='word_1_629' title='bbox 2287 246 2419 282; x_wconf 88' lang='lat' dir='ltr'>anima-</span> 
     </span>
     <span class='ocr_line' id='line_1_82' title="bbox 1345 289 1827 332; baseline 0 -8"><span class='ocrx_word' id='word_1_630' title='bbox 1345 290 1403 332; x_wconf 86' lang='lat' dir='ltr'>lia,</span> <span class='ocrx_word' id='word_1_631' title='bbox 1450 299 1518 325; x_wconf 90' lang='lat' dir='ltr'>uae</span> <span class='ocrx_word' id='word_1_632' title='bbox 1539 290 1577 325; x_wconf 87' lang='lat' dir='ltr'>in</span> <span class='ocrx_word' id='word_1_633' title='bbox 1598 289 1710 325; x_wconf 83' lang='lat' dir='ltr'>fundo</span> <span class='ocrx_word' id='word_1_634' title='bbox 1733 295 1827 326; x_wconf 85' lang='lat' dir='ltr'>sunt.</span> 
     </span>
    </p>

    <p class='ocr_par' dir='ltr' id='par_1_10' title="bbox 1344 332 2483 2436">
     <span class='ocr_line' id='line_1_83' title="bbox 1394 332 2419 380; baseline 0.001 -9"><span class='ocrx_word' id='word_1_635' title='bbox 1394 332 1413 371; x_wconf 92' lang='lat'>1</span> <span class='ocrx_word' id='word_1_636' title='bbox 1477 333 1670 370; x_wconf 63' lang='lat' dir='ltr'>oretanos</span> <span class='ocrx_word' id='word_1_637' title='bbox 1698 334 1790 371; x_wconf 78' lang='lat' dir='ltr'>libro</span> <span class='ocrx_word' id='word_1_638' title='bbox 1814 335 1996 380; x_wconf 70' lang='lat' dir='ltr'>eri’yesimo</span> <span class='ocrx_word' id='word_1_639' title='bbox 2019 335 2175 370; x_wconf 73' lang='lat' dir='ltr'>semmdo</span> <span class='ocrx_word' id='word_1_640' title='bbox 2198 335 2248 370; x_wconf 81' lang='lat' dir='ltr'>ad</span> <span class='ocrx_word' id='word_1_641' title='bbox 2268 335 2419 372; x_wconf 77' lang='lat' dir='ltr'>edictum</span> 
     </span>
     <span class='ocr_line' id='line_1_84' title="bbox 1346 378 2420 424; baseline 0.002 -10"><span class='ocrx_word' id='word_1_642' title='bbox 1346 378 1464 414; x_wconf 87' lang='lat' dir='ltr'>Fundi</span> <span class='ocrx_word' id='word_1_643' title='bbox 1494 379 1581 414; x_wconf 90' lang='lat' dir='ltr'>nihil</span> <span class='ocrx_word' id='word_1_644' title='bbox 1612 382 1684 422; x_wconf 87' lang='lat' dir='ltr'>est,</span> <span class='ocrx_word' id='word_1_645' title='bbox 1714 379 1782 415; x_wconf 89' lang='lat' dir='ltr'>nisi</span> <span class='ocrx_word' id='word_1_646' title='bbox 1814 378 1909 424; x_wconf 90' lang='lat' dir='ltr'>quod</span> <span class='ocrx_word' id='word_1_647' title='bbox 1940 382 2037 414; x_wconf 89' lang='lat' dir='ltr'>terra</span> <span class='ocrx_word' id='word_1_648' title='bbox 2065 388 2104 414; x_wconf 89' lang='lat' dir='ltr'>se</span> <span class='ocrx_word' id='word_1_649' title='bbox 2134 382 2247 415; x_wconf 88' lang='lat' dir='ltr'>tenet:</span> <span class='ocrx_word' id='word_1_650' title='bbox 2282 381 2420 416; x_wconf 87' lang='lat' dir='ltr'>aedium</span> 
     </span>
     <span class='ocr_line' id='line_1_85' title="bbox 1345 423 2420 468; baseline 0.003 -10"><span class='ocrx_word' id='word_1_651' title='bbox 1345 426 1463 459; x_wconf 83' lang='lat' dir='ltr'>autem</span> <span class='ocrx_word' id='word_1_652' title='bbox 1494 423 1607 459; x_wconf 89' lang='lat' dir='ltr'>multa</span> <span class='ocrx_word' id='word_1_653' title='bbox 1635 433 1731 466; x_wconf 88' lang='lat' dir='ltr'>esse,</span> <span class='ocrx_word' id='word_1_654' title='bbox 1766 433 1858 468; x_wconf 91' lang='lat' dir='ltr'>quae</span> <span class='ocrx_word' id='word_1_655' title='bbox 1888 423 2034 459; x_wconf 89' lang='lat' dir='ltr'>aedibus</span> <span class='ocrx_word' id='word_1_656' title='bbox 2069 423 2188 459; x_wconf 87' lang='lat' dir='ltr'>adfixa</span> <span class='ocrx_word' id='word_1_657' title='bbox 2221 435 2293 460; x_wconf 94' lang='lat' dir='ltr'>non</span> <span class='ocrx_word' id='word_1_658' title='bbox 2327 429 2420 462; x_wconf 87' lang='lat' dir='ltr'>sunt.</span> 
     </span>
     <span class='ocr_line' id='line_1_86' title="bbox 1345 467 2420 557; baseline 0.002 -10"><span class='ocrx_word' id='word_1_659' title='bbox 1345 467 1593 548; x_wconf 54' lang='lat' dir='ltr'>mm</span> <span class='ocrx_word' id='word_1_660' title='bbox 1609 471 1852 548; x_wconf 44' lang='lat' dir='ltr'>333&amp;aessss</span> <span class='ocrx_word' id='word_1_661' title='bbox 1871 468 2420 557; x_wconf 50' lang='lat' dir='ltr'>fflsffisshftfsffidzffi‘zff</span> 
     </span>
     <span class='ocr_line' id='line_1_87' title="bbox 1346 556 2421 603; baseline 0.002 -11"><span class='ocrx_word' id='word_1_662' title='bbox 1346 557 1403 592; x_wconf 87' lang='lat' dir='ltr'>lae</span> <span class='ocrx_word' id='word_1_663' title='bbox 1424 556 1559 599; x_wconf 88' lang='lat' dir='ltr'>haberi,</span> <span class='ocrx_word' id='word_1_664' title='bbox 1582 559 1623 592; x_wconf 90' lang='grc' dir='ltr'>ιιι</span> <span class='ocrx_word' id='word_1_665' title='bbox 1644 560 1734 603; x_wconf 83' lang='lat' dir='ltr'>puta</span> <span class='ocrx_word' id='word_1_666' title='bbox 1755 566 1842 592; x_wconf 87' lang='lat' dir='ltr'>vasa</span> <span class='ocrx_word' id='word_1_667' title='bbox 1863 556 1999 592; x_wconf 82' lang='lat' dir='ltr'>vinaria</span> <span class='ocrx_word' id='word_1_668' title='bbox 2020 557 2232 600; x_wconf 87' lang='lat' dir='ltr'>torcularia,</span> <span class='ocrx_word' id='word_1_669' title='bbox 2256 559 2421 603; x_wconf 91' lang='lat' dir='ltr'>quoniam</span> 
     </span>
     <span class='ocr_line' id='line_1_88' title="bbox 1346 601 2421 647; baseline 0.003 -11"><span class='ocrx_word' id='word_1_670' title='bbox 1346 602 1436 637; x_wconf 87' lang='lat' dir='ltr'>haec</span> <span class='ocrx_word' id='word_1_671' title='bbox 1458 601 1679 637; x_wconf 88' lang='lat' dir='ltr'>instrumenti</span> <span class='ocrx_word' id='word_1_672' title='bbox 1702 602 1812 647; x_wconf 84' lang='lat' dir='ltr'>magis</span> <span class='ocrx_word' id='word_1_673' title='bbox 1835 605 1929 644; x_wconf 89' lang='lat' dir='ltr'>sunt,</span> <span class='ocrx_word' id='word_1_674' title='bbox 1953 601 2091 636; x_wconf 87' lang='lat' dir='ltr'>etiamsi</span> <span class='ocrx_word' id='word_1_675' title='bbox 2114 602 2273 638; x_wconf 86' lang='lat' dir='ltr'>aedificio</span> <span class='ocrx_word' id='word_1_676' title='bbox 2295 604 2421 639; x_wconf 84' lang='lat' dir='ltr'>coliae-</span> 
     </span>
     <span class='ocr_line' id='line_1_89' title="bbox 1350 645 2423 691; baseline 0.003 -11"><span class='ocrx_word' id='word_1_677' title='bbox 1350 649 1363 680; x_wconf 84' lang='lat' dir='ltr'>i</span> <span class='ocrx_word' id='word_1_678' title='bbox 1414 649 1504 682; x_wconf 89' lang='lat' dir='ltr'>rent.</span> <span class='ocrx_word' id='word_1_679' title='bbox 1551 645 1622 682; x_wconf 85' lang='lat' dir='ltr'>Sed</span> <span class='ocrx_word' id='word_1_680' title='bbox 1652 649 1689 682; x_wconf 91' lang='lat' dir='ltr'>et</span> <span class='ocrx_word' id='word_1_681' title='bbox 1718 646 1836 681; x_wconf 88' lang='lat' dir='ltr'>vinum</span> <span class='ocrx_word' id='word_1_682' title='bbox 1867 650 1904 682; x_wconf 91' lang='lat' dir='ltr'>et</span> <span class='ocrx_word' id='word_1_683' title='bbox 1932 645 2071 682; x_wconf 78' lang='lat' dir='ltr'>fructus</span> <span class='ocrx_word' id='word_1_684' title='bbox 2102 651 2289 691; x_wconf 82' lang='lat' dir='ltr'>perceptos</span> <span class='ocrx_word' id='word_1_685' title='bbox 2322 648 2423 683; x_wconf 86' lang='lat' dir='ltr'>villae</span> 
     </span>
     <span class='ocr_line' id='line_1_90' title="bbox 1348 689 2421 736; baseline 0.002 -10"><span class='ocrx_word' id='word_1_686' title='bbox 1348 693 1367 725; x_wconf 92' lang='lat'><strong>2</strong></span> <span class='ocrx_word' id='word_1_687' title='bbox 1414 701 1486 726; x_wconf 91' lang='lat' dir='ltr'>non</span> <span class='ocrx_word' id='word_1_688' title='bbox 1510 700 1588 726; x_wconf 86' lang='lat' dir='ltr'>esse</span> <span class='ocrx_word' id='word_1_689' title='bbox 1610 694 1760 726; x_wconf 84' lang='lat' dir='ltr'>constat.</span> <span class='ocrx_word' id='word_1_690' title='bbox 1808 689 1935 726; x_wconf 81' lang='lat' dir='ltr'>Fando</span> <span class='ocrx_word' id='word_1_691' title='bbox 1958 690 2100 725; x_wconf 91' lang='lat' dir='ltr'>vendito</span> <span class='ocrx_word' id='word_1_692' title='bbox 2122 690 2175 726; x_wconf 92' lang='lat' dir='ltr'>vel</span> <span class='ocrx_word' id='word_1_693' title='bbox 2200 691 2313 736; x_wconf 83' lang='lat' dir='ltr'>legato</span> <span class='ocrx_word' id='word_1_694' title='bbox 2333 697 2421 728; x_wconf 88' lang='lat' dir='ltr'>ster-</span> 
     </span>
     <span class='ocr_line' id='line_1_91' title="bbox 1347 734 2422 788; baseline 0.002 -18"><span class='ocrx_word' id='word_1_695' title='bbox 1347 735 1503 770; x_wconf 92' lang='lat' dir='ltr'>culinum</span> <span class='ocrx_word' id='word_1_696' title='bbox 1538 739 1574 770; x_wconf 90' lang='lat' dir='ltr'>et</span> <span class='ocrx_word' id='word_1_697' title='bbox 1611 738 1805 771; x_wconf 87' lang='lat' dir='ltr'>stramenta</span> <span class='ocrx_word' id='word_1_698' title='bbox 1838 734 2007 780; x_wconf 88' lang='lat' dir='ltr'>emptoris</span> <span class='ocrx_word' id='word_1_699' title='bbox 2041 735 2102 770; x_wconf 84' lang='lat' dir='ltr'>et⁹</span> <span class='ocrx_word' id='word_1_700' title='bbox 2134 735 2294 788; x_wconf 70' lang='lat' dir='ltr'>legatarii</span> <span class='ocrx_word' id='word_1_701' title='bbox 2329 742 2422 779; x_wconf 81' lang='lat' dir='ltr'>sunt,</span> 
     </span>
     <span class='ocr_line' id='line_1_92' title="bbox 1345 778 2424 825; baseline 0.003 -11"><span class='ocrx_word' id='word_1_702' title='bbox 1345 779 1440 824; x_wconf 80' lang='lat' dir='ltr'>ligna</span> <span class='ocrx_word' id='word_1_703' title='bbox 1474 782 1593 816; x_wconf 78' lang='lat' dir='ltr'>autem</span> <span class='ocrx_word' id='word_1_704' title='bbox 1621 780 1814 816; x_wconf 82' lang='lat' dir='ltr'>venditorIs</span> <span class='ocrx_word' id='word_1_705' title='bbox 1842 780 1897 815; x_wconf 90' lang='lat' dir='ltr'>vel</span> <span class='ocrx_word' id='word_1_706' title='bbox 1927 778 2085 821; x_wconf 85' lang='lat' dir='ltr'>heredis,</span> <span class='ocrx_word' id='word_1_707' title='bbox 2119 790 2202 825; x_wconf 91' lang='lat' dir='ltr'>quia</span> <span class='ocrx_word' id='word_1_708' title='bbox 2236 791 2307 816; x_wconf 92' lang='lat' dir='ltr'>non</span> <span class='ocrx_word' id='word_1_709' title='bbox 2340 786 2424 817; x_wconf 86' lang='lat' dir='ltr'>sunt</span> 
     </span>
     <span class='ocr_line' id='line_1_93' title="bbox 1345 824 2422 869; baseline 0.003 -10"><span class='ocrx_word' id='word_1_710' title='bbox 1345 824 1458 867; x_wconf 88' lang='lat' dir='ltr'>fundi,</span> <span class='ocrx_word' id='word_1_711' title='bbox 1481 824 1621 860; x_wconf 87' lang='lat' dir='ltr'>tametsi</span> <span class='ocrx_word' id='word_1_712' title='bbox 1643 824 1691 860; x_wconf 89' lang='lat' dir='ltr'>ad</span> <span class='ocrx_word' id='word_1_713' title='bbox 1713 835 1791 860; x_wconf 87' lang='lat' dir='ltr'>eam</span> <span class='ocrx_word' id='word_1_714' title='bbox 1816 834 1891 860; x_wconf 89' lang='lat' dir='ltr'>rein</span> <span class='ocrx_word' id='word_1_715' title='bbox 1914 827 2121 869; x_wconf 87' lang='lat' dir='ltr'>comparata</span> <span class='ocrx_word' id='word_1_716' title='bbox 2143 829 2237 860; x_wconf 90' lang='lat' dir='ltr'>sunt.</span> <span class='ocrx_word' id='word_1_717' title='bbox 2274 826 2310 861; x_wconf 88' lang='lat' dir='ltr'>in</span> <span class='ocrx_word' id='word_1_718' title='bbox 2333 830 2422 862; x_wconf 85' lang='lat' dir='ltr'>ster-</span> 
     </span>
     <span class='ocr_line' id='line_1_94' title="bbox 1347 868 2424 914; baseline 0.002 -9"><span class='ocrx_word' id='word_1_719' title='bbox 1347 869 1464 905; x_wconf 88' lang='lat' dir='ltr'>culino</span> <span class='ocrx_word' id='word_1_720' title='bbox 1487 872 1606 905; x_wconf 91' lang='lat' dir='ltr'>autem</span> <span class='ocrx_word' id='word_1_721' title='bbox 1630 869 1809 905; x_wconf 81' lang='lat' dir='ltr'>dIstinctio</span> <span class='ocrx_word' id='word_1_722' title='bbox 1833 868 1991 904; x_wconf 80' lang='lat' dir='ltr'>Trebatii</span> <span class='ocrx_word' id='word_1_723' title='bbox 2013 868 2200 914; x_wconf 88' lang='lat' dir='ltr'>probanda</span> <span class='ocrx_word' id='word_1_724' title='bbox 2224 874 2295 912; x_wconf 85' lang='lat' dir='ltr'>est,</span> <span class='ocrx_word' id='word_1_725' title='bbox 2319 874 2370 914; x_wconf 88' lang='lat' dir='ltr'>ut,</span> <span class='ocrx_word' id='word_1_726' title='bbox 2394 872 2424 907; x_wconf 91' lang='lat' dir='ltr'>si</span> 
     </span>
     <span class='ocr_line' id='line_1_95' title="bbox 1347 914 2423 961; baseline 0.002 -12"><span class='ocrx_word' id='word_1_727' title='bbox 1347 914 1487 959; x_wconf 88' lang='lat' dir='ltr'>quidem</span> <span class='ocrx_word' id='word_1_728' title='bbox 1509 914 1727 950; x_wconf 85' lang='lat' dir='ltr'>stercorandi</span> <span class='ocrx_word' id='word_1_729' title='bbox 1749 914 1825 959; x_wconf 77' lang='lat' dir='ltr'>agri</span> <span class='ocrx_word' id='word_1_730' title='bbox 1849 923 1959 949; x_wconf 86' lang='lat' dir='ltr'>causa</span> <span class='ocrx_word' id='word_1_731' title='bbox 1982 917 2223 959; x_wconf 87' lang='lat' dir='ltr'>comparatum</span> <span class='ocrx_word' id='word_1_732' title='bbox 2247 914 2302 957; x_wconf 90' lang='lat' dir='ltr'>sit,</span> <span class='ocrx_word' id='word_1_733' title='bbox 2327 925 2423 961; x_wconf 91' lang='lat' dir='ltr'>emp-</span> 
     </span>
     <span class='ocr_line' id='line_1_96' title="bbox 1346 957 2424 1004; baseline 0.003 -11"><span class='ocrx_word' id='word_1_734' title='bbox 1346 962 1458 994; x_wconf 90' lang='lat' dir='ltr'>torem</span> <span class='ocrx_word' id='word_1_735' title='bbox 1477 962 1658 1004; x_wconf 88' lang='lat' dir='ltr'>sequatur,</span> <span class='ocrx_word' id='word_1_736' title='bbox 1682 959 1713 995; x_wconf 86' lang='lat' dir='ltr'>si</span> <span class='ocrx_word' id='word_1_737' title='bbox 1733 958 1916 1000; x_wconf 88' lang='lat' dir='ltr'>vendendi,</span> <span class='ocrx_word' id='word_1_738' title='bbox 1941 957 2168 1000; x_wconf 89' lang='lat' dir='ltr'>venditorem,</span> <span class='ocrx_word' id='word_1_739' title='bbox 2192 959 2260 995; x_wconf 89' lang='lat' dir='ltr'>nisi</span> <span class='ocrx_word' id='word_1_740' title='bbox 2279 959 2310 995; x_wconf 93' lang='lat' dir='ltr'>si</span> <span class='ocrx_word' id='word_1_741' title='bbox 2328 960 2424 996; x_wconf 89' lang='lat' dir='ltr'>aliud</span> 
     </span>
     <span class='ocr_line' id='line_1_97' title="bbox 1347 1002 2423 1045; baseline 0.002 -7"><span class='ocrx_word' id='word_1_742' title='bbox 1347 1007 1467 1039; x_wconf 89' lang='lat' dir='ltr'>actum</span> <span class='ocrx_word' id='word_1_743' title='bbox 1498 1007 1571 1039; x_wconf 88' lang='lat' dir='ltr'>est:</span> <span class='ocrx_word' id='word_1_744' title='bbox 1602 1014 1669 1040; x_wconf 91' lang='lat' dir='ltr'>nec</span> <span class='ocrx_word' id='word_1_745' title='bbox 1700 1003 1864 1045; x_wconf 89' lang='lat' dir='ltr'>interest,</span> <span class='ocrx_word' id='word_1_746' title='bbox 1896 1002 1932 1037; x_wconf 92' lang='lat' dir='ltr'>in</span> <span class='ocrx_word' id='word_1_747' title='bbox 1955 1002 2096 1038; x_wconf 87' lang='lat' dir='ltr'>stabulo</span> <span class='ocrx_word' id='word_1_748' title='bbox 2119 1003 2234 1039; x_wconf 90' lang='lat' dir='ltr'>iaceat</span> <span class='ocrx_word' id='word_1_749' title='bbox 2257 1014 2303 1039; x_wconf 90' lang='lat' dir='ltr'>an</span> <span class='ocrx_word' id='word_1_750' title='bbox 2326 1015 2423 1040; x_wconf 90' lang='lat' dir='ltr'>acer-</span> 
     </span>
     <span class='ocr_line' id='line_1_98' title="bbox 1347 1047 2424 1094; baseline 0.002 -11"><span class='ocrx_word' id='word_1_751' title='bbox 1347 1052 1366 1083; x_wconf 88' lang='lat'>3</span> <span class='ocrx_word' id='word_1_752' title='bbox 1414 1058 1476 1084; x_wconf 92' lang='lat' dir='ltr'>vus</span> <span class='ocrx_word' id='word_1_753' title='bbox 1508 1048 1564 1084; x_wconf 89' lang='lat' dir='ltr'>sit.</span> <span class='ocrx_word' id='word_1_754' title='bbox 1612 1048 1712 1094; x_wconf 82' lang='lat' dir='ltr'>Quae</span> <span class='ocrx_word' id='word_1_755' title='bbox 1741 1048 1886 1083; x_wconf 76' lang='lat' dir='ltr'>tabulae</span> <span class='ocrx_word' id='word_1_756' title='bbox 1909 1047 2027 1092; x_wconf 84' lang='lat' dir='ltr'>pictae</span> <span class='ocrx_word' id='word_1_757' title='bbox 2050 1058 2115 1092; x_wconf 89' lang='lat' dir='ltr'>pro</span> <span class='ocrx_word' id='word_1_758' title='bbox 2139 1049 2287 1084; x_wconf 88' lang='lat' dir='ltr'>tectorio</span> <span class='ocrx_word' id='word_1_759' title='bbox 2311 1049 2424 1085; x_wconf 91' lang='lat' dir='ltr'>inclu-</span> 
     </span>
     <span class='ocr_line' id='line_1_99' title="bbox 1346 1093 2423 1146; baseline 0.002 -18"><span class='ocrx_word' id='word_1_760' title='bbox 1346 1093 1480 1128; x_wconf 91' lang='lat' dir='ltr'>duntur</span> <span class='ocrx_word' id='word_1_761' title='bbox 1521 1093 1674 1146; x_wconf 84' lang='lat' dir='ltr'>itemque</span> <span class='ocrx_word' id='word_1_762' title='bbox 1717 1096 1858 1128; x_wconf 89' lang='lat' dir='ltr'>crustae</span> <span class='ocrx_word' id='word_1_763' title='bbox 1898 1102 2116 1128; x_wconf 86' lang='lat' dir='ltr'>marmoreae</span> <span class='ocrx_word' id='word_1_764' title='bbox 2156 1093 2295 1129; x_wconf 85' lang='lat' dir='ltr'>aedium</span> <span class='ocrx_word' id='word_1_765' title='bbox 2330 1099 2423 1130; x_wconf 88' lang='lat' dir='ltr'>sunt.</span> 
     </span>
     <span class='ocr_line' id='line_1_100' title="bbox 1346 1136 2426 1182; baseline 0.003 -10"><span class='ocrx_word' id='word_1_766' title='bbox 1346 1141 1367 1172; x_wconf 83' lang='lat'>4</span> <span class='ocrx_word' id='word_1_767' title='bbox 1413 1137 1567 1174; x_wconf 88' lang='lat' dir='ltr'>Reticuli</span> <span class='ocrx_word' id='word_1_768' title='bbox 1589 1148 1685 1174; x_wconf 89' lang='lat' dir='ltr'>circa</span> <span class='ocrx_word' id='word_1_769' title='bbox 1703 1137 1897 1179; x_wconf 90' lang='lat' dir='ltr'>columnas,</span> <span class='ocrx_word' id='word_1_770' title='bbox 1916 1136 2028 1182; x_wconf 90' lang='lat' dir='ltr'>plutei</span> <span class='ocrx_word' id='word_1_771' title='bbox 2046 1136 2142 1172; x_wconf 90' lang='lat' dir='ltr'>circa</span> <span class='ocrx_word' id='word_1_772' title='bbox 2160 1138 2325 1182; x_wconf 87' lang='lat' dir='ltr'>parietes,</span> <span class='ocrx_word' id='word_1_773' title='bbox 2343 1139 2426 1175; x_wconf 86' lang='lat' dir='ltr'>item</span> 
     </span>
     <span class='ocr_line' id='line_1_101' title="bbox 1347 1182 2426 1228; baseline 0.002 -10"><span class='ocrx_word' id='word_1_774' title='bbox 1347 1186 1366 1218; x_wconf 88' lang='lat'>5</span> <span class='ocrx_word' id='word_1_775' title='bbox 1415 1183 1531 1218; x_wconf 89' lang='lat' dir='ltr'>cilicia</span> <span class='ocrx_word' id='word_1_776' title='bbox 1552 1182 1631 1219; x_wconf 90' lang='lat' dir='ltr'>vela</span> <span class='ocrx_word' id='word_1_777' title='bbox 1653 1183 1792 1219; x_wconf 88' lang='lat' dir='ltr'>aedium</span> <span class='ocrx_word' id='word_1_778' title='bbox 1816 1192 1888 1217; x_wconf 91' lang='lat' dir='ltr'>non</span> <span class='ocrx_word' id='word_1_779' title='bbox 1911 1185 2006 1217; x_wconf 91' lang='lat' dir='ltr'>sunt.</span> <span class='ocrx_word' id='word_1_780' title='bbox 2052 1182 2141 1217; x_wconf 90' lang='lat' dir='ltr'>Item</span> <span class='ocrx_word' id='word_1_781' title='bbox 2173 1183 2267 1228; x_wconf 90' lang='lat' dir='ltr'>quod</span> <span class='ocrx_word' id='word_1_782' title='bbox 2289 1183 2426 1220; x_wconf 86' lang='lat' dir='ltr'>insulae</span> 
     </span>
     <span class='ocr_line' id='line_1_102' title="bbox 1347 1226 2425 1274; baseline 0.001 -11"><span class='ocrx_word' id='word_1_783' title='bbox 1347 1237 1456 1263; x_wconf 89' lang='lat' dir='ltr'>causa</span> <span class='ocrx_word' id='word_1_784' title='bbox 1478 1231 1643 1273; x_wconf 88' lang='lat' dir='ltr'>paratum</span> <span class='ocrx_word' id='word_1_785' title='bbox 1666 1231 1730 1270; x_wconf 88' lang='lat' dir='ltr'>est,</span> <span class='ocrx_word' id='word_1_786' title='bbox 1755 1227 1786 1263; x_wconf 90' lang='lat' dir='ltr'>si</span> <span class='ocrx_word' id='word_1_787' title='bbox 1809 1226 1966 1262; x_wconf 87' lang='lat' dir='ltr'>nondum</span> <span class='ocrx_word' id='word_1_788' title='bbox 1988 1226 2184 1272; x_wconf 80' lang='lat' dir='ltr'>perfectum</span> <span class='ocrx_word' id='word_1_789' title='bbox 2207 1232 2279 1270; x_wconf 88' lang='lat' dir='ltr'>est,</span> <span class='ocrx_word' id='word_1_790' title='bbox 2303 1239 2425 1274; x_wconf 91' lang='lat' dir='ltr'>quam-</span> 
     </span>
     <span class='ocr_line' id='line_1_103' title="bbox 1346 1272 2426 1314; baseline 0.002 -6"><span class='ocrx_word' id='word_1_791' title='bbox 1346 1273 1398 1308; x_wconf 88' lang='lat' dir='ltr'>vis</span> <span class='ocrx_word' id='word_1_792' title='bbox 1448 1273 1577 1308; x_wconf 89' lang='lat' dir='ltr'>ositum</span> <span class='ocrx_word' id='word_1_793' title='bbox 1598 1273 1636 1308; x_wconf 90' lang='lat' dir='ltr'>in</span> <span class='ocrx_word' id='word_1_794' title='bbox 1659 1272 1820 1308; x_wconf 85' lang='lat' dir='ltr'>aedificio</span> <span class='ocrx_word' id='word_1_795' title='bbox 1852 1272 1916 1314; x_wconf 92' lang='lat' dir='ltr'>sit,</span> <span class='ocrx_word' id='word_1_796' title='bbox 1947 1282 2019 1306; x_wconf 91' lang='lat' dir='ltr'>non</span> <span class='ocrx_word' id='word_1_797' title='bbox 2049 1275 2167 1307; x_wconf 89' lang='lat' dir='ltr'>tamen</span> <span class='ocrx_word' id='word_1_798' title='bbox 2200 1272 2338 1308; x_wconf 91' lang='lat' dir='ltr'>videtur</span> <span class='ocrx_word' id='word_1_799' title='bbox 2367 1284 2426 1310; x_wconf 88' lang='lat' dir='ltr'>ae-</span> 
     </span>
     <span class='ocr_line' id='line_1_104' title="bbox 1347 1317 2425 1362; baseline 0.001 -9"><span class='ocrx_word' id='word_1_800' title='bbox 1347 1321 1368 1353; x_wconf 84' lang='lat'>6</span> <span class='ocrx_word' id='word_1_801' title='bbox 1440 1318 1511 1352; x_wconf 89' lang='lat' dir='ltr'>&#39;uin</span> <span class='ocrx_word' id='word_1_802' title='bbox 1534 1327 1622 1353; x_wconf 89' lang='lat' dir='ltr'>esse.</span> <span class='ocrx_word' id='word_1_803' title='bbox 1670 1317 1708 1353; x_wconf 90' lang='lat' dir='ltr'>Si</span> <span class='ocrx_word' id='word_1_804' title='bbox 1738 1320 1820 1352; x_wconf 90' lang='lat' dir='ltr'>ruta</span> <span class='ocrx_word' id='word_1_805' title='bbox 1850 1320 1885 1352; x_wconf 89' lang='lat' dir='ltr'>et</span> <span class='ocrx_word' id='word_1_806' title='bbox 1909 1326 2015 1352; x_wconf 85' lang='lat' dir='ltr'>caesa</span> <span class='ocrx_word' id='word_1_807' title='bbox 2037 1317 2260 1362; x_wconf 80' lang='lat' dir='ltr'>excipiantur</span> <span class='ocrx_word' id='word_1_808' title='bbox 2281 1318 2319 1354; x_wconf 91' lang='lat' dir='ltr'>in</span> <span class='ocrx_word' id='word_1_809' title='bbox 2342 1329 2425 1354; x_wconf 89' lang='lat' dir='ltr'>ven-</span> 
     </span>
     <span class='ocr_line' id='line_1_105' title="bbox 1347 1362 2427 1407; baseline 0.001 -10"><span class='ocrx_word' id='word_1_810' title='bbox 1347 1362 1497 1405; x_wconf 89' lang='lat' dir='ltr'>ditione,</span> <span class='ocrx_word' id='word_1_811' title='bbox 1530 1372 1573 1398; x_wconf 91' lang='lat' dir='ltr'>ea</span> <span class='ocrx_word' id='word_1_812' title='bbox 1603 1362 1739 1407; x_wconf 89' lang='lat' dir='ltr'>placuit</span> <span class='ocrx_word' id='word_1_813' title='bbox 1769 1371 1847 1397; x_wconf 90' lang='lat' dir='ltr'>esse</span> <span class='ocrx_word' id='word_1_814' title='bbox 1869 1365 1969 1404; x_wconf 89' lang='lat' dir='ltr'>ruta,</span> <span class='ocrx_word' id='word_1_815' title='bbox 2001 1370 2091 1406; x_wconf 86' lang='lat' dir='ltr'>quae</span> <span class='ocrx_word' id='word_1_816' title='bbox 2120 1365 2224 1399; x_wconf 81' lang='lat' dir='ltr'>eruta</span> <span class='ocrx_word' id='word_1_817' title='bbox 2252 1367 2354 1406; x_wconf 88' lang='lat' dir='ltr'>sunt,</span> <span class='ocrx_word' id='word_1_818' title='bbox 2385 1367 2427 1398; x_wconf 92' lang='lat' dir='ltr'>ut</span> 
     </span>
     <span class='ocr_line' id='line_1_106' title="bbox 1346 1407 2427 1450; baseline 0.002 -8"><span class='ocrx_word' id='word_1_819' title='bbox 1346 1407 1481 1443; x_wconf 87' lang='lat' dir='ltr'>harena</span> <span class='ocrx_word' id='word_1_820' title='bbox 1504 1411 1602 1443; x_wconf 89' lang='lat' dir='ltr'>creta</span> <span class='ocrx_word' id='word_1_821' title='bbox 1625 1410 1662 1442; x_wconf 91' lang='lat' dir='ltr'>et</span> <span class='ocrx_word' id='word_1_822' title='bbox 1691 1407 1836 1443; x_wconf 87' lang='lat' dir='ltr'>similia:</span> <span class='ocrx_word' id='word_1_823' title='bbox 1872 1416 1978 1450; x_wconf 78' lang='lat' dir='ltr'>caesa</span> <span class='ocrx_word' id='word_1_824' title='bbox 2008 1416 2052 1441; x_wconf 87' lang='lat' dir='ltr'>ea</span> <span class='ocrx_word' id='word_1_825' title='bbox 2084 1416 2179 1449; x_wconf 87' lang='lat' dir='ltr'>esse,</span> <span class='ocrx_word' id='word_1_826' title='bbox 2210 1410 2251 1442; x_wconf 91' lang='lat' dir='ltr'>ut</span> <span class='ocrx_word' id='word_1_827' title='bbox 2281 1408 2427 1444; x_wconf 87' lang='lat' dir='ltr'>arbores</span> 
     </span>
     <span class='ocr_line' id='line_1_107' title="bbox 1347 1450 2425 1498; baseline 0 -10"><span class='ocrx_word' id='word_1_828' title='bbox 1347 1462 1471 1488; x_wconf 87' lang='lat' dir='ltr'>caesas</span> <span class='ocrx_word' id='word_1_829' title='bbox 1490 1455 1526 1488; x_wconf 90' lang='lat' dir='ltr'>et</span> <span class='ocrx_word' id='word_1_830' title='bbox 1544 1452 1718 1488; x_wconf 89' lang='lat' dir='ltr'>carbones</span> <span class='ocrx_word' id='word_1_831' title='bbox 1740 1455 1776 1487; x_wconf 90' lang='lat' dir='ltr'>et</span> <span class='ocrx_word' id='word_1_832' title='bbox 1792 1451 1847 1486; x_wconf 86' lang='lat' dir='ltr'>his</span> <span class='ocrx_word' id='word_1_833' title='bbox 1868 1451 2003 1487; x_wconf 88' lang='lat' dir='ltr'>similia.</span> <span class='ocrx_word' id='word_1_834' title='bbox 2041 1450 2164 1487; x_wconf 85' lang='lat' dir='ltr'>Gallus</span> <span class='ocrx_word' id='word_1_835' title='bbox 2182 1456 2302 1488; x_wconf 92' lang='lat' dir='ltr'>autem</span> <span class='ocrx_word' id='word_1_836' title='bbox 2314 1453 2425 1498; x_wconf 86' lang='lat' dir='ltr'>Aqui-</span> 
     </span>
     <span class='ocr_line' id='line_1_108' title="bbox 1345 1495 2428 1541; baseline 0.001 -9"><span class='ocrx_word' id='word_1_837' title='bbox 1345 1497 1433 1540; x_wconf 91' lang='lat' dir='ltr'>lius,</span> <span class='ocrx_word' id='word_1_838' title='bbox 1465 1497 1567 1533; x_wconf 90' lang='lat' dir='ltr'>cuius</span> <span class='ocrx_word' id='word_1_839' title='bbox 1590 1497 1687 1532; x_wconf 88' lang='lat' dir='ltr'>Mela</span> <span class='ocrx_word' id='word_1_840' title='bbox 1709 1496 1819 1532; x_wconf 86' lang='lat' dir='ltr'>refert</span> <span class='ocrx_word' id='word_1_841' title='bbox 1841 1495 2062 1541; x_wconf 90' lang='lat' dir='ltr'>opinionem,</span> <span class='ocrx_word' id='word_1_842' title='bbox 2092 1499 2191 1532; x_wconf 88' lang='lat' dir='ltr'>recte</span> <span class='ocrx_word' id='word_1_843' title='bbox 2221 1498 2272 1532; x_wconf 90' lang='lat' dir='ltr'>ait</span> <span class='ocrx_word' id='word_1_844' title='bbox 2293 1497 2428 1534; x_wconf 82' lang='lat' dir='ltr'>frustra</span> 
     </span>
     <span class='ocr_line' id='line_1_109' title="bbox 1345 1541 2427 1588; baseline 0.001 -11"><span class='ocrx_word' id='word_1_845' title='bbox 1345 1543 1383 1577; x_wconf 92' lang='lat' dir='ltr'>in</span> <span class='ocrx_word' id='word_1_846' title='bbox 1402 1542 1477 1587; x_wconf 85' lang='lat' dir='ltr'>lege</span> <span class='ocrx_word' id='word_1_847' title='bbox 1495 1541 1706 1578; x_wconf 85' lang='lat' dir='ltr'>venditionis</span> <span class='ocrx_word' id='word_1_848' title='bbox 1725 1541 1770 1577; x_wconf 92' lang='lat' dir='ltr'>de</span> <span class='ocrx_word' id='word_1_849' title='bbox 1788 1541 1878 1576; x_wconf 91' lang='lat' dir='ltr'>rutis</span> <span class='ocrx_word' id='word_1_850' title='bbox 1898 1544 1934 1576; x_wconf 90' lang='lat' dir='ltr'>et</span> <span class='ocrx_word' id='word_1_851' title='bbox 1955 1541 2068 1576; x_wconf 90' lang='lat' dir='ltr'>caesis</span> <span class='ocrx_word' id='word_1_852' title='bbox 2086 1541 2259 1577; x_wconf 89' lang='lat' dir='ltr'>contineri</span> <span class='ocrx_word' id='word_1_853' title='bbox 2271 1543 2308 1585; x_wconf 90' lang='lat'>¹⁰,</span> <span class='ocrx_word' id='word_1_854' title='bbox 2333 1543 2427 1588; x_wconf 86' lang='lat' dir='ltr'>quia,</span> 
     </span>
     <span class='ocr_line' id='line_1_110' title="bbox 1346 1585 2428 1631; baseline 0.001 -9"><span class='ocrx_word' id='word_1_855' title='bbox 1346 1587 1377 1623; x_wconf 89' lang='lat' dir='ltr'>si</span> <span class='ocrx_word' id='word_1_856' title='bbox 1399 1597 1472 1622; x_wconf 93' lang='lat' dir='ltr'>non</span> <span class='ocrx_word' id='word_1_857' title='bbox 1495 1586 1696 1631; x_wconf 87' lang='lat' dir='ltr'>specialiter</span> <span class='ocrx_word' id='word_1_858' title='bbox 1718 1586 1921 1628; x_wconf 89' lang='lat' dir='ltr'>venierunt,</span> <span class='ocrx_word' id='word_1_859' title='bbox 1952 1585 1999 1621; x_wconf 89' lang='lat' dir='ltr'>ad</span> <span class='ocrx_word' id='word_1_860' title='bbox 2030 1585 2266 1622; x_wconf 88' lang='lat' dir='ltr'>exhibendum</span> <span class='ocrx_word' id='word_1_861' title='bbox 2298 1587 2343 1623; x_wconf 90' lang='lat' dir='ltr'>de</span> <span class='ocrx_word' id='word_1_862' title='bbox 2372 1588 2428 1623; x_wconf 89' lang='lat' dir='ltr'>liis</span> 
     </span>
     <span class='ocr_line' id='line_1_111' title="bbox 1346 1630 2428 1677; baseline 0.001 -10"><span class='ocrx_word' id='word_1_863' title='bbox 1346 1632 1403 1677; x_wconf 85' lang='lat' dir='ltr'>agi</span> <span class='ocrx_word' id='word_1_864' title='bbox 1424 1634 1543 1677; x_wconf 88' lang='lat' dir='ltr'>potest</span> <span class='ocrx_word' id='word_1_865' title='bbox 1565 1641 1680 1677; x_wconf 91' lang='lat' dir='ltr'>neque</span> <span class='ocrx_word' id='word_1_866' title='bbox 1703 1631 1795 1667; x_wconf 90' lang='lat' dir='ltr'>enim</span> <span class='ocrx_word' id='word_1_867' title='bbox 1808 1632 1833 1652; x_wconf 86' lang='lat'>¹²</span> <span class='ocrx_word' id='word_1_868' title='bbox 1857 1630 1968 1675; x_wconf 86' lang='lat' dir='ltr'>magis</span> <span class='ocrx_word' id='word_1_869' title='bbox 1992 1630 2035 1666; x_wconf 89' lang='lat' dir='ltr'>de</span> <span class='ocrx_word' id='word_1_870' title='bbox 2057 1631 2205 1666; x_wconf 88' lang='lat' dir='ltr'>materia</span> <span class='ocrx_word' id='word_1_871' title='bbox 2228 1642 2334 1667; x_wconf 91' lang='lat' dir='ltr'>caesa</span> <span class='ocrx_word' id='word_1_872' title='bbox 2366 1636 2428 1668; x_wconf 88' lang='lat' dir='ltr'>aut</span> 
     </span>
     <span class='ocr_line' id='line_1_112' title="bbox 1346 1675 2427 1713; baseline 0 -1"><span class='ocrx_word' id='word_1_873' title='bbox 1346 1677 1390 1713; x_wconf 92' lang='lat' dir='ltr'>de</span> <span class='ocrx_word' id='word_1_874' title='bbox 1413 1676 1605 1712; x_wconf 87' lang='lat' dir='ltr'>caementis</span> <span class='ocrx_word' id='word_1_875' title='bbox 1628 1679 1692 1712; x_wconf 92' lang='lat' dir='ltr'>aut</span> <span class='ocrx_word' id='word_1_876' title='bbox 1715 1676 1759 1712; x_wconf 89' lang='lat' dir='ltr'>de</span> <span class='ocrx_word' id='word_1_877' title='bbox 1781 1676 1915 1711; x_wconf 87' lang='lat' dir='ltr'>harena</span> <span class='ocrx_word' id='word_1_878' title='bbox 1946 1675 2141 1711; x_wconf 90' lang='lat' dir='ltr'>cavendum</span> <span class='ocrx_word' id='word_1_879' title='bbox 2171 1680 2226 1711; x_wconf 88' lang='lat' dir='ltr'>est</span> <span class='ocrx_word' id='word_1_880' title='bbox 2254 1677 2427 1713; x_wconf 86' lang='lat' dir='ltr'>venditori</span> 
     </span>
     <span class='ocr_line' id='line_1_113' title="bbox 1347 1720 2426 1767; baseline 0.001 -10"><span class='ocrx_word' id='word_1_881' title='bbox 1347 1725 1365 1757; x_wconf 81' lang='lat'>7</span> <span class='ocrx_word' id='word_1_882' title='bbox 1414 1732 1520 1767; x_wconf 91' lang='lat' dir='ltr'>quain</span> <span class='ocrx_word' id='word_1_883' title='bbox 1555 1721 1599 1757; x_wconf 91' lang='lat' dir='ltr'>de</span> <span class='ocrx_word' id='word_1_884' title='bbox 1633 1721 1759 1757; x_wconf 89' lang='lat' dir='ltr'>ceteris</span> <span class='ocrx_word' id='word_1_885' title='bbox 1794 1731 1886 1766; x_wconf 89' lang='lat' dir='ltr'>quae</span> <span class='ocrx_word' id='word_1_886' title='bbox 1920 1724 2004 1756; x_wconf 86' lang='lat' dir='ltr'>sunt</span> <span class='ocrx_word' id='word_1_887' title='bbox 2037 1720 2258 1765; x_wconf 88' lang='lat' dir='ltr'>pretiosiora.</span> <span class='ocrx_word' id='word_1_888' title='bbox 2305 1721 2426 1758; x_wconf 85' lang='lat' dir='ltr'>Labeo</span> 
     </span>
     <span class='ocr_line' id='line_1_114' title="bbox 1344 1765 2427 1812; baseline 0.001 -10"><span class='ocrx_word' id='word_1_889' title='bbox 1344 1766 1553 1812; x_wconf 86' lang='lat' dir='ltr'>generaliter</span> <span class='ocrx_word' id='word_1_890' title='bbox 1583 1766 1707 1802; x_wconf 87' lang='lat' dir='ltr'>scribit</span> <span class='ocrx_word' id='word_1_891' title='bbox 1736 1775 1798 1807; x_wconf 85' lang='lat' dir='ltr'>ea,</span> <span class='ocrx_word' id='word_1_892' title='bbox 1830 1775 1923 1810; x_wconf 88' lang='lat' dir='ltr'>quae</span> <span class='ocrx_word' id='word_1_893' title='bbox 1952 1765 2116 1810; x_wconf 84' lang='lat' dir='ltr'>perpetui</span> <span class='ocrx_word' id='word_1_894' title='bbox 2146 1776 2234 1802; x_wconf 90' lang='lat' dir='ltr'>usus</span> <span class='ocrx_word' id='word_1_895' title='bbox 2258 1777 2368 1803; x_wconf 88' lang='lat' dir='ltr'>causa</span> <span class='ocrx_word' id='word_1_896' title='bbox 2389 1767 2427 1803; x_wconf 90' lang='lat' dir='ltr'>in</span> 
     </span>
     <span class='ocr_line' id='line_1_115' title="bbox 1346 1810 2428 1856; baseline 0.001 -9"><span class='ocrx_word' id='word_1_897' title='bbox 1346 1810 1513 1847; x_wconf 87' lang='lat' dir='ltr'>aedificiis</span> <span class='ocrx_word' id='word_1_898' title='bbox 1537 1814 1640 1853; x_wconf 89' lang='lat' dir='ltr'>sunt,</span> <span class='ocrx_word' id='word_1_899' title='bbox 1664 1810 1816 1846; x_wconf 84' lang='lat' dir='ltr'>aedificii</span> <span class='ocrx_word' id='word_1_900' title='bbox 1839 1820 1934 1852; x_wconf 88' lang='lat' dir='ltr'>esse,</span> <span class='ocrx_word' id='word_1_901' title='bbox 1959 1819 2051 1855; x_wconf 88' lang='lat' dir='ltr'>quae</span> <span class='ocrx_word' id='word_1_902' title='bbox 2072 1820 2154 1846; x_wconf 89' lang='lat' dir='ltr'>vero</span> <span class='ocrx_word' id='word_1_903' title='bbox 2178 1810 2224 1846; x_wconf 90' lang='lat' dir='ltr'>ad</span> <span class='ocrx_word' id='word_1_904' title='bbox 2247 1822 2428 1856; x_wconf 89' lang='lat' dir='ltr'>praesens,</span> 
     </span>
     <span class='ocr_line' id='line_1_116' title="bbox 1346 1854 2428 1902; baseline 0 -10"><span class='ocrx_word' id='word_1_905' title='bbox 1346 1867 1418 1892; x_wconf 91' lang='lat' dir='ltr'>non</span> <span class='ocrx_word' id='word_1_906' title='bbox 1440 1866 1517 1892; x_wconf 89' lang='lat' dir='ltr'>esse</span> <span class='ocrx_word' id='word_1_907' title='bbox 1536 1855 1706 1891; x_wconf 88' lang='lat' dir='ltr'>aedificii:</span> <span class='ocrx_word' id='word_1_908' title='bbox 1731 1858 1772 1890; x_wconf 90' lang='lat' dir='ltr'>ut</span> <span class='ocrx_word' id='word_1_909' title='bbox 1790 1859 1880 1900; x_wconf 88' lang='lat' dir='ltr'>puta</span> <span class='ocrx_word' id='word_1_910' title='bbox 1901 1854 2044 1890; x_wconf 86' lang='lat' dir='ltr'>fistulae</span> <span class='ocrx_word' id='word_1_911' title='bbox 2054 1855 2084 1876; x_wconf 82' lang='lat'>¹²</span> <span class='ocrx_word' id='word_1_912' title='bbox 2104 1857 2274 1900; x_wconf 85' lang='lat' dir='ltr'>temporis</span> <span class='ocrx_word' id='word_1_913' title='bbox 2289 1856 2428 1902; x_wconf 87' lang='lat' dir='ltr'>quidem</span> 
     </span>
     <span class='ocr_line' id='line_1_117' title="bbox 1346 1899 2427 1947; baseline 0 -10"><span class='ocrx_word' id='word_1_914' title='bbox 1346 1911 1457 1937; x_wconf 87' lang='lat' dir='ltr'>causa</span> <span class='ocrx_word' id='word_1_915' title='bbox 1478 1901 1617 1946; x_wconf 89' lang='lat' dir='ltr'>positae</span> <span class='ocrx_word' id='word_1_916' title='bbox 1639 1911 1712 1937; x_wconf 91' lang='lat' dir='ltr'>non</span> <span class='ocrx_word' id='word_1_917' title='bbox 1735 1903 1820 1935; x_wconf 91' lang='lat' dir='ltr'>sunt</span> <span class='ocrx_word' id='word_1_918' title='bbox 1842 1899 1995 1942; x_wconf 89' lang='lat' dir='ltr'>aedium,</span> <span class='ocrx_word' id='word_1_919' title='bbox 2019 1909 2141 1935; x_wconf 89' lang='lat' dir='ltr'>verum</span> <span class='ocrx_word' id='word_1_920' title='bbox 2161 1903 2280 1936; x_wconf 90' lang='lat' dir='ltr'>tamen</span> <span class='ocrx_word' id='word_1_921' title='bbox 2297 1902 2327 1938; x_wconf 88' lang='lat' dir='ltr'>si</span> <span class='ocrx_word' id='word_1_922' title='bbox 2347 1911 2427 1947; x_wconf 89' lang='lat' dir='ltr'>per-</span> 
     </span>
     <span class='ocr_line' id='line_1_118' title="bbox 1346 1944 2427 1999; baseline 0 -17"><span class='ocrx_word' id='word_1_923' title='bbox 1346 1949 1366 1982; x_wconf 91' lang='lat'>8</span> <span class='ocrx_word' id='word_1_924' title='bbox 1412 1949 1520 1992; x_wconf 89' lang='lat' dir='ltr'>petuo</span> <span class='ocrx_word' id='word_1_925' title='bbox 1532 1945 1665 1981; x_wconf 78' lang='lat' dir='ltr'>fuerint</span> <span class='ocrx_word' id='word_1_926' title='bbox 1682 1945 1832 1990; x_wconf 91' lang='lat' dir='ltr'>positae,</span> <span class='ocrx_word' id='word_1_927' title='bbox 1851 1944 1991 1980; x_wconf 91' lang='lat' dir='ltr'>aedium</span> <span class='ocrx_word' id='word_1_928' title='bbox 2010 1947 2104 1980; x_wconf 91' lang='lat' dir='ltr'>sunt.</span> <span class='ocrx_word' id='word_1_929' title='bbox 2140 1944 2295 1981; x_wconf 84' lang='lat' dir='ltr'>Castella</span> <span class='ocrx_word' id='word_1_930' title='bbox 2313 1946 2427 1999; x_wconf 87' lang='lat' dir='ltr'>plum-</span> 
     </span>
     <span class='ocr_line' id='line_1_119' title="bbox 1345 1989 2427 2036; baseline 0 -9"><span class='ocrx_word' id='word_1_931' title='bbox 1345 1992 1423 2034; x_wconf 82' lang='lat' dir='ltr'>bea,</span> <span class='ocrx_word' id='word_1_932' title='bbox 1475 1994 1558 2026; x_wconf 90' lang='lat' dir='ltr'>utea</span> <span class='ocrx_word' id='word_1_933' title='bbox 1571 1992 1609 2033; x_wconf 87' lang='lat'>¹³,</span> <span class='ocrx_word' id='word_1_934' title='bbox 1633 1990 1803 2036; x_wconf 87' lang='lat' dir='ltr'>opercula</span> <span class='ocrx_word' id='word_1_935' title='bbox 1820 1993 2018 2035; x_wconf 90' lang='lat' dir='ltr'>puteorum,</span> <span class='ocrx_word' id='word_1_936' title='bbox 2042 1989 2199 2034; x_wconf 86' lang='lat' dir='ltr'>epitonia</span> <span class='ocrx_word' id='word_1_937' title='bbox 2217 1990 2345 2027; x_wconf 90' lang='lat' dir='ltr'>fistulis</span> <span class='ocrx_word' id='word_1_938' title='bbox 2365 1991 2427 2027; x_wconf 85' lang='lat' dir='ltr'>ad-</span> 
     </span>
     <span class='ocr_line' id='line_1_120' title="bbox 1345 2035 2428 2081; baseline 0.001 -10"><span class='ocrx_word' id='word_1_939' title='bbox 1345 2036 1443 2081; x_wconf 93' lang='lat' dir='ltr'>plum</span> <span class='ocrx_word' id='word_1_940' title='bbox 1470 2039 1531 2071; x_wconf 87' lang='lat' dir='ltr'>ata</span> <span class='ocrx_word' id='word_1_941' title='bbox 1565 2038 1642 2077; x_wconf 89' lang='lat' dir='ltr'>(aut</span> <span class='ocrx_word' id='word_1_942' title='bbox 1664 2045 1756 2081; x_wconf 85' lang='lat' dir='ltr'>quae</span> <span class='ocrx_word' id='word_1_943' title='bbox 1778 2039 1874 2071; x_wconf 87' lang='lat' dir='ltr'>terra</span> <span class='ocrx_word' id='word_1_944' title='bbox 1905 2035 2131 2070; x_wconf 88' lang='lat' dir='ltr'>continentur</span> <span class='ocrx_word' id='word_1_945' title='bbox 2187 2036 2323 2071; x_wconf 90' lang='lat' dir='ltr'>uamvis</span> <span class='ocrx_word' id='word_1_946' title='bbox 2355 2047 2428 2072; x_wconf 91' lang='lat' dir='ltr'>non</span> 
     </span>
     <span class='ocr_line' id='line_1_121' title="bbox 1346 2080 2430 2124; baseline 0.001 -8"><span class='ocrx_word' id='word_1_947' title='bbox 1346 2085 1366 2117; x_wconf 83' lang='lat'>9</span> <span class='ocrx_word' id='word_1_948' title='bbox 1413 2081 1485 2116; x_wconf 85' lang='lat' dir='ltr'>sint</span> <span class='ocrx_word' id='word_1_949' title='bbox 1514 2080 1646 2124; x_wconf 84' lang='lat' dir='ltr'>adfixa)</span> <span class='ocrx_word' id='word_1_950' title='bbox 1679 2080 1820 2116; x_wconf 88' lang='lat' dir='ltr'>aedium</span> <span class='ocrx_word' id='word_1_951' title='bbox 1850 2089 1928 2116; x_wconf 89' lang='lat' dir='ltr'>esse</span> <span class='ocrx_word' id='word_1_952' title='bbox 1963 2082 2116 2116; x_wconf 86' lang='lat' dir='ltr'>constat.</span> <span class='ocrx_word' id='word_1_953' title='bbox 2182 2084 2254 2116; x_wconf 87' lang='lat' dir='ltr'>tem</span> <span class='ocrx_word' id='word_1_954' title='bbox 2288 2085 2430 2117; x_wconf 88' lang='lat' dir='ltr'>constat</span> 
     </span>
     <span class='ocr_line' id='line_1_122' title="bbox 1346 2126 2427 2171; baseline -0.001 -9"><span class='ocrx_word' id='word_1_955' title='bbox 1346 2126 1480 2171; x_wconf 85' lang='lat' dir='ltr'>sigilla,</span> <span class='ocrx_word' id='word_1_956' title='bbox 1513 2126 1696 2162; x_wconf 88' lang='lat' dir='ltr'>columnas</span> <span class='ocrx_word' id='word_1_957' title='bbox 1720 2135 1860 2171; x_wconf 92' lang='lat' dir='ltr'>quoque</span> <span class='ocrx_word' id='word_1_958' title='bbox 1883 2128 1920 2160; x_wconf 91' lang='lat' dir='ltr'>et</span> <span class='ocrx_word' id='word_1_959' title='bbox 1940 2134 2131 2170; x_wconf 87' lang='lat' dir='ltr'>personas,</span> <span class='ocrx_word' id='word_1_960' title='bbox 2163 2134 2208 2160; x_wconf 91' lang='lat' dir='ltr'>ex</span> <span class='ocrx_word' id='word_1_961' title='bbox 2262 2136 2389 2162; x_wconf 88' lang='lat' dir='ltr'>uorum</span> <span class='ocrx_word' id='word_1_962' title='bbox 2400 2127 2427 2149; x_wconf 83' lang='lat'>¹⁴</span> 
     </span>
     <span class='ocr_line' id='line_1_123' title="bbox 1347 2169 2430 2223; baseline 0.001 -17"><span class='ocrx_word' id='word_1_963' title='bbox 1347 2175 1388 2206; x_wconf 90' lang='lat'>10</span> <span class='ocrx_word' id='word_1_964' title='bbox 1433 2170 1558 2206; x_wconf 89' lang='lat' dir='ltr'>rostris</span> <span class='ocrx_word' id='word_1_965' title='bbox 1583 2181 1605 2206; x_wconf 91' lang='lat' dir='ltr'>a</span> <span class='ocrx_word' id='word_1_966' title='bbox 1629 2181 1677 2206; x_wconf 90' lang='lat' dir='ltr'>na</span> <span class='ocrx_word' id='word_1_967' title='bbox 1700 2170 1806 2206; x_wconf 90' lang='lat' dir='ltr'>salire</span> <span class='ocrx_word' id='word_1_968' title='bbox 1828 2170 1937 2213; x_wconf 90' lang='lat' dir='ltr'>solet,</span> <span class='ocrx_word' id='word_1_969' title='bbox 1968 2169 2071 2205; x_wconf 87' lang='lat' dir='ltr'>villae</span> <span class='ocrx_word' id='word_1_970' title='bbox 2094 2179 2182 2206; x_wconf 87' lang='lat' dir='ltr'>esse.</span> <span class='ocrx_word' id='word_1_971' title='bbox 2263 2181 2305 2214; x_wconf 87' lang='lat' dir='ltr'>a,</span> <span class='ocrx_word' id='word_1_972' title='bbox 2338 2181 2430 2223; x_wconf 81' lang='lat' dir='ltr'>quae</span> 
     </span>
     <span class='ocr_line' id='line_1_124' title="bbox 1346 2215 2426 2260; baseline 0 -8"><span class='ocrx_word' id='word_1_973' title='bbox 1346 2227 1390 2253; x_wconf 83' lang='lat' dir='ltr'>ex</span> <span class='ocrx_word' id='word_1_974' title='bbox 1424 2215 1586 2251; x_wconf 83' lang='lat' dir='ltr'>aedificio</span> <span class='ocrx_word' id='word_1_975' title='bbox 1643 2219 1780 2251; x_wconf 90' lang='lat' dir='ltr'>etracta</span> <span class='ocrx_word' id='word_1_976' title='bbox 1812 2218 1897 2251; x_wconf 89' lang='lat' dir='ltr'>sunt</span> <span class='ocrx_word' id='word_1_977' title='bbox 1926 2218 1967 2250; x_wconf 91' lang='lat' dir='ltr'>ut</span> <span class='ocrx_word' id='word_1_978' title='bbox 1999 2218 2239 2260; x_wconf 90' lang='lat' dir='ltr'>reponantur,</span> <span class='ocrx_word' id='word_1_979' title='bbox 2274 2215 2426 2252; x_wconf 89' lang='lat' dir='ltr'>aedificii</span> 
     </span>
     <span class='ocr_line' id='line_1_125' title="bbox 1345 2259 2430 2306; baseline -0.001 -9"><span class='ocrx_word' id='word_1_980' title='bbox 1345 2264 1448 2297; x_wconf 88' lang='lat' dir='ltr'>sunt:</span> <span class='ocrx_word' id='word_1_981' title='bbox 1481 2264 1520 2296; x_wconf 89' lang='lat' dir='ltr'>at</span> <span class='ocrx_word' id='word_1_982' title='bbox 1544 2271 1636 2306; x_wconf 91' lang='lat' dir='ltr'>quae</span> <span class='ocrx_word' id='word_1_983' title='bbox 1684 2264 1786 2295; x_wconf 89' lang='lat' dir='ltr'>arata</span> <span class='ocrx_word' id='word_1_984' title='bbox 1808 2263 1892 2296; x_wconf 91' lang='lat' dir='ltr'>sunt</span> <span class='ocrx_word' id='word_1_985' title='bbox 1914 2263 1955 2295; x_wconf 93' lang='lat' dir='ltr'>ut</span> <span class='ocrx_word' id='word_1_986' title='bbox 1976 2259 2225 2306; x_wconf 85' lang='lat' dir='ltr'>imponantur,</span> <span class='ocrx_word' id='word_1_987' title='bbox 2249 2271 2322 2297; x_wconf 91' lang='lat' dir='ltr'>non</span> <span class='ocrx_word' id='word_1_988' title='bbox 2345 2265 2430 2297; x_wconf 88' lang='lat' dir='ltr'>sunt</span> 
     </span>
     <span class='ocr_line' id='line_1_126' title="bbox 1347 2304 2428 2350; baseline 0.001 -9"><span class='ocrx_word' id='word_1_989' title='bbox 1347 2309 1386 2342; x_wconf 91' lang='lat'>11</span> <span class='ocrx_word' id='word_1_990' title='bbox 1435 2305 1596 2342; x_wconf 84' lang='lat' dir='ltr'>aedificii.</span> <span class='ocrx_word' id='word_1_991' title='bbox 1674 2305 1741 2348; x_wconf 86' lang='lat' dir='ltr'>ali,</span> <span class='ocrx_word' id='word_1_992' title='bbox 1784 2305 1846 2350; x_wconf 90' lang='lat' dir='ltr'>qui</span> <span class='ocrx_word' id='word_1_993' title='bbox 1878 2304 2003 2340; x_wconf 82' lang='lat' dir='ltr'>vineae</span> <span class='ocrx_word' id='word_1_994' title='bbox 2037 2314 2149 2341; x_wconf 87' lang='lat' dir='ltr'>causa</span> <span class='ocrx_word' id='word_1_995' title='bbox 2180 2305 2299 2350; x_wconf 89' lang='lat' dir='ltr'>parati</span> <span class='ocrx_word' id='word_1_996' title='bbox 2333 2309 2428 2349; x_wconf 89' lang='lat' dir='ltr'>sunt,</span> 
     </span>
     <span class='ocr_line' id='line_1_127' title="bbox 1345 2349 2427 2403; baseline 0.001 -17"><span class='ocrx_word' id='word_1_997' title='bbox 1345 2354 1534 2403; x_wconf 84' lang='lat' dir='ltr'>antequam</span> <span class='ocrx_word' id='word_1_998' title='bbox 1558 2350 1796 2394; x_wconf 89' lang='lat' dir='ltr'>collocentur,</span> <span class='ocrx_word' id='word_1_999' title='bbox 1826 2349 1929 2385; x_wconf 83' lang='lat' dir='ltr'>fundi</span> <span class='ocrx_word' id='word_1_1000' title='bbox 1952 2360 2022 2385; x_wconf 89' lang='lat' dir='ltr'>non</span> <span class='ocrx_word' id='word_1_1001' title='bbox 2046 2353 2148 2393; x_wconf 87' lang='lat' dir='ltr'>sunt,</span> <span class='ocrx_word' id='word_1_1002' title='bbox 2180 2350 2243 2386; x_wconf 91' lang='lat' dir='ltr'>sed</span> <span class='ocrx_word' id='word_1_1003' title='bbox 2275 2351 2337 2396; x_wconf 91' lang='lat' dir='ltr'>qui</span> <span class='ocrx_word' id='word_1_1004' title='bbox 2366 2361 2427 2387; x_wconf 90' lang='lat' dir='ltr'>ex·</span> 
     </span>
     <span class='ocr_line' id='line_1_128' title="bbox 1346 2394 2483 2436; baseline 0.002 -5"><span class='ocrx_word' id='word_1_1005' title='bbox 1346 2407 1401 2432; x_wconf 92' lang='lat' dir='ltr'>em</span> <span class='ocrx_word' id='word_1_1006' title='bbox 1426 2400 1453 2430; x_wconf 87' lang='lat' dir='ltr'>ti</span> <span class='ocrx_word' id='word_1_1007' title='bbox 1476 2398 1561 2431; x_wconf 91' lang='lat' dir='ltr'>sunt</span> <span class='ocrx_word' id='word_1_1008' title='bbox 1582 2396 1693 2431; x_wconf 80' lang='lat' dir='ltr'>hac¹⁵</span> <span class='ocrx_word' id='word_1_1009' title='bbox 1714 2398 1833 2431; x_wconf 90' lang='lat' dir='ltr'>mente</span> <span class='ocrx_word' id='word_1_1010' title='bbox 1855 2398 1897 2430; x_wconf 86' lang='lat' dir='ltr'>ut</span> <span class='ocrx_word' id='word_1_1011' title='bbox 1920 2394 2150 2436; x_wconf 87' lang='lat' dir='ltr'>collocentur,</span> <span class='ocrx_word' id='word_1_1012' title='bbox 2172 2394 2274 2431; x_wconf 82' lang='lat' dir='ltr'>fundi</span> <span class='ocrx_word' id='word_1_1013' title='bbox 2298 2399 2393 2431; x_wconf 90' lang='lat' dir='ltr'>sunt.</span> <span class='ocrx_word' id='word_1_1014' title='bbox 2480 2429 2483 2433; x_wconf 81' lang='grc'>,</span> 
     </span>
    </p>

    <p class='ocr_par' dir='ltr' id='par_1_11' title="bbox 1344 2437 2429 2801">
     <span class='ocr_line' id='line_1_129' title="bbox 1419 2437 2428 2486; baseline 0 -9"><span class='ocrx_word' id='word_1_1015' title='bbox 1419 2437 1444 2478; x_wconf 92' lang='grc'>8</span> <span class='ocrx_word' id='word_1_1016' title='bbox 1476 2440 1523 2476; x_wconf 73' lang='grc' dir='ltr'>ΙΑ</span> <span class='ocrx_word' id='word_1_1017' title='bbox 1531 2449 1702 2476; x_wconf 72' lang='grc' dir='ltr'>νοιΕΝσε</span> <span class='ocrx_word' id='word_1_1018' title='bbox 1736 2440 1827 2476; x_wconf 82' lang='lat' dir='ltr'>libro</span> <span class='ocrx_word' id='word_1_1019' title='bbox 1858 2440 2008 2486; x_wconf 81' lang='lat' dir='ltr'>septim0</span> <span class='ocrx_word' id='word_1_1020' title='bbox 2039 2450 2090 2475; x_wconf 77' lang='lat' dir='ltr'>ex</span> <span class='ocrx_word' id='word_1_1021' title='bbox 2122 2439 2243 2476; x_wconf 80' lang='lat' dir='ltr'>Cassio</span> <span class='ocrx_word' id='word_1_1022' title='bbox 2290 2440 2428 2477; x_wconf 84' lang='lat' dir='ltr'>Grana-</span> 
     </span>
     <span class='ocr_line' id='line_1_130' title="bbox 1344 2484 2429 2531; baseline 0 -9"><span class='ocrx_word' id='word_1_1023' title='bbox 1344 2485 1418 2529; x_wconf 90' lang='lat' dir='ltr'>ria,</span> <span class='ocrx_word' id='word_1_1024' title='bbox 1443 2495 1535 2531; x_wconf 87' lang='lat' dir='ltr'>quae</span> <span class='ocrx_word' id='word_1_1025' title='bbox 1559 2495 1603 2521; x_wconf 91' lang='lat' dir='ltr'>ex</span> <span class='ocrx_word' id='word_1_1026' title='bbox 1624 2485 1756 2521; x_wconf 89' lang='lat' dir='ltr'>tabulis</span> <span class='ocrx_word' id='word_1_1027' title='bbox 1778 2484 1857 2521; x_wconf 87' lang='lat' dir='ltr'>fieri</span> <span class='ocrx_word' id='word_1_1028' title='bbox 1879 2484 2013 2527; x_wconf 90' lang='lat' dir='ltr'>solent,</span> <span class='ocrx_word' id='word_1_1029' title='bbox 2036 2484 2087 2520; x_wconf 88' lang='lat' dir='ltr'>ita</span> <span class='ocrx_word' id='word_1_1030' title='bbox 2110 2484 2250 2520; x_wconf 87' lang='lat' dir='ltr'>aedium</span> <span class='ocrx_word' id='word_1_1031' title='bbox 2273 2489 2374 2529; x_wconf 92' lang='lat' dir='ltr'>sunt,</span> <span class='ocrx_word' id='word_1_1032' title='bbox 2398 2486 2429 2522; x_wconf 87' lang='lat' dir='ltr'>si</span> 
     </span>
     <span class='ocr_line' id='line_1_131' title="bbox 1345 2529 2429 2577; baseline 0 -11"><span class='ocrx_word' id='word_1_1033' title='bbox 1345 2531 1482 2577; x_wconf 83' lang='lat' dir='ltr'>stipites</span> <span class='ocrx_word' id='word_1_1034' title='bbox 1505 2541 1628 2566; x_wconf 89' lang='lat' dir='ltr'>eorum</span> <span class='ocrx_word' id='word_1_1035' title='bbox 1649 2530 1687 2565; x_wconf 91' lang='lat' dir='ltr'>in</span> <span class='ocrx_word' id='word_1_1036' title='bbox 1708 2533 1804 2565; x_wconf 85' lang='lat' dir='ltr'>terra</span> <span class='ocrx_word' id='word_1_1037' title='bbox 1834 2529 1967 2565; x_wconf 88' lang='lat' dir='ltr'>defossi</span> <span class='ocrx_word' id='word_1_1038' title='bbox 1996 2532 2099 2565; x_wconf 83' lang='lat' dir='ltr'>sunt:</span> <span class='ocrx_word' id='word_1_1039' title='bbox 2133 2529 2229 2575; x_wconf 91' lang='lat' dir='ltr'>quod</span> <span class='ocrx_word' id='word_1_1040' title='bbox 2259 2530 2289 2565; x_wconf 92' lang='lat' dir='ltr'>si</span> <span class='ocrx_word' id='word_1_1041' title='bbox 2319 2541 2362 2567; x_wconf 91' lang='lat' dir='ltr'>su</span> <span class='ocrx_word' id='word_1_1042' title='bbox 2387 2541 2429 2566; x_wconf 84' lang='lat' dir='ltr'>ra</span> 
     </span>
     <span class='ocr_line' id='line_1_132' title="bbox 1349 2573 2428 2619; baseline 0.001 -8"><span class='ocrx_word' id='word_1_1043' title='bbox 1349 2580 1363 2611; x_wconf 88' lang='lat'>1</span> <span class='ocrx_word' id='word_1_1044' title='bbox 1412 2580 1544 2611; x_wconf 90' lang='lat' dir='ltr'>terram</span> <span class='ocrx_word' id='word_1_1045' title='bbox 1585 2579 1688 2618; x_wconf 88' lang='lat' dir='ltr'>sunt,</span> <span class='ocrx_word' id='word_1_1046' title='bbox 1729 2575 1819 2610; x_wconf 88' lang='lat' dir='ltr'>rutis</span> <span class='ocrx_word' id='word_1_1047' title='bbox 1855 2578 1892 2611; x_wconf 89' lang='lat' dir='ltr'>et</span> <span class='ocrx_word' id='word_1_1048' title='bbox 1925 2574 2038 2610; x_wconf 86' lang='lat' dir='ltr'>caesis</span> <span class='ocrx_word' id='word_1_1049' title='bbox 2073 2573 2214 2610; x_wconf 88' lang='lat' dir='ltr'>cedunt.</span> <span class='ocrx_word' id='word_1_1050' title='bbox 2262 2575 2293 2610; x_wconf 91' lang='lat' dir='ltr'>T</span> <span class='ocrx_word' id='word_1_1051' title='bbox 2373 2586 2428 2619; x_wconf 84' lang='lat' dir='ltr'>ae,</span> 
     </span>
     <span class='ocr_line' id='line_1_133' title="bbox 1346 2619 2427 2672; baseline 0 -16"><span class='ocrx_word' id='word_1_1052' title='bbox 1346 2630 1438 2666; x_wconf 89' lang='lat' dir='ltr'>quae</span> <span class='ocrx_word' id='word_1_1053' title='bbox 1460 2620 1618 2656; x_wconf 89' lang='lat' dir='ltr'>nondum</span> <span class='ocrx_word' id='word_1_1054' title='bbox 1641 2619 1811 2656; x_wconf 84' lang='lat' dir='ltr'>aedificiis</span> <span class='ocrx_word' id='word_1_1055' title='bbox 1834 2619 2022 2672; x_wconf 85' lang='lat' dir='ltr'>impositae</span> <span class='ocrx_word' id='word_1_1056' title='bbox 2050 2622 2152 2663; x_wconf 88' lang='lat' dir='ltr'>sunt,</span> <span class='ocrx_word' id='word_1_1057' title='bbox 2184 2630 2343 2664; x_wconf 88' lang='lat' dir='ltr'>quamvis</span> <span class='ocrx_word' id='word_1_1058' title='bbox 2374 2624 2427 2656; x_wconf 88' lang='lat' dir='ltr'>te-</span> 
     </span>
     <span class='ocr_line' id='line_1_134' title="bbox 1344 2664 2426 2711; baseline 0 -10"><span class='ocrx_word' id='word_1_1059' title='bbox 1344 2665 1449 2711; x_wconf 86' lang='lat' dir='ltr'>gendi</span> <span class='ocrx_word' id='word_1_1060' title='bbox 1511 2665 1585 2701; x_wconf 89' lang='lat' dir='ltr'>atia</span> <span class='ocrx_word' id='word_1_1061' title='bbox 1606 2665 1737 2701; x_wconf 88' lang='lat' dir='ltr'>allatae</span> <span class='ocrx_word' id='word_1_1062' title='bbox 1759 2669 1862 2707; x_wconf 88' lang='lat' dir='ltr'>sunt,</span> <span class='ocrx_word' id='word_1_1063' title='bbox 1892 2675 1930 2699; x_wconf 91' lang='lat' dir='ltr'>in</span> <span class='ocrx_word' id='word_1_1064' title='bbox 1959 2664 2048 2700; x_wconf 90' lang='lat' dir='ltr'>rutis</span> <span class='ocrx_word' id='word_1_1065' title='bbox 2080 2668 2116 2699; x_wconf 88' lang='lat' dir='ltr'>et</span> <span class='ocrx_word' id='word_1_1066' title='bbox 2146 2664 2260 2700; x_wconf 85' lang='lat' dir='ltr'>caesis</span> <span class='ocrx_word' id='word_1_1067' title='bbox 2291 2665 2426 2701; x_wconf 87' lang='lat' dir='ltr'>haben-</span> 
     </span>
     <span class='ocr_line' id='line_1_135' title="bbox 1345 2708 2428 2754; baseline 0 -8"><span class='ocrx_word' id='word_1_1068' title='bbox 1345 2715 1421 2746; x_wconf 92' lang='lat' dir='ltr'>tur:</span> <span class='ocrx_word' id='word_1_1069' title='bbox 1455 2720 1477 2745; x_wconf 85' lang='lat' dir='ltr'>a</span> <span class='ocrx_word' id='word_1_1070' title='bbox 1492 2710 1553 2746; x_wconf 84' lang='lat' dir='ltr'>&#39;ud</span> <span class='ocrx_word' id='word_1_1071' title='bbox 1574 2709 1661 2746; x_wconf 86' lang='lat' dir='ltr'>iuris</span> <span class='ocrx_word' id='word_1_1072' title='bbox 1685 2713 1741 2746; x_wconf 90' lang='lat' dir='ltr'>est</span> <span class='ocrx_word' id='word_1_1073' title='bbox 1761 2709 1800 2745; x_wconf 88' lang='lat' dir='ltr'>in</span> <span class='ocrx_word' id='word_1_1074' title='bbox 1828 2709 1903 2752; x_wconf 87' lang='lat' dir='ltr'>his,</span> <span class='ocrx_word' id='word_1_1075' title='bbox 1935 2719 2027 2754; x_wconf 88' lang='lat' dir='ltr'>quae</span> <span class='ocrx_word' id='word_1_1076' title='bbox 2059 2708 2243 2745; x_wconf 81' lang='lat' dir='ltr'>deti-actae</span> <span class='ocrx_word' id='word_1_1077' title='bbox 2274 2714 2358 2746; x_wconf 89' lang='lat' dir='ltr'>sunt</span> <span class='ocrx_word' id='word_1_1078' title='bbox 2387 2715 2428 2746; x_wconf 90' lang='lat' dir='ltr'>ut</span> 
     </span>
     <span class='ocr_line' id='line_1_136' title="bbox 1345 2753 2116 2801; baseline -0.003 -10"><span class='ocrx_word' id='word_1_1079' title='bbox 1345 2759 1619 2801; x_wconf 84' lang='lat' dir='ltr'>reponerentur:</span> <span class='ocrx_word' id='word_1_1080' title='bbox 1643 2754 1791 2791; x_wconf 86' lang='lat' dir='ltr'>aedibus</span> <span class='ocrx_word' id='word_1_1081' title='bbox 1815 2754 1907 2790; x_wconf 86' lang='lat' dir='ltr'>enim</span> <span class='ocrx_word' id='word_1_1082' title='bbox 1929 2753 2116 2790; x_wconf 88' lang='lat' dir='ltr'>accedunt.</span> 
     </span>
    </p>

    <p class='ocr_par' dir='ltr' id='par_1_12' title="bbox 1345 2797 2427 2935">
     <span class='ocr_line' id='line_1_137' title="bbox 1394 2797 2427 2846; baseline 0 -9"><span class='ocrx_word' id='word_1_1083' title='bbox 1394 2797 1444 2838; x_wconf 84' lang='lat'>19</span> <span class='ocrx_word' id='word_1_1084' title='bbox 1480 2800 1605 2837; x_wconf 60' lang='lat' dir='ltr'>Gsms</span> <span class='ocrx_word' id='word_1_1085' title='bbox 1629 2801 1680 2836; x_wconf 82' lang='lat' dir='ltr'>ad</span> <span class='ocrx_word' id='word_1_1086' title='bbox 1708 2799 1861 2836; x_wconf 79' lang='lat' dir='ltr'>edictum</span> <span class='ocrx_word' id='word_1_1087' title='bbox 1885 2799 2073 2846; x_wconf 76' lang='lat' dir='ltr'>praetoris</span> <span class='ocrx_word' id='word_1_1088' title='bbox 2103 2798 2207 2834; x_wconf 81' lang='lat' dir='ltr'>titulo</span> <span class='ocrx_word' id='word_1_1089' title='bbox 2237 2798 2283 2835; x_wconf 74' lang='lat' dir='ltr'>de</span> <span class='ocrx_word' id='word_1_1090' title='bbox 2337 2800 2427 2837; x_wconf 67' lang='lat' dir='ltr'>ablu·-</span> 
     </span>
     <span class='ocr_line' id='line_1_138' title="bbox 1345 2843 2424 2890; baseline 0 -9"><span class='ocrx_word' id='word_1_1091' title='bbox 1345 2846 1447 2882; x_wconf 81' lang='lat' dir='ltr'>canis</span> <span class='ocrx_word' id='word_1_1092' title='bbox 1491 2844 1638 2881; x_wconf 90' lang='lat' dir='ltr'>Veteres</span> <span class='ocrx_word' id='word_1_1093' title='bbox 1660 2845 1697 2880; x_wconf 90' lang='lat' dir='ltr'>in</span> <span class='ocrx_word' id='word_1_1094' title='bbox 1721 2844 1898 2890; x_wconf 89' lang='lat' dir='ltr'>emptione</span> <span class='ocrx_word' id='word_1_1095' title='bbox 1919 2843 2189 2889; x_wconf 88' lang='lat' dir='ltr'>venditioneque</span> <span class='ocrx_word' id='word_1_1096' title='bbox 2211 2854 2282 2890; x_wconf 89' lang='lat' dir='ltr'>app</span> <span class='ocrx_word' id='word_1_1097' title='bbox 2333 2845 2424 2881; x_wconf 88' lang='lat' dir='ltr'>atio·</span> 
     </span>
     <span class='ocr_line' id='line_1_139' title="bbox 1345 2889 2091 2935; baseline 0 -10"><span class='ocrx_word' id='word_1_1098' title='bbox 1345 2891 1450 2926; x_wconf 90' lang='lat' dir='ltr'>nibus</span> <span class='ocrx_word' id='word_1_1099' title='bbox 1472 2889 1675 2935; x_wconf 87' lang='lat' dir='ltr'>promiscue</span> <span class='ocrx_word' id='word_1_1100' title='bbox 1697 2889 1900 2926; x_wconf 85' lang='lat' dir='ltr'>utebantur.</span> <span class='ocrx_word' id='word_1_1101' title='bbox 2083 2901 2091 2910; x_wconf 90' lang='lat'><strong>·</strong></span> 
     </span>
    </p>

    <p class='ocr_par' dir='ltr' id='par_1_13' title="bbox 1345 2933 2424 3016">
     <span class='ocr_line' id='line_1_140' title="bbox 1391 2933 2424 2982; baseline 0 -10"><span class='ocrx_word' id='word_1_1102' title='bbox 1391 2933 1445 2973; x_wconf 83' lang='lat'>20</span> <span class='ocrx_word' id='word_1_1103' title='bbox 1476 2934 1585 2970; x_wconf 63' lang='lat' dir='ltr'>IDEM</span> <span class='ocrx_word' id='word_1_1104' title='bbox 1609 2934 1700 2971; x_wconf 75' lang='lat' dir='ltr'>libro</span> <span class='ocrx_word' id='word_1_1105' title='bbox 1722 2934 1887 2970; x_wconf 77' lang='lat' dir='ltr'>vicesimo</span> <span class='ocrx_word' id='word_1_1106' title='bbox 1902 2934 2027 2980; x_wconf 80' lang='lat' dir='ltr'>primo</span> <span class='ocrx_word' id='word_1_1107' title='bbox 2042 2934 2069 2955; x_wconf 83' lang='lat'>¹⁶</span> <span class='ocrx_word' id='word_1_1108' title='bbox 2092 2933 2143 2969; x_wconf 84' lang='lat' dir='ltr'>ad</span> <span class='ocrx_word' id='word_1_1109' title='bbox 2162 2933 2317 2970; x_wconf 76' lang='lat' dir='ltr'>edictum</span> <span class='ocrx_word' id='word_1_1110' title='bbox 2333 2947 2424 2982; x_wconf 83' lang='lat' dir='ltr'>pro-</span> 
     </span>
     <span class='ocr_line' id='line_1_141' title="bbox 1345 2978 2368 3016; baseline 0 0"><span class='ocrx_word' id='word_1_1111' title='bbox 1345 2979 1500 3016; x_wconf 78' lang='lat' dir='ltr'>vinciale</span> <span class='ocrx_word' id='word_1_1112' title='bbox 1543 2979 1642 3016; x_wconf 89' lang='lat' dir='ltr'>Idem</span> <span class='ocrx_word' id='word_1_1113' title='bbox 1665 2982 1721 3015; x_wconf 91' lang='lat' dir='ltr'>est</span> <span class='ocrx_word' id='word_1_1114' title='bbox 1742 2982 1779 3014; x_wconf 90' lang='lat' dir='ltr'>et</span> <span class='ocrx_word' id='word_1_1115' title='bbox 1799 2978 1838 3014; x_wconf 90' lang='lat' dir='ltr'>in</span> <span class='ocrx_word' id='word_1_1116' title='bbox 1859 2978 2039 3014; x_wconf 86' lang='lat' dir='ltr'>locatione</span> <span class='ocrx_word' id='word_1_1117' title='bbox 2061 2982 2099 3014; x_wconf 88' lang='lat' dir='ltr'>et</span> <span class='ocrx_word' id='word_1_1118' title='bbox 2120 2979 2368 3016; x_wconf 87' lang='lat' dir='ltr'>conductione.</span> 
     </span>
    </p>

    <p class='ocr_par' dir='ltr' id='par_1_14' title="bbox 1344 3022 2426 3428">
     <span class='ocr_line' id='line_1_142' title="bbox 1391 3022 2425 3070; baseline 0 -8"><span class='ocrx_word' id='word_1_1119' title='bbox 1391 3022 1441 3062; x_wconf 88' lang='lat'>21</span> <span class='ocrx_word' id='word_1_1120' title='bbox 1468 3023 1628 3061; x_wconf 58' lang='lat' dir='ltr'>Panos</span> <span class='ocrx_word' id='word_1_1121' title='bbox 1653 3024 1744 3060; x_wconf 78' lang='lat' dir='ltr'>libro</span> <span class='ocrx_word' id='word_1_1122' title='bbox 1777 3024 1959 3070; x_wconf 74' lang='lat' dir='ltr'>triqesi&#39;mo</span> <span class='ocrx_word' id='word_1_1123' title='bbox 1991 3024 2095 3059; x_wconf 81' lang='lat' dir='ltr'>tertio</span> <span class='ocrx_word' id='word_1_1124' title='bbox 2118 3023 2170 3059; x_wconf 84' lang='lat' dir='ltr'>ad</span> <span class='ocrx_word' id='word_1_1125' title='bbox 2190 3024 2342 3060; x_wconf 80' lang='lat' dir='ltr'>edictum</span> <span class='ocrx_word' id='word_1_1126' title='bbox 2388 3025 2425 3062; x_wconf 87' lang='lat' dir='ltr'>Si</span> 
     </span>
     <span class='ocr_line' id='line_1_143' title="bbox 1345 3068 2424 3113; baseline 0.001 -8"><span class='ocrx_word' id='word_1_1127' title='bbox 1345 3069 1473 3105; x_wconf 89' lang='lat' dir='ltr'>sterilis</span> <span class='ocrx_word' id='word_1_1128' title='bbox 1497 3069 1626 3104; x_wconf 88' lang='lat' dir='ltr'>ancilla</span> <span class='ocrx_word' id='word_1_1129' title='bbox 1648 3068 1714 3112; x_wconf 90' lang='lat' dir='ltr'>sit,</span> <span class='ocrx_word' id='word_1_1130' title='bbox 1738 3068 1839 3104; x_wconf 91' lang='lat' dir='ltr'>cuius</span> <span class='ocrx_word' id='word_1_1131' title='bbox 1862 3072 1988 3113; x_wconf 90' lang='lat' dir='ltr'>partus</span> <span class='ocrx_word' id='word_1_1132' title='bbox 2011 3068 2125 3111; x_wconf 86' lang='lat' dir='ltr'>venit,</span> <span class='ocrx_word' id='word_1_1133' title='bbox 2148 3068 2203 3104; x_wconf 89' lang='lat' dir='ltr'>vel</span> <span class='ocrx_word' id='word_1_1134' title='bbox 2225 3070 2339 3105; x_wconf 86' lang='lat' dir='ltr'>maior</span> <span class='ocrx_word' id='word_1_1135' title='bbox 2361 3080 2424 3106; x_wconf 89' lang='lat' dir='ltr'>an·</span> 
     </span>
     <span class='ocr_line' id='line_1_144' title="bbox 1345 3113 2424 3161; baseline 0.002 -12"><span class='ocrx_word' id='word_1_1136' title='bbox 1345 3115 1399 3150; x_wconf 90' lang='lat' dir='ltr'>nis</span> <span class='ocrx_word' id='word_1_1137' title='bbox 1419 3113 1683 3159; x_wconf 83' lang='lat' dir='ltr'>quinquaginta,</span> <span class='ocrx_word' id='word_1_1138' title='bbox 1704 3124 1784 3149; x_wconf 93' lang='lat' dir='ltr'>cum</span> <span class='ocrx_word' id='word_1_1139' title='bbox 1802 3113 1839 3148; x_wconf 88' lang='lat' dir='ltr'>id</span> <span class='ocrx_word' id='word_1_1140' title='bbox 1853 3117 1990 3158; x_wconf 90' lang='lat' dir='ltr'>emptor</span> <span class='ocrx_word' id='word_1_1141' title='bbox 1999 3113 2223 3158; x_wconf 73' lang='lat' dir='ltr'>ignoraverit,</span> <span class='ocrx_word' id='word_1_1142' title='bbox 2243 3125 2287 3150; x_wconf 87' lang='lat' dir='ltr'>ex</span> <span class='ocrx_word' id='word_1_1143' title='bbox 2307 3118 2424 3161; x_wconf 88' lang='lat' dir='ltr'>empto</span> 
     </span>
     <span class='ocr_line' id='line_1_145' title="bbox 1348 3157 2426 3204; baseline 0.001 -10"><span class='ocrx_word' id='word_1_1144' title='bbox 1348 3162 1361 3193; x_wconf 85' lang='lat' dir='ltr'>i</span> <span class='ocrx_word' id='word_1_1145' title='bbox 1411 3162 1551 3194; x_wconf 89' lang='lat' dir='ltr'>tenetur</span> <span class='ocrx_word' id='word_1_1146' title='bbox 1580 3157 1752 3194; x_wconf 85' lang='lat' dir='ltr'>venditor.</span> <span class='ocrx_word' id='word_1_1147' title='bbox 1800 3157 1839 3194; x_wconf 91' lang='lat' dir='ltr'>Si</span> <span class='ocrx_word' id='word_1_1148' title='bbox 1867 3157 2005 3204; x_wconf 90' lang='lat' dir='ltr'>praedii</span> <span class='ocrx_word' id='word_1_1149' title='bbox 2034 3157 2196 3194; x_wconf 89' lang='lat' dir='ltr'>venditor</span> <span class='ocrx_word' id='word_1_1150' title='bbox 2226 3169 2298 3195; x_wconf 91' lang='lat' dir='ltr'>non</span> <span class='ocrx_word' id='word_1_1151' title='bbox 2329 3159 2426 3195; x_wconf 88' lang='lat' dir='ltr'>dicat</span> 
     </span>
     <span class='ocr_line' id='line_1_146' title="bbox 1345 3202 2423 3249; baseline 0.001 -10"><span class='ocrx_word' id='word_1_1152' title='bbox 1345 3203 1390 3240; x_wconf 89' lang='lat' dir='ltr'>de</span> <span class='ocrx_word' id='word_1_1153' title='bbox 1412 3204 1545 3240; x_wconf 72' lang='lat' dir='ltr'>tributo</span> <span class='ocrx_word' id='word_1_1154' title='bbox 1569 3202 1704 3246; x_wconf 83' lang='lat' dir='ltr'>sciens,</span> <span class='ocrx_word' id='word_1_1155' title='bbox 1736 3206 1879 3239; x_wconf 88' lang='lat' dir='ltr'>tenetur</span> <span class='ocrx_word' id='word_1_1156' title='bbox 1901 3213 1946 3239; x_wconf 90' lang='lat' dir='ltr'>ex</span> <span class='ocrx_word' id='word_1_1157' title='bbox 1968 3206 2104 3247; x_wconf 87' lang='lat' dir='ltr'>empto:</span> <span class='ocrx_word' id='word_1_1158' title='bbox 2160 3203 2233 3238; x_wconf 89' lang='lat' dir='ltr'>uod</span> <span class='ocrx_word' id='word_1_1159' title='bbox 2263 3204 2295 3240; x_wconf 88' lang='lat' dir='ltr'>si</span> <span class='ocrx_word' id='word_1_1160' title='bbox 2324 3204 2423 3249; x_wconf 81' lang='lat' dir='ltr'>igno-</span> 
     </span>
     <span class='ocr_line' id='line_1_147' title="bbox 1345 3247 2423 3301; baseline 0.001 -17"><span class='ocrx_word' id='word_1_1161' title='bbox 1345 3259 1429 3284; x_wconf 89' lang='lat' dir='ltr'>rans</span> <span class='ocrx_word' id='word_1_1162' title='bbox 1452 3259 1525 3284; x_wconf 90' lang='lat' dir='ltr'>non</span> <span class='ocrx_word' id='word_1_1163' title='bbox 1547 3247 1782 3293; x_wconf 85' lang='lat' dir='ltr'>praedixerit,</span> <span class='ocrx_word' id='word_1_1164' title='bbox 1816 3247 1910 3293; x_wconf 89' lang='lat' dir='ltr'>quod</span> <span class='ocrx_word' id='word_1_1165' title='bbox 1933 3247 2026 3283; x_wconf 83' lang='lat' dir='ltr'>forte</span> <span class='ocrx_word' id='word_1_1166' title='bbox 2047 3247 2131 3283; x_wconf 87' lang='lat' dir='ltr'>here</span> <span class='ocrx_word' id='word_1_1167' title='bbox 2159 3248 2299 3284; x_wconf 85' lang='lat' dir='ltr'>‘tarium</span> <span class='ocrx_word' id='word_1_1168' title='bbox 2321 3259 2423 3301; x_wconf 81' lang='lat' dir='ltr'>prae-</span> 
     </span>
     <span class='ocr_line' id='line_1_148' title="bbox 1346 3291 2423 3346; baseline 0.002 -18"><span class='ocrx_word' id='word_1_1169' title='bbox 1346 3295 1365 3328; x_wconf 87' lang='lat'><strong>2</strong></span> <span class='ocrx_word' id='word_1_1170' title='bbox 1413 3292 1510 3346; x_wconf 79' lang='lat' dir='ltr'>dium</span> <span class='ocrx_word' id='word_1_1171' title='bbox 1533 3296 1716 3335; x_wconf 58' lang='lat' dir='ltr'>erat,4non</span> <span class='ocrx_word' id='word_1_1172' title='bbox 1738 3295 1889 3345; x_wconf 74' lang='lat' dir='ltr'>tenetur.</span> <span class='ocrx_word' id='word_1_1173' title='bbox 1936 3291 2102 3336; x_wconf 78' lang='lat' dir='ltr'>Quamvis</span> <span class='ocrx_word' id='word_1_1174' title='bbox 2126 3302 2169 3328; x_wconf 86' lang='lat' dir='ltr'>su</span> <span class='ocrx_word' id='word_1_1175' title='bbox 2188 3303 2236 3345; x_wconf 34' lang='lat' dir='ltr'>*ra</span> <span class='ocrx_word' id='word_1_1176' title='bbox 2259 3293 2423 3337; x_wconf 80' lang='lat' dir='ltr'>diximus,</span> 
     </span>
     <span class='ocr_line' id='line_1_149' title="bbox 1344 3336 2424 3428; baseline 0.002 -10"><span class='ocrx_word' id='word_1_1177' title='bbox 1344 3341 1969 3428; x_wconf 59' lang='lat' dir='ltr'>ffl.„¹3.„23213025„p033¹323.“22225</span> <span class='ocrx_word' id='word_1_1178' title='bbox 1977 3336 2291 3419; x_wconf 43' lang='lat' dir='ltr'>affinium.</span> <span class='ocrx_word' id='word_1_1179' title='bbox 2307 3342 2424 3420; x_wconf 53' lang='grc' dir='ltr'>ἓξὲξ</span> 
     </span>
    </p>
   </div>
   <div class='ocr_carea' id='block_1_7' title="bbox 1342 3494 2080 3718">
    <p class='ocr_par' dir='ltr' id='par_1_15' title="bbox 1342 3494 2080 3718">
     <span class='ocr_line' id='line_1_150' title="bbox 1344 3494 1701 3529; baseline 0.003 -1"><span class='ocrx_word' id='word_1_1180' title='bbox 1344 3494 1467 3528; x_wconf 83' lang='lat' dir='ltr'>babilis</span> <span class='ocrx_word' id='word_1_1181' title='bbox 1480 3495 1613 3528; x_wconf 81' lang='lat' dir='ltr'>dicatur</span> <span class='ocrx_word' id='word_1_1182' title='bbox 1629 3496 1701 3529; x_wconf 75' lang='lat' dir='ltr'>Vat-</span> 
     </span>
     <span class='ocr_line' id='line_1_151' title="bbox 1345 3539 1886 3584; baseline -0.006 -9"><span class='ocrx_word' id='word_1_1183' title='bbox 1345 3542 1388 3583; x_wconf 80' lang='grc' dir='ltr'>(τ)</span> <span class='ocrx_word' id='word_1_1184' title='bbox 1412 3539 1504 3573; x_wconf 86' lang='lat' dir='ltr'>lenes</span> <span class='ocrx_word' id='word_1_1185' title='bbox 1517 3541 1572 3584; x_wconf 69' lang='lat' dir='ltr'>(qs.</span> <span class='ocrx_word' id='word_1_1186' title='bbox 1584 3541 1630 3574; x_wconf 92' lang='lat' dir='ltr'>D.</span> <span class='ocrx_word' id='word_1_1187' title='bbox 1643 3541 1674 3581; x_wconf 87' lang='lat'>8,</span> <span class='ocrx_word' id='word_1_1188' title='bbox 1687 3549 1715 3581; x_wconf 71' lang='lat'>5,</span> <span class='ocrx_word' id='word_1_1189' title='bbox 1728 3548 1771 3581; x_wconf 82' lang='lat'>1¹1,</span> <span class='ocrx_word' id='word_1_1190' title='bbox 1785 3541 1811 3582; x_wconf 82' lang='lat' dir='ltr'>i)</span> <span class='ocrx_word' id='word_1_1191' title='bbox 1824 3552 1886 3574; x_wconf 75' lang='lat' dir='ltr'>ner.</span> 
     </span>
     <span class='ocr_line' id='line_1_152' title="bbox 1342 3584 2080 3627; baseline 0 -8"><span class='ocrx_word' id='word_1_1192' title='bbox 1342 3597 1405 3620; x_wconf 71' lang='lat' dir='ltr'>scr.</span> <span class='ocrx_word' id='word_1_1193' title='bbox 1488 3587 1548 3627; x_wconf 81' lang='lat' dir='ltr'>(io)</span> <span class='ocrx_word' id='word_1_1194' title='bbox 1573 3585 1684 3618; x_wconf 84' lang='lat' dir='ltr'>caveri</span> <span class='ocrx_word' id='word_1_1195' title='bbox 1694 3597 1758 3619; x_wconf 73' lang='lat' dir='ltr'>scr.</span> <span class='ocrx_word' id='word_1_1196' title='bbox 1839 3586 1893 3627; x_wconf 84' lang='lat' dir='ltr'>(ii)</span> <span class='ocrx_word' id='word_1_1197' title='bbox 1917 3584 2007 3617; x_wconf 85' lang='lat' dir='ltr'>enim</span> <span class='ocrx_word' id='word_1_1198' title='bbox 2019 3586 2080 3619; x_wconf 80' lang='lat' dir='ltr'>del.</span> 
     </span>
     <span class='ocr_line' id='line_1_153' title="bbox 1344 3630 1605 3673; baseline -0.004 -8"><span class='ocrx_word' id='word_1_1199' title='bbox 1344 3631 1403 3672; x_wconf 67' lang='grc' dir='ltr'>(ιδ)</span> <span class='ocrx_word' id='word_1_1200' title='bbox 1424 3632 1531 3673; x_wconf 73' lang='lat' dir='ltr'>putea</span> <span class='ocrx_word' id='word_1_1201' title='bbox 1542 3630 1605 3664; x_wconf 79' lang='lat' dir='ltr'>del.</span> 
     </span>
     <span class='ocr_line' id='line_1_154' title="bbox 1343 3674 1809 3718; baseline -0.002 -10"><span class='ocrx_word' id='word_1_1202' title='bbox 1343 3684 1506 3718; x_wconf 79' lang='lat' dir='ltr'>personas</span> <span class='ocrx_word' id='word_1_1203' title='bbox 1597 3676 1656 3717; x_wconf 71' lang='grc' dir='ltr'>(ιι)</span> <span class='ocrx_word' id='word_1_1204' title='bbox 1679 3674 1762 3708; x_wconf 77' lang='lat' dir='ltr'>haec</span> <span class='ocrx_word' id='word_1_1205' title='bbox 1774 3674 1809 3707; x_wconf 75' lang='lat' dir='ltr'><em>F</em></span> 
     </span>
    </p>
   </div>
   <div class='ocr_carea' id='block_1_8' title="bbox 1818 3493 2427 3628">
    <p class='ocr_par' dir='ltr' id='par_1_16' title="bbox 1818 3493 2427 3628">
     <span class='ocr_line' id='line_1_155' title="bbox 1818 3493 2423 3538; baseline 0 -9"><span class='ocrx_word' id='word_1_1206' title='bbox 1818 3497 1862 3537; x_wconf 65' lang='lat' dir='ltr'>(a)</span> <span class='ocrx_word' id='word_1_1207' title='bbox 1886 3495 1916 3527; x_wconf 87' lang='lat' dir='ltr'>is</span> <span class='ocrx_word' id='word_1_1208' title='bbox 1929 3497 1989 3529; x_wconf 71' lang='lat' dir='ltr'>ine.</span> <span class='ocrx_word' id='word_1_1209' title='bbox 2003 3495 2056 3528; x_wconf 64' lang='grc' dir='ltr'>Ρ*</span> <span class='ocrx_word' id='word_1_1210' title='bbox 2169 3497 2214 3538; x_wconf 77' lang='grc' dir='ltr'>(ο)</span> <span class='ocrx_word' id='word_1_1211' title='bbox 2238 3498 2359 3538; x_wconf 84' lang='lat' dir='ltr'>puteus</span> <span class='ocrx_word' id='word_1_1212' title='bbox 2371 3493 2423 3529; x_wconf 73' lang='lat' dir='ltr'>F·</span> 
     </span>
     <span class='ocr_line' id='line_1_156' title="bbox 1981 3540 2423 3584; baseline -0.005 -9"><span class='ocrx_word' id='word_1_1213' title='bbox 1981 3542 2025 3582; x_wconf 83' lang='grc'>(8)</span> <span class='ocrx_word' id='word_1_1214' title='bbox 2050 3540 2220 3584; x_wconf 83' lang='lat' dir='ltr'>pupilliF</span> <span class='ocrx_word' id='word_1_1215' title='bbox 2300 3542 2345 3582; x_wconf 75' lang='grc' dir='ltr'>(ο)</span> <span class='ocrx_word' id='word_1_1216' title='bbox 2369 3540 2423 3573; x_wconf 85' lang='lat' dir='ltr'>vel</span> 
     </span>
     <span class='ocr_line' id='line_1_157' title="bbox 2162 3584 2427 3628; baseline -0.008 -8"><span class='ocrx_word' id='word_1_1217' title='bbox 2162 3587 2221 3627; x_wconf 80' lang='lat'><strong>(¹2)</strong></span> <span class='ocrx_word' id='word_1_1218' title='bbox 2244 3584 2427 3628; x_wconf 79' lang='lat' dir='ltr'>utputaeF&#39;</span> 
     </span>
    </p>
   </div>
   <div class='ocr_carea' id='block_1_9' title="bbox 1893 3674 2219 3717">
    <p class='ocr_par' dir='ltr' id='par_1_17' title="bbox 1893 3674 2219 3717">
     <span class='ocr_line' id='line_1_158' title="bbox 1893 3674 2219 3717; baseline -0.006 -8"><span class='ocrx_word' id='word_1_1219' title='bbox 1893 3675 1952 3715; x_wconf 76' lang='grc' dir='ltr'>(ιο)</span> <span class='ocrx_word' id='word_1_1220' title='bbox 1977 3674 2086 3717; x_wconf 79' lang='lat' dir='ltr'>primo</span> <span class='ocrx_word' id='word_1_1221' title='bbox 2098 3687 2157 3709; x_wconf 74' lang='lat' dir='ltr'>om.</span> <span class='ocrx_word' id='word_1_1222' title='bbox 2167 3674 2202 3707; x_wconf 74' lang='lat' dir='ltr'><em>F</em></span> <span class='ocrx_word' id='word_1_1223' title='bbox 2208 3674 2219 3695; x_wconf 89' lang='lat'>¹</span> 
     </span>
    </p>
   </div>
   <div class='ocr_carea' id='block_1_10' title="bbox 1683 3629 2505 3683">
    <p class='ocr_par' dir='ltr' id='par_1_18' title="bbox 1683 3608 2528 3683">
     <span class='ocr_line' id='line_1_159' title="bbox 1683 3629 2505 3683; baseline -0.027 -6"><span class='ocrx_word' id='word_1_1224' title='bbox 1683 3631 1742 3673; x_wconf 79' lang='lat'><strong>(¹⁴)</strong></span> <span class='ocrx_word' id='word_1_1225' title='bbox 1765 3639 1906 3673; x_wconf 59' lang='lat' dir='ltr'>‘lurum</span> <span class='ocrx_word' id='word_1_1226' title='bbox 1918 3630 1990 3664; x_wconf 76' lang='lat' dir='ltr'>edd.</span> <span class='ocrx_word' id='word_1_1227' title='bbox 2001 3643 2013 3663; x_wconf 93' lang='lat'>.·</span> <span class='ocrx_word' id='word_1_1228' title='bbox 2025 3637 2083 3664; x_wconf 73' lang='lat' dir='ltr'>aiat</span> <span class='ocrx_word' id='word_1_1229' title='bbox 2095 3631 2172 3664; x_wconf 83' lang='lat' dir='ltr'>add.</span> <span class='ocrx_word' id='word_1_1230' title='bbox 2185 3629 2338 3663; x_wconf 76' lang='lat' dir='ltr'>leonesve</span> <span class='ocrx_word' id='word_1_1231' title='bbox 2345 3636 2423 3674; x_wconf 75' lang='lat' dir='ltr'>pm</span> <span class='ocrx_word' id='word_1_1232' title='bbox 2492 3635 2505 3683; x_wconf 53' lang='lat' dir='ltr'><em>f</em></span> 
     </span>
    </p>
   </div>
   <div class='ocr_carea' id='block_1_11' title="bbox 2483 3600 2528 3918">
    <p class='ocr_par' dir='ltr' id='par_1_19' title="bbox 2483 3600 2528 3918">
     <span class='ocr_line' id='line_1_160' title="bbox 2483 3600 2528 3918; baseline 0 0"><span class='ocrx_word' id='word_1_1233' title='bbox 2483 3600 2528 3918; x_wconf 95' lang='lat' dir='ltr'> </span> 
     </span>
    </p>
   </div>
  </div>
 </body>
</html>
