2528 3918
141 126 198 156 ET
227 125 585 157 FIDEICOMMISSIS

140 248 226 281 gans
258 239 313 272 est
342 236 404 272 1118
427 236 626 278 distinctio,
657 238 714 277 ut,
748 235 909 280 quotiens
935 239 1072 270 certum
1098 246 1229 281 corpus

140 283 295 326 legatur,
328 282 373 317 ad
404 292 574 327 praesens
607 286 747 325 tempus
779 280 957 315 adiectum
987 281 1057 316 hoc
1083 282 1229 317 verbum

140 327 301 361 ‘meum’¹
335 338 407 362 non
437 327 547 362 faciat
579 325 840 367 condicionem,
876 325 906 360 si
938 335 1020 360 vero
1051 326 1229 361 incertum

140 382 269 416 corpus
294 371 448 416 legetur,
481 371 589 406 veluti
615 371 667 405 ita
691 370 783 405 ‘vina
806 371 895 405 mea'
921 372 1064 406 ‘vestem
1090 371 1228 413 meam',

138 416 298 451 videatur
327 428 393 462 pro
428 416 633 452 condicione
666 416 734 450 hoc
766 415 914 450 verbum
938 425 1015 451 esse
1041 417 1156 458 ‘mea',
1189 419 1230 451 ut

139 472 181 496 ea
205 461 364 504 demum,
391 472 479 506 quae
503 461 599 496 illius
623 461 713 503 sint,
746 460 934 495 videantur
956 461 1085 505 legata.
1134 460 1230 506 quod

138 517 209 541 non
240 511 328 551 puto
360 507 500 542 fortiter
530 516 637 551 posse
669 505 828 548 defendi,
861 504 924 540 sed
954 506 1074 550 potius
1108 510 1143 541 et
1169 506 1228 541 hic

138 556 269 586 vestem
301 552 356 587 vel
387 551 524 594 vinum,
565 550 661 596 quod
691 561 838 586 suorum
870 561 1016 586 numero
1049 551 1226 593 habuerit,

138 597 206 631 hoc
240 597 394 641 legatum
429 607 526 632 esse:
566 596 618 632 sic
657 596 750 631 enim
784 606 994 640 responsum
1031 601 1086 632 est
1122 596 1227 631 etiam

138 641 233 686 quod
258 641 463 677 (1086861112
486 642 604 676 vinum
626 641 743 686 legato
769 641 912 682 cedere,
948 641 977 675 si
1005 642 1042 676 id
1066 642 1138 676 vini
1160 652 1226 676 nu-

137 697 235 722 mero
266 690 417 722 testator
447 687 642 722 habuisset.
697 685 803 731 plane
841 686 878 720 in
912 687 1035 722 mortis
1066 691 1227 732 tempore

138 732 306 767 collatum
342 732 439 767 hunc
481 742 677 767 sermonem
714 735 875 773 ‘vestem‚
917 742 1007 775 quae
1039 742 1119 767 mea
1149 732 1225 767 erit’

137 778 213 812 sine
237 777 344 812 dubio
368 788 434 822 pro
460 777 668 813 condicione
692 776 939 821 accipiendum
989 781 1068 812 uto:
1104 777 1168 812 sed
1192 780 1228 812 et

137 822 309 856 ‘Stichum
342 822 402 866 qui
433 832 532 858 meus
565 822 642 857 erit'
673 825 761 866 puto
793 832 860 866 pro
893 832 960 856 con
988 822 1104 857 'cione
1130 822 1225 857 acci-

136 867 303 912 piendum
327 878 393 902 nec
416 867 606 909 interesse,
637 871 757 901 utrum
779 866 831 900 ita
856 866 927 910 ‘qui
950 878 1051 902 meus
1075 867 1154 902 erit'
1180 877 1225 902 an

135 913 186 946 ita
211 912 252 947 ‘si
275 922 375 948 meus
400 912 497 947 erit':
531 912 722 956 utrubique
754 911 998 946 condicionem
1030 922 1111 947 eam
1134 922 1224 947 esse.

135 957 257 992 Labeo
282 962 401 992 tamen
424 957 549 992 scribit
572 957 678 993 etiam
705 958 744 991 in
767 956 927 991 futurum
950 961 1091 1002 tempus
1117 957 1226 992 colla-

135 1006 210 1036 tum
233 1003 328 1037 hunc
353 1013 550 1038 sermonem
575 1006 583 1021 ⁶
609 1003 648 1037 ui
671 1012 770 1037 meus
795 1002 872 1037 erit'
905 1013 971 1047 pro
1004 1002 1224 1038 demonstra-

135 1048 231 1096 tione
255 1048 514 1093 accipiendum,
539 1058 577 1083 se
626 1047 696 1083 alio
720 1048 798 1082 iure
822 1047 965 1082 utimur.

183 1090 235 1129 86
259 1093 416 1128 PRooUL
424 1103 468 1128 vs
484 1093 575 1128 libro
593 1094 718 1139 quinto
735 1093 971 1138 epistularum
1009 1093 1046 1128 Si
1063 1093 1113 1128 ita
1129 1093 1224 1138 lega-

135 1141 211 1172 tum
235 1142 290 1174 est
313 1138 468 1174 ‘domum
493 1148 654 1183 quaeque
673 1148 752 1173 mea
767 1137 817 1173 ibi
833 1142 947 1180 erunt,
974 1149 1055 1173 cum
1070 1138 1225 1181 moriar',

137 1194 298 1219 nummos
324 1184 370 1218 ad
394 1183 486 1219 diem
511 1188 656 1219 exactos
680 1193 702 1218 a
727 1183 965 1225 debitoribus,
995 1188 1036 1218 ut
1059 1184 1136 1218 aliis
1160 1195 1224 1219 no-

136 1228 289 1264 minibus
314 1229 596 1271 collocarentur,
624 1239 697 1264 non
720 1232 807 1273 puto
832 1229 967 1273 legatos
993 1239 1071 1264 esse
1096 1233 1131 1264 et
1153 1229 1223 1263 La-

137 1274 259 1309 beonis
292 1274 553 1309 distinctionem
584 1274 685 1309 valde
715 1274 849 1318 1110110,
891 1274 951 1318 (181
982 1274 1127 1319 scripsit
1158 1285 1225 1309 nec

137 1319 231 1363 quod
264 1330 350 1354 casu
381 1320 541 1362 abesset,
580 1319 696 1354 minus
734 1329 813 1354 esse
844 1319 999 1364 legatum
1031 1330 1097 1355 nec
1130 1320 1224 1364 quod

138 1375 222 1399 casu
246 1365 296 1399 ibi
320 1364 375 1406 sit,
402 1364 511 1409 magis
537 1374 616 1399 esse
639 1364 805 1408 legatum.

183 1406 234 1446 87
272 1409 450 1444 ΡΑυιΠ83
490 1409 579 1444 libro
619 1413 750 1454 quarto
787 1409 838 1444 ad
876 1409 988 1455 leqem
1020 1409 1154 1444 Iuliam
1191 1414 1225 1444 et

136 1454 290 1499 Papium
335 1455 386 1489 Et
408 1454 718 1490 fideicommissum
742 1458 778 1490 et
800 1455 923 1489 mortis
949 1465 1059 1490 causa
1080 1455 1223 1490 donatio

135 1511 179 1545 ap
208 1499 373 1535 ellatione
396 1500 504 1545 legati
528 1499 739 1536 continetur.

181 1511 233 1583 ἕὸ
258 1545 363 1580 IDEM
385 1545 476 1581 libro
501 1547 626 1591 quinto
650 1545 700 1580 ad
722 1546 835 1591 leqem
854 1546 989 1582 Iuliam
1013 1549 1048 1581 et
1067 1544 1223 1592 Papiam

135 1591 236 1626 Lana
266 1591 384 1635 legata
413 1594 566 1633 vestem,
603 1601 694 1635 quae
726 1601 771 1626 ex
799 1601 843 1627 ea
873 1590 972 1626 facta
1001 1592 1063 1633 sit,
1103 1592 1225 1633 deberi

138 1641 150 1670 1
202 1647 275 1671 non
305 1637 434 1681 placet.
483 1635 554 1671 Sed
585 1640 622 1671 et
650 1636 799 1671 materia
827 1636 946 1680 legata
976 1637 1076 1672 navis
1108 1647 1223 1672 arma-

136 1685 154 1715 2
202 1682 336 1717 riumve
374 1692 418 1716 ex
457 1691 500 1717 ea
538 1681 673 1716 factum
715 1692 788 1717 non
825 1681 1024 1716 vindicetur
1034 1682 1057 1715 ⁴.
1125 1682 1225 1717 Nave

134 1731 253 1761 autem
288 1727 407 1771 legata
444 1726 619 1762 dissoluta
653 1736 768 1771 neque
799 1727 948 1762 materia
979 1737 1094 1771 neque
1125 1727 1224 1763 navis

136 1778 153 1807 3
203 1772 363 1807 debetur.
410 1771 534 1807 Massa
564 1775 683 1807 autem
714 1772 831 1817 legata
854 1772 979 1817 scyphi
1003 1782 1048 1807 ex
1072 1783 1114 1807 ea
1137 1772 1224 1808 facti

134 1817 226 1861 exigi
249 1820 411 1862 possunt.

181 1861 232 1901 89
258 1862 363 1897 IDEM
392 1863 483 1898 libro
507 1866 611 1898 sexto
644 1862 693 1898 ad
716 1863 830 1909 leqem
853 1862 986 1898 Iuliam
1011 1867 1045 1898 et
1070 1863 1224 1910 Papiam

135 1909 188 1944 Re
213 1908 394 1943 coniuncti
417 1908 597 1950 videntur,
630 1919 702 1943 non
725 1908 831 1943 etiam
854 1908 988 1951 verbis,
1022 1919 1103 1943 cum
1136 1910 1223 1944 (180-

137 1955 201 1989 bus
226 1953 418 1998 separatim
443 1952 566 1988 eadem
589 1963 646 1988 res
670 1953 819 1998 legatur.
869 1954 953 1988 item
984 1954 1119 1996 verbis,
1153 1966 1225 1990 non

134 2000 239 2034 etiam
268 2009 326 2033 re:
361 1998 466 2033 ‘Titio
492 2002 527 2033 et
551 1998 631 2033 Seio
664 1998 813 2033 fundum
844 1998 965 2043 aequis
989 1999 1153 2043 partibus
1179 2000 1224 2035 do

135 2044 247 2088 ‘lego',
273 2043 439 2096 quoniam
458 2054 599 2088 semper
618 2047 740 2088 partes
758 2044 893 2079 habent
910 2044 1083 2088 legatarii.
1119 2055 1223 2089 prae-

133 2089 249 2124 fertur
276 2089 384 2133 lgitur
413 2088 613 2123 omnimodo
644 2088 791 2131 ceteris,
824 2089 884 2134 qui
915 2094 950 2124 et
981 2100 1021 2124 re
1048 2094 1083 2124 et
1106 2090 1222 2126 verbis

135 2135 345 2170 coniunctus
379 2137 445 2169 est.
494 2134 590 2178 quod
620 2133 650 2169 si
681 2144 720 2169 16
751 2138 889 2168 tantum
923 2135 1133 2170 coniunctus
1165 2137 1222 2179 sit,

135 2184 277 2215 constat
307 2190 379 2214 non
410 2190 488 2215 esse
519 2179 703 2224 potiorem.
756 2180 786 2214 si
816 2190 900 2214 vero
934 2181 1048 2215 verbis
1082 2181 1223 2225 quidem

135 2225 345 2260 coniunctus
362 2225 419 2267 sit,
437 2235 476 2260 re
492 2228 611 2260 autem
628 2235 700 2260 non
710 2226 733 2267 ⁵,
755 2225 973 2270 quaestionis
992 2230 1058 2268 est,
1076 2236 1123 2260 an
1138 2237 1221 2262 con-

134 2271 276 2305 iunctus
294 2270 414 2315 potior
429 2270 493 2305 sit:
520 2273 555 2305 et
570 2270 681 2315 magis
699 2274 763 2313 est,
785 2274 826 2305 ut
841 2274 877 2306 et
890 2271 969 2316 ipse
984 2270 1221 2316 praeferatur.

180 2313 232 2353 90
258 2315 361 2350 IDEM
382 2316 473 2350 libro
497 2316 647 2361 septimo
668 2316 717 2350 ad
735 2316 847 2361 leqem
864 2315 998 2351 Iuliam
1017 2321 1051 2350 et
1067 2317 1222 2362 Papiam

134 2360 350 2396 Nominatim
368 2361 524 2405 legatum
538 2360 784 2405 accipiendum
806 2365 870 2403 est,
892 2361 987 2406 quod
1003 2372 1025 2396 a
1039 2373 1109 2407 quo
1126 2363 1221 2407 lega-

132 2411 208 2440 tum
229 2407 274 2441 sit
294 2406 520 2450 intellegitur,
540 2406 623 2441 licet
640 2416 768 2440 nomen
787 2407 1056 2451 pronuntiatum
1076 2418 1149 2443 non
1164 2409 1221 2443 sit.

180 2450 229 2489 91
258 2451 505 2486 PAPINJANUS
525 2451 615 2485 libro
639 2453 790 2496 septimo
815 2463 1072 2497 responsorum
1112 2453 1221 2489 Prae-

134 2497 200 2532 (1118
224 2507 289 2541 per
311 2496 598 2541 praeceptionem
621 2496 716 2531 filiae
739 2496 832 2531 datis
857 2507 937 2531 cum
957 2497 1101 2542 reliquis
1121 2502 1220 2534 acto-

133 2553 210 2576 rum
240 2545 276 2576 et
306 2541 513 2577 colonorum
545 2551 588 2576 ea
618 2541 755 2586 reliqua
778 2541 941 2577 videntur
964 2542 1098 2587 legata,
1131 2554 1221 2588 quae

134 2587 176 2622 de
215 2586 334 2621 reditu
367 2586 595 2631 praediorum
632 2586 670 2620 in
700 2586 824 2622 eadem
854 2597 964 2622 68888
995 2593 1220 2625 1118118618111;

133 2632 290 2676 alioquin
319 2631 507 2676 pecuniam
538 2642 560 2666 a
584 2631 719 2666 colonis
744 2635 907 2666 exactam
931 2637 967 2667 et
989 2633 1025 2667 in
1050 2634 1220 2669 kalenda-

133 2677 225 2711 rium
247 2677 285 2711 111
308 2676 432 2712 eadem
454 2676 599 2721 regione
622 2686 760 2711 versam
783 2677 927 2721 reliquis
953 2688 1024 2712 non
1049 2679 1222 2714 contineri

134 2732 247 2767 neque
287 2722 494 2757 colonorum
533 2731 648 2766 neque
687 2724 849 2756 actorum
885 2721 990 2757 facile
1031 2725 1220 2767 constabit,

133 2767 275 2802 tametsi
297 2767 503 2802 nominatim
528 2770 667 2802 actores
693 2766 739 2801 ad
763 2767 871 2801 filiam
894 2768 1073 2811 pertinere
1097 2769 1219 2804 voluit.

138 2817 150 2846 1
201 2813 260 2846 Ex
282 2812 339 2847 1118
362 2812 498 2847 verbis:
525 2812 650 2847 ‘Lucio
668 2812 762 2846 Titio
782 2812 931 2856 praedia
954 2823 1033 2847 mea
1055 2813 1117 2848 illa
1141 2824 1221 2849 cum

134 2857 344 2902 ‘praetorio,
369 2857 463 2892 sicut
485 2867 508 2892 a
530 2867 586 2892 me
609 2857 647 2892 111
670 2856 762 2892 (116111
785 2857 909 2892 11101118
934 2868 1031 2892 111686
1054 2869 1223 2903 possessa

135 2905 239 2944 ‘sunt,
265 2902 321 2938 do’
346 2902 619 2938 instrumentum
643 2903 817 2938 rusticum
842 2906 878 2937 et
902 2903 1029 2944 omnia,
1059 2914 1149 2947 quae
1172 2905 1222 2940 1111

134 2947 289 2989 fuerunt,
315 2958 385 2992 quo
409 2947 572 2983 dominus
596 2947 724 2983 fuisset
746 2947 967 2989 instructior,
993 2947 1115 2983 deberi
1136 2959 1220 2984 con-

135 2997 153 3026 2
200 2993 314 3027 venit:
355 2992 562 3028 colonorum
601 2993 738 3037 reliqua
768 3004 840 3028 non
872 2993 1057 3028 debentur.
1112 2993 1222 3030 Pater

134 3037 205 3072 filio
237 3038 421 3072 tabernam
452 3038 703 3082 purpurariam
735 3048 816 3072 cum
841 3038 950 3073 servis
973 3038 1195 3075 institoribus
1208 3042 1220 3060 ‘⁵

134 3087 170 3116 et
192 3083 378 3127 purpuris,
412 3093 502 3127 quae
531 3083 570 3117 in
601 3082 694 3118 diem
718 3083 840 3119 mortis
866 3084 941 3118 eius
966 3083 1040 3118 ibi⁷
1063 3083 1219 3127 fuerunt,

135 3128 271 3171 legavit.
314 3138 358 3163 ne
384 3138 429 3162 ue
451 3128 567 3172 pretia
589 3138 771 3173 purpurae
796 3128 940 3163 condita
962 3139 1077 3173 neque
1101 3128 1221 3165 debita

136 3175 154 3204 3
201 3182 313 3217 neque
329 3139 466 3216 reliqua
480 3173 595 3217 legato
616 3173 789 3208 contineri
828 3173 947 3208 lacuit.
974 3174 1079 3209 ‘Titio
1093 3174 1221 3210 Seiana

137 3217 303 3273 ‘praedia,
328 3218 434 3252 sicuti
454 3222 661 3262 comparata
680 3222 774 3260 88111,
821 3229 841 3253 o
860 3218 963 3263 lego'.
1000 3229 1081 3254 cum
1102 3224 1222 3255 6886111

137 3261 334 3296 (1811181888
365 3273 505 3307 quoque
529 3263 634 3298 simul
657 3273 727 3298 uno
750 3263 867 3307 pretio
892 3268 1116 3308 comparata,
1149 3275 1221 3301 non

136 3305 301 3341 sufficere
325 3307 438 3342 solum
462 3311 708 3352 argumentum
732 3308 920 3353 emptionis
943 3309 1131 3354 respondi,
1156 3310 1220 3345 sed

135 3350 409 3394 inspiciendum,
448 3363 494 3387 an
524 3352 650 3389 litteris
684 3356 720 3388 et
751 3353 950 3388 rationibus
982 3354 1221 3399 appellatione

137 3395 344 3430 Seianorum
368 3396 567 3432 Gabiniana
621 3408 738 3442 uoque
770 3397 997 3433 continentur
1028 3403 1064 3434 et
1087 3400 1219 3436 utrius-

137 3450 204 3484 que
247 3441 483 3484 possessionis
526 3453 594 3477 con
612 3443 667 3478 usi
701 3442 838 3478 reditus
872 3443 976 3479 titulo
1011 3443 1245 3488 Seianorum,

137 3555 176 3591 (1)
201 3564 276 3586 eum
288 3554 322 3587 F
414 3553 469 3596 (2)-
482 3554 634 3597 coquerit
645 3555 679 3587 F
685 3555 708 3597 ¹,
729 3555 903 3597 coaquorit
914 3554 967 3589 F²
1065 3557 1109 3598 (3)
1134 3566 1218 3598 pau·

136 3601 204 3632 lum
216 3599 251 3632 F
329 3599 372 3641 (4)
400 3599 590 3633 vindicatur
601 3612 663 3634 scr.
751 3604 794 3642 (5)
819 3601 908 3643 quod
921 3601 950 3633 si
964 3600 1074 3634 verbis
1088 3604 1219 3634 tantum

136 3644 338 3676 coniunctus
352 3645 406 3685 sit,
425 3647 556 3678 constat
567 3655 635 3679 non
648 3655 717 3679 esse
730 3645 905 3688 potiorem.
939 3646 968 3680 si
988 3657 1066 3679 vero
1085 3657 1122 3679 re
1143 3647 1218 3688 qui-

137 3690 210 3721 dem
223 3690 423 3722 coniunctus
436 3689 492 3731 sit,
506 3689 614 3724 verbis
626 3693 736 3724 autem
749 3702 814 3724 non
827 3703 891 3724 scr.
976 3692 1019 3733 (6)
1044 3691 1217 3724 instituto-

138 3734 229 3767 ribus
244 3736 278 3767 F
331 3736 374 3776 (7)
393 3733 458 3766 sibi
473 3735 508 3767 F
557 3737 602 3776 (8)
617 3735 785 3768 communi
795 3737 932 3778 sumptu
944 3747 1006 3769 scr.
1065 3736 1122 3778 (θ’)
1141 3736 1218 3769 1101·-

1227 108 1313 157 455

2216 109 2385 154 XXXII

1299 238 1319 270 4
1368 238 1516 280 accepto
1540 234 1604 269 lati
1626 238 1757 269 essent.
1806 236 1957 270 Balneas
1990 235 2128 279 legatae
2160 234 2285 270 domus
2310 244 2388 269 6886

1298 280 1498 333 portionem
1524 279 1729 315 constabat:
1764 280 1858 323 quod
1893 280 1923 315 si
1956 291 2016 315 eas
2045 279 2187 324 publice
2210 279 2387 324 praebuit,

1298 329 1349 360 118
1381 325 1505 360 (1011188
1537 335 1615 361 6886
1646 324 1846 369 portionem
1877 325 2042 367 balneas,
2084 325 2114 360 si
2149 335 2214 370 per
2246 324 2387 360 domum

1299 381 1438 422 quoque
1470 370 1684 405 intrinsecus
1717 369 1900 404 adirentur
1932 375 1967 404 et
1997 371 2033 404 in
2058 381 2125 405 usu
2149 370 2262 415 patris
2287 369 2386 404 fami-

1298 416 1366 450 hae
1385 415 1438 450 vel
1459 415 1581 450 uxoris
1601 425 1866 458 nonnumquam
1889 414 2032 450 fuerunt
2056 419 2091 450 et
2111 415 2292 451 mercedes
2313 415 2387 450 eius

1298 461 1394 495 inter
1418 464 1555 495 ceteras
1580 460 1842 495 meritoriorum
1866 459 1991 494 domus
2015 460 2213 495 rationibus
2238 463 2387 505 accepto

1298 505 1506 541 ferebantur
1537 510 1573 540 et
1605 515 1675 539 uno
1707 505 1822 549 pretio
1856 510 2082 549 comparatae
2114 505 2168 539 vel
2192 506 2388 541 instructae

1299 554 1317 585 5
1366 551 1544 585 communi
1568 551 1787 586 coniunctu⁸
1810 549 1973 585 fuissent.
2011 550 2078 594 Qui
2104 550 2247 585 domum
2271 551 2386 595 possi-

1298 595 1415 637 debat,
1441 596 1582 630 hortum
1606 595 1759 630 vicinum
1783 595 1932 630 aedibus
1958 595 2177 640 comparavit
2200 607 2242 631 ac
2261 599 2389 641 postea

1297 640 1439 675 domum
1462 641 1602 684 legavit.
1651 641 1681 675 si
1704 641 1847 675 hortum
1872 639 1997 675 domus
2023 651 2132 675 causa
2157 640 2386 686 comparavit,

1297 689 1338 720 ut
1377 686 1616 721 amoeniorem
1654 685 1797 720 domum
1836 695 1878 720 ac
1911 685 2147 720 salubriorem
2177 687 2386 731 possideret,

1297 730 1432 765 aditum
1458 741 1502 765 ue
1526 731 1564 765 in
1587 741 1668 766 eum
1691 741 1757 775 per
1781 730 1923 766 domum
1945 730 2070 765 habuit
2090 734 2125 765 et
2145 731 2284 766 aedium
2304 733 2386 766 hor-

1297 781 1355 811 tus
1368 777 1391 796 ⁸⁸
1417 786 1438 810 a
1464 775 1697 811 ditamentum
1721 775 1806 818 fuit,
1838 775 1963 810 domus
1993 776 2110 820 legato
2136 777 2385 812 continebitur.

1298 826 1317 855 (5
1365 820 1615 866 Appellatione
1658 820 1783 856 domus
1825 821 1978 856 insulam
2039 831 2155 865 uoque
2192 821 2387 857 iniunctam

1297 866 1418 901 domui
1442 866 1552 901 videri
1562 867 1587 907 ⁹,
1618 866 1649 900 si
1672 876 1742 900 uno
1766 867 1881 910 pretio
1907 877 1987 901 611111
2012 832 2119 901 301118
2143 865 2268 902 fuisset
2292 879 2386 902 com-

1297 915 1425 956 parata
1448 915 1484 946 et
1508 913 1623 946 utrius
1649 921 1693 946 86
1716 911 1906 956 pensiones
1931 911 2094 946 similiter
2124 916 2272 956 accepto
2296 912 2388 948 latas

1297 956 1495 992 rationibus
1521 961 1623 992 osten
1649 960 1779 991 eretur.

1344 999 1397 1038 92
1422 1001 1479 1036 ΡΑ
1487 1011 1583 1036 Ubus
1610 1001 1702 1037 libro
1735 1003 1838 1036 tertio
1868 1001 2004 1037 decimo
2033 1012 2285 1045 responsorum
2339 1003 2388 1038 ‘Si

1297 1047 1393 1082 ‘mihi
1424 1047 1566 1082 Maevia
1597 1051 1634 1082 et
1660 1046 1811 1091 Negidia
1838 1045 1933 1082 filiae
1963 1057 2063 1082 meae
2093 1046 2242 1083 heredes
2272 1053 2387 1090 erunt,

1297 1096 1394 1127 ‘tunc
1417 1092 1557 1127 Maevia
1588 1102 1608 1128 e
1638 1092 1752 1127 medio
1788 1093 1916 1127 sumito
1939 1092 2139 1144 praecipito
2164 1092 2301 1137 sibique
2324 1094 2386 1128 ha-

1297 1138 1391 1173 ‘beto
1428 1137 1558 1173 fundos
1593 1148 1690 1173 meos
1726 1137 1827 1172 illum
1866 1142 1902 1172 et
1936 1138 2035 1172 1118111
2071 1148 2151 1172 68111
2189 1139 2317 1173 casulis
2353 1143 2389 1174 et

1296 1183 1518 1219 ‘custodibus
1560 1183 1717 1218 omnium
1754 1183 1883 1217 horum
1918 1182 2111 1218 fundorum
2146 1186 2182 1217 et
2218 1194 2298 1218 cum
2333 1184 2387 1219 his

1297 1228 1472 1263 ‘omnibus
1493 1228 1599 1272 agris,
1621 1228 1682 1272 qui
1701 1227 1747 1262 ad
1767 1228 2052 1263 coniunctIOnem
2073 1227 2245 1273 cuiusque
2266 1239 2387 1264 eorum

1296 1273 1499 1309 ‘fundorum
1531 1273 1709 1318 emptione
1723 1275 1750 1294 ¹⁰
1781 1274 1836 1308 vel
1868 1273 2025 1318 quolibet
2049 1273 2117 1308 alio
2143 1284 2228 1308 casu
2253 1274 2387 1318 optige-

1296 1319 1388 1362 ‘rint,
1413 1319 1498 1353 item
1520 1329 1600 1353 cum
1622 1318 1785 1354 omnibus
1806 1318 1991 1364 mancipiis
2011 1318 2203 1364 pecoribus
2223 1319 2388 1355 1881611118

1296 1364 1507 1408 ‘ceterisque
1531 1364 1704 1399 universis
1728 1363 1928 1409 speciebus,
1955 1374 2045 1408 quae
2068 1363 2106 1398 in
2128 1363 2242 1399 isdem
2269 1364 2388 1400 fundis

1296 1414 1422 1454 ‘quove
1446 1419 1568 1444 eorum
1595 1420 1675 1444 cum
1699 1409 1831 1444 moriar
1854 1413 1977 1451 erunt,
2004 1409 2056 1443 uti
2080 1409 2204 1454 optimi
2228 1410 2387 1444 maximi-

1296 1459 1376 1499 ‘que
1409 1458 1492 1489 sunt
1523 1455 1647 1499 utique
1679 1464 1740 1490 eos
1772 1454 1809 1488 in
1841 1454 1934 1489 diem
1965 1454 2090 1490 mortis
2122 1464 2222 1490 meae
2244 1455 2389 1500 possedi

1295 1504 1360 1543 ‘et‚
1393 1507 1434 1535 ut
1463 1501 1603 1545 plenius
1632 1500 1766 1543 dicam,
1798 1501 1850 1536 ita
1873 1502 1926 1536 uti
1949 1501 2166 1536 cluduntur’.
2213 1502 2250 1536 in
2274 1502 2385 1538 fundo

1294 1550 1413 1582 autem
1444 1557 1516 1581 uno
1549 1557 1593 1582 ex
1623 1546 1697 1589 his,
1732 1546 1792 1591 qui
1819 1547 2014 1592 praelegati
2038 1551 2139 1589 sunt,
2171 1547 2387 1582 tabularium

1294 1596 1358 1634 est,
1383 1591 1421 1626 in
1467 1602 1514 1626 uo
1540 1595 1623 1627 sunt
1647 1595 1683 1626 et
1703 1592 1938 1637 complurium
1959 1592 2215 1637 mancipiorum
2236 1592 2385 1638 emptio-

1294 1648 1374 1679 nes,
1409 1647 1447 1672 se
1505 1641 1540 1672 et
1571 1636 1765 1672 fundorum
1797 1641 1833 1672 et
1855 1638 2034 1672 variorum
2059 1641 2308 1672 contractuum
2331 1638 2385 1673 in-

1294 1686 1502 1724 strumenta,
1527 1686 1715 1727 praeterea
1738 1686 1773 1717 et
1788 1683 1971 1717 nomina¹¹
1996 1683 2215 1718 debitorum:
2241 1693 2386 1727 quaero,

1295 1738 1341 1762 an
1370 1727 1610 1762 instrumenta.
1638 1727 1838 1762 communia
1861 1727 1943 1763 sint.
1991 1727 2161 1772 respondi
2190 1728 2386 1763 secundum

1294 1783 1337 1808 ea
1370 1783 1460 1816 quae
1491 1776 1742 1817 proponuntur
1771 1772 2008 1808 instrumenta
2033 1773 2269 1818 emptionum,
2301 1773 2386 1809 item

1294 1818 1514 1860 debitorum,
1556 1828 1648 1863 quae
1680 1817 1718 1852 in
1749 1817 1860 1853 fundo
1891 1818 2096 1863 praelegato
2127 1823 2385 1861 remanserunt,

1298 1868 1311 1898 1
1363 1875 1436 1899 non
1463 1864 1576 1900 videri
1606 1864 1724 1909 legato
1756 1863 1941 1899 contineri.
1989 1864 2055 1899 His
2082 1864 2199 1899 verbis
2223 1864 2386 1899 domibus

1293 1910 1437 1954 legatis:
1464 1909 1560 1944 ‘fidei
1582 1908 1753 1944 heredum
1776 1919 1936 1944 meorum
1961 1908 2161 1950 committo,
2192 1909 2245 1943 uti
2268 1909 2388 1944 sinant

1295 1959 1387 1990 ‘eum
1418 1955 1550 1990 habere
1583 1954 1709 1989 domus
1740 1964 1856 1996 meas,
1888 1955 1926 1989 in
1957 1954 2085 1998 quibus
2116 1953 2256 1997 habito,
2289 1954 2386 1989 nullo

1295 2000 1449 2035 ‘omnino
1481 2003 1632 2044 excepto
1665 2010 1746 2034 cum
1778 1999 1873 2034 omni
1900 1999 2137 2034 instrumento
2163 2003 2199 2034 et
2220 2000 2386 2044 repositis

1295 2045 1482 2080 ‘omnibus'
1508 2056 1579 2080 non
1602 2044 1714 2080 videri
1738 2048 1946 2080 testatorem
1967 2044 2011 2079 de
2031 2044 2185 2089 pecunia
2201 2048 2388 2080 numerata

1294 2094 1357 2126 aut
1379 2091 1624 2126 instrumentis
1650 2089 1851 2125 debitorum
1876 2090 2040 2125 sensisse.

1340 2134 1391 2173 93
1423 2136 1450 2157 ¹²
1459 2135 1663 2171 Son-:vom
1689 2135 1780 2170 libro
1806 2136 1911 2170 tertio
1938 2148 2194 2184 responsorum
2249 2139 2386 2175 Lucius

1294 2181 1409 2217 Titius
1433 2184 1648 2217 testamento
1664 2192 1730 2218 suo
1747 2182 1849 2225 cavit,
1874 2194 1920 2218 ne
1933 2184 1961 2204 ¹³
1985 2183 2058 2219 ullo
2077 2183 2182 2219 modo
2228 2184 2386 2220 raedium

1293 2227 1539 2262 suburbanum
1572 2231 1635 2262 aut
1666 2227 1809 2262 domurn
1838 2228 1943 2264 heres
1974 2228 2164 2264 alienaret:
2231 2230 2279 2264 lla
2309 2230 2385 2265 eius

1292 2273 1396 2307 heres
1421 2272 1491 2307 scri
1517 2276 1556 2307 ta
1575 2272 1742 2308 heredem
1762 2273 1905 2317 reliquit
1924 2273 2033 2308 filiam
2053 2284 2164 2316 suam,
2190 2285 2283 2319 quae
2306 2285 2384 2311 eas-

1293 2318 1372 2352 dem
1395 2328 1452 2352 res
1515 2329 1538 2352 u
1561 2317 1721 2363 possedit
1745 2323 1780 2353 et
1810 2318 1985 2354 decedens
2014 2324 2204 2354 extraneos
2235 2319 2384 2356 heredes

1291 2362 1462 2398 instituit:
1496 2363 1697 2407 quaesitum
1729 2367 1801 2405 est,
1835 2374 1881 2398 an
1911 2364 2058 2408 praedia
2088 2364 2308 2409 pertinerent
2339 2365 2385 2400 ad

1291 2408 1435 2449 Iuliam,
1478 2418 1570 2452 quae
1608 2408 1761 2443 Lucium
1801 2408 1933 2443 Titium
1972 2412 2179 2444 testatorem
2217 2413 2384 2454 patruum

1292 2453 1461 2488 maiorem
1504 2453 1640 2488 habuit.
1704 2454 1889 2498 respondit
1930 2454 2018 2488 nihil
2060 2455 2214 2499 proponi
2259 2459 2385 2491 contra

1290 2499 1509 2534 voluntatem
1546 2498 1706 2534 defuncti
1739 2498 1893 2541 factum,
1932 2510 2001 2543 quo
2042 2499 2157 2535 minus
2197 2499 2245 2535 ad
2280 2500 2382 2536 here-

1292 2544 1371 2578 dem
1402 2544 1623 2588 pertinerent
1635 2545 1674 2586 ¹⁴,
1708 2555 1788 2578 cum
1812 2544 1880 2579 hoc
1905 2544 2039 2579 nudum
2062 2549 2294 2590 praeceptum
2317 2550 2382 2581 est.

1294 2592 1307 2622 1
1360 2588 1603 2633 ‘Semproniae
1627 2589 1766 2624 mulieri
1790 2599 1890 2624 meae
1913 2589 2014 2624 reddi
2037 2589 2144 2626 iubeo
2169 2591 2216 2625 ab
2242 2591 2382 2626 heredi-

1292 2634 1371 2669 ‘bus
1401 2634 1488 2669 meis
1520 2638 1662 2669 centum
1687 2644 1834 2676 aureos,
1868 2645 1956 2678 quos
1982 2639 2125 2670 mutuos
2149 2637 2381 2681 acceperam'.

1291 2679 1489 2724 quaesitum
1522 2683 1595 2722 est,
1628 2679 1658 2715 si
1690 2679 1781 2714 hanc
1812 2680 2001 2724 pecuniam
2033 2684 2073 2715 ut
2102 2680 2256 2715 debitam
2284 2681 2381 2716 Sem-

1289 2724 1418 2770 pronia
1463 2728 1561 2759 etens
1582 2724 1677 2759 victa
1696 2725 1753 2766 sit,
1779 2735 1824 2758 an
1838 2724 2150 2761 fideicommissum
2166 2727 2240 2771 peti
2255 2727 2380 2772 possit.

1290 2780 1422 2814 respon
1448 2770 1476 2803 it
1500 2769 1695 2804 secundum
1719 2780 1762 2804 ea
1782 2779 1874 2814 quae
1923 2775 2185 2815 roponerentur
2207 2782 2314 2816 posse
2339 2783 2383 2807 ex

1292 2825 1401 2850 causa
1425 2814 1686 2850 fideicommissi
1709 2814 1794 2859 peti,
1820 2781 1921 2859 (18οἕ
1936 2816 2163 2867 apparuisset
2181 2827 2252 2852 non
2272 2817 2382 2852 fuisse

1292 2863 1310 2894 2
1360 2870 1405 2894 ex
1436 2859 1507 2894 alia
1539 2870 1649 2895 causa
1680 2859 1849 2894 debitum.
1896 2859 2047 2904 Quldam
2077 2862 2226 2906 praedia
2252 2862 2382 2906 legavit

1290 2904 1427 2940 libertis
1452 2904 1600 2939 adiectis
1624 2904 1679 2939 his
1703 2904 1840 2940 verbis:
1876 2906 1938 2940 ‘uti
1969 2916 1992 2941 8
2022 2917 2078 2942 1116
2106 2917 2275 2952 possessa
2297 2913 2382 2943 suut

1292 2953 1339 2984 ‘et
1370 2959 1613 2994 quaecumque
1644 2950 1694 2984 ibi
1726 2954 1847 2992 erunt,
1881 2961 1962 2985 cum
1986 2952 2147 2987 moriar':
2181 2952 2379 2997 quaesitum

1291 2998 1364 3036 est,
1398 3005 1445 3029 an
1476 2994 1672 3039 mancipia,
1710 3005 1800 3039 quae
1831 2995 1868 3030 in
1898 2995 1954 3032 his
1986 2997 2140 3041 praediis
2173 3002 2312 3032 morata
2342 2999 2379 3031 in

1292 3039 1385 3074 diem
1424 3039 1548 3074 mortis
1587 3040 1699 3084 patris
1739 3039 1892 3076 familias
1923 3040 2070 3077 fuerunt
2100 3042 2218 3087 operis
2254 3043 2379 3078 rustici

1291 3094 1402 3119 causa
1433 3084 1488 3119 vel
1520 3084 1666 3119 alterius
1699 3084 1826 3127 officii,
1858 3089 2068 3132 ceteraeque
2099 3098 2175 3129 res,
2208 3098 2298 3131 quae
2330 3088 2379 3122 ibi

1290 3129 1453 3171 fuerunt,
1489 3129 1535 3164 ad
1565 3129 1755 3174 legatarios
1784 3132 1997 3175 pertineant.
2052 3132 2236 3177 respondit
2268 3133 2376 3177 perti-

1291 3178 1309 3208 3
1358 3184 1454 3209 nere.
1504 3174 1709 3218 Quaesitum
1734 3179 1798 3218 est,
1831 3187 1888 3219 an,
1915 3177 2010 3221 quod
2034 3177 2182 3213 heredes
2207 3177 2377 3212 fratribus

1289 3219 1405 3264 rogati
1429 3223 1548 3255 essent
1570 3220 1775 3262 restituere,
1807 3222 1914 3256 etiam
1939 3222 1986 3259 ad
2008 3233 2150 3258 sorores
2173 3222 2375 3266 pertineret.

1290 3264 1476 3309 respondit
1508 3264 1704 3309 pertinere,
1743 3265 1812 3301 nisi
1850 3266 1947 3302 aliud
1983 3267 2137 3303 sensisse
2171 3270 2377 3302 testatorem

1291 3313 1311 3344 4
1359 3310 1542 3354 probetur.
1591 3309 1746 3355 Collegio
1775 3310 1960 3347 fabrorum
1992 3312 2140 3346 fundum
2165 3322 2245 3346 cum
2269 3311 2375 3352 silvis,

1291 3364 1382 3399 quae
1406 3354 1439 3389 ei
1463 3354 1589 3390 cedere
1608 3355 1733 3398 solent,
1759 3357 1812 3391 uti
1832 3357 1986 3402 optimus
2007 3356 2251 3400 maximusque
2271 3361 2375 3397 esset,

1290 3399 1429 3453 legavit.
1477 3410 1621 3444 quaero,
1647 3410 1694 3435 an
1718 3411 1761 3436 68
1783 3412 1933 3446 (180(186,
1964 3412 2055 3447 quae
2077 3402 2114 3435 in
2138 3400 2229 3436 diem
2252 3401 2375 3436 mortis

1264 3444 1341 3490 ν1111
1371 3443 1541 3483 fuissent.
1573 3445 1611 3480 id
1642 3449 1697 3482 est
1726 3446 1869 3482 faenum
1900 3446 2072 3492 pabulum
2102 3445 2207 3490 palea
2220 3447 2256 3487 ¹⁵,
2291 3446 2374 3480 item

1288 3559 1339 3588 tos
1360 3556 1393 3588 F
1503 3557 1547 3598 (9)
1571 3558 1843 3600 comprehensam
1863 3559 1923 3591 ins.
2041 3558 2099 3598 (10)
2125 3558 2326 3598 emptionem
2346 3558 2379 3589 F

1288 3603 1343 3640 (11)
1368 3600 1502 3634 nomine
1520 3602 1555 3634 F
1656 3605 1715 3645 (12)
1734 3615 1790 3646 pr.
1809 3610 1841 3636 et
1859 3607 1874 3641 ξ
1896 3611 1913 3636 5
1929 3619 1974 3631 =
1991 3603 2009 3634 l.
2030 3609 2066 3636 38
2090 3607 2105 3640 §
2126 3608 2152 3636 4.
2174 3609 2191 3634 5
2206 3603 2235 3634 Ιι.
2256 3609 2297 3642 t.;
2323 3606 2339 3641 ξ
2359 3609 2373 3636 1

1286 3646 1457 3687 =D.34,
1477 3653 1505 3687 3,
1526 3654 1575 3689 38,
1594 3655 1636 3682 13.
1657 3655 1707 3687 ¹43
1735 3653 1751 3686 ς·
1767 3655 1782 3680 2
1800 3663 1845 3676 ===
1864 3647 1935 3681 las
1955 3651 2002 3686 §2
2018 3647 2048 3679 71.
2064 3654 2083 3679 t.
2189 3647 2247 3684 (1³)
2272 3657 2333 3680 nee
2348 3646 2379 3681 F

1288 3692 1344 3732 (14)
1370 3692 1555 3734 pertineret
1567 3694 1603 3726 F
1686 3694 1744 3734 (15)
1769 3694 1896 3733 paleam
1911 3692 1947 3724 F
