2528 3918
0 143 4 178 i

109 125 256 157 11311οΤ
262 126 291 156 U

113 239 133 269 3
182 234 326 269 Cassius
359 243 497 277 quoque
529 231 654 265 scribit
685 230 774 263 libro
808 233 934 263 octavo
967 229 1053 263 iuris
1091 228 1199 263 civilis

1204 103 1260 150 97

1232 229 1237 279 l

2224 105 2304 147 VII
2338 109 2354 146 1

1318 224 1367 262 12
1381 229 1394 247 ⁵
1424 226 1619 262 [lamma-t
1640 227 1731 260 libro
1754 229 1904 272 septimo
1929 228 2089 262 decimo⁰
2114 227 2164 261 ad
2186 227 2359 262 Sabinum

111 278 347 315 fructuarium
358 288 421 322 per
432 277 603 310 arbitrum
627 275 703 318 cogi
723 274 880 315 reficere,
906 273 1199 318 quemadmodum
1233 280 1237 302 ¹
1269 272 1467 307 Arboribus
1500 271 1628 306 evolsis
1661 272 1714 305 vel
1739 273 1770 305 vi
1796 277 1980 307 ventorum
2006 273 2151 308 deiectis
2177 283 2289 317 usque
2314 272 2360 307 ad

113 324 279 359 adserere
311 322 447 373 cogitur
477 321 643 355 arbores:
675 323 709 354 et
733 319 853 352 Aristo
879 323 981 352 notat
1005 319 1093 353 haec
1118 328 1200 369 vera

113 379 200 404 esse.
248 367 415 403 Neratius
439 370 557 399 autem
581 365 670 399 libro
696 369 822 408 quarto
844 364 1130 398 membranarum
1150 368 1201 397 ait

112 425 187 449 non
211 407 317 458 posse
339 410 574 445 fructuarium
599 409 791 454 prohiberi,
817 419 886 452 quo
911 408 1027 443 minus
1050 408 1198 443 reficiat.

112 459 197 503 quia
217 468 282 492 nec
303 466 405 490 arare
423 455 604 499 prohiberi
623 458 741 498 potest
759 457 823 487 aut
842 453 976 488 colere:
1002 464 1068 488 nec
1086 453 1200 488 solum

112 501 330 538 necessarias
350 500 562 535 refectiones
581 500 771 540 facturum,
797 497 860 532 sed
881 498 986 532 etiam
1008 498 1198 542 voluptatis

113 557 222 582 causa
247 550 299 584 (ut
314 545 464 580 tectoria
480 550 516 579 et
534 545 736 589 pavimenta
761 548 795 577 et
819 543 957 585 similia)
981 543 1111 585 facere,
1138 553 1198 577 ne-

112 603 180 638 que
203 595 321 625 autem
345 590 514 634 ampliare
539 600 604 624 nec
627 589 713 623 utile
737 588 923 623 detrahere
946 599 1062 633 posse,

158 634 181 672 8
207 635 314 670 IDEM
333 635 423 670 libro
449 634 753 680 quadraqensz'mo
778 633 828 668 ad
849 633 1004 668 edictum
1040 633 1199 678 quamvis

111 681 233 717 melius
258 680 478 724 repositurus
503 679 568 714 sit:
595 689 686 724 quae
711 678 887 713 sententia
910 688 994 712 vera
1019 683 1083 713 est.

157 724 206 762 9ι
230 725 337 760 IDEM
364 725 456 759 libro
479 725 630 770 septimo
656 724 791 758 decimo
816 723 866 757 ad
889 722 1063 758 Sabinum
1109 724 1199 758 Item

110 772 140 806 si
163 770 266 805 fundi
289 780 376 805 usus
400 769 540 804 fructus
565 769 611 803 sit
634 769 791 813 legatus,
826 768 997 812 quidquid
1027 769 1062 803 in
1086 768 1198 803 fundo

110 816 280 857 nascitur,
305 814 475 860 quidquid
497 814 578 849 inde
602 813 737 858 percipi
760 817 899 857 potest,
924 813 1036 858 ipsius
1059 813 1200 848 fructus

110 865 174 900 est,
201 861 252 895 sic
275 863 395 894 tamen
419 864 460 894 ut
482 859 567 894 boni
591 859 654 893 viri
678 858 854 893 arbitratu
876 858 1028 893 fruatur.
1056 869 1138 893 nam
1163 863 1201 893 et

111 906 234 941 Celsus
266 905 355 939 libro
392 908 517 939 octavo
550 904 686 938 decimo
721 903 935 947 digestorum
967 904 1091 938 scribit
1122 903 1201 948 cogi

113 954 126 985 1
179 961 258 985 eum
289 960 394 994 posse
425 954 522 984 recte
548 949 673 984 colere.
722 948 772 983 Et
796 949 826 983 si
849 958 871 982 a
899 959 935 983 es
959 949 996 983 in
1020 958 1062 984 00
1086 948 1199 984 fundo

109 996 200 1037 sint,
233 1005 354 1030 earum
409 1005 525 1039 uoque
557 1004 643 1028 usus
674 994 813 1028 fructus
845 1004 866 1028 a
923 1004 1002 1028 eum
1035 995 1199 1039 pertinet.

110 1043 130 1075 2
178 1040 247 1075 Sed
264 1040 294 1075 si
309 1006 518 1084 lapidicinae
544 1040 676 1074 habeat
700 1043 735 1073 et
758 1038 912 1084 lapidem
936 1039 1084 1075 caedere
1105 1039 1200 1081 velit,

109 1085 163 1120 vel
188 1084 416 1120 cretifodinas
435 1085 568 1119 habeat
587 1084 642 1119 vel
664 1084 828 1125 harenas,
855 1084 1019 1119 omnibus
1040 1085 1095 1120 his
1114 1095 1200 1120 usu-

109 1141 188 1165 rum
210 1130 362 1165 Sabinus
382 1130 432 1164 ait
456 1130 557 1175 quasi
581 1130 714 1164 bonum
763 1132 875 1163 atrem
898 1128 1070 1165 familias:
1096 1141 1202 1175 quam

110 1179 130 1210 3
178 1175 387 1210 sententiam
400 1180 487 1220 puto
501 1185 629 1210 veram.
679 1174 724 1209 Se
759 1175 773 1194 ²
797 1174 827 1208 si
847 1174 938 1209 haec
957 1175 1100 1210 metalla
1119 1178 1202 1220 post

110 1231 213 1255 usum
237 1219 394 1254 fructum
418 1220 572 1265 legatum
596 1220 667 1254 sint
689 1220 852 1261 inventa,
886 1230 967 1255 cum
990 1221 1101 1255 totius
1125 1220 1201 1265 agri

109 1266 329 1310 relinquatur
352 1276 438 1300 usus
462 1266 621 1307 fructus,
658 1275 730 1299 non
759 1265 936 1309 partium,
974 1266 1202 1300 continentur

110 1314 130 1345 4
177 1311 303 1354 legato.
352 1310 443 1345 Huic
468 1311 603 1345 vicinus
635 1314 810 1345 tractatus
844 1313 915 1352 est,
951 1311 1010 1355 qui
1042 1311 1133 1346 solet
1162 1311 1200 1345 in

109 1366 151 1391 eo
176 1355 271 1400 quod
295 1356 447 1390 accessit
470 1356 632 1390 tractari:
667 1359 703 1390 et
732 1355 868 1399 placuit
900 1355 1086 1391 alluvionis
1112 1366 1199 1401 quo-

110 1410 178 1445 que
201 1411 304 1435 usum
326 1400 483 1435 fructum
507 1400 553 1435 ad
583 1400 821 1435 fructuarium
851 1401 1039 1445 pertinere.
1083 1401 1146 1436 sed
1171 1401 1201 1436 si

108 1445 227 1480 insula
249 1446 350 1480 iuxta
372 1445 523 1480 fundum
545 1446 583 1480 in
606 1445 752 1480 flumine
775 1449 862 1480 nata
886 1446 951 1487 sit,
984 1447 1059 1481 eius
1096 1457 1200 1481 usum

108 1490 266 1526 fructum
297 1491 341 1525 ad
371 1491 608 1525 fructuarium
633 1501 704 1525 non
729 1491 906 1535 pertinere
929 1491 1086 1535 Pegasus
1112 1492 1199 1526 scri-

110 1536 180 1578 bit,
213 1537 297 1571 licet
327 1536 539 1580 proprietati
563 1535 730 1570 accedat:
765 1546 842 1570 esse
866 1536 959 1570 enim
983 1537 1091 1571 veluti
1115 1547 1198 1581 pro-

110 1582 227 1627 prium
258 1581 430 1623 fundum,
466 1581 566 1616 cuius
591 1591 678 1616 usus
701 1580 841 1615 fructus
866 1581 911 1615 ad
934 1586 970 1615 te
994 1592 1065 1616 non
1089 1583 1198 1626 perti·

110 1631 205 1662 neat.
243 1637 334 1671 quae
358 1626 534 1660 sententia
558 1637 630 1661 non
654 1630 709 1661 est
733 1626 809 1660 sine
833 1626 989 1661 ratione:
1023 1637 1106 1662 nam
1138 1627 1200 1661 ubi

111 1672 227 1706 latitet
257 1672 532 1712 incrementum,
569 1675 605 1706 et
640 1682 726 1706 usus
760 1671 901 1706 fructus
934 1676 1103 1716 augetur,
1139 1673 1200 1706 ubi

111 1721 230 1751 autem
265 1720 414 1761 apparet
448 1721 669 1761 separatum,
707 1716 905 1751 fructuario
941 1728 1013 1752 non
1050 1718 1197 1752 accedit.

111 1765 130 1796 5
179 1762 422 1806 Aucupiorum
455 1773 594 1807 quoque
628 1766 663 1796 et
686 1762 913 1796 venationum
936 1762 1089 1797 reditum
1114 1762 1198 1798 Cas—

111 1807 184 1842 sius
209 1807 259 1841 ait
281 1807 370 1842 libro
396 1812 520 1842 octavo
545 1807 631 1842 iuris
657 1807 765 1842 civilis
790 1806 836 1841 ad
858 1807 1096 1842 fructuarium
1119 1819 1198 1852 per-

112 1855 133 1887 6
179 1852 309 1886 tinere:
332 1863 413 1896 ergo
435 1857 470 1886 et
488 1852 735 1896 piscationum.
774 1852 960 1887 Seminarii
972 1857 1090 1888 autem
1102 1853 1199 1888 fruc-

112 1901 186 1932 tum
202 1900 288 1941 puto
306 1897 350 1931 ad
374 1896 610 1932 fructuarium
635 1897 820 1942 pertinere,
848 1897 899 1932 ita
922 1901 1042 1933 tamen
1052 1900 1076 1940 ³,
1101 1903 1143 1933 ut
1166 1903 1201 1934 et

111 1942 263 1977 vendere
275 1942 307 1976 ei
327 1946 362 1976 et
383 1944 557 1977 seminare
578 1943 703 1977 liceat:
730 1942 836 1977 debet
853 1946 973 1977 tamen
994 1944 1202 1979 conserendi

112 1988 187 2031 agri
201 1997 311 2022 causa
323 1988 548 2022 seminarium
561 1992 726 2032 paratum
747 1997 886 2032 semper
906 1998 1079 2023 renovare
1099 1990 1202 2034 quasi

112 2032 383 2067 instrumentum
417 2033 511 2076 agri,
543 2036 584 2067 ut
615 2032 716 2067 finito
740 2043 809 2067 usu
831 2032 953 2067 fructu
979 2033 1120 2069 domino
1145 2045 1200 2069 re-

114 2080 131 2110 7
181 2078 359 2111 stituatur.
397 2078 625 2112 Instrumenti
638 2082 756 2112 autem
767 2077 923 2112 fructum
933 2078 1065 2113 habere
1076 2079 1182 2114 debet
1193 2091 1201 2114 ε

112 2122 286 2156 vendendi
318 2127 437 2156 tamen
467 2123 675 2157 facultatem
707 2133 779 2157 nou
818 2123 937 2158 habet.
982 2134 1064 2159 nam
1101 2130 1136 2159 et
1172 2125 1201 2159 si

113 2167 214 2201 fundi
238 2178 323 2202 usus
348 2167 486 2202 fructus
517 2168 624 2202 fuerit
654 2168 791 2212 legatus
827 2173 861 2202 et
894 2169 940 2203 sit
971 2179 1073 2213 ager,
1107 2170 1201 2204 unde

113 2213 195 2256 palo
220 2213 256 2246 in
279 2212 441 2254 fundum,
467 2213 567 2247 cuius
591 2223 677 2248 usus
701 2213 839 2247 fructus
860 2214 997 2258 legatus
1019 2220 1084 2257 est,
1110 2215 1200 2250 sole-

113 2258 176 2291 bat
199 2261 302 2301 pater
324 2257 477 2292 familias
502 2259 565 2300 uti,
589 2258 644 2292 vel
669 2258 777 2293 salice
799 2258 854 2293 vel
877 2259 1087 2302 harundine,
1112 2265 1199 2304 puto
1236 2259 1238 2270 ¹

113 2302 349 2337 fructuarium
380 2303 553 2337 hactenus
590 2303 642 2337 uti
673 2314 797 2347 posse,
833 2314 878 2338 ne
910 2314 953 2338 ex
983 2314 1025 2339 eo
1058 2306 1198 2340 vendat.

113 2347 181 2381 nisi
204 2347 297 2383 forte
321 2348 438 2382 salicti
461 2349 492 2382 ei
515 2348 570 2383 vel
594 2348 702 2383 silvae
725 2348 857 2393 palaris
889 2349 944 2383 vel
975 2349 1199 2385 harundineti

114 2402 200 2427 usus
223 2392 363 2427 fructus
389 2393 432 2427 sit
458 2392 614 2437 legatus:
646 2397 733 2428 tunc
766 2394 857 2428 enim
890 2398 925 2428 et
948 2395 1096 2430 vendere
1137 2409 1201 2443 po-

115 2440 199 2472 test,
227 2448 308 2471 nam
345 2441 380 2472 et
415 2438 604 2472 Trebatius
640 2438 764 2472 scribit
799 2439 923 2473 silvam
960 2440 1132 2475 caeduam
1167 2445 1202 2475 et

114 2482 386 2517 harundinetum
410 2493 515 2527 posse
538 2483 775 2517 fructuarium
800 2484 960 2526 caedere,
986 2485 1078 2520 sicut
1100 2490 1202 2530 pater

115 2527 266 2562 familias
287 2527 470 2569 caedebat,
496 2533 531 2562 et
551 2528 712 2570 vendere,
737 2528 820 2563 licet
837 2534 939 2573 pater
957 2529 1109 2565 familias
1131 2543 1200 2565 non

116 2572 253 2606 solebat
276 2572 426 2607 vendere
437 2573 461 2614 ⁴,
495 2573 557 2608 sed
580 2573 657 2617 ipse
681 2573 750 2608 uti:
786 2574 831 2607 ad
864 2574 1005 2609 modum
1031 2577 1122 2610 enim
1147 2587 1200 2610 rc-

116 2616 298 2651 ferendum
324 2621 387 2658 est,
414 2628 483 2652 non
509 2618 555 2652 ad
579 2618 785 2662 qualitatem
810 2619 941 2653 utendi.

166 2660 214 2697 10
241 2661 469 2697 POMPONIUS
489 2663 579 2697 libro
604 2663 728 2708 quinto
753 2663 803 2697 ad
825 2662 997 2698 Sabinum
1045 2666 1102 2700 Ex
1115 2666 1201 2700 silva

117 2706 253 2740 caedua
263 2707 476 2751 pedamenta
496 2711 530 2742 et
549 2718 666 2742 ramos
687 2718 730 2742 ex
753 2709 879 2743 arbore
900 2709 1201 2745 usufructuarium

117 2756 356 2795 sumpturum:
393 2763 435 2786 ex
467 2763 538 2787 non
572 2752 707 2787 caedua
739 2753 774 2786 in
808 2754 942 2788 vineam
967 2759 1201 2800 sumpturum,

118 2796 200 2830 dum
225 2806 269 2830 ne
292 2797 441 2831 fundum
468 2797 677 2832 deteriorem
701 2797 821 2832 faciat.

167 2839 211 2877 11
241 2840 399 2876 PAULUS
430 2843 519 2877 libro
551 2843 708 2878 secundo
722 2843 1130 2890 epitomatorumAlfem'
1150 2844 1201 2878 di-

118 2890 297 2964 φτςιοντιγᾶι
346 2886 414 2921 Sed
439 2888 469 2922 si
492 2887 642 2932 grandes
668 2888 813 2923 arbores
840 2893 977 2930 essent,
1003 2899 1074 2923 non
1098 2899 1202 2932 posse

119 2939 181 2965 eas
206 2941 269 2965 cae
296 2940 364 2965 ere.

121 3089 160 3127 (1)
185 3097 324 3121 extrema
337 3090 410 3122 inde
424 3102 445 3122 a
460 3095 475 3128 ς’
488 3098 501 3123 7
517 3090 635 3121 silvam
649 3107 692 3118 =
710 3091 782 3123 Vat.
799 3099 834 3124 70

124 3134 166 3173 (3)
192 3136 300 3165 tamen
316 3135 377 3166 del.

942 3094 984 3129 (2)
1011 3092 1066 3122 sed
1083 3094 1115 3122 et
1129 3092 1203 3123 dett.

524 3136 566 3175 (4)
592 3135 637 3176 [N
640 3145 692 3166 am
706 3139 738 3167 et
751 3134 928 3167 Trebatius
942 3136 1073 3176 scribit]
1088 3136 1205 3167 silvam

123 3177 279 3209 caeduam
292 3181 402 3220 p0s[se
423 3179 645 3211 fructuarium
666 3180 813 3219 caedere,
836 3181 924 3212 sicut
945 3184 1043 3222 pater
1062 3180 1206 3212 familias

123 3221 301 3263 caedebat]
327 3223 406 3254 item
420 3231 458 3254 ut
471 3225 721 3265 arundinetum
744 3226 862 3257 caedat
881 3225 1095 3264 fructuarius,
1117 3226 1206 3267 quod

123 3266 280 3298 caedendi
293 3277 393 3299 causa
405 3273 501 3309 pater
516 3269 676 3309 familias]
690 3269 811 3311 alebat,
824 3281 891 3301 non
904 3274 987 3311 puto
996 3269 1204 3312 prohibetur.

125 3310 216 3350 [item
230 3312 357 3351 poterit
370 3313 522 3353 vendere,
544 3314 625 3345 licet
638 3318 732 3356 pater
744 3315 889 3346 familias
901 3315 1056 3354 vendere]
1070 3325 1138 3346 non
1153 3326 1204 3346 so-

124 3353 214 3385 lebat
230 3355 302 3388 Vat.
373 3358 415 3398 (5)
443 3362 458 3395 §
475 3365 544 3390 1=
563 3359 634 3391 Vat.
653 3366 704 3397 713
721 3364 735 3397 ς
753 3367 769 3392 3
785 3377 824 3388 =
841 3360 912 3392 Vat.
926 3367 963 3393 89
1035 3361 1078 3400 (6)
1107 3365 1121 3398 §
1137 3367 1154 3393 3
1167 3373 1207 3392 ex

131 3398 269 3440 Ulpiani
279 3401 325 3432 acl
336 3401 492 3434 Sabinum
507 3403 588 3435 libro
603 3404 698 3436 XVI
716 3406 859 3446 afferunt
874 3405 958 3445 Vat.‚
973 3406 1030 3437 ubi
1042 3405 1145 3447 periit
1157 3406 1205 3437 in-

125 3444 256 3484 scriptio
267 3453 483 3487 excerptorum
493 3459 598 3479 eorum
613 3461 696 3490 quae
705 3450 868 3491 pertinent
880 3450 926 3482 ad
940 3454 955 3487 §
973 3456 994 3482 1.
1006 3457 1023 3482 2
1082 3450 1125 3490 (7)
1143 3450 1205 3490 [De

124 3487 219 3527 ligno
232 3487 344 3519 Labeo
357 3490 417 3529 ait]
438 3501 541 3532 usque
562 3492 603 3523 ad
616 3503 711 3524 usum
727 3504 822 3524 suum
844 3495 891 3534 [et
903 3493 1003 3525 villae
1017 3504 1112 3536 posse
1126 3504 1203 3525 usu-

126 3531 345 3563 fructuarium
359 3533 442 3565 ferre
462 3545 522 3566 nec
545 3538 683 3569 materia
702 3548 775 3569 eum
796 3548 856 3579 pro
875 3538 970 3580 ligno
992 3549 1138 3576 usurum,
1161 3539 1203 3579 si]

126 3576 245 3607 habeat
257 3576 344 3608 unde
365 3581 476 3609 utatur
488 3580 606 3621 li[gno.
628 3581 716 3613 idem
730 3582 778 3613 ait
792 3593 926 3614 usurum
941 3593 1015 3615 011111
1028 3582 1205 3614 arboribus

126 3620 248 3651 evulsis
261 3620 312 3652 vel
326 3621 356 3652 vi
371 3626 555 3664 ventorum]
571 3626 671 3657 etiam
687 3626 837 3666 deiectis,
859 3631 941 3669 puto
955 3633 1064 3659 tamen
1086 3629 1203 3668 [usque

128 3664 167 3694 ad
182 3675 276 3695 usum
292 3676 385 3696 sunm
397 3678 404 3696 :
418 3667 581 3709 alioquin]
600 3671 671 3702 Vat.
745 3672 788 3711 (8)
814 3672 885 3712 ipse
899 3672 1083 3712 su[ccidere
1097 3683 1201 3712 quan-

128 3713 198 3740 tum
211 3709 251 3740 ad
266 3709 366 3743 villae
379 3711 590 3744 refectionem
605 3715 740 3755 poterit,
762 3719 799 3747 ut
819 3720 917 3757 putat
930 3717 1102 3756 Nehatius
1115 3717 1202 3748 libro

1268 328 1372 352 nsum
1398 328 1502 351 suum
1527 322 1561 351 et
1585 316 1688 350 villae
1713 327 1818 360 posse
1842 318 2148 353 usufructuarium
2171 317 2265 353 ferre
2288 318 2359 352 La-

1268 362 1334 396 beo
1361 362 1429 396 ait:
1465 372 1531 396 1100
1556 361 1704 395 materia
1729 371 1809 395 eum
1833 373 1897 405 pro
1923 363 2017 407 ligno
2042 374 2208 405 usurum,
2241 363 2271 398 si
2296 364 2359 397 ha-

1269 407 1352 441 beat
1365 406 1461 441 unde
1472 406 1713 450 utaturligno.
1749 417 1854 450 quam
1876 409 2086 443 sententiam
2108 413 2196 453 puto
2220 418 2358 443 veram:

1269 452 1450 496 alioquin⁷
1482 455 1517 486 et
1549 451 1580 486 si
1610 454 1707 486 totus
1740 461 1824 495 ager
1857 452 1903 486 sit
1934 453 2029 488 hunc
2062 464 2184 488 casum
2219 464 2360 499 passus,

1270 507 1391 531 omnes
1416 497 1563 532 arbores
1589 496 1747 530 auferret
1769 496 2006 532 fructuarius:
2033 500 2215 533 materiam
2241 503 2362 533 tamen

1268 543 1385 586 ipsum
1409 541 1592 576 succidere
1617 545 1790 585 quantum
1815 541 1861 575 ad
1886 542 1990 576 villae
2009 544 2238 579 refectionem
2257 548 2362 589 putat

1295 587 1418 622 osse⁸:
1443 586 1740 631 quemadmodum
1773 586 1925 629 calcem,
1957 588 1992 621 in
2020 589 2089 630 uit,
2122 600 2275 633 coquere
2306 589 2361 623 vel

1295 642 1440 666 arenam
1470 631 1594 666 fodere
1627 631 1766 665 aliudve
1802 631 1886 675 quid
1922 632 2001 667 aedi
2018 633 2083 667 'cio
2121 634 2361 669 necessarium

1276 682 1284 708 1
1340 687 1478 711 sumere
1491 678 1515 711 ⁸³.
1564 676 1672 711 Navis
1697 687 1764 711 usu
1789 676 1909 711 fructu
1934 678 2049 722 legato
2083 680 2320 723 navigandum
2334 681 2362 700 ¹⁰

1269 722 1475 756 mittendam
1499 726 1606 766 puto,
1632 721 1716 756 licet
1739 722 1916 766 naufragii
1939 724 2137 767 periculum
2161 725 2360 759 immineat:

1270 770 1289 801 2
1338 767 1437 802 navis
1464 767 1593 801 etenim
1618 766 1664 800 ad
1687 767 1755 801 hoc
1780 772 1940 811 paratur,
1965 772 2007 802 ut
2029 770 2171 814 naviget
2186 772 2222 804 ¹¹.
2267 770 2361 805 Usu-

1267 812 1488 847 fructuarius
1512 812 1566 847 vel
1589 812 1666 856 ipse
1689 811 1761 846 frui
1785 822 1828 846 ea
1850 823 1890 848 re
1912 814 1967 848 vel
1987 814 2047 848 alii
2066 814 2253 849 fruendam
2275 826 2360 850 con-

1269 857 1395 892 cedere
1418 857 1473 891 vel
1496 857 1617 892 locare
1641 856 1695 891 vel
1719 857 1871 892 vendere
1895 863 2032 902 potest:
2058 870 2140 894 nam
2167 864 2201 893 et
2226 860 2283 903 qui
2308 860 2360 895 lo·

1270 906 1328 937 cat
1359 902 1488 944 utitur,
1521 907 1557 937 et
1588 902 1649 946 qui
1679 902 1800 936 vendit
1831 903 1954 938 utitur.
1992 904 2053 939 sed
2086 908 2120 939 et
2144 905 2171 938 si
2198 905 2256 939 alii
2280 916 2360 949 pre-

1270 948 1367 982 cario
1394 947 1567 982 concedat
1591 947 1645 982 vel
1669 947 1796 990 donet,
1830 952 1917 992 puto
1952 960 2031 984 eum
2064 950 2116 984 uti
2150 954 2256 994 atque
2280 950 2359 985 ideo

1268 993 1422 1028 retinere
1452 1003 1555 1027 usum
1586 991 1762 1034 fructum,
1800 997 1834 1027 et
1864 993 1933 1028 hoc
1967 994 2110 1029 Cassius
2145 999 2180 1029 et
2204 995 2361 1039 Pegasus

1269 1038 1530 1082 responderunt
1563 1041 1598 1072 et
1620 1037 1840 1082 Pomponius
1873 1038 1963 1074 libro
1997 1040 2119 1084 quinto
2153 1050 2197 1075 ex
2228 1040 2360 1074 Sabino

1269 1084 1408 1128 probat.
1446 1094 1518 1117 non
1553 1083 1668 1118 solum
1700 1086 1819 1118 autem
1852 1083 1882 1118 si
1914 1095 1977 1129 ego
2010 1085 2192 1127 locavero,
2224 1085 2361 1120 retineo

1269 1139 1372 1163 usum
1396 1128 1571 1170 fructum,
1596 1127 1660 1162 sed
1673 1128 1702 1149 ¹²
1724 1133 1760 1162 et
1783 1129 1813 1162 si
1838 1129 1930 1164 alius
1955 1130 2135 1174 negotium
2158 1141 2276 1165 meum
2301 1141 2360 1175 ge-

1269 1184 1350 1208 rens
1365 1174 1533 1208 locaverit
1553 1183 1658 1207 usum
1678 1173 1845 1215 fructum,
1866 1174 2026 1210 Iulianus
2046 1175 2137 1211 libro
2158 1175 2203 1210 tri
2229 1176 2361 1210 ensimo

1270 1219 1393 1264 quinto
1407 1219 1550 1263 scripsit
1562 1218 1714 1253 retinere
1733 1229 1790 1253 me
1809 1230 1914 1255 usum
1932 1220 2101 1255 fructum.
2139 1221 2199 1265 qui
2242 1225 2362 1256 tamen

1270 1265 1297 1299 si
1325 1275 1395 1299 non
1420 1264 1583 1299 locavero
1598 1264 1636 1306 ¹³,
1662 1263 1725 1298 sed
1749 1264 1896 1299 absente
1917 1270 1952 1300 et
1971 1266 2158 1310 ignorante
2178 1276 2233 1300 me
2256 1277 2361 1310 nego-

1269 1310 1357 1344 tium
1381 1320 1498 1344 meum
1521 1319 1647 1354 gerens
1671 1313 1796 1344 utatur
1819 1310 1898 1354 quis
1920 1315 1955 1345 et
1974 1310 2143 1346 fruatur?
2166 1311 2275 1346 nihilo
2298 1311 2361 1346 mi-

1270 1365 1336 1389 nus
1368 1355 1503 1389 retineo
1528 1365 1633 1389 usum
1656 1354 1813 1389 fructum
1839 1356 1947 1400 (quod
1972 1360 2007 1391 et
2029 1356 2247 1401 Pomponius
2271 1357 2361 1391 libro

1270 1400 1391 1444 quinto
1416 1400 1559 1444 probat)
1586 1410 1650 1444 per
1672 1400 1761 1442 hoc,
1797 1400 1893 1444 quod
1926 1402 2148 1446 negotiorum
2181 1406 2361 1447 gestorum

1269 1448 1289 1480 3
1337 1445 1515 1480 actionem
1547 1445 1730 1489 adquisivi.
1780 1445 1834 1480 De
1864 1446 1924 1481 illo
1956 1446 2174 1492 Pomponius
2209 1446 2360 1488 dubitat,

1269 1490 1298 1525 si
1323 1490 1503 1534 fugitivus,
1527 1490 1564 1525 in
1589 1500 1658 1535 quo
1683 1500 1781 1525 meus
1805 1502 1891 1526 usus
1915 1491 2054 1526 fructus
2070 1493 2096 1512 ¹⁴
2122 1496 2188 1532 est,
2213 1492 2360 1538 stipule-

1268 1542 1328 1570 tur
1360 1535 1494 1579 aliquid
1527 1545 1570 1570 ex
1602 1546 1642 1570 re
1665 1546 1744 1570 mea
1757 1537 1784 1557 ¹⁵
1807 1536 1862 1571 vel
1886 1547 1949 1581 per
1972 1538 2200 1572 traditionem
2214 1538 2242 1558 ¹⁶
2265 1537 2360 1573 acci-

1293 1582 1359 1615 iat:
1386 1591 1432 1614 an
1457 1590 1522 1625 per
1543 1581 1613 1615 hoc
1636 1580 1772 1625 ipsum,
1804 1582 1905 1625 quasi
1929 1586 2028 1624 utar,
2063 1583 2236 1617 retineam
2258 1593 2362 1618 usum

1268 1592 1451 1661 fructum?
1491 1626 1602 1670 magis
1628 1636 1674 1660 ue
1706 1625 1860 1660 admittit
1892 1627 2043 1662 retinere
2057 1629 2095 1662 ¹⁷.
2141 1638 2223 1662 nam
2254 1638 2362 1673 saepe

1270 1671 1409 1705 etiamsi
1432 1671 1612 1715 praesenti
1639 1681 1681 1705 us
1706 1671 1815 1706 servis
1840 1682 1911 1706 non
1936 1676 2088 1715 utamur,
2113 1677 2232 1707 tamen
2256 1683 2361 1708 usum

1269 1717 1428 1751 fructum
1452 1717 1664 1751 retinemus:
1691 1719 1731 1750 ut
1754 1721 1843 1760 puta
1867 1721 2076 1762 aegrotante
2100 1728 2201 1753 servo
2226 1718 2284 1753 vel
2306 1718 2360 1753 in-

1269 1762 1369 1796 fante
1382 1762 1420 1803 ¹⁸,
1454 1762 1555 1796 cuius
1589 1771 1720 1805 operae
1744 1762 1863 1797 nullae
1887 1767 1990 1804 sunt,
2023 1763 2078 1798 vel
2112 1763 2273 1798 defectae
2305 1773 2361 1798 se-

1270 1807 1423 1842 nectutis
1447 1806 1590 1841 homine
1603 1806 1647 1841 ¹⁹:
1685 1817 1768 1841 113111
1801 1811 1836 1841 et
1868 1808 1897 1842 si
1930 1818 2051 1853 agrum
2085 1819 2245 1851 aremus,
2277 1808 2362 1843 licet

1270 1857 1344 1887 tam
1364 1852 1492 1887 sterilis
1514 1852 1569 1893 sit,
1595 1856 1636 1886 ut
1654 1851 1773 1886 nullus
1797 1852 1938 1887 fructus
1963 1858 2144 1896 nascatur,
2169 1854 2362 1889 retinemus

1270 1908 1374 1932 usum
1408 1897 1565 1932 fructum
1575 1897 1616 1931 ²⁰.
1665 1897 1825 1932 Iulianus
1861 1902 1980 1933 tamen
2023 1899 2113 1934 libro
2157 1899 2361 1943 trigensimo

1270 1943 1392 1987 quinto
1417 1942 1634 1987 digestorum
1658 1942 1792 1984 scribit,
1819 1943 1955 1978 etiamsi
1977 1955 2048 1978 non
2069 1945 2259 1988 stipuletur
2279 1944 2363 1988 quid

1270 1998 1392 2022 servus
1423 1987 1592 2032 fugitivus
1604 1988 1645 2030 ²¹,
1680 1988 1826 2022 retineri
1857 1992 1976 2023 tamen
1987 1989 2018 2009 ²²
2050 2000 2154 2024 usum
2184 1989 2361 2023 fructum:

1271 2044 1353 2067 nam
1378 2043 1449 2077 qua
1471 2033 1627 2074 ratione,
1659 2032 1791 2077 inquit,
1824 2034 1999 2069 retinetur
2030 2045 2051 2068 a
2083 2034 2320 2079 proprietario
2332 2035 2362 2055 ²³

1271 2078 1467 2123 possessio,
1505 2078 1643 2112 etiamsi
1674 2078 1711 2112 in
1742 2078 1828 2122 fuga
1860 2089 1982 2114 servus
2015 2080 2079 2121 sit,
2116 2079 2194 2124 pari
2224 2079 2363 2114 ratione

1271 2127 1289 2157 4
1339 2123 1444 2158 etiam
1457 2133 1543 2158 usus
1563 2123 1703 2158 fructus
1724 2124 1896 2158 retinetur
1906 2125 1947 2159 ²⁴.
1983 2124 2081 2159 Idem
2099 2128 2254 2159 tractat:
2279 2125 2363 2169 quid

1271 2169 1300 2202 si
1324 2168 1403 2213 quis
1427 2168 1688 2213 possessionem
1714 2169 1788 2203 eius
1814 2174 1941 2204 nactus
1967 2170 2023 2212 sit,
2050 2180 2106 2211 an,
2133 2169 2361 2215 quemadmo-

1271 2214 1355 2248 dum
1379 2224 1401 2248 a
1425 2213 1660 2258 proprietario
1684 2214 1858 2258 possideri
1883 2214 2028 2256 desinit,
2060 2215 2111 2249 ita
2147 2215 2252 2250 etiam
2275 2225 2362 2250 usus

1269 2259 1410 2293 fructus
1442 2259 1653 2293 amittatur?
1688 2263 1723 2293 et
1754 2260 1867 2304 primo
1902 2259 2042 2304 quidem
2074 2260 2124 2294 ait
2155 2270 2261 2304 posse
2293 2260 2363 2295 dici

1272 2304 1386 2338 amitti
1409 2314 1514 2338 usum
1537 2303 1712 2346 fructum,
1739 2304 1800 2338 sed
1824 2304 1908 2339 licet
1932 2305 2133 2347 amittatur,
2166 2310 2285 2340 tamen
2309 2305 2361 2339 di·

1274 2349 1447 2390 cendum,
1474 2349 1570 2393 quod
1593 2349 1689 2383 intra
1714 2349 1948 2384 constitutum
1971 2354 2111 2394 tempus
2137 2360 2179 2384 ex
2204 2361 2242 2384 re
2265 2349 2361 2385 fruc-

1271 2394 1378 2429 tuarii
1402 2394 1594 2438 stipulatus
1619 2398 1683 2435 est,
1707 2394 1905 2429 fructuario
1931 2395 2070 2439 adquiri
2092 2399 2212 2439 potest
2223 2396 2264 2429 ²⁵.
2298 2406 2363 2439 per

1271 2439 1367 2484 quod
1393 2439 1510 2483 colligi
1533 2450 1639 2483 posse
1664 2439 1751 2480 dici,
1778 2450 1822 2474 ne
1846 2440 1985 2484 quidem
2010 2440 2039 2474 si
2063 2440 2291 2484 possideatur
2314 2441 2360 2475 ab

1271 2484 1352 2527 alio,
1378 2484 1491 2518 amitti
1516 2495 1619 2518 usum
1643 2484 1817 2527 fructum,
1850 2485 1880 2519 si
1903 2485 2007 2519 modo
2034 2485 2118 2518 mihi
2142 2484 2275 2529 aliquid
2299 2485 2361 2520 sti·

1271 2530 1434 2574 puletur,
1466 2530 1636 2574 parvique
1661 2530 1813 2572 referre,
1839 2530 1883 2564 ab
1908 2530 2037 2564 herede
2060 2530 2286 2574 possideatur
2308 2530 2363 2565 vel

1272 2575 1316 2609 ab
1342 2575 1410 2609 alio
1422 2575 1462 2616 ²⁶,
1491 2574 1548 2609 cui
1572 2575 1750 2609 hereditas
1775 2574 1918 2609 vendita
1942 2575 1988 2609 sit
2010 2574 2065 2609 vel
2085 2575 2142 2609 cui
2187 2575 2362 2620 roprietas

1271 2621 1387 2664 legata
1411 2620 1467 2661 sit,
1493 2630 1539 2654 an
1564 2630 1585 2653 a
1609 2620 1806 2664 praedone:
1832 2619 1998 2654 sufficere
2023 2620 2113 2654 enim
2138 2586 2185 2654 ad
2207 2620 2361 2655 retinen-

1272 2665 1356 2699 dum
1380 2675 1484 2699 usum
1508 2664 1664 2699 fructum
1690 2675 1766 2699 esse
1792 2663 1959 2699 affectum
1982 2664 2134 2699 retinere
2157 2665 2306 2700 volentis
2328 2670 2363 2700 et

1272 2720 1411 2745 servum
1436 2710 1577 2744 nomine
1600 2709 1788 2743 fructuarii
1820 2709 1953 2753 aliquid
1984 2709 2122 2744 facere:
2156 2720 2248 2754 quae
2282 2721 2361 2745 sen-

1273 2758 1291 2788 5
1339 2755 1452 2789 tentia
1474 2754 1583 2788 habet
1607 2754 1792 2788 rationem.
1841 2754 2000 2788 Iulianus
2032 2754 2123 2790 libro
2155 2755 2362 2800 trigensimo

1273 2799 1395 2843 quinto
1422 2799 1637 2843 digestorum
1660 2803 1811 2841 tractat,
1844 2799 1875 2833 si
1898 2798 1958 2833 fur
1981 2799 2199 2844 decerpserit
2221 2800 2276 2835 vel
2300 2800 2362 2835 de-

1273 2844 1426 2878 secuerit
1449 2844 1587 2878 fructus
1611 2847 1770 2879 maturos
1802 2843 2016 2888 pendentes,
2050 2845 2107 2879 cui
2140 2844 2365 2880 condictione

1273 2893 1447 2929 teneatur,
1473 2889 1613 2923 domino
1638 2888 1740 2923 fundi
1761 2899 1807 2923 an
1826 2888 2051 2924 fructuario?
2076 2893 2110 2924 et
2134 2894 2248 2934 putat,
2274 2901 2362 2934 quo-

1272 2934 1368 2968 niam
1392 2933 1530 2967 fructus
1557 2945 1626 2967 non
1650 2933 1741 2967 fiunt
1764 2934 1969 2975 fructuarii,
2003 2934 2069 2968 nisi
2104 2935 2148 2968 ab
2182 2946 2222 2969 eo
2248 2935 2363 2979 perci-

1276 3092 1327 3123 111
1343 3099 1608 3123 membranarum
1628 3091 1701 3123 Vae.
1807 3092 1851 3132 (9)
1875 3100 1983 3124 secuta
1999 3105 2066 3124 esse
2080 3093 2172 3134 apud
2186 3092 2359 3133 Ulpianum

1276 3149 1345 3169 cum
1361 3138 1430 3168 alia
1444 3143 1505 3168 tum
1519 3148 1602 3177 quae
1616 3137 1649 3168 in
1663 3136 1796 3178 diqestis
1810 3138 1958 3180 lequntzcr
1972 3138 1993 3169 l.
2007 3145 2047 3170 21.
2065 3144 2100 3170 23
2113 3138 2141 3169 Ιι.
2158 3143 2178 3169 t.
2193 3137 2366 3169 ostendunt

1275 3189 1428 3223 excerpta
1448 3181 1612 3212 Vaticana
1738 3182 1797 3221 (10)
1824 3182 2019 3223 navigatum
2034 3183 2107 3214 edd.
2235 3182 2288 3220 (11)

1275 3226 1391 3267 [fldem
1408 3227 1455 3265 e[t
1471 3224 1640 3266 SJabinus,
1655 3226 1805 3266 quamvis
1818 3227 1914 3258 navis
1929 3228 2001 3267 [usu
2015 3228 2127 3258 fructu
2140 3226 2252 3267 legato
2265 3225 2361 3257 navi-

1274 3276 1391 3311 gatum
1406 3270 1601 3301 mittendam
1616 3271 1735 3311 pute]t,
1755 3270 1836 3302 licet
1852 3272 2023 3312 naufragii
2036 3271 2236 3313 peri[culum
2250 3270 2360 3301 immi·

1274 3320 1352 3347 neat
1374 3340 1394 3347 ..
1408 3339 1414 3346 .
1427 3339 1433 3345 .
1445 3339 1452 3345 .
1476 3317 1590 3355 n]aves
1603 3315 1689 3346 enim
1708 3315 1749 3346 ad
1764 3315 1826 3347 hoc
1840 3319 2015 3357 parantur,
2031 3318 2082 3357 [ut
2094 3316 2267 3356 navigent]
2287 3315 2358 3347 Vat.

1276 3362 1333 3398 (12)
1364 3370 1420 3391 seu
1434 3359 1468 3391 F
1605 3363 1660 3398 (13)
1685 3359 1846 3392 locaverit
1862 3373 1921 3393 scr.
2052 3362 2109 3401 (14)
2134 3371 2214 3391 usus
2232 3359 2363 3390 fructus

1274 3415 1364 3435 meus
1389 3405 1459 3436 Vae.
1568 3408 1623 3443 (15)
1649 3415 1688 3436 ex
1701 3416 1736 3436 re
1749 3415 1822 3436 mea
1836 3418 1892 3437 om.
1912 3406 1982 3437 Vat.
2096 3407 2155 3445 (16)
2180 3414 2240 3444 per
2255 3403 2362 3434 tradi-

1274 3449 1413 3488 tionem]
1430 3449 1598 3491 mancipio
1618 3450 1688 3481 Vnt.
1793 3452 1850 3489 (17)
1864 3451 2002 3482 retineri
2014 3450 2086 3482 Vat.
2191 3450 2249 3487 (18)
2264 3458 2361 3488 egro-

1274 3497 1364 3525 tante
1385 3504 1478 3525 servo
1491 3494 1621 3525 infante
1639 3495 1723 3535 Vae.y
1739 3495 1925 3536 aegrotanti
1940 3506 2033 3526 servo
2046 3493 2095 3524 vel
2112 3492 2235 3523 infanti
2248 3493 2282 3523 F

1275 3542 1333 3578 (19)
1364 3538 1491 3569 homini
1507 3539 1538 3570 F
1591 3542 1653 3576 0⁴20)
1680 3550 1773 3570 usum
1788 3537 1946 3581 fructum]
1960 3550 2034 3570 eum
2053 3539 2124 3570 Vat.
2185 3540 2241 3574 (21)
2267 3536 2361 3567 intra

1273 3593 1396 3614 annum
1416 3583 1624 3626 mancipiove
1637 3584 1784 3625 accipiat
1798 3585 1858 3616 ins.
1876 3584 1948 3615 Vat.
2065 3585 2125 3618 (22)
2151 3583 2261 3613 tamen
2276 3581 2356 3612 reti-

1272 3627 1348 3659 neri
1370 3628 1442 3660 Vat.
1560 3632 1620 3668 123)
1646 3628 1883 3670 proprietario]
1896 3626 2115 3669 proprietatis
2127 3626 2262 3656 domino
2282 3625 2355 3658 Vat.

1272 3674 1332 3712 (24)
1363 3673 1538 3713 retinetur]
1552 3684 1618 3704 non
1632 3674 1801 3704 amittitur
1819 3673 1892 3704 Vat.
2085 3671 2149 3708 (25).
2171 3672 2281 3711 potest
2296 3669 2360 3702 dal.

1273 3719 1334 3758 (26)
1365 3716 1432 3748 alio
1445 3718 1498 3750 ΙΝ
1511 3730 1578 3750 cum
1590 3717 1656 3755 BS.
1672 3729 1708 3749 eo
1725 3717 1802 3750 F⁶S

2049 3772 2090 3802 13-
