2528 3918
124 120 181 150 ΕΤ
209 118 570 150 FmElcomuss‘ffl

130 238 214 272 beat
235 236 278 278 is,
303 235 363 280 qui
387 245 525 270 servum
550 238 711 279 praestat
734 243 778 268 ex
802 243 914 268 causa
935 234 1061 279 legati,
1098 234 1217 269 videa-

131 292 220 316 mus.
266 282 301 316 et
323 279 532 332 regulariter
557 278 744 314 dicendum
769 281 842 321 est,
875 279 1039 323 quotiens
1064 279 1141 315 sine
1163 279 1217 314 iu-

130 327 221 361 dicio
245 328 418 370 praestita
441 335 497 360 res
516 324 635 368 legata
651 323 834 366 evincitur,
858 334 966 368 posse
986 334 1064 359 eam
1080 335 1124 360 ex
1147 327 1218 359 tes-

131 374 285 406 tamento
316 370 407 415 peti:
442 373 599 405 ceterum
635 369 665 404 si
695 368 825 404 iudicio
856 368 969 413 petita
993 373 1066 412 est,
1100 369 1218 405 officio

130 415 255 452 iudicis
274 415 393 450 cautio
406 415 609 450 necessaria
626 417 688 455 est,
714 417 755 448 ut
771 414 818 448 sit
830 415 840 435 ¹
858 424 902 448 ex
922 414 1094 459 stipulatu
1111 414 1216 450 actio.

130 465 149 496 2
196 460 239 495 In
289 460 416 495 ecunia
439 460 559 504 legata
583 459 766 494 confitenti
789 458 910 494 heredi
928 460 1107 495 modicum
1130 463 1218 495 tem-

129 516 194 552 pus
226 515 247 540 a
304 505 517 540 solutionem
550 504 706 539 dandum
742 508 797 539 est
828 515 893 539 nec
926 505 1149 549 urguendum
1172 504 1219 539 ad

129 550 392 595 suscipiendum
406 551 420 571 2
453 550 641 584 iudicium:
683 549 779 594 quod
820 549 960 594 quidem
1002 554 1143 603 tempus
1177 560 1219 585 ex

129 600 148 630 3
195 596 290 631 110110
315 598 351 629 61
367 605 481 640 aequo
523 599 699 630 raetorem
715 595 907 630 observare
922 596 1114 640 oporteblt.
1151 595 1220 639 Qui

129 640 320 676 confitetur
350 650 390 675 se
421 641 481 684 qui
508 649 562 675 em
587 639 735 682 debere,
771 639 903 675 iustam
928 644 1047 675 autem
1073 651 1220 676 causam

129 686 262 728 adfert,
289 696 354 720 cur
384 686 507 730 utique
537 689 722 730 praestare
753 695 825 720 non
856 686 988 730 possit,
1022 685 1219 721 audiendus

129 736 199 766 est:
226 734 267 766 ut
289 734 378 775 puta
393 731 423 766 si
436 731 552 765 aliena
568 740 625 765 res
641 730 760 775 legata
785 730 831 765 sit
845 734 1020 776 negetque
1038 731 1218 766 dominum

129 787 205 812 eam
228 775 381 811 vendere
403 776 459 811 vel
489 776 698 810 immensum
753 776 882 810 retium
915 776 991 811 eius
1022 776 1074 811 rei
1125 780 1220 811 etere

127 821 301 863 adfirmet,
326 824 390 856 aut
413 821 443 855 si
467 831 606 856 servum
630 821 714 855 here
743 821 883 855 'tarium
907 824 1012 866 neget
1036 831 1075 857 se
1117 822 1221 857 ebere

128 870 322 912 praestare,
348 865 442 901 forte
465 869 605 910 patrem
629 876 734 901 suum
757 866 812 901 vel
836 870 986 901 matrem
1009 867 1066 902 vel
1088 867 1219 902 fratres

128 911 328 947 naturales:
366 911 619 956 aequissimum
643 915 697 946 est
722 911 815 946 enim
840 912 989 947 concedi
1020 912 1052 947 ei
1085 922 1129 947 ex
1152 912 1220 946 hac

127 960 148 991 4
196 967 308 992 causa
320 956 605 992 aestimationem
621 956 740 992 officio
757 956 885 991 iudicis
898 960 1094 1001 praestare.
1130 956 1219 992 Cum

128 1002 235 1037 alicui
258 1002 452 1046 poculum³
475 1001 631 1046 legatum
656 1005 752 1036 esset
784 1002 959 1046 velletque
982 1002 1086 1037 heres
1111 1002 1219 1038 aesti-

126 1047 321 1082 mationem
343 1049 541 1092 praestare,
567 1047 651 1091 quia
673 1047 722 1081 ini
748 1058 833 1081 uum
858 1057 935 1082 esse
959 1048 1080 1083 aiebat
1102 1048 1139 1082 id
1163 1057 1218 1083 se-

126 1093 247 1137 parari
271 1102 292 1127 a
316 1102 366 1135 se,
390 1102 463 1127 non
486 1092 688 1137 impetravit
711 1093 723 1126 i
772 1102 794 1127 a
816 1097 1003 1137 praetore:
1033 1093 1104 1128 alia
1128 1093 1220 1128 enim

128 1137 290 1173 condicio
316 1141 370 1172 est
392 1137 585 1179 hominum,
612 1137 683 1172 alia
707 1140 905 1172 ceterarum
929 1148 1068 1173 rerum:
1093 1138 1131 1173 in
1153 1138 1219 1173 ho-

127 1183 281 1217 minibus
314 1183 407 1218 enim
442 1183 596 1227 benigna
629 1182 770 1217 ratione
804 1186 987 1227 receptum
1023 1187 1087 1226 est,
1125 1183 1220 1228 quod

128 1232 146 1262 5
196 1238 306 1280 supra
330 1228 568 1272 probavimus.
625 1227 663 1262 Si
694 1227 827 1263 fundus
860 1229 1080 1273 municipum
1109 1228 1219 1264 vecti-

127 1273 215 1318 galis
238 1273 326 1318 ipsis
350 1272 587 1318 municipibus
613 1273 659 1307 sit
682 1273 841 1317 legatus,
873 1283 921 1308 an
951 1274 1108 1318 legatum
1133 1284 1219 1309 con·

127 1319 230 1353 sistat
253 1319 398 1363 petique
421 1318 545 1363 possit,
570 1318 765 1353 videamus.
805 1321 841 1353 et
857 1318 1018 1354 Iulianus
1040 1319 1129 1354 libro
1154 1319 1218 1354 tri-

126 1363 283 1407 gensimo
309 1367 435 1398 octavo
471 1363 687 1408 digestorum
719 1363 860 1405 scribit,
895 1364 1053 1408 quamvis
1086 1364 1218 1399 fundus

127 1408 309 1452 vectigalis
334 1408 550 1453 municipum
575 1408 632 1450 sit,
658 1413 816 1443 attamen
832 1409 915 1453 quia
939 1409 1084 1454 aliquod
1102 1410 1158 1444 ius
1182 1410 1220 1444 in

127 1457 146 1488 6
196 1463 237 1488 60
270 1453 300 1489 18
325 1453 385 1498 (1111
416 1453 546 1497 legavit
569 1453 697 1495 habet,
730 1454 851 1488 valere
874 1454 1040 1498 legatum.
1090 1454 1160 1490 Sed
1185 1458 1220 1490 et

126 1499 156 1533 si
180 1508 252 1533 non
276 1498 527 1542 municipibus,
553 1498 616 1533 sed
640 1499 700 1533 alii
724 1498 874 1533 fundum
897 1499 1106 1544 vectigalem
1122 1500 1218 1544 lega·

126 1543 224 1585 verit,
249 1554 322 1579 non
344 1543 455 1578 videri
477 1544 733 1588 proprietatem
758 1544 810 1578 rei
833 1544 998 1589 legatam,
1016 1545 1078 1580 sed
1102 1545 1139 1580 id
1162 1546 1218 1581 ius

126 1588 221 1634 quod
243 1588 281 1623 in
303 1588 534 1633 vectigalibus
558 1588 679 1624 fundis
703 1589 888 1624 habemus.

172 1631 225 1670 72
250 1633 409 1669 PAULUS
430 1634 521 1669 libro
546 1634 825 1680 quadraqesimo
844 1637 970 1670 octavo
991 1635 1041 1670 ad
1063 1635 1218 1671 edictum

126 1679 163 1715 Si
187 1678 266 1724 quis
290 1679 460 1723 legaverit
481 1678 633 1713 fundum
650 1678 902 1714 Cornelianum
919 1689 1005 1715 exce
1031 1680 1077 1716 tis
1094 1680 1219 1723 vineis,

126 1734 219 1770 quae
248 1724 374 1760 mortis
406 1724 482 1759 eius
520 1728 680 1769 tempore
712 1728 835 1767 erunt,
879 1725 910 1760 si
940 1736 988 1760 nu
1018 1735 1062 1762 ae
1095 1726 1220 1761 vineae

127 1773 242 1810 erunt,
267 1769 384 1814 legato
409 1769 497 1804 nihil
522 1769 671 1805 decedit.

172 1812 224 1852 73
253 1814 378 1851 Gams
405 1814 496 1849 libro
522 1815 625 1849 tertio
651 1815 695 1850 de
712 1814 843 1860 leqatis
866 1814 916 1850 ad
938 1814 1093 1850 edictum
1111 1826 1219 1861 prae-

127 1861 235 1896 toris⁴
284 1859 322 1895 Si
344 1860 448 1895 heres
473 1860 591 1895 iussus
617 1860 663 1894 sit
686 1859 817 1902 facere,
851 1863 892 1894 ut
915 1860 1051 1895 Lucius
1076 1863 1220 1895 centum

125 1906 268 1947 habeat,
301 1905 481 1950 cogendus
506 1909 561 1940 est
586 1905 687 1940 heres
714 1908 857 1940 centum
881 1905 978 1947 dare,
1004 1905 1089 1949 quia
1114 1915 1218 1941 nemo

125 1950 248 1986 facere
270 1953 409 1995 potest,
442 1955 484 1984 ut
509 1960 573 1994 ego
598 1950 750 1985 habeam
775 1955 929 1992 centum,
954 1951 1023 1985 nisi
1048 1951 1133 1985 mihi
1157 1950 1218 1985 de-

129 2000 142 2029 1
194 1996 295 2031 derit.
354 1995 453 2031 Vicis
485 1996 602 2040 legata
626 1995 774 2040 perinde
806 1996 914 2030 licere
947 2005 1076 2040 capere
1109 1999 1218 2041 atque

127 2041 332 2076 civitatibus
355 2041 528 2085 rescripto
553 2040 778 2085 imperatoris
803 2041 917 2077 nostri
941 2041 1175 2086 significatur.

173 2084 225 2122 74
258 2086 454 2122 ULPJANUS
482 2086 572 2120 libro
613 2089 744 2131 quarto
777 2085 1061 2139 disputationum
1115 2086 1219 2122 Licet

125 2132 319 2177 imperator
342 2135 464 2166 noster
488 2142 568 2166 cum
598 2135 702 2175 patre
734 2131 985 2175 rescrlpserit⁵
1015 2131 1125 2166 videri
1156 2142 1217 2167 vo-

126 2177 264 2212 luntate
287 2176 468 2211 testatoris
499 2176 651 2221 repetita
675 2186 697 2211 a
721 2176 935 2219 substituto,
973 2187 1065 2221 quae
1089 2177 1136 2212 ab
1159 2177 1218 2211 in-

127 2223 251 2258 stituto
264 2221 409 2256 fuerant
428 2222 564 2263 relicta,
582 2225 703 2256 tamen
719 2222 788 2256 hoc
812 2222 863 2256 ita
876 2222 944 2257 erit
960 2222 1217 2266 accipiendum,

127 2268 156 2302 si
181 2277 253 2302 non
277 2266 346 2301 fuit
370 2266 510 2302 evidens
536 2267 674 2301 diversa
697 2267 881 2302 voluntas:
908 2269 1024 2312 (11186ὃ
1038 2278 1080 2302 ex
1097 2268 1218 2302 multis

128 2313 329 2357 colligetur,
366 2322 412 2346 an
438 2312 515 2356 quis
541 2312 586 2347 ab
611 2311 741 2347 herede
764 2312 919 2357 legatum
952 2312 1006 2347 vel
1037 2312 1218 2348 fideicom-

127 2359 272 2393 missum
297 2357 460 2392 relictum
492 2357 647 2392 noluerit
677 2367 700 2392 a
723 2357 919 2392 substituto
953 2357 1085 2393 deberi.
1134 2357 1219 2403 quid

128 2404 220 2438 enim
243 2403 275 2438 si
298 2402 405 2437 aliam
428 2412 503 2437 rem
526 2402 692 2447 reliquit⁷
717 2412 739 2437 a
763 2403 959 2438 substituto
985 2402 1017 2437 ei
1036 2402 1217 2438 fideicom-

128 2448 288 2483 missario
312 2447 368 2483 vel
390 2447 581 2492 legatario,
615 2458 721 2492 quam
753 2447 798 2482 ab
833 2448 998 2483 instituto
1032 2458 1104 2483 non
1135 2448 1217 2483 reli-

129 2493 304 2538 querat⁸⁴P
335 2493 390 2527 vel
415 2492 499 2537 quid
524 2492 554 2527 si
579 2497 678 2527 certa
702 2503 813 2528 causa
835 2492 922 2535 fuit,
956 2503 1021 2528 cur
1044 2493 1090 2528 ab
1115 2493 1217 2528 insti-

128 2542 204 2573 tuto
237 2538 454 2582 relinqueret
463 2538 488 2580 9,
530 2548 621 2582 (11186
651 2538 689 2572 111
719 2538 913 2573 substituto
946 2539 1128 2574 cessaret?
1163 2539 1220 2574 vel

129 2583 212 2628 quid
243 2583 274 2618 si
308 2583 493 2618 substituit
528 2593 572 2617 ex
606 2586 709 2627 parte
739 2582 1124 2626 fideicommissarium,
1161 2584 1219 2619 cui

129 2629 173 2663 ab
209 2629 371 2663 instituto
406 2628 598 2673 reliquerat
631 2627 968 2663 fideicommissum?
1002 2628 1039 2663 in
1063 2629 1220 2664 obscura

128 2674 234 2753 {igitur
266 2674 451 2708 voluntate
496 2674 615 2708 locum
657 2673 790 2708 habere
833 2673 1047 2718 rescriptum
1098 2674 1218 2710 dicen-

153 2729 213 2753 um
238 2722 303 2754 est.

176 2761 227 2800 75
253 2763 360 2798 IDEM
380 2763 470 2798 libro
495 2764 620 2808 quinto
645 2763 931 2809 disputationum
987 2763 1024 2798 Si
1048 2763 1099 2798 sic
1123 2764 1218 2808 lega-

129 2812 203 2844 tum
225 2809 280 2844 vel
303 2808 387 2843 fidei
412 2809 638 2843 commissum
661 2809 707 2843 sit
731 2808 894 2843 relictum
919 2808 960 2843 ‘si
980 2809 1220 2844 aestimaverit

130 2854 242 2889 heres’
268 2854 310 2888 ‘si
335 2853 629 2898 comprobaverit’
655 2853 696 2888 ‘si
720 2853 852 2888 iustum
875 2854 1076 2899 putaverit',
1110 2857 1146 2888 et
1167 2854 1218 2889 le-

129 2903 250 2943 gatum
274 2902 310 2934 et
331 2898 644 2933 fideicommissum
669 2898 877 2940 debebitur,
912 2898 1080 2944 quoniam
1117 2899 1219 2944 quasi

130 2944 204 2979 viro
235 2944 354 2988 potius
386 2944 480 2979 bono
514 2943 546 2978 ei
579 2944 803 2979 commissum
828 2948 893 2986 est,
927 2944 1060 2978 nonin
1085 2954 1219 2979 meram

134 2992 147 3023 1
197 2989 414 3025 voluntatem
437 2989 577 3024 heredis
595 2989 774 3024 collatum.
824 2988 861 3024 Si
885 2989 970 3024 mihi
986 2988 1083 3034 quod
1102 2988 1219 3025 Titius

131 3033 237 3069 debet
258 3034 368 3069 fuerit
390 3034 542 3078 legatum
565 3044 680 3079 neque
704 3034 820 3069 Titius
856 3034 1004 3076 debeat,
1037 3034 1219 3070 sciendum

132 3082 185 3113 est
208 3079 343 3114 nullum
367 3088 445 3114 esse
462 3079 629 3124 legatum.
679 3082 714 3114 et
738 3079 878 3124 quidem
903 3080 933 3114 si
949 3079 1129 3124 quantitas
1145 3090 1220 3115 non

132 3124 178 3158 sit
201 3124 352 3166 adiecta,
379 3124 529 3159 evidenti
552 3124 690 3159 ratione
710 3124 798 3159 nihil
822 3124 1021 3167 debebitur,
1047 3125 1130 3169 quia
1146 3135 1219 3159 non

132 3172 293 3213 apparet,
318 3172 490 3214 quantum
513 3169 622 3203 fuerit
644 3170 818 3213 legatum:
852 3180 935 3205 nam
971 3173 1007 3205 et
1039 3170 1069 3205 si
1116 3169 1178 3204 uid
1191 3171 1219 3191 ¹⁰

133 3223 196 3256 ego
221 3213 315 3249 Titio
340 3213 451 3249 debeo
466 3216 492 3235 ¹¹
517 3214 549 3249 ei
573 3214 733 3258 legavero
755 3215 955 3259 quantitate
977 3225 1050 3250 non
1067 3225 1088 3249 a
1116 3215 1218 3257 ‘ecta,

134 3260 275 3292 constat
297 3258 431 3293 nullum
467 3269 545 3294 esse
569 3259 743 3303 legatum,
776 3270 876 3301 cum,
910 3259 939 3295 si
973 3260 1095 3295 decem
1128 3270 1220 3304 quae

133 3302 229 3337 Titio
266 3302 377 3338 debeo
406 3303 568 3348 legavero
607 3314 674 3339 nec
706 3304 787 3349 quic
813 3315 896 3340 uam
928 3305 1022 3340 Titio
1059 3305 1218 3347 debeam,

132 3346 226 3381 falsa
249 3346 502 3385 demonstratio
526 3359 597 3384 non
622 3349 771 3394 peremit
809 3359 827 3384 e
852 3354 960 3392 atum,
984 3352 1026 3385 ut
1048 3350 1083 3384 in
1099 3350 1217 3394 legato

135 3394 155 3425 2
204 3391 296 3426 dotis
319 3391 478 3428 Iulianus
501 3394 694 3438 respondit.
743 3394 819 3438 Quo
870 3395 901 3430 si
925 3394 1118 3430 addiderit:
1145 3394 1218 3429 ‘de-

135 3439 233 3488 ‘⁰9m.
248 3446 340 3481 quae
362 3437 446 3472 mihi
469 3438 583 3473 Titius
609 3438 714 3474 debet
737 3439 846 3483 lego’,
879 3439 955 3475 sine
986 3440 1096 3475 dubio
1131 3439 1219 3474 nihil

136 3485 200 3515 erit
223 3492 260 3515 m
284 3481 422 3525 legato:
446 3493 529 3517 nam
551 3483 644 3518 inter
667 3484 795 3519 falsam
819 3484 1159 3520 demonstrationem
1183 3487 1219 3519 et

137 3594 176 3632 (1)
210 3593 239 3624 si
262 3593 295 3624 F
417 3595 459 3635 (2)
493 3596 743 3638 suspiciendum
764 3598 800 3630 F

137 3637 179 3677 (4)
203 3636 326 3669 urbani
340 3638 418 3670 adol.
434 3638 483 3671 122
581 3642 623 3681 (5)
648 3642 823 3685 rescripsit
836 3641 887 3674 F²
987 3644 1030 3681 (6)
1057 3644 1154 3684 quae]
1169 3642 1219 3674 id-

138 3691 200 3722 que
213 3694 273 3715 scr.
355 3683 397 3723 (7)
423 3683 632 3725 relinquitF
702 3687 747 3727 (8)
772 3686 1028 3728 relinqueratF
1097 3689 1141 3729 (9)
1168 3698 1218 3719 re-

137 3725 352 3767 linqueratF
438 3728 497 3768 (10)
525 3729 688 3771 quidquid
700 3742 763 3765 scr.
866 3734 919 3770 (11)
946 3731 1001 3764 cui
1014 3731 1102 3764 nihil
1116 3732 1220 3765 debeo

918 3598 959 3638 (3)
992 3597 1166 3640 proculum
1193 3598 1228 3630 F

1213 106 1297 153 423

2256 111 2383 153 XXX

1288 233 1417 268 falsam
1454 231 1699 267 condicionem
1735 232 1807 267 sive
1843 243 1988 267 causam
2032 232 2182 267 multum
2223 232 2380 267 interest.

1313 277 1438 313 roinde
1470 280 1505 312 et
1536 277 1567 312 si
1590 276 1685 311 Titio
1722 276 1862 319 decem,
1897 288 1990 322 quae
2021 278 2106 312 mihi
2131 277 2232 313 Seius
2266 277 2383 320 debet,

1288 289 1462 367 Begavero,
1488 321 1624 357 nullum
1649 322 1715 357 erit
1737 322 1912 366 legatum:
1938 333 2017 358 esse
2041 323 2134 358 enim
2157 322 2299 359 debitor
2322 322 2383 358 de-

1288 368 1368 404 bet:
1394 378 1476 403 nam
1502 371 1536 402 et
1559 366 1591 401 si
1613 366 1712 402 vivus
1738 367 1945 411 exegissem,
1979 369 2265 414 exstingueretur
2288 369 2383 413 lega-

1288 417 1365 448 tum
1390 417 1436 455 et,
1469 412 1500 448 si
1525 412 1664 447 debitor
1695 418 1875 454 maneret,
1909 413 2068 448 actiones
2101 414 2271 449 adversus
2303 424 2384 449 eum

1290 461 1309 494 3
1357 458 1462 493 heres
1486 467 1586 492 meus
1602 458 1630 478 ¹²
1665 457 1853 493 dumtaxat
1883 461 2066 502 praestare
2098 463 2298 504 cogeretur.
2347 459 2384 494 Si

1288 503 1368 548 quis
1391 503 1444 537 ita
1468 503 1679 548 stipulatus:
1715 502 1889 537 ‘Stichum
1914 506 1977 537 aut
2001 503 2139 545 decem,
2174 509 2294 539 utrum
2319 514 2383 548 ego

1289 549 1414 583 ‘velim'
1439 548 1609 593 legaverit
1641 548 1737 593 quod
1773 548 1804 583 ei
1830 547 2046 589 debebatur,
2078 550 2257 584 tenebitur
2280 550 2384 584 heres

1289 594 1376 635 eius,
1415 597 1456 628 ut
1479 597 1639 638 praestet
1668 593 1841 638 legatario
1873 593 2051 628 actionem
2086 595 2295 630 electionem
2319 595 2383 629 ha-

1288 639 1427 681 bituro,
1464 642 1584 673 utrum
1620 638 1782 673 Stichum
1827 648 1873 672 811
1910 638 2031 673 (1606111
2074 641 2238 684 persequi
2273 641 2383 675 malit.

1289 687 1309 718 4
1357 683 1513 718 Proinde
1537 684 1567 718 si
1592 683 1753 718 Stichum
1778 683 1957 728 legaverit,
1984 694 2064 719 cum
2088 684 2146 719 ille
2171 685 2202 719 ei
2223 685 2384 720 Stichum

1289 733 1352 763 aut
1377 728 1499 763 decem
1531 728 1695 771 deberet,
1730 728 1859 764 incerti
1883 729 1979 764 actio
2011 729 2180 774 legatario
2214 730 2384 765 adversus

1288 773 1456 809 heredem
1482 774 1661 818 competit,
1687 778 1727 808 ut
1751 774 1896 818 scripsit
1918 774 2078 810 Iulianus
2094 775 2184 810 libro
2205 776 2384 821 trigesimo

1288 819 1393 854 tertio
1420 818 1648 863 digestorum,
1682 829 1747 864 per
1771 829 1877 864 quam
1901 820 2080 855 actionem
2111 821 2302 865 compellat
2324 821 2385 855 he-

1289 863 1409 899 redem
1430 863 1602 909 experiri:
1629 868 1674 906 et,
1691 864 1721 899 si
1735 864 1897 899 Stichum
1913 869 2126 900 consecutus
2145 864 2262 907 fuerit,
2280 876 2384 911 prae-

1290 909 1401 945 stabit
1420 909 1464 951 61,
1487 909 1518 944 81
1535 909 1668 951 (1606111,
1688 909 1774 944 nihil
1791 915 2044 962 consequetur.
2082 910 2276 945 secundum
2291 911 2386 956 quod

1289 954 1357 990 erit
1380 955 1417 989 in
1442 955 1590 990 arbit-rio
1616 954 1797 996 debitoris,
1824 965 1870 989 an
1894 959 1942 990 811
1964 956 2158 1000 legatarius
2182 956 2212 991 is
2238 957 2295 991 cui
2313 957 2384 991 Sti-

1291 1000 1380 1035 chus
1403 1000 1543 1044 legatus
1568 1003 1634 1035 est.

1337 1043 1389 1082 76
1414 1044 1610 1080 IULIANUS
1645 1045 1736 1080 libro
1770 1046 1953 1088 trigesimo
1999 1048 2130 1091 quarto
2164 1046 2383 1091 diqestorum

1290 1090 1393 1134 Quod
1428 1090 1459 1125 si
1499 1090 1579 1136 quis
1624 1089 1786 1125 Stichum
1822 1094 1887 1125 aut
1929 1091 2155 1136 Pamphilum
2193 1091 2384 1136 stipulatus

1290 1135 1500 1180 Sempronio
1539 1135 1700 1170 Stichum
1745 1136 1918 1180 legasset,
1962 1136 2103 1172 Maevio
2148 1136 2386 1181 Pamphilum,

1290 1184 1461 1216 oneratus
1485 1181 1589 1216 heres
1613 1181 1849 1226 intellegitur,
1883 1185 1924 1216 ut
1947 1192 2094 1217 necesse
2125 1182 2259 1216 habeat
2282 1182 2386 1216 alteri

1289 1226 1469 1261 actionem
1493 1236 1605 1269 suam,
1632 1227 1735 1261 alteri
1755 1227 2041 1262 aestimationem
2065 1227 2177 1262 Stichi
2201 1230 2265 1262 aut
2280 1227 2385 1262 Pam-

1290 1271 1378 1317 phili
1402 1271 1501 1307 dare.

1338 1314 1390 1353 77
1424 1316 1621 1352 Uzmzvvs
1641 1317 1733 1353 libro
1766 1317 1893 1362 quinto
1929 1317 2214 1363 disputationum
2263 1317 2301 1352 Si
2324 1327 2386 1362 pe-

1291 1362 1398 1397 cunia
1421 1361 1490 1397 fuit
1523 1361 1686 1407 deposita
1711 1362 1809 1407 apud
1833 1361 1987 1407 aliquem
2011 1362 2158 1407 eiusque
2181 1362 2265 1397 fidei
2290 1373 2386 1398 com-

1290 1407 1449 1449 missum,
1473 1411 1514 1442 ut
1538 1417 1617 1442 eam
1641 1407 1830 1452 pecuniam
1862 1410 2040 1452 praestet,
2073 1407 2386 1443 fideicommissum

1291 1463 1335 1487 ex
1358 1453 1534 1497 rescripto
1552 1452 1622 1487 divi
1638 1453 1695 1488 Pii
1711 1452 1912 1494 debebitur,
1938 1453 2040 1498 quasi
2053 1454 2081 1474 ¹³
2104 1453 2268 1488 videatur
2282 1453 2386 1489 heres

1289 1501 1435 1542 rogat-us
1471 1498 1651 1533 remittere
1686 1498 1723 1533 id
1759 1497 1931 1533 debitori:
1970 1508 2053 1533 nam
2089 1498 2119 1533 si
2154 1499 2387 1533 conveniatur

1290 1542 1431 1578 debitor
1462 1543 1507 1578 ab
1540 1543 1690 1585 herede,
1723 1543 1797 1578 doli
1821 1543 2031 1588 exceptione
2054 1544 2107 1578 uti
2131 1546 2268 1588 potest:
2294 1555 2387 1589 quae

1289 1598 1346 1623 res
1382 1588 1469 1623 utile
1505 1588 1818 1624 fideicommissum
1853 1588 1952 1623 facit.
2012 1588 2107 1634 quod
2145 1599 2226 1624 cum
2260 1589 2312 1624 ita
2348 1599 2387 1624 se

1288 1633 1418 1675 habet,
1461 1633 1506 1668 ab
1543 1634 1639 1669 omni
1675 1634 1837 1669 debitore
1879 1633 2190 1669 fideicommissum
2235 1634 2386 1680 relinqui

1315 1681 1418 1714 otest.

1289 1689 1312 1723 p
1337 1720 1390 1760 78
1414 1723 1524 1758 IDEM
1550 1724 1642 1759 libro
1675 1728 1801 1759 octavo
1844 1724 2129 1769 disputationum
2184 1724 2385 1760 Fideicom·

1290 1769 1448 1805 missum.
1475 1769 1571 1814 quod
1595 1779 1618 1803 a
1640 1769 1812 1813 legatario
1837 1769 2072 1813 relinquitur,
2097 1769 2149 1804 ita
2173 1769 2313 1805 demum
2339 1770 2385 1805 ab

1291 1824 1332 1849 eo
1359 1814 1520 1850 debetur.
1546 1814 1576 1849 si
1600 1814 1647 1849 ad
1670 1814 1882 1858 legatarium
1905 1814 2062 1858 legatum
2086 1815 2299 1859 pervenerit.

1337 1857 1389 1896 79
1414 1859 1610 1895 IULIANUS
1629 1859 1721 1895 libro
1745 1860 1872 1905 quinto
1890 1859 2110 1905 diyestorum
2150 1859 2187 1895 Si
2211 1861 2289 1905 quis
2314 1864 2385 1895 tes-

1288 1907 1448 1940 tamento
1475 1915 1540 1940 suo
1554 1906 1581 1926 ¹⁴
1599 1904 1693 1939 Titio
1719 1908 1755 1939 et
1772 1904 1853 1939 Seio
1879 1904 2002 1939 decem
2026 1905 2104 1940 dari
2127 1905 2282 1948 iusserit,
2307 1906 2385 1940 nul·

1288 1950 1360 1984 lam
1384 1951 1475 1985 haec
1499 1950 1609 1985 verba
1632 1949 1706 1985 reci
1732 1949 1811 1984 iunt
1835 1950 2114 1995 ambiguitatem,
2149 1954 2191 1985 ut
2214 1951 2307 1986 dena
2332 1951 2385 1986 di-

1288 1995 1384 2030 xisse
1407 1995 1581 2037 videatur,
1607 1995 1668 2040 qui
1718 2005 1815 2029 ecem
1841 1995 1941 2030 dixit.

1336 2037 1388 2077 80
1414 2041 1446 2075 A
1476 2041 1528 2075 ud
1550 2040 1577 2075 Ι
1579 2049 1756 2076 υιῙΑΝυΜ
1775 2040 1866 2076 libro
1884 2040 2067 2086 triqesimo
2091 2041 2248 2076 secundo
2268 2041 2386 2087 diqes-

1289 2088 1407 2121 torum
1474 2095 1675 2121 ..montes
1696 2088 1800 2120 notat
1845 2085 1892 2127 Is,
1930 2085 1990 2130 qui
2015 2085 2092 2120 sola
2123 2086 2271 2130 triginta
2304 2087 2385 2121 reli-

1313 2134 1417 2166 uerat
1430 2132 1467 2173 ¹⁵,
1493 2130 1589 2166 Titio
1613 2130 1759 2176 triginta
1782 2130 1929 2175 legavit,
1962 2130 2043 2166 Seio
2069 2130 2208 2174 viginti,
2244 2131 2385 2167 Maevio

1314 2186 1422 2212 ecem.
1488 2176 1690 2211 Massurius
1737 2176 1892 2211 Sabinus
1934 2176 2065 2221 probat
2105 2176 2238 2212 Titium
2282 2177 2385 2222 quin·

1289 2221 1424 2263 decim,
1458 2221 1578 2257 Seium
1615 2221 1754 2262 decem,
1794 2220 1974 2256 Maevium
2017 2221 2173 2266 quinque
2213 2232 2384 2258 consecu-

1287 2270 1401 2309 turos,
1425 2266 1477 2301 ita
1500 2270 1631 2309 tamen,
1657 2270 1698 2301 ut
1722 2277 1766 2301 ex
1791 2266 1846 2301 his
1862 2277 1929 2311 pro
1956 2269 2039 2301 rata
2065 2267 2240 2312 portionis
2265 2268 2384 2303 Falci-

1289 2311 1370 2346 diae
1402 2312 1566 2347 satisfiat.

1336 2353 1385 2394 81
1414 2357 1609 2392 IULIANUS
1636 2356 1727 2392 libro
1760 2356 1945 2402 triqesimo
1980 2356 2138 2392 secundo
2162 2356 2384 2402 diqestorum

1290 2401 1328 2437 Si
1358 2401 1510 2437 fundum
1542 2402 1609 2437 sub
1642 2401 1852 2437 condicione
1883 2402 2040 2446 legatum
2071 2401 2174 2436 heres
2205 2401 2385 2447 pendente

1290 2447 1500 2482 condicione
1533 2447 1600 2482 sub
1626 2447 1697 2481 alia
1722 2446 1934 2481 condicione
1966 2446 2024 2481 alii
2057 2446 2211 2491 legasset
2243 2450 2279 2482 et
2301 2451 2385 2492 post

1290 2492 1501 2527 existentem
1518 2492 1774 2534 condicionem,
1800 2502 1892 2536 quae
1910 2491 2030 2536 priore
2046 2495 2259 2527 testamento
2278 2502 2383 2537 prae-

1288 2538 1409 2583 posita
1430 2537 1571 2580 fuisset,
1596 2542 1683 2572 tunc
1707 2546 1749 2571 ea
1774 2537 1947 2578 condicio,
1973 2537 2040 2571 sub
2066 2547 2136 2581 qua
2160 2537 2262 2573 heres
2286 2538 2383 2582 lega-

1289 2586 1400 2625 verat,
1427 2583 1623 2619 exstitisset
1635 2584 1674 2624 ¹⁶,
1709 2582 1902 2617 dominium
1927 2591 1949 2616 a
1971 2581 2090 2626 priore
2113 2582 2286 2627 legatario
2311 2593 2384 2618 non

1293 2631 1307 2662 1
1360 2628 1522 2663 discedit.
1587 2628 1626 2663 Si
1658 2638 1758 2663 servo
1793 2627 1972 2662 communi
2007 2637 2064 2662 res
2096 2627 2214 2672 legata
2244 2627 2383 2671 fuisset,

1289 2676 1410 2753 potest
1433 2673 1523 2708 alter
1547 2672 1711 2708 dominus
1736 2682 1932 2716 agnoscere
1955 2672 2121 2716 legatum,
2153 2673 2245 2708 alter
2267 2673 2382 2718 repel-

1303 2729 1379 2753 ere:
1416 2729 1500 2753 nam
1531 2718 1568 2753 in
1591 2719 1686 2753 hanc
1719 2727 1865 2752 causam
1895 2727 2018 2752 servus
2051 2718 2248 2753 communis
2281 2718 2384 2763 quasi

1290 2766 1309 2797 2
1359 2763 1429 2799 duo
1454 2763 1547 2798 servi
1571 2767 1662 2798 sunt.
1721 2763 1893 2797 ‘Stichum
1918 2761 2126 2807 Sempronio
2160 2763 2205 2799 do
2229 2763 2327 2808 lego:
2353 2763 2384 2799 si

1290 2808 1383 2843 ‘Sem
1409 2809 1532 2844 ronius
1557 2808 1718 2844 Stichum
1741 2808 1836 2842 intra
1867 2817 2001 2842 annum
2032 2818 2105 2843 non
2129 2809 2383 2851 manumiserit„

1290 2819 1453 2889 ι6011ἆέ1111
1477 2854 1639 2889 Stichum
1652 2853 1745 2888 Titio
1771 2853 1815 2888 do
1840 2853 1942 2897 lego’.
1990 2853 2191 2898 quaesitum
2208 2857 2273 2896 est,
2299 2854 2383 2898 quid

1288 2898 1375 2933 iuris
1400 2902 1504 2934 esset.
1552 2898 1720 2943 respondi
1745 2897 1991 2942 Sempronium
2013 2898 2155 2934 interim
2177 2902 2293 2935 totum
2318 2901 2381 2934 ha-

1290 2943 1448 2978 biturum
1480 2946 1534 2985 et,
1578 2943 1609 2979 si
1641 2943 1783 2988 quidem
1814 2943 1910 2978 intra
1941 2953 2075 2979 annum
2106 2944 2380 2986 manumisisset,

1288 2988 1439 3023 liberum
1463 2998 1544 3023 eum
1569 2988 1797 3023 effecturum:
1822 2988 1878 3023 sin
1901 2993 2021 3024 autem
2044 2989 2114 3025 hoc
2130 3000 2203 3025 non
2226 2989 2380 3031 fecisset,

1291 3037 1310 3068 3
1334 3036 1451 3068 totum
1475 3033 1522 3068 ad
1546 3033 1681 3068 Titium
1704 3033 1892 3078 pertinere.
1941 3033 2010 3078 Qui
2041 3033 2193 3070 fundum
2229 3037 2379 3078 excepto

1290 3077 1451 3113 aedificio
1475 3078 1589 3123 legat,
1622 3078 1863 3123 appellatione
1886 3079 2039 3114 aedificii
2070 3082 2134 3114 aut
2157 3079 2380 3124 superficiem

1290 3123 1468 3168 significat
1481 3124 1508 3145 ¹⁷
1533 3127 1596 3158 aut
1619 3124 1735 3159 solum
1758 3134 1911 3169 quoque,
1948 3124 2007 3160 cui
2031 3125 2230 3160 aedificium
2255 3133 2378 3175 super-

1289 3168 1443 3213 positum
1469 3171 1532 3203 est.
1582 3167 1612 3203 si
1636 3168 1680 3204 de
1710 3169 1789 3204 sola
1819 3179 1861 3204 su
1889 3169 2007 3205 erficie
2038 3170 2235 3214 exceperit,
2269 3168 2378 3203 mhilo

1289 3213 1405 3248 minus
1429 3213 1507 3248 iure
1529 3213 1638 3258 legati
1661 3217 1758 3249 totus
1782 3213 1847 3249 fun
1873 3225 1916 3250 us
1940 3215 2198 3256 vindicabitur,
2230 3213 2293 3248 sed
2318 3223 2377 3247 ex-

1291 3258 1454 3303 ceptione
1486 3258 1558 3294 doli
1589 3259 1672 3294 mali
1703 3259 1822 3304 posita
1854 3263 2092 3305 consequetur
2121 3260 2223 3294 heres
2246 3258 2301 3300 id,
2339 3261 2379 3292 ut

1290 3304 1358 3339 sibi
1380 3303 1545 3338 habitare
1575 3303 1613 3338 in
1644 3304 1727 3339 villa
1757 3305 1882 3340 liceat:
1914 3305 1951 3340 in
1983 3315 2052 3350 quo
2085 3304 2208 3345 inerit,
2240 3306 2282 3337 ut
2312 3303 2379 3337 iter

1290 3358 1432 3393 quoque
1457 3351 1492 3383 et
1516 3352 1636 3384 actum
1659 3349 1696 3384 in
1721 3359 1764 3385 ea
1785 3350 1930 3385 habeat.
1990 3350 2020 3385 si
2043 3359 2125 3384 vero
2151 3349 2265 3383 solum
2289 3358 2376 3392 quo-

1314 3404 1359 3429 ue
1384 3397 1571 3438 exceptum
1593 3393 1719 3437 fuerit,
1751 3394 1884 3430 fundus
1920 3398 2071 3439 excepta
2101 3394 2183 3428 villa
2206 3392 2378 3428 vindicari

1289 3405 1434 3473 debebit
1465 3442 1501 3473 et
1532 3439 1682 3475 servitus
1713 3440 1791 3485 ipso
1822 3440 1901 3475 iure
1930 3440 2033 3475 villae
2065 3438 2272 3479 debebitur,
2305 3447 2377 3471 non

1289 3493 1393 3518 secus
1417 3493 1461 3518 ac
1485 3483 1515 3519 si
1546 3483 1698 3520 duorum
1729 3485 1922 3520 fundorum
1955 3484 2116 3519 dominus
2152 3483 2302 3517 alterum
2327 3483 2375 3516 le-

2089 3597 2147 3637 (14)
2173 3606 2233 3628 8110
2247 3596 2308 3647 dei.
2325 3593 2375 3647 FJ⁶

2185 3645 2242 3681 (17)
2268 3651 2375 3682 signi-

1288 3597 1347 3628 ins.
1443 3597 1502 3637 (12)
1527 3607 1636 3629 meum
1650 3598 1686 3631 F

1289 3642 1347 3680 (15)
1375 3640 1581 3681 relinquerat
1594 3643 1628 3674 F

1287 3685 1385 3717 ficata
1401 3686 1434 3718 F

1770 3602 1828 3639 (13)
1854 3597 2011 3639 quiasiF

1748 3647 1806 3682 (16)
1833 3643 2033 3674 exstitissem
2049 3642 2084 3674 F
