2528 3918
126 126 521 164 REPUTATIONIBUS

123 242 164 276 do
192 240 475 285 reputationibus
503 247 590 280 quae
619 236 707 269 fiunt
738 235 774 268 in
807 234 935 269 iudicio
965 236 1003 268 in
1034 234 1205 275 integrum

189 284 411 319 restitutionis
459 282 494 316 0.
519 283 552 323 2,
575 284 617 315 47

124 331 164 364 de
187 329 411 374 requirendis
458 327 493 361 C.
517 329 550 369 9,
574 329 617 361 40

123 377 164 409 de
185 374 409 419 requirendis
431 372 484 407 vel
506 371 698 405 absentibus
722 370 918 404 damnandis
963 370 1007 403 D.
1038 371 1093 410 48,
1119 369 1158 401 17

122 431 243 455 rerum
265 422 450 452 amotarum
498 417 533 451 0.
558 420 590 459 5,
615 419 655 451 21

124 466 164 500 (16
186 465 318 498 66116116
338 473 461 498 rerum
483 465 669 496 amotarum
715 461 758 494 D.
789 463 844 503 25,
869 462 890 495 2

124 511 164 545 (16
185 520 307 544 rerum
330 509 494 542 divisione
517 510 551 541 et
573 507 735 550 qualitate
781 506 812 540 J.
838 507 870 549 2,
896 509 911 540 1
960 505 1004 539 D.
1032 507 1063 547 1,
1085 504 1107 538 8

124 556 164 590 de
185 565 307 589 rerum
328 553 574 597 permutatione
619 553 663 587 D.
692 553 743 594 19,
767 553 788 585 4
1131 593 1139 600 Ο

124 601 165 636 (16
185 610 308 634 rerum
329 599 575 643 permutatione
598 601 632 631 et
654 598 694 631 de
715 596 930 643 praescriptis
945 594 1052 629 verbis
1075 594 1206 626 actione

193 645 228 679 0.
252 647 284 687 4,
309 647 352 679 64

124 691 165 725 (le
187 689 421 725 rescindenda
444 689 638 721 venditione
687 687 721 721 G.
747 690 778 729 4,
802 689 845 720 44
1132 728 1139 735 ι

125 736 165 770 (16
187 734 421 770 rescindenda
444 733 637 767 venditione
660 735 694 766 et
717 732 851 774 quando
873 731 955 764 lieet
977 731 1018 764 ab
1040 730 1208 772 emptione

192 780 358 813 discedere
403 779 448 813 D.
476 780 528 821 18,
553 781 572 813 5
1024 820 1031 826 ·

124 826 164 860 (16
185 827 409 860 restitutione
431 823 578 857 militum
603 825 636 856 et
659 833 774 856 eorum
797 822 858 864 qui
873 822 923 855 rei
938 819 1093 864 publicae
1108 827 1208 851 causa

190 871 350 904 afuerunt
397 869 431 904 G.
457 871 489 911 2,
514 871 557 903 50

7 946 15 954 ,
53 905 55 908 ⁴
124 916 164 949 (16
185 916 223 949 111
245 916 415 957 integrum
437 914 721 947 restitutionibus
765 912 810 945 D.
835 914 868 953 4,
896 912 912 946 1

124 961 164 994 (16
184 960 394 994 revocandis
415 958 654 992 donationibus
702 957 736 991 C.
762 960 793 998 8,
818 958 861 990 55

123 1006 164 1040 de
185 1006 395 1039 revocandis
416 1005 469 1038 his
499 1015 585 1047 quae
614 1014 675 1046 per
698 1002 850 1035 fraudem
873 1001 1021 1034 alienata
1043 1001 1123 1031 sunt
1171 996 1206 1031 C.

123 1095 164 1129 de
185 1076 259 1138 le'ge
282 1094 422 1128 Rhodia
445 1094 485 1127 de
508 1093 600 1126 iactu
645 1093 689 1126 D.
717 1094 770 1135 14,
794 1093 814 1127 2

123 1141 164 1174 de
185 1143 268 1184 ripa
289 1139 473 1173 munienda
517 1139 562 1171 D.
587 1141 642 1180 43,
669 1140 708 1172 15

123 1186 163 1219 de
185 1188 264 1219 ritu
284 1184 479 1227 nuptiarum
525 1184 569 1217 D.
594 1185 650 1227 23,
673 1185 694 1218 2

122 1231 163 1265 «ιο
184 1233 274 1265 nnis
318 1230 362 1264 D.
387 1231 444 1273 43,
468 1231 509 1264 21

641 1331 687 1375 S.

122 1412 163 1446 de
185 1411 325 1444 crimine
347 1409 532 1452 sacrilegii
579 1408 613 1444 C.
638 1411 671 1452 9,
696 1410 739 1443 29

122 1457 163 1491 (16
183 1457 420 1490 saerosanctis
442 1454 588 1488 ecelesiis
617 1457 651 1488 et
681 1454 722 1488 de
749 1454 848 1487 rebus
878 1454 912 1486 et
941 1451 1130 1495 privilegiis
1152 1461 1205 1484 ea-

188 1512 265 1535 rum
312 1500 347 1535 0.
374 1503 404 1543 1,
428 1502 449 1534 2

122 1548 163 1582 (16
183 1545 372 1590 praebendo
394 1545 528 1578 salario
577 1543 612 1578 C.
639 1546 691 1587 10,
716 1546 756 1578 37

121 1593 162 1627 de
183 1592 342 1634 salgamo
365 1589 554 1633 hospitibus
576 1600 644 1622 non
666 1589 866 1632 praestando
916 1588 950 1622 G.
980 1589 1032 1630 12,
1055 1588 1096 1621 41

121 1638 162 1671 de
185 1637 356 1671 Salviano
378 1634 559 1668 interdicto
604 1634 649 1668 D.
677 1637 734 1676 4³,
757 1636 800 1668 33

122 1683 162 1716 (16
183 1682 334 1725 precario
357 1683 391 1714 et
413 1680 583 1714 Salviano
606 1679 788 1713 interdicto
836 1679 871 1713 C.
897 1681 930 1722 8,
953 1679 975 1712 9

122 1729 163 1762 de
183 1726 388 1760 satisdando
437 1725 472 1759 C.
496 1726 529 1767 2,
554 1727 597 1759 56

122 1773 163 1806 (16
182 1771 414 1806 satisdatione
434 1773 586 1803 tutorum
609 1772 643 1803 61
665 1772 859 1803 curatorum
904 1768 936 1802 J.
964 1770 995 1810 1,
1018 1768 1064 1802 24

122 1819 163 1852 de
184 1816 475 1851 satisdationibus
519 1816 551 1849 J.
574 1818 607 1858 4,
633 1817 671 1849 11

122 1864 163 1896 (16
184 1861 348 1895 secundis
370 1860 500 1904 nuptiis
547 1859 581 1894 G.
607 1862 639 1902 5,
663 1862 683 1893 9

122 1909 163 1942 de
183 1907 360 1941 seditiosis
381 1908 415 1939 et
437 1906 478 1938 de
500 1905 554 1938 his
583 1905 643 1947 qui
670 1904 801 1947 plebem
830 1903 957 1937 audent
989 1906 1106 1936 contra
1138 1914 1206 1936 rem

140 1974 143 1976 -
188 1952 359 1995 publicam
381 1950 540 1992 colligere
588 1949 623 1984 G.
647 1951 681 1993 9,
706 1952 748 1983 30

121 1998 164 2032 de
185 1998 407 2030 senatoribus
450 1996 495 2029 D.
524 1998 552 2039 l,
575 1996 596 2029 9

123 2043 164 2076 de
185 2045 328 2076 senatus
350 2040 512 2074 consultis
560 2039 594 2074 0.
623 2043 652 2083 1,
679 2042 719 2074 16

123 2089 164 2122 (16
184 2086 447 2120 successionibus
468 2085 608 2119 sublatis
631 2095 716 2127 quae
731 2084 856 2117 fiebant
869 2094 929 2126 per
945 2083 1109 2116 bonorum
1127 2094 1206 2117 vcn-

190 2132 351 2166 ditionem
379 2134 412 2164 et
434 2142 474 2164 ex
496 2134 638 2164 senatus
661 2130 814 2163 consulto
838 2129 1027 2162 claudiano
1072 2129 1104 2163 J.
1117 2131 1206 2172 3,12

123 2179 164 2212 de
186 2181 330 2211 senatus
352 2176 505 2210 consulto
529 2175 717 2209 Claudiano
740 2174 890 2208 tollendo
939 2173 973 2208 C.
1000 2177 1031 2216 7,
1057 2175 1100 2208 24

124 2224 166 2257 (16
187 2222 261 2265 lege
284 2222 441 2255 Cornelia
464 2221 504 2255 de
527 2221 620 2255 falsis
643 2223 676 2255 et
699 2221 739 2254 (16
761 2223 904 2253 senatus
928 2220 1081 2253 consulto
1103 2220 1206 2253 Libo-

190 2268 294 2302 niano
338 2267 383 2301 D.
409 2269 465 2310 48,
493 2269 532 2300 ιο

123 2314 164 2348 (16
184 2316 328 2346 senatus
351 2311 504 2346 consulto
527 2311 770 2344 Macedoniano
816 2310 859 2344 D.
886 2311 939 2353 14,
963 2312 983 2344 6

124 2359 164 2392 (16
186 2361 330 2391 senatus
351 2357 504 2391 consulto
528 2357 691 2390 Orfitiano
737 2356 769 2390 J.
794 2358 825 2399 3,
849 2358 870 2389 4

124 2403 165 2437 (16
194 2406 337 2436 senatus
370 2402 523 2436 consulto
558 2402 732 2435 Silaniano
772 2403 806 2434 et
841 2399 1029 2434 Claudiano
1064 2411 1206 2442 quorum

190 2450 388 2481 testamenta
410 2458 452 2480 ne
475 2448 670 2490 aperiantur
715 2446 759 2481 D.
784 2447 839 2489 29,
863 2449 883 2480 5

124 2494 165 2527 (16
185 2496 328 2526 senatus
350 2492 502 2526 consulto
526 2491 737 2526 Tertulliano
781 2491 813 2525 J.
838 2493 870 2534 3,
894 2492 915 2525 3

123 2539 166 2572 ad
187 2542 332 2571 senatus
353 2537 542 2570 consultum
565 2537 844 2570 Macedonianum
892 2535 927 2570 G.
951 2537 984 2578 4,
1007 2536 1051 2570 28

124 2584 167 2617 ad
188 2586 332 2616 senatus
353 2582 544 2616 consultum
568 2582 768 2616 Orfitianum
818 2581 852 2614 C.
878 2583 910 2623 6,
935 2583 976 2615 57

124 2629 165 2662 (16
193 2628 248 2661 1116
275 2627 398 2670 quibus
428 2631 468 2660 ut
503 2627 653 2670 indignis
686 2627 887 2660 auferuntur
921 2629 955 2659 et
988 2625 1031 2658 ad
1065 2629 1208 2659 senatus

190 2673 381 2706 consultum
403 2673 615 2706 Silanianum
663 2671 698 2706 C.
723 2675 755 2714 6,
780 2674 823 2707 35

123 2719 165 2752 ad
186 2722 330 2751 senatus
357 2713 548 2751 consultum
573 2716 822 2751 Tertullianum
853 2718 888 2749 et
917 2716 1118 2749 Orfitianum
1163 2716 1207 2750 D.

193 2766 248 2805 38,
277 2765 312 2796 17

124 2809 167 2842 ad
186 2812 330 2841 senatus
353 2807 544 2840 consultum
566 2806 815 2840 Tertullianum
863 2805 899 2840 G.
927 2808 959 2848 6,
984 2807 1028 2839 56

124 2854 166 2887 ad
187 2857 331 2886 senatus
353 2852 543 2886 consultum
565 2851 814 2885 Trebellianum
859 2850 904 2884 D.
930 2852 984 2893 36,
1011 2853 1024 2883 1
1071 2851 1106 2884 C.
1120 2853 1152 2893 6,
1165 2854 1208 2886 49

124 2899 167 2932 ad
188 2902 332 2931 senatus
354 2897 544 2930 consultum
567 2896 818 2940 Turpillianum
849 2898 882 2928 et
905 2895 945 2928 de
968 2895 1211 2929 abolitionibus

190 2943 370 2976 criminum
415 2943 460 2976 D.
484 2944 540 2985 48,
566 2945 607 2976 16
657 2941 691 2976 C.
716 2944 749 2984 9,
772 2943 815 2976 45

124 2988 167 3021 ad
190 2991 332 3021 senatus
354 2987 543 3021 consultum
565 2986 778 3021 Velleianum
823 2986 867 3020 D.
901 2988 954 3029 16,
983 2988 995 3019 l
1049 2986 1083 3021 C.
1107 2989 1140 3029 4,
1165 2989 1208 3020 29

122 3035 334 3067 sententiam
356 3033 501 3066 rescindi
524 3043 594 3066 non
615 3043 710 3075 posse
758 3031 793 3066 0.
817 3033 850 3073 7,
874 3033 918 3064 50

124 3078 165 3112 de
187 3076 396 3111 sententiam
418 3078 523 3121 passis
546 3081 579 3111 et
600 3077 750 3110 restituis
802 3077 846 3110 D.
871 3078 927 3119 48,
951 3078 994 3109 23
1049 3075 1084 3110 C.
1109 3078 1141 3119 9,
1166 3079 1204 3110 51

125 3123 166 3156 de
187 3125 362 3156 sententia
385 3133 470 3164 quae
501 3124 575 3156 sine
596 3125 688 3156 certa
710 3122 899 3164 quantitate
921 3121 1053 3164 prolata
1077 3123 1125 3154 est
1174 3121 1208 3155 0.

124 3212 166 3246 de
187 3193 371 3246 sgntentiis
393 3213 549 3245 adversus
570 3212 686 3244 fiscum
708 3211 787 3244 latis
810 3211 1031 3244 retractandis
1071 3210 1105 3245 C.
1124 3213 1176 3254 10,
1190 3213 1210 3244 9

124 3257 165 3291 (16
187 3259 372 3291 sententiis
399 3259 433 3291 et
454 3256 774 3290 interlocutionibus
802 3256 952 3289 omnium
975 3256 1127 3289 iudicum
1176 3256 1210 3291 C.

192 3305 224 3344 7,
247 3305 289 3335 45

123 3347 164 3380 de
186 3348 368 3380 sententiis
398 3357 438 3379 ex
459 3345 610 3389 periculo
633 3345 814 3379 recitandis
862 3345 897 3380 0.
922 3348 955 3387 7,
977 3347 1023 3380 44

124 3392 165 3425 (16
187 3393 370 3425 sententiis
397 3391 640 3434 praefectorum
661 3391 831 3434 praetorio
879 3389 914 3424 G.
938 3391 970 3433 7,
995 3392 1038 3425 42

124 3437 165 3470 (16
186 3438 370 3470 sententiis
404 3446 490 3478 quae
525 3447 587 3479 pro
620 3447 660 3470 eo
695 3435 786 3478 quod
820 3437 960 3469 interest
992 3435 1211 3478 proferuntur

173 3481 209 3516 0.
238 3483 270 3523 7,
294 3483 335 3515 47

125 3526 166 3559 de
187 3526 476 3569 separationibus
520 3525 565 3560 D.
592 3527 624 3568 2,
649 3528 670 3560 6

125 3570 166 3603 (16
193 3570 376 3613 sepulchro
399 3569 525 3603 violato
570 3570 615 3604 D.
639 3572 696 3613 47,
722 3570 763 3603 12
812 3568 848 3603 0.
872 3570 905 3612 9,
931 3572 972 3604 19

128 3614 184 3658 [(16
207 3614 328 3648 servili
349 3615 548 3657 cog-natione
592 3615 625 3650 J.
648 3617 681 3667 35,
705 3616 738 3657 6,
765 3615 819 3655 10]

126 3659 168 3693 de
189 3661 300 3692 servis
321 3660 535 3702 exportandis
563 3660 616 3693 vel
647 3670 677 3693 61
698 3660 748 3693 ita
771 3659 976 3702 mancipium
999 3660 1143 3693 venierit
1171 3661 1210 3693 ut

193 3703 450 3738 manumittatur
472 3704 526 3738 vel
549 3707 667 3738 contra
713 3703 757 3738 D.
786 3706 838 3746 18,
863 3705 882 3737 7

1186 113 1296 155 xm
1598 160 1600 162 ,
2038 111 2088 115 ’·
2153 130 2190 167 4
2310 111 2351 145 st

1275 234 1316 268 (16
1349 233 1505 276 fugitivis
1538 236 1650 266 servis
1685 235 1719 267 et
1748 232 1879 267 libertis
1912 232 2154 276 mancipiisque
2187 231 2362 265 civitatum

1343 278 1528 312 artificibus
1560 281 1593 311 et
1616 278 1657 311 ad
1682 279 1812 311 diversa
1843 288 1944 322 opera
1973 278 2141 321 deputatis
2171 280 2204 311 et
2226 278 2268 310 ad
2293 289 2363 311 rem

1341 324 1507 366 privatam
1530 323 1583 356 vel
1608 324 1807 356 dominicam
1831 323 2079 366 pertinentibus
2127 322 2162 356 C.
2187 326 2219 367 6,
2246 325 2262 357 1

1275 369 1315 402 de
1338 371 1449 402 servis
1472 370 1522 402 rei
1544 369 1700 412 publicae
1723 369 1997 402 manumittendis
2045 367 2081 402 C.
2105 370 2139 412 7,
2162 370 2183 403 9

1275 414 1316 447 de
1338 416 1507 447 ser-vitute
1526 414 1640 456 legata
1686 414 1729 448 D.
1755 416 1809 456 33,
1835 417 1853 448 3

1276 459 1315 492 de
1338 461 1565 492 servitutibus
1611 460 1643 493 J.
1668 461 1699 502 2,
1725 462 1759 492 3·
1792 459 1835 493 D.
1861 462 1892 502 8,
1919 462 1934 493 1

1275 504 1315 537 de
1338 506 1568 538 servitutibus
1591 508 1624 538 et
1647 504 1687 538 (16
1709 514 1796 546 aqua
1845 503 1879 538 C.
1906 507 1936 547 3,
1962 507 2005 539 34

1276 551 1316 582 (16
1338 551 1567 583 servitutibus
1588 550 1802 593 praediorum
1826 550 2027 582 rusticorum
2073 550 2116 584 D.
2143 551 2175 592 8,
2198 551 2219 583 3

1277 595 1316 628 (16
1339 597 1568 628 servitutibus
1589 595 1804 638 praediorum
1828 595 2033 627 urbanorum
2081 596 2123 629 D.
2149 597 2181 638 8,
2205 595 2225 628 2

1276 640 1316 673 de
1338 651 1440 674 servo
1463 641 1632 674 communi
1655 640 1859 673 manumisso
1908 639 1942 674 C.
1968 642 1999 683 7,
2025 644 2042 674 7

1276 685 1317 718 de
1339 697 1439 719 servo
1464 689 1623 729 corrupto
1668 685 1712 720 D.
1743 688 1794 728 11,
1819 688 1837 718 3

1277 730 1317 763 (16
1340 731 1440 764 furtis
1464 734 1497 764 et
1520 731 1560 764 (16
1583 741 1683 764 servo
1707 732 1866 773 corrupto
1915 729 1949 764 C.
1975 732 2008 771 6,
2032 732 2052 764 2

1276 775 1317 808 (16
1339 787 1440 809 servo
1462 777 1599 820 pignori
1622 777 1700 809 dato
1723 776 1926 809 manumisso
1975 774 2010 810 C.
2036 777 2068 818 7,
2092 777 2112 809 8

1274 822 1307 853 si
1328 821 1485 854 adversus
1508 821 1706 855 creditorem
1755 820 1789 855 0.
1815 823 1846 864 2,
1872 823 1913 855 37
1994 821 1998 825 “

1274 868 1308 899 si
1330 867 1487 900 adversus
1510 867 1670 900 delictum
1693 877 1791 900 suum
1840 865 1874 900 C.
1900 868 1931 908 2,
1956 867 1999 901 34

1274 913 1307 943 si
1328 911 1485 944 adversus
1508 912 1723 945 donationem
1771 911 1807 945 C.
1832 913 1865 954 2,
1889 912 1932 946 29

1274 958 1307 989 si
1327 957 1484 990 adversus
1508 957 1619 990 dotem
1668 956 1703 992 C.
1727 959 1760 1000 2,
1785 958 1828 991 33

1274 1003 1307 1034 si
1329 1002 1485 1035 adversus
1507 1002 1622 1035 fiscum
1671 1001 1706 1038 G.
1732 1004 1765 1045 2,
1789 1004 1832 1036 36

1274 1049 1307 1079 si
1329 1047 1485 1080 adversus
1507 1047 1697 1081 libertatem
1745 1046 1780 1081 C.
1805 1049 1837 1090 2,
1862 1049 1905 1081 30

1274 1094 1308 1124 si
1330 1092 1486 1126 adversus
1509 1104 1579 1126 rem
1601 1093 1785 1126 iudicatam
1833 1091 1868 1127 C.
1894 1094 1926 1135 2,
1951 1094 1994 1126 26

1274 1139 1307 1170 si
1329 1137 1486 1172 adversus
1508 1138 1710 1172 solutionem
1741 1148 1762 1171 a
1790 1137 1940 1171 debitore
1970 1137 2023 1171 vel
2052 1148 2073 1170 a
2095 1149 2130 1172 se
2158 1139 2279 1171 factam
2327 1136 2362 1172 G.

1344 1184 1376 1225 2,
1401 1184 1444 1217 32

1273 1229 1307 1260 si
1328 1228 1486 1261 adversus
1507 1228 1767 1262 transactionem
1791 1227 1844 1261 vel
1868 1228 2067 1261 divisionem
2098 1229 2208 1261 minor
2231 1228 2364 1261 restitui

1343 1273 1426 1307 velit
1474 1272 1510 1309 0.
1537 1276 1569 1316 2,
1594 1276 1633 1308 31

1275 1319 1309 1350 si
1329 1319 1486 1352 adversus
1509 1318 1735 1352 venditionem
1785 1317 1821 1353 G.
1845 1320 1877 1361 2,
1903 1320 1943 1352 27

1274 1365 1308 1396 si
1329 1364 1488 1397 adversus
1510 1364 1737 1397 venditionem
1761 1364 1942 1406 pignorum
1991 1363 2026 1398 G.
2052 1365 2084 1407 2,
2109 1366 2152 1399 28

1274 1410 1308 1441 si
1328 1409 1487 1442 adversus
1509 1410 1747 1453 usucapionem
1797 1408 1831 1443 C.
1858 1411 1889 1451 2,
1914 1411 1957 1443 35

1274 1455 1307 1486 si
1329 1465 1408 1496 ager
1431 1454 1606 1497 vectigalis
1624 1455 1660 1487 id
1678 1457 1726 1488 est
1748 1454 2067 1498 einphyteuticarius
2081 1457 2215 1497 petatur
2239 1454 2282 1488 D.
2297 1457 2328 1496 6,
2343 1457 2362 1488 3

1274 1501 1307 1532 si
1329 1500 1439 1533 aliena
1462 1511 1514 1533 res
1537 1500 1673 1543 pignori
1697 1500 1775 1532 data
1797 1500 1842 1532 sit
1890 1499 1924 1533 G.
1950 1502 1981 1542 8,
2010 1502 2050 1534 15

1273 1546 1307 1577 si
1328 1556 1349 1578 a
1371 1555 1439 1578 non
1464 1546 1666 1588 competenti
1697 1545 1809 1578 iudice
1839 1545 2025 1578 iudicatum
2050 1556 2118 1578 esse
2148 1545 2281 1578 dicatur
2329 1544 2364 1578 C.

1343 1592 1376 1632 7,
1400 1592 1443 1624 48

1272 1637 1306 1667 si
1327 1635 1501 1677 antiquior
1525 1635 1671 1668 creditor
1694 1635 1819 1677 pignus
1841 1635 2030 1668 vendiderit
2079 1634 2113 1669 0.
2139 1637 2171 1678 8,
2199 1637 2238 1670 19

1273 1683 1307 1713 si
1328 1691 1349 1713 a
1370 1683 1509 1723 parente
1533 1681 1609 1723 quis
1633 1680 1855 1713 manumissus
1877 1681 1922 1713 sit
1967 1680 2011 1713 D.
2037 1682 2091 1722 37,
2119 1682 2160 1714 12

1274 1725 1318 1758 ad
1340 1725 1450 1767 legem
1473 1725 1665 1759 Corneliam
1689 1726 1730 1759 de
1752 1727 1896 1758 sicariis
1944 1724 1978 1760 C.
2003 1728 2036 1768 9,
2063 1728 2103 1759 16

1274 1771 1317 1803 ad
1340 1770 1447 1813 legem
1472 1771 1663 1804 Corneliam
1696 1771 1736 1804 de
1764 1772 1907 1804 sicariis
1938 1773 1971 1804 et
1993 1770 2148 1804 veneficis

1274 1818 1306 1849 si
1329 1819 1456 1849 eertum
1480 1819 1615 1860 petatur
1664 1815 1698 1849 C.
1723 1818 1756 1857 4,
1781 1817 1801 1850 2

1274 1863 1307 1894 si
1329 1862 1515 1894 communis
1536 1873 1589 1895 res
1611 1862 1790 1904 pignorata
1813 1861 1858 1893 sit
1905 1859 1940 1895 G.
1966 1862 1998 1903 8,
2023 1862 2065 1894 20

1274 1909 1307 1939 si
1329 1909 1446 1939 contra
1468 1907 1523 1940 ius
1545 1906 1769 1940 utilitatemve
1791 1905 1961 1949 publicam
1993 1905 2046 1938 vel
2071 1916 2131 1948 per
2154 1907 2364 1940 mendacium

1343 1951 1448 1985 fuerit
1470 1952 1600 1994 aliquid
1623 1951 1829 1994 postulatum
1860 1950 1913 1984 vel
1939 1951 2154 1993 impetratum
2203 1952 2238 1987 G.
2267 1955 2296 1995 1,
2321 1955 2362 1986 22

1274 1999 1307 2029 si
1329 2000 1447 2029 eontra
1470 1998 1587 2030 matris
1610 1997 1817 2030 voluntatem
1841 1999 1934 2029 tutor
1958 1996 2054 2029 datus
2077 1997 2122 2030 sit
2169 1996 2204 2030 G.
2229 2000 2261 2041 5,
2285 1999 2327 2032 47

1274 2044 1307 2074 si
1329 2042 1386 2075 cui
1407 2041 1501 2085 plus,
1533 2053 1633 2084 quam
1661 2053 1722 2085 per
1744 2042 1852 2084 legem
1876 2041 2063 2075 Falcidiam
2084 2041 2238 2086 licuerit,
2273 2042 2364 2084 lega-

1343 2089 1417 2119 tum
1440 2098 1508 2120 esse
1531 2087 1662 2120 dicetur
1708 2087 1751 2120 D.
1777 2089 1832 2130 35,
1856 2089 1876 2122 3

1274 2143 1305 2164 si
1336 2132 1473 2165 curialis
1507 2132 1626 2166 relicta
1662 2133 1798 2166 civitate
1835 2143 1892 2165 rus
1930 2133 2084 2166 habitare
2119 2132 2277 2166 maluerit
2325 2132 2360 2167 0.

1348 2179 1400 2219 10,
1424 2179 1466 2211 38

1272 2224 1306 2254 si
1329 2222 1369 2255 de
1391 2223 1611 2255 momentaria
1633 2222 1838 2265 possessione
1860 2222 1965 2255 fuerit
1987 2222 2192 2265 appellatum
2226 2222 2260 2257 C.
2275 2225 2307 2265 7,
2320 2225 2363 2257 69

1274 2269 1306 2300 si
1329 2267 1387 2300 dos
1411 2270 1584 2300 constante
1608 2267 1824 2300 matrimonio
1846 2266 1957 2300 soluta
1981 2268 2086 2300 fuerit
2134 2267 2168 2302 G.
2194 2271 2225 2309 5,
2253 2270 2293 2302 19

1274 2315 1307 2345 si
1330 2323 1376 2390 e}
1393 2312 1485 2345 falsis
1508 2313 1740 2346 instrumentis
1771 2312 1823 2346 vel
1855 2313 2056 2346 testimoniis
2086 2313 2273 2347 iudicatum
2300 2314 2364 2347 erit

1374 2384 1382 2392 .
1407 2360 1439 2400 7,
1466 2360 1506 2391 58

1273 2404 1306 2435 si
1329 2402 1369 2436 ei
1392 2403 1507 2436 noxali
1530 2413 1629 2435 causa
1657 2405 1794 2445 agatur,
1826 2402 2104 2444 quemadmodum
2136 2406 2273 2437 cavetur
2318 2405 2361 2438 D.

1274 2494 1307 2525 si
1329 2473 1377 2526 ex,
1392 2492 1547 2536 pluribus
1569 2492 1740 2526 tutoribus
1762 2492 1813 2525 vel
1838 2492 2050 2525 curatoribus
2066 2503 2180 2526 omnes
2202 2492 2256 2526 vel
2275 2504 2364 2527 unus

1343 2549 1441 2581 agere
1464 2549 1526 2581 pro
1548 2538 1678 2570 minore
1701 2537 1754 2570 vel
1778 2538 1951 2570 conveniri
1973 2541 2113 2580 possunt
2161 2537 2196 2573 C.
2222 2540 2254 2582 5,
2279 2541 2322 2573 40

1275 2584 1308 2615 si
1329 2583 1422 2615 falsis
1445 2583 1714 2625 adlegationibus
1737 2586 1912 2615 excusatus
1935 2583 1980 2615 sit
2028 2582 2062 2617 C.
2087 2586 2119 2625 5,
2144 2586 2187 2619 63

1275 2629 1308 2660 si
1330 2628 1459 2661 familia
1482 2629 1611 2661 furtum
1634 2627 1749 2660 fecisse
1772 2627 1902 2660 dicetur
1948 2628 1991 2661 D.
2016 2630 2071 2671 47,
2095 2630 2117 2663 6

1277 2672 1318 2705 de
1340 2673 1517 2706 verborum
1539 2672 1803 2716 significatione
1871 2673 1916 2706 D.
1940 2675 1994 2714 50,
2023 2675 2062 2708 16

1277 2718 1317 2750 (16
1340 2718 1515 2751 verborum
1542 2721 1576 2751 et
1598 2728 1710 2751 rerum
1732 2718 1997 2760 significatione
2045 2718 2080 2753 C.
2105 2721 2137 2762 6,
2162 2721 2205 2755 38

1276 2764 1308 2795 si
1330 2763 1367 2795 in
1391 2774 1490 2796 eausa
1513 2763 1655 2796 iudicati
1676 2762 1800 2805 pignus
1824 2765 1957 2805 captum
1981 2764 2027 2796 sit
2074 2763 2108 2798 G.
2135 2766 2167 2807 8,
2191 2767 2234 2798 22

1276 2810 1308 2841 si
1329 2808 1367 2841 in
1391 2809 1560 2841 communi
1589 2808 1768 2850 eademque
1798 2818 1898 2841 causa
1925 2809 1962 2841 in
1991 2809 2160 2851 integrum
2193 2811 2362 2844 restitutio

1345 2853 1536 2896 postuletur
1584 2852 1619 2887 C.
1644 2854 1676 2895 2,
1701 2854 1743 2887 25

1277 2900 1310 2930 si
1331 2897 1367 2930 in
1390 2898 1541 2931 fraudem
1564 2898 1700 2940 patroni
1722 2898 1884 2932 alienatio
1906 2899 1996 2932 faeta
2019 2902 2067 2933 est

1276 2944 1309 2975 si
1330 2943 1499 2985 ingenuus
1522 2953 1589 2976 esse
1613 2943 1744 2976 dicetur
1787 2943 1831 2977 D.
1856 2946 1912 2986 40,
1939 2947 1981 2978 14

1277 2989 1310 3020 si
1331 2988 1361 3020 is
1384 2988 1442 3029 qui
1466 2990 1664 3022 testamento
1685 2987 1773 3022 liber
1796 3000 1863 3022 6666
1893 2989 2002 3022 166666
2026 2990 2091 3022 erit
2117 2993 2192 3033 post
2222 2994 2361 3024 mortem

1346 3032 1475 3065 domini
1497 3036 1576 3066 ante
1596 3033 1721 3066 aditam
1744 3034 1962 3067 hereditatem
1986 3034 2189 3077 subripuisse
2212 3039 2361 3070 661661·-

1346 3078 1476 3120 rupisse
1499 3078 1582 3119 quid
1606 3078 1736 3112 dicetur
1781 3080 1824 3113 D.
1849 3081 1903 3121 47,
1928 3081 1948 3113 4

1279 3122 1319 3154 de
1343 3122 1406 3155 SC.
1430 3122 1617 3156 Silaniano
1642 3126 1675 3156 et
1699 3123 1887 3157 Claudiano
1918 3135 2062 3167 quorum
2093 3127 2290 3159 testamenta
2319 3137 2362 3159 ne

1347 3167 1543 3209 aperiantur
1587 3168 1630 3202 D.
1657 3170 1711 3211 29,
1735 3172 1755 3203 5

1280 3212 1321 3244 (16
1344 3211 1582 3245 decurionibus
1603 3216 1637 3246 et
1658 3214 1868 3247 silentiariis
1915 3213 1950 3248 C.
1979 3216 2031 3257 12,
2058 3217 2098 3249 16

1278 3258 1311 3290 si
1336 3256 1548 3335 lgerablitatis
1578 3258 1762 3301 imperialis
1797 3259 1907 3292 socius
1944 3259 2016 3293 sine
2050 3259 2171 3292 herede
2204 3260 2362 3294 defecerit

1377 3328 1384 3335 .
1414 3304 1428 3335 1
1455 3327 1464 3344 ,
1492 3304 1533 3336 14

1277 3348 1310 3379 si
1331 3345 1473 3379 libertus
1494 3349 1555 3380 aut
1576 3358 1690 3381 servus
1713 3349 1755 3381 ad
1778 3349 2032 3382 decurionatum
2058 3349 2279 3392 adspiraverit
2325 3349 2361 3383 C.

1351 3393 1402 3433 10,
1427 3393 1470 3426 33

1277 3437 1310 3468 si
1332 3436 1439 3469 maior
1461 3436 1569 3469 166166
1591 3439 1700 3469 ratum
1725 3437 1882 3471 habuerit
1929 3438 1964 3472 0.
1991 3441 2022 3481 2,
2046 3441 2090 3474 45

1277 3482 1310 3513 si
1331 3481 1438 3514 maior
1459 3481 1568 3514 166166
1589 3482 1662 3515 sine
1686 3482 1817 3517 decreto
1847 3484 1969 3517 16616111
1997 3484 2231 3517 alienationem
2254 3486 2360 3517 ratam

1346 3525 1504 3559 habuerit
1549 3526 1583 3560 C.
1607 3529 1640 3569 5,
1665 3529 1707 3560 74

1277 3572 1310 3603 si
1331 3571 1536 3649 maxticipiuom
1548 3571 1726 3651 ἐ1651ἒ116111
1742 3571 1935 3616 alienatum,
1959 3575 1998 3606 ut
2015 3574 2284 3623 manumittatur,
2307 3574 2358 3607 vel

1324 3625 1386 3648 con
1403 3626 1441 3648 ra
1515 3642 1523 3650 .

1277 3661 1311 3692 si
1332 3661 1536 3704 mancipium
1560 3642 1609 3693 i’ta
1631 3662 1786 3704 venierit,
1809 3672 1851 3695 ne
1873 3663 2096 3705 prostituatur
2143 3662 2179 3698 G.
2202 3665 2236 3707 4,
2259 3665 2303 3698 56

1277 3706 1311 3738 si
1331 3707 1438 3739 mater
1458 3706 1713 3740 indemnitatem
1734 3706 1926 3749 promiserit
1972 3706 2007 3741 C.
2032 3709 2064 3750 5,
2088 3709 2132 3742 46

2194 1771 2238 1805 D.
2264 1773 2318 1813 48,
2344 1773 2363 1804 8

2114 2900 2251 2944 0.6,5
