2528 3918
202 118 385 164 XX113

202 250 250 277 an
283 240 321 276 id
354 245 473 275 actum
507 240 572 282 sit,
609 242 671 275 ut¹
703 239 814 292 ipsius
839 240 1025 276 dumtaxat
1057 249 1210 285 persona
1247 249 1288 276 eo

202 289 422 322 statueretur
432 286 457 320 ².
500 285 563 320 sed
592 295 751 330 quamius
781 296 903 322 verum
927 289 998 327 est,
1024 284 1120 330 quod
1167 284 1205 319 ui
1228 294 1288 320 ex-

204 330 292 375 cipit
315 330 468 375 probare
492 329 620 365 debeat
643 329 739 375 quod
762 331 947 376 excipitur,
961 333 1118 365 attamen
1169 339 1189 364 e
1210 329 1289 381 ipso

203 375 390 411 dumtaxat
412 385 455 409 ac
478 386 552 410 non
575 375 619 410 de
641 375 770 410 herede
800 376 875 411 eius
908 384 1048 420 quoque
1083 383 1291 410 convenisse

203 420 345 465 petitor,
370 430 441 455 non
466 419 527 465 qui
552 419 683 465 excipit
704 420 857 465 probare
881 420 996 462 debet,
1052 419 1113 454 uia
1134 419 1289 464 plerum·

202 474 271 510 que
312 468 388 499 tam
428 464 619 500 heredibus
661 465 792 500 nostris
835 475 942 510 quam
986 475 1033 500 no
1059 463 1163 499 ismet
1203 464 1290 509 ipsis

207 519 384 545 cavemus.

251 551 301 591 10
328 552 567 589 MARCELLUS
587 554 677 590 libro
702 555 806 589 tertio
830 553 1048 599 diqestorum
1095 552 1231 589 Census
1256 557 1292 588 et

201 602 432 634 monumenta
471 599 618 644 publica
658 599 800 645 potiora
842 598 995 633 testibus
1031 607 1109 633 esse
1143 601 1290 633 senatus

203 643 353 679 censuit.

252 686 298 724 11
331 687 476 724 Cusus
511 687 601 724 libro
633 688 819 723 undecimo
850 687 1069 732 diqestorum
1123 686 1207 722 Non
1238 691 1292 722 est

202 742 349 768 necesse
371 732 506 785 pupillo
529 733 684 778 probare
703 732 930 767 fideiussores
950 742 1014 777 pro
1035 736 1155 767 tutore
1174 731 1290 774 datos,

203 788 284 813 cum
315 777 603 823 acclpiebantur,
635 778 781 813 idoneos
820 786 893 812 non
922 776 1051 812 fuisse:
1092 787 1174 812 nam
1232 787 1290 811 ro-

201 822 300 858 batio
315 823 370 858 exi
394 822 488 858 enda
502 826 557 858 est
568 823 613 858 ab
627 822 693 865 his,
707 832 858 867 quorum
871 821 981 857 officii
1000 821 1070 856 fuit
1091 821 1193 866 provi
1220 831 1290 863 ere,

201 871 243 903 ut
292 878 316 902 u
342 833 402 903 ingo
428 872 623 903 caveretur.

252 878 303 949 122
315 878 423 947 {0⁸11
432 912 522 948 libro
533 913 683 958 septimo
696 910 1064 963 decz‘moflzyestorum
1092 911 1292 963 Quingenta

202 960 416 993 testamento
448 957 514 992 tibi
545 957 663 1001 legata
693 959 795 991 sunt:
828 955 947 990 ldem³
978 956 1153 1001 scriptum
1177 960 1231 992 est
1253 967 1291 991 ιιι

203 1001 375 1038 codicillis
405 1007 531 1047 postea
563 1001 723 1046 scriptis:
762 1000 890 1043 refert,
923 1001 1105 1046 duplicare
1137 1001 1292 1046 legatum

200 1046 354 1082 voluerit
368 1057 417 1082 an
433 1057 472 1082 re
500 1051 594 1081 etere
615 1051 650 1081 et
669 1045 801 1081 oblitus
815 1056 853 1081 se
871 1045 909 1080 in
919 1049 1132 1082 testamento
1154 1046 1292 1091 legasse

200 1090 239 1127 id
269 1090 411 1143 fecerit:
444 1058 496 1127 ab)
521 1095 602 1126 utro
636 1101 718 1142 ergo
750 1090 914 1142 probatio
947 1091 1022 1126 eius
1044 1092 1097 1127 rei
1121 1090 1292 1136 exigenda

202 1136 285 1173 est?
320 1146 436 1189 prima
458 1135 577 1172 fronte
601 1145 748 1180 aequ1us
771 1135 922 1178 videtur,
946 1139 987 1171 ut
1009 1136 1141 1181 petitor
1163 1136 1292 1216 &obet

202 1180 300 1227 quod
322 1181 493 1216 intendit:
526 1181 589 1216 sed
620 1180 784 1215 nimirum
814 1180 1046 1225 probationes
1071 1191 1162 1226 quae
1210 1192 1245 1215 m
1270 1191 1292 1215 a

199 1236 262 1262 reo
276 1226 484 1271 exiguntur:
509 1235 591 1261 nam
611 1226 642 1260 si
663 1225 835 1260 creditum
854 1229 984 1270 petam,
1005 1225 1064 1261 ille
1077 1225 1290 1271 respondeat

201 1271 355 1307 solutam
379 1281 457 1306 esse
480 1270 687 1316 pecuniam,
719 1270 795 1315 ipse
825 1269 895 1305 hoc
925 1270 1081 1315 probare
1112 1270 1290 1316 cogendus

200 1319 267 1352 est.
294 1319 330 1351 et
348 1315 407 1351 hic
419 1315 526 1360 igitur
550 1326 628 1350 eum
640 1315 772 1360 petitor
791 1314 880 1350 duas
904 1315 975 1350 scri
1001 1320 1102 1350 turas
1123 1315 1290 1357 ostendit,

201 1361 328 1396 ⁴11eres
377 1360 583 1396 osteriorem
605 1360 748 1396 inanem
771 1369 859 1402 esse,
885 1360 962 1405 ipse
974 1327 1075 1396 geres
1100 1360 1137 1395 id
1160 1360 1290 1406 adpro·

200 1405 288 1441 bare
310 1405 348 1440 iu
375 1405 420 1440 ‘ei
443 1405 559 1440 debet.

250 1447 300 1487 13
326 1449 434 1485 loru
449 1449 541 1485 libro
562 1450 744 1496 triqesimo
764 1449 985 1496 diqestorum
1011 1449 1101 1485 Cum
1118 1449 1162 1485 de
1173 1452 1292 1485 aetate

199 1494 352 1531 hominis
384 1497 633 1540 quaereretur,
665 1493 798 1530 Caesar
828 1498 950 1529 noster
982 1494 1019 1530 in
1058 1495 1149 1530 haec
1183 1495 1292 1530 verba

200 1539 402 1592 rescripsit:
439 1539 501 1574 ‘Et
524 1539 650 1575 durum
683 1542 719 1575 et
741 1539 901 1584 iniquum
924 1542 996 1582 est,
1022 1550 1102 1575 cum
1126 1539 1171 1575 de
1193 1543 1292 1575 statu

201 1588 342 1620 ‘aetatis
366 1584 518 1620 alicuius
541 1589 771 1629 quaereretur
804 1588 839 1619 et
869 1583 1029 1620 diversae
1051 1584 1291 1630 professiones

201 1629 1201 1711 ἶὲἔῧξῗῖῗᾟθᾝὲῗὲῗὲἓῖωἳῗξθὅέἓὲθὲἕθὲἑ»
1228 1629 1291 1709 ⁸55¹

200 1685 526 1755 ‘tissimumggimos
550 1719 761 1764 computari,
783 1729 827 1754 ex
871 1685 917 1754 ug
937 1720 1167 1765 praecipuam
1185 1685 1291 1755 fitfem

201 1764 251 1800 ‘in
275 1774 319 1799 ea
340 1774 381 1799 re
404 1768 572 1800 constare
596 1763 799 1799 credibilius
822 1764 856 1798 vi
884 1765 983 1799 etur'.

249 1807 301 1846 14
341 1808 537 1845 ULPIANUS
567 1808 658 1845 libro
693 1809 851 1844 secundo
890 1809 934 1844 de
973 1809 1099 1855 officio
1134 1807 1292 1844 consulis

202 1854 307 1890 Circa
338 1864 440 1897 eum,
471 1854 532 1899 qui
563 1863 602 1889 se
634 1864 678 1889 ex
707 1854 938 1889 libertinitate
967 1854 1160 1898 ingenuum
1183 1852 1290 1894 dicat,

199 1898 424 1935 referendum
447 1903 513 1942 est,
538 1899 616 1944 quis
641 1899 772 1934 actoris
795 1899 957 1943 partibus
988 1898 1168 1943 fungatur.
1202 1901 1239 1933 et
1261 1897 1291 1933 si

201 1944 344 1990 quidem
366 1944 405 1979 in
428 1944 691 1989 possessionem
713 1943 954 1979 libertinitatis
976 1943 1056 1986 fuit,
1081 1943 1157 1978 sine
1181 1942 1290 1978 dubio

200 1989 317 2034 ipsum
341 1989 519 2034 oportebit
541 1988 771 2034 ingenuitatis
796 1997 941 2024 causam
965 1998 1070 2033 agere
1094 1988 1292 2033 docereque

200 2044 240 2070 se
262 2034 453 2079 ingenuum
477 2043 572 2069 esse:
613 2034 668 2069 sin
700 2044 784 2069 vero
807 2034 845 2068 in
876 2034 1101 2079 possessione
1132 2031 1291 2078 ingenui-

199 2078 285 2114 tatis
316 2078 363 2114 sit
393 2083 430 2113 et
458 2078 644 2114 libertinus
674 2088 751 2113 esse
782 2078 940 2120 dicatur,
972 2079 1109 2114 seilicet
1131 2078 1208 2113 eius
1232 2076 1293 2122 qui

201 2123 234 2159 ei
258 2124 534 2159 controversiam
558 2127 692 2165 movet,
716 2123 785 2158 hoc
808 2123 964 2168 probare
988 2123 1092 2159 debet
1125 2123 1187 2168 qui
1210 2132 1291 2157 eum

201 2167 288 2204 dicit
299 2168 465 2203 libertum
484 2178 606 2203 suum:
632 2167 717 2213 quid
738 2168 831 2203 enim
852 2168 1013 2209 interest,
1029 2178 1168 2203 servum
1187 2177 1292 2202 suum

201 2213 280 2259 quis
314 2222 362 2248 an
394 2213 560 2248 libertum
591 2212 809 2249 contendat?
839 2213 871 2248 si
902 2213 980 2258 quis
1013 2217 1131 2248 autern
1160 2211 1293 2247 fiducia

199 2257 426 2302 ingenuitatis
450 2267 538 2293 suae
560 2258 655 2293 ultro
678 2257 716 2292 in
739 2267 780 2293 se
801 2257 972 2303 suscipiat
994 2257 1226 2303 probationes
1247 2255 1292 2291 ad

199 2303 283 2345 hoc,
315 2306 357 2338 ut
391 2303 603 2338 sententiam
633 2302 729 2338 ferat
750 2313 816 2348 pro
847 2302 1066 2347 ingenuitate
1088 2301 1291 2343 facientem,

199 2348 271 2384 hoc
296 2351 361 2390 est,
385 2347 577 2393 ingenuum
597 2357 636 2383 se
657 2357 736 2383 esse
753 2350 795 2382 ut
814 2347 1074 2393 pronuntietur,
1088 2357 1135 2382 an
1155 2346 1291 2382 obtem-

201 2394 356 2438 perare‘
380 2392 412 2427 ei
436 2392 576 2435 debeat,
601 2392 751 2428 tractari
772 2396 901 2437 potest.
928 2396 963 2427 et
985 2402 1058 2427 non
1081 2392 1127 2427 ab
1150 2401 1191 2426 re
1214 2400 1293 2426 esse

202 2437 330 2489 opinor
348 2447 482 2473 morem
502 2437 535 2473 ei
554 2437 629 2483 geri
648 2437 827 2483 probandi
839 2447 878 2472 se
897 2437 1088 2482 ingenuum
1102 2440 1137 2472 et
1149 2440 1290 2472 senten-

200 2485 287 2563 mdn
311 2481 508 2518 secundum
530 2492 570 2518 se
593 2481 748 2517 dandam
757 2483 782 2525 ⁶,
807 2493 888 2518 cum
911 2482 1009 2517 nulla
1032 2481 1150 2527 captio
1181 2481 1291 2515 inter-

204 2538 246 2563 ce
272 2530 311 2562 at
332 2527 430 2562 iuris.

251 2571 301 2609 15
338 2571 593 2608 Momt'srnws
634 2571 726 2607 libro
774 2571 984 2607 duodecimo
1035 2582 1095 2607 res
1121 2580 1291 2606 ons-orum

203 2616 355 2661 Quidam
379 2616 502 2662 quasi⁷
527 2626 572 2652 ex
596 2616 678 2652 Seia
710 2620 898 2668 susceptus
931 2626 954 2651 a
979 2616 1068 2652 Gaio
1119 2616 1186 2658 eio‚
1211 2625 1292 2650 cum

204 2661 316 2697 Gaius
348 2661 478 2697 fratres
509 2661 680 2704 haberet,
711 2661 945 2696 hereditatem
980 2661 1060 2696 Gaii
1091 2659 1222 2696 invasit
1257 2663 1293 2694 et

202 2706 375 2741 fratribus
400 2705 558 2742 eiusdem
587 2706 691 2752 quasi
722 2716 768 2742 ex
798 2706 969 2741 mandatu
1001 2705 1162 2741 defuncti
1191 2704 1290 2739 fidei-

203 2750 392 2786 commissa
416 2751 536 2794 solvit,
562 2751 764 2787 cautionem
787 2751 943 2796 accepit:
976 2752 1036 2796 qui
1059 2754 1186 2796 postea
1209 2760 1290 2794 cog-

202 2795 289 2837 nito,
310 2795 406 2840 quod
423 2795 517 2831 filius
536 2795 658 2831 fratr-Is
672 2805 793 2831 eorum
814 2806 888 2831 non
906 2795 1044 2838 fuisset,
1063 2794 1291 2841 quaerebant,

203 2850 250 2876 an
286 2850 368 2875 cum
401 2850 442 2875 eo
478 2840 522 2875 de
562 2840 761 2876 hereditate
794 2840 917 2876 fratris
951 2841 1112 2886 possint,
1172 2843 1292 2892 ropter

203 2885 369 2921 emissam
387 2895 530 2920 manum
550 2886 596 2921 ab
617 2885 667 2921 eis
688 2885 790 2931 quasi
812 2885 897 2927 filio,
917 2895 1032 2931 agere.
1068 2885 1129 2921 Mo
1156 2888 1290 2920 estinus

202 2929 388 2982 respondit
412 2930 576 2965 cautione
599 2930 751 2966 exsoluti
769 2930 1028 2966 fideicommissi
1048 2934 1181 2966 statum
1203 2929 1289 2970 eius,

204 2985 265 3020 qui
287 2973 432 3020 probari
452 2979 574 3026 potest
598 2985 621 3010 a
642 2974 813 3011 fratribus
837 2974 997 3010 defuncti
1019 2975 1112 3010 filius
1136 2974 1291 3010 mortui⁸

203 3030 277 3055 non
301 3028 390 3061 esse,
414 3019 555 3055 minime
579 3020 826 3055 confirmatum
849 3030 945 3055 esse:
978 3020 1042 3056 sed
1073 3020 1141 3055 hoc
1173 3020 1290 3065 ipsum

204 3074 228 3100 a
249 3063 422 3099 fratribus
444 3064 588 3108 probari
611 3064 727 3100 debet.

254 3106 305 3146 16
342 3107 568 3144 Tzamws
603 3109 781 3145 Causas
811 3109 902 3145 libro
946 3110 1052 3145 tertio
1086 3109 1136 3145 ad
1175 3108 1289 3155 leqem

206 3153 338 3191 lutiam
361 3156 397 3189 et
419 3151 476 3188 Pa
504 3154 573 3188 iam
627 3153 747 3189 Etiam
777 3154 900 3190 matris
930 3153 1105 3199 professio
1135 3153 1290 3190 filiorum

204 3198 278 3235 reci
304 3198 396 3234 itur:
432 3207 450 3233 s
520 3201 555 3232 et
579 3198 634 3232 avi
657 3199 861 3244 recipienda
884 3203 948 3234 est.

255 3243 272 3280 1
333 3242 477 3279 Cusus
496 3241 588 3278 libro
610 3247 715 3278 sexto
746 3244 964 3290 diqestorum
1019 3242 1108 3279 Cum
1139 3242 1184 3278 de
1213 3242 1290 3288 lege

204 3287 367 3324 Falcidia
414 3286 583 3330 uaeritur,
607 3287 745 3323 heredis
766 3288 930 3333 probatio
945 3292 1000 3324 est
1022 3288 1139 3324 locum
1158 3287 1290 3323 habere

205 3333 317 3378 legem
354 3332 386 3367 F
424 3331 571 3368 cidiamz
615 3332 710 3377 quod
743 3332 825 3367 dum
860 3334 1014 3378 probare
1052 3343 1125 3368 non
1159 3335 1289 3378 potest,

205 3378 331 3413 merito
355 3375 658 3413 condemnabitur.

254 3419 305 3460 18
337 3421 534 3458 Uzmnvs
553 3420 645 3457 libro
668 3425 773 3456 sexto
797 3421 1079 3467 desputaeionum
1118 3420 1289 3466 Quotiens

205 3476 336 3512 operae
367 3466 470 3512 quasi
501 3475 524 3501 a
554 3465 680 3501 liberto
711 3469 899 3511 petuntur,
924 3466 1152 3512 probationes
1176 3465 1222 3501 ab
1247 3476 1289 3502 eo

475 3579 519 3621 (ι)
544 3580 690 3611 staretur
700 3576 754 3610 F*
852 3580 895 3619 (a)
920 3579 1047 3612 itemF'
1140 3581 1182 3617 (4»
1207 3589 1286 3612 oon·

527 3625 570 3665 (5)
594 3621 904 3665 obtemperantiam
1038 3627 1082 3661 (6)
1107 3624 1210 3656 dandi
1222 3635 1285 3657 ter.

512 3671 557 3710 (8)
582 3671 709 3700 mortu·
722 3667 758 3700 F
883 3668 929 3709 (ο)
954 3678 1066 3700 verum
1085 3677 1143 3702 au!
1155 3669 1214 3702 del.
1229 3675 1286 3702 aut

592 3714 651 3754 (ιο)
676 3713 869 3747 καίωοᾰᾰ.
970 3718 1024 3749 (ιι)
1050 3713 1291 3753 tempestatef'

204 3581 246 3616 (1)
269 3578 311 3612 de
323 3580 383 3613 ins.

212 3624 315 3656 tendit
339 3625 399 3658 ine.

207 3671 249 3709 (7)
275 3679 358 3710 quas
370 3669 404 3701 F

210 3725 267 3747 scr.
281 3724 393 3746 verum
407 3724 477 3746 esse

1279 115 1362 165 290

1994 131 2056 162 DE
2084 130 2443 166 PROBA'HONIBUS

1359 239 1420 285 qui
1457 250 1497 275 se
1531 242 1722 286 patronum
1754 240 1840 275 dicit
1871 241 2074 286 exiguntur:
2107 246 2143 277 et
2172 242 2252 278 ideo
2284 243 2444 280 Iulianus

1358 284 1521 336 scripsit,
1552 284 1637 320 licet
1659 285 1696 320 in
1719 285 1936 337 praeiudicio
1960 296 2146 332 possessor
2167 291 2342 339 patronus
2365 297 2444 324 esse

1358 329 1514 371 videtur,
1546 330 1691 364 verum⁹
1714 330 1874 374 partibus
1906 331 2038 366 actoris
2061 341 2134 366 non
2156 331 2322 367 libertum
2344 332 2444 378 fungi

1359 374 1508 415 debere,
1541 374 1605 409 sed
1635 384 1714 409 eum
1748 375 1807 419 qui
1847 385 1886 410 se
1941 379 2105 411 atronum
2137 385 2214 411 esse
2246 377 2441 412 contendit.

1362 422 1375 452 1
1428 418 1494 463 Qui
1519 418 1599 454 dolo
1625 418 1710 454 dicit
1732 418 1867 454 factum
1940 421 2034 466 quid,
2059 420 2143 456 lieet
2164 421 2201 456 in
2225 421 2443 467 exceptione,

1359 466 1379 498 2
1427 463 1557 499 docere
1595 463 1714 498 dolum
1746 464 1938 500 admissum
1981 465 2095 501 debet.
2153 465 2443 511 Interrogationis

1358 507 1479 543 factae
1505 508 1758 560 probationem
1789 510 1903 545 actori
1933 510 2066 555 imponi
2094 510 2238 553 debere,
2261 510 2298 546 id
2323 516 2377 546 est
2400 511 2443 553 ei,

1360 552 1421 598 qui
1443 553 1480 588 in
1503 563 1579 588 iure
1601 553 1855 598 interrogatum
1886 554 1974 589 dixit
2004 554 2230 600 respondisse
2262 565 2300 591 se
2330 555 2443 591 solum

1359 597 1525 633 heredem
1557 607 1646 633 esse.
1682 598 1737 633 vel
1769 598 1799 633 si
1828 600 1983 635 tacuisse
2022 600 2162 635 dicatur
2192 600 2442 645 interrogatus,

1360 652 1473 694 aeque
1495 642 1705 678 tantundem
1737 643 1804 678 erit
1834 643 2021 679 dicendum
2051 645 2252 690 impositam
2274 645 2443 690 inproba-

1360 692 1491 766 tiotnem
1522 697 1595 722 non
1630 687 1662 722 ei
1691 688 1752 733 qui
1782 689 1922 734 excepit
1953 699 1992 724 se
2014 699 2087 724 non
2117 689 2356 734 respondisse,
2380 689 2443 724 sed

1360 741 1403 767 ac
1421 742 1484 767 on.

1409 773 1459 813 19
1484 775 1592 811 low
1618 777 1709 812 libro
1739 778 1889 824 septimo
1922 778 2203 825 disputationum
2250 778 2290 813 In
2315 788 2442 823 excep·

1360 821 1516 856 tionibus
1549 821 1736 873 dicendum
1768 826 1822 857 est
1852 832 1952 857 reum
1991 822 2152 867 partibus
2182 823 2314 859 actoris
2344 823 2443 868 fungi

1360 870 1526 911 oportere
1566 876 1753 911 ipsumque
1795 867 2038 912 exceptionem
2083 867 2179 902 velut
2212 867 2445 903 intentionem

1359 910 2068 1008 {mpiffcegreuieffiapiict'uffiffloi‘ssssiiffi
2082 912 2444 993 iissiffisssseutiiuuss

1360 1000 1440 1045 quis
1463 1000 1684 1045 promisisset
1705 1001 1835 1036 iudicio
1861 1011 1900 1037 se
1921 1001 1999 1037 sisti
2022 1005 2058 1036 et
2076 1002 2127 1037 rei
2149 1002 2314 1047 publicae
2335 1012 2445 1037 causa

1359 1045 1492 1080 afuisse
1505 1046 1532 1066 ¹⁰
1555 1045 1650 1080 dicat
1673 1050 1708 1080 et
1731 1046 1777 1081 ob
1801 1045 1838 1080 id
1861 1056 1933 1081 non
1965 1047 2124 1089 stetisse,
2159 1046 2215 1082 vel
2245 1046 2326 1082 dolo
2351 1046 2445 1081 malo

1360 1089 1557 1126 adversarii
1586 1089 1723 1126 factum
1753 1100 1823 1136 quo
1856 1091 1973 1126 minus
1997 1091 2199 1134 sisteretur,
2223 1091 2278 1127 vel
2307 1091 2443 1126 valetu-

1360 1134 1476 1170 dinem
1489 1134 1555 1170 sibi
1574 1134 1824 1180 impedimento
1843 1134 1954 1171 fuisse
1973 1136 2027 1170 vel
2046 1137 2338 1181 tempestatem¹¹,
2361 1147 2444 1181 pro·

1361 1181 1380 1214 2
1428 1180 1516 1215 bare
1555 1189 1635 1215 eum
1673 1179 1709 1214 id
1740 1184 1892 1225 oportet.
1955 1180 2025 1216 Sed
2064 1184 2099 1215 et
2137 1180 2168 1216 si
2198 1180 2446 1226 procuratoria

1361 1224 1440 1269 quis
1466 1224 1674 1270 exceptione
1698 1228 1832 1267 utatur,
1857 1235 1899 1260 eo
1924 1225 2020 1270 quod
2042 1236 2115 1261 non
2141 1225 2300 1261 licuisset
2322 1225 2444 1261 adver-

1361 1270 1455 1305 sario
1481 1269 1566 1304 dare
1588 1269 1643 1305 vel
1666 1268 1743 1304 fieri
1765 1274 2046 1314 procuratorem,
2069 1270 2223 1316 probare
2244 1270 2282 1305 id
2305 1274 2446 1315 oportet

1361 1317 1380 1350 3
1428 1314 1638 1350 obicientem
1664 1315 1917 1359 exceptionem.
1965 1315 2062 1350 Idem
2095 1315 2161 1350 erit
2191 1315 2378 1350 dicendum
2411 1319 2446 1351 et

1361 1362 1382 1394 4
1429 1359 1467 1411 si·
1483 1369 1526 1395 ea
1548 1359 1701 1411 pecunia
1723 1363 1877 1405 petatur,
1902 1369 1993 1405 quae
2017 1364 2167 1412 pensata
2190 1360 2330 1395 dicitur.
2365 1359 2445 1395 Hoc

1362 1404 1534 1449 amphus,
1569 1414 1601 1439 s1
1622 1403 1802 1440 iudicatae
1824 1405 1876 1439 rei
1892 1405 1919 1425 ¹²
1941 1405 1997 1440 vel
2018 1404 2248 1440 iurisiurandi
2282 1404 2444 1440 condicio

1362 1448 1480 1484 delata
1504 1448 1643 1484 dicatur
1666 1448 1710 1484 de
1734 1459 1775 1484 eo
1800 1449 1895 1494 quod
1919 1460 2015 1485 nunc
2037 1449 2182 1495 petitur,
2207 1449 2279 1485 sive
2303 1450 2342 1484 in
2366 1449 2446 1485 alea

1359 1497 1499 1539 gestum
1531 1503 1609 1529 esse
1632 1493 1879 1536 contendatur,
1905 1505 1984 1530 eum
1998 1495 2025 1516 ¹³
2047 1494 2194 1539 implere
2215 1494 2445 1539 probationes

1360 1548 1381 1574 0
1407 1542 1510 1574 ortet.

1382 1550 1459 1620 Ρ20
1483 1582 1676 1619 IULIANUS
1692 1583 1782 1619 libro
1801 1583 2078 1635 quadraqesimo
2100 1585 2205 1619 tertio
2225 1583 2443 1630 diqestorum

1360 1627 1398 1663 Si
1433 1628 1511 1673 quis
1545 1628 1696 1663 liberum
1729 1628 1907 1664 hommem
1940 1628 1975 1663 vi
2007 1629 2187 1674 rapuerit,
2221 1629 2260 1663 in
2295 1628 2444 1663 vinculis

1358 1673 1534 1715 habuerit,
1558 1673 1589 1708 is
1612 1672 1853 1718 indignissime
1876 1673 2099 1709 commodum
2117 1673 2335 1725 possessoris
2358 1683 2443 1708 con-

1359 1722 1586 1763 sequeretur,
1623 1718 1707 1763 quia
1740 1717 1886 1763 probari
1920 1728 1991 1753 non
2024 1722 2157 1764 poterit
2189 1718 2366 1753 hominem
2402 1728 2443 1753 eo

1358 1767 1429 1798 tem
1456 1772 1517 1798 ore
1537 1773 1607 1807 quo
1619 1763 1772 1808 primum
1791 1763 1834 1798 lis
1847 1762 2072 1799 ordinaretur
2088 1763 2126 1798 in
2137 1763 2302 1798 libertate
2320 1762 2442 1798 fuisse.

1405 1774 1455 1844 2ι1ἱ
1483 1806 1719 1843 MARcuNUs
1739 1807 1830 1844 libro
1852 1812 1957 1843 seoeto
1981 1808 2240 1843 institutionum
2255 1808 2282 1828 ¹⁴
2316 1806 2444 1842 Verius

1360 1863 1438 1888 esse
1462 1853 1623 1888 existimo
1647 1853 1764 1897 ipsum
1811 1852 1848 1887 ui
1871 1853 1953 1897 agit,
1977 1852 2015 1887 id
2038 1856 2093 1888 est
2115 1852 2128 1888 1
2172 1852 2336 1894 atarium,
2359 1862 2441 1897 pro-

1360 1897 1447 1932 bare
1466 1902 1632 1942 oportere
1650 1897 1760 1932 scisse
1779 1863 1931 1932 a‘iienam
1952 1907 2026 1933 rem
2049 1897 2105 1933 vel
2116 1897 2162 1933 ob
2179 1897 2306 1943 ‘gatam
2326 1897 2445 1942 legare

1359 1942 1579 1985 defunctum,
1604 1953 1677 1977 non
1699 1942 1863 1977 heredem
1885 1942 2038 1987 probare
2069 1946 2233 1988 oportere
2262 1942 2446 1986 ignorasse

1359 1988 1512 2023 alienam
1545 1987 1601 2023 vel
1633 1987 1842 2031 obligatam,
1875 1987 1959 2038 quia
1982 1997 2120 2033 semper
2142 1987 2336 2023 necessitas
2359 1997 2435 2031 pro-

1358 2031 1469 2068 bandi
1490 2032 1664 2067 incumbit
1686 2032 1737 2066 illi
1760 2032 1820 2077 qui
1843 2037 1925 2077 agit.

1406 2074 1460 2114 22
1491 2076 1686 2113 UM’IANUS
1705 2077 1797 2112 libro
1846 2078 1937 2112 rimo
1960 2087 2215 2123 responsorum
2253 2075 2359 2118 Eum,
2384 2075 2444 2121 qui

1359 2122 1578 2158 voluntatem
1601 2125 1775 2157 mutatam
1799 2088 1893 2164 di'cit,
1917 2121 2070 2167 probare
2091 2121 2161 2156 hoc
2185 2121 2325 2157 debere.

1407 2165 1459 2204 23
1485 2166 1722 2202 Maaomws
1750 2166 1840 2203 libro
1871 2166 2053 2213 sinqulari
2081 2166 2131 2202 ad
2158 2165 2356 2212 formulam
2380 2163 2443 2212 hy-

1353 2211 1606 2259 pothecariam
1637 2213 1732 2247 Ante
1755 2211 1874 2247 omnia
1895 2210 2121 2256 probandum
2144 2214 2209 2254 est,
2234 2210 2330 2256 quod
2352 2210 2445 2245 inter

1361 2260 1523 2302 agentem
1547 2260 1582 2291 et
1605 2256 1800 2292 debitorem
1826 2256 2000 2298 convenit,
2024 2260 2064 2291 ut
2098 2255 2237 2301 pignori
2269 2254 2443 2301 hypothe-

1361 2311 1468 2337 caeve
1491 2301 1554 2336 sit:
1592 2301 1655 2336 sed
1686 2305 1722 2336 et
1752 2301 1783 2337 si
1813 2301 1883 2337 hoc
1906 2301 2034 2346 probet
2057 2306 2169 2342 actor,
2192 2299 2281 2335 illud
2304 2309 2444 2344 quoque

1359 2346 1507 2392 implere
1531 2345 1636 2381 debet
1655 2356 1728 2380 rem
1749 2346 1926 2390 pertinere
1945 2345 1991 2380 ad
2010 2345 2204 2380 debitorem
2224 2355 2266 2380 eo
2284 2348 2445 2389 tempore

1385 2402 1431 2426 uo
1457 2390 1623 2470 ctanvenit·
1643 2390 1687 2426 de
1708 2390 1867 2436 pignore,
1891 2395 1955 2425 aut
1986 2390 2086 2425 cuius
2116 2390 2298 2425 voluntate
2329 2389 2441 2435 hypo-

1400 2445 1464 2471 eca
1512 2439 1573 2470 ata
1596 2439 1651 2470 sit.

1404 2478 1457 2518 24
1483 2479 1736 2516 Moossrmvs
1756 2479 1847 2516 libro
1871 2484 2001 2526 quarto
2024 2479 2234 2526 reqularum
2270 2478 2307 2514 Si
2326 2478 2442 2514 chiro·

1357 2525 1531 2606 {taphum
1556 2525 1792 2560 cancellatum
1813 2524 1934 2567 fuerit,
1965 2524 2049 2560 licet
2071 2523 2358 2569 praesumptione
2381 2522 2441 2558 de-

1383 2571 1454 2606 itor
1476 2570 1647 2605 liberatus
1671 2580 1750 2605 esse
1772 2569 1925 2611 videtur,
1949 2569 1987 2604 in
2009 2579 2087 2605 eam
2110 2572 2231 2604 tamen
2285 2567 2440 2603 uantita-

1358 2620 1441 2657 tem,
1455 2626 1562 2667 quam
1573 2614 1770 2650 manifestis
1782 2614 2053 2659 probationibus
2074 2613 2228 2650 creditor
2239 2613 2271 2648 si
2295 2613 2307 2648 i
2325 2612 2442 2648 adhuc

1360 2660 1481 2696 deberi
1504 2659 1707 2702 ostenderit,
1730 2664 1827 2695 recte
1850 2659 1988 2695 debitor
2012 2658 2230 2695 convenitur.

1406 2702 1459 2742 25
1484 2704 1541 2740 ΡΑ
1549 2714 1643 2740 nos
1663 2704 1754 2741 libro
1778 2705 1882 2739 tertio
1906 2704 2155 2750 quaestionum
2202 2702 2290 2738 Cum
2321 2701 2365 2738 de
2387 2702 2441 2737 in·

1360 2749 1479 2785 debito
1504 2749 1696 2795 quaeritur,
1721 2748 1800 2794 quis
1823 2749 1979 2795 probare
2002 2748 2107 2784 debet
2128 2758 2199 2783 non
2222 2747 2333 2783 fuisse
2344 2746 2440 2782 debi-

1359 2795 1461 2830 tum?
1491 2805 1549 2830 res
1580 2794 1633 2829 ita
1656 2793 1888 2839 temperanda
1919 2797 1990 2836 est,
2022 2797 2073 2836 ut,
2097 2793 2127 2828 si
2151 2792 2293 2838 quidem
2314 2792 2357 2834 is,
2381 2791 2442 2837 qui

1359 2840 1541 2885 accepisse
1572 2838 1701 2875 dicitur
1729 2848 1804 2874 rem
1838 2838 1894 2874 vel
1950 2838 2112 2874 ecuniam
2133 2837 2347 2879 indebitam,
2370 2836 2440 2872 hoc

1359 2895 1384 2920 n
1450 2884 1540 2920 verit
1562 2887 1598 2919 et
1627 2884 1704 2929 ipse
1740 2883 1837 2929 ¹⁵qui
1868 2850 1965 2919 dedit
1986 2883 2148 2928 legitimis
2170 2881 2442 2933 probationibus

1358 2940 1398 2965 so
1414 2929 1568 2965 utionem
1591 2928 1852 2974 adprobaverit,
1876 2928 1953 2964 sine
1975 2928 2048 2964 ulla
2068 2927 2294 2963 distinctione
2311 2935 2442 2971 ipsum,

1358 2974 1420 3019 qui
1443 2985 1466 3009 n
1510 2974 1582 3009 avit
1604 2982 1683 3009 sese
1704 2973 1892 3018 pecuniam
1927 2973 2126 3018 accepisse,
2156 2972 2188 3008 si
2216 2971 2291 3007 vult
2314 2970 2440 3011 audiri,

1360 3030 1463 3064 comp
1511 3018 1640 3054 endum
1663 3027 1743 3054 esse
1765 3018 1813 3054 ad
1835 3018 2063 3063 probationes
2074 3016 2319 3062 praestandas,
2344 3013 2439 3061 quod

1357 3064 1547 3109 pecuniam
1577 3062 1733 3098 debitam
1764 3062 1921 3108 accepit:
1960 3073 2026 3108 per
2055 3061 2184 3097 etenim
2207 3059 2400 3097 absurdum
2413 3060 2441 3081 ¹⁶
2509 3063 2513 3077 ³

1359 3112 1414 3144 est
1437 3119 1527 3150 eum,
1552 3107 1613 3153 qui
1635 3107 1681 3142 ab
1704 3107 1804 3143 initio
1837 3107 1979 3153 negavit
2010 3107 2198 3152 pecuniam
2228 3105 2439 3157 suscepisse,

1358 3157 1547 3199 postquam
1566 3152 1675 3188 fuerit
1687 3152 1871 3188 convictus
1895 3151 2176 3196 eamaccepisse,
2193 3150 2439 3202 probationem
2502 3142 2528 3171 3‘

1357 3208 1430 3234 non
1453 3197 1562 3233 debiti
1584 3197 1630 3232 ab
1654 3196 1855 3233 adversario
1881 3197 2028 3242 exigere.
2062 3196 2117 3231 sin
2140 3205 2222 3230 vero
2258 3194 2304 3229 ab
2338 3197 2438 3229 initio
2504 3202 2526 3228 :³

1358 3242 1570 3278 confiteatur
1591 3241 1733 3287 quidem
1756 3252 1861 3277 susce
1885 3241 1956 3277 isse
1977 3241 2169 3286 pecunias,
2201 3239 2299 3274 dicat
2320 3242 2439 3274 autem

1358 3298 1431 3324 non
1453 3286 1629 3322 indebitas
1653 3286 1686 3322 ei
1701 3286 1813 3322 fuisse
1831 3296 1871 3322 so
1887 3289 1979 3328 utas,
1999 3285 2321 3331 praesumptionem
2343 3282 2438 3334 vide7

1356 3331 1442 3384 licet
1474 3342 1540 3377 pro
1578 3341 1620 3367 eo
1655 3340 1735 3368 esse
1769 3331 1830 3377 qui
1864 3330 2004 3375 accepit
2038 3340 2139 3366 nemo
2176 3328 2335 3364 dubitat:
2379 3337 2439 3379 qui
2506 3328 2524 3374 ἃζ

1358 3387 1451 3413 emm
1485 3375 1591 3412 solvit
1625 3386 1818 3422 numquam
1851 3375 1903 3410 ita
1938 3375 2126 3420 resupinus
2161 3377 2233 3416 est,
2263 3377 2306 3409 ut
2333 3370 2439 3407 facile

1356 3431 1442 3458 suas
1464 3430 1635 3466 pecunias
1657 3421 1767 3457 iactet
1789 3424 1825 3456 et
1847 3420 2022 3456 indebitas
2041 3418 2211 3460 effundat,
2236 3421 2272 3453 et
2288 3416 2440 3452 maxime

1357 3467 1390 3503 si
1410 3466 1489 3512 ipse
1510 3465 1572 3511 qui
1592 3465 1769 3502 indebitas
1789 3465 1960 3501 dedisse¹⁷
1984 3464 2069 3500 dicit
2090 3464 2195 3499 homo
2220 3462 2366 3507 diligens
2384 3465 2439 3496 est
2480 3484 2482 3486 -

1785 3579 1844 3620 (1³)
1857 3588 1950 3610 reum
1960 3589 2022 3611 sec.
2037 3577 2073 3610 B
2084 3577 2236 3620 Krueqer
2310 3577 2368 3616 (w
2385 3573 2438 3617 (ff-
2495 3582 2497 3584 ’
2518 3548 2519 3565 ³

1940 3627 2000 3662 (1⁸)
2024 3620 2250 3654 adsurdumF'
2320 3620 2378 3659 (17)
2402 3627 2437 3650 se

1355 3582 1414 3619 (12)
1428 3578 1577 3612 iudicata
1589 3588 1642 3611 ros
1652 3590 1707 3611 scr

1355 3623 1435 3656 Inst.
1449 3624 1482 3663 2,
1501 3629 1550 3664 ιο,
1563 3630 1579 3657 4
1673 3624 1730 3664 (ιο)
1756 3622 1785 3655 is
1796 3635 1849 3656 scr

1354 3668 1416 3702 im.
1429 3668 1597 3701 Ruckerus
