2528 3918
127 158 187 190 DE
217 157 376 191 OPERIS
404 156 693 189 LIBERTORUM

1206 137 1292 186 565

2086 141 2315 186 XXXVIII
2350 146 2370 184 1

812 366 991 416 LIBER
1021 365 1378 417 TRIGESIMUS
1409 363 1686 416 OCTAVUS.

641 496 660 534 1
670 493 697 536 ¹.

381 564 443 596 DE
468 562 630 596 OPERIS
653 562 963 596 LIBERTORUM.

175 628 193 666 1
236 629 395 665 Pavws
431 628 524 665 libro
558 629 615 664 sin
643 628 742 664 ularz·
778 628 823 663 de
857 630 969 665 variis
1004 628 1215 664 lectionibus

126 675 265 720 Operae
290 678 374 710 sunt
397 674 563 709 diurnum
587 684 608 709 o
623 673 757 708 ficium.

172 718 196 756 2
236 719 429 755 Ummivos
457 720 548 755 libro
581 720 790 766 trz'yensimo
823 723 948 754 octavo
980 719 1030 754 ad
1060 719 1214 754 edictum

125 766 203 800 Hoc
233 765 389 800 edictum
417 768 564 810 praetor
594 764 764 809 proponit
796 765 1015 799 coartandae
1045 774 1214 809 persecu-

124 811 230 846 tionis
246 810 420 845 libertatis
438 820 547 846 causa
560 809 826 854 impositorum:
853 809 1102 845 animadvertit
1123 809 1215 844 enim

124 866 199 891 rem
229 856 334 891 istam
363 855 539 891 libertatis
575 865 686 890 causa
721 854 968 900 impositorum
1000 854 1214 901 praestatio-

125 902 229 936 ne1n²
259 901 356 935 ultra
387 900 604 943 excrevisse,
634 904 675 934 ut
705 904 883 945 premeret
912 905 1020 946 atque
1050 903 1216 936 oneraret

128 950 141 981 1
192 946 378 981 libertinas
401 955 584 991 personas.
632 945 740 981 Initio
763 946 873 991 igitur
895 950 1043 991 praetor
1068 946 1214 991 pollice-

123 996 184 1072 ffir
218 1001 257 1027 se
291 991 461 1027 iudicium
499 1001 690 1036 operarum
725 991 893 1027 daturum
927 991 964 1027 in
998 991 1146 1027 libertos
1181 993 1217 1026 et

137 1038 146 1071 i
176 1040 281 1072 ertas.

170 1079 194 1120 3
228 1081 457 1118 Poupomes
488 1082 580 1118 libro
614 1085 720 1118 sexto
758 1081 808 1117 ad
842 1080 1017 1118 Sabinum
1078 1081 1215 1127 Operas

125 1127 317 1173 stipulatus
347 1131 431 1163 ante
459 1131 647 1172 peractum
671 1127 765 1163 diem
789 1137 935 1172 operam
958 1128 1035 1163 eius
1060 1127 1129 1163 diei
1151 1136 1214 1172 pe-

127 1177 141 1207 1
193 1177 269 1208 tere
292 1183 365 1208 non
387 1176 517 1218 potest.
554 1173 632 1208 Nec
654 1183 739 1226 pars
763 1183 894 1218 operae
917 1183 982 1218 per
1000 1172 1216 1209 horas'solvi

124 1222 261 1298 potest,
297 1219 406 1262 quia³
440 1218 477 1253 id
513 1222 568 1254 est
602 1218 712 1254 officii
746 1218 874 1253 diurni.
924 1219 1046 1263 itaque
1082 1228 1148 1254 nec
1183 1217 1216 1253 ei

137 1265 264 1306 iberto,
285 1263 346 1308 qui
364 1273 427 1299 sex
444 1264 543 1299 horis
562 1263 749 1298 dumtaxat
765 1263 1052 1299 antemeridianis
1070 1266 1214 1308 praesto

124 1309 261 1351 fuisset,
287 1309 452 1344 liberatio
476 1309 553 1344 eius
579 1309 648 1344 diei
673 1309 856 1353 contingit.

169 1353 195 1391 4
220 1354 328 1389 IDEM
338 1354 430 1390 libro
446 1358 578 1400 quarto
596 1355 646 1389 ad
662 1353 836 1389 Sabinum
879 1355 913 1389 A
931 1353 1072 1389 duobus
1088 1363 1214 1388 manu-

123 1400 253 1435 missus
276 1399 418 1444 utrique
438 1409 568 1444 operas
589 1399 820 1444 promiserat:
846 1400 959 1435 altero
980 1409 1026 1434 ex
1046 1398 1102 1433 his
1119 1409 1214 1433 mor-

123 1448 186 1480 tuo
211 1445 296 1479 nihil
321 1449 387 1487 est,
411 1455 523 1490 quare
544 1455 616 1480 non
636 1444 710 1480 filio
727 1445 816 1487 eius,
843 1445 1002 1490 quamvis
1022 1444 1215 1489 superstite

126 1491 257 1534 altero,
292 1500 481 1535 operarum
510 1490 615 1525 detur
643 1490 781 1535 petitio.
829 1501 896 1526 nec
927 1491 997 1526 hoc
1024 1490 1214 1534 quicquam

125 1546 312 1571 commune
335 1536 468 1570 habet⁴
499 1546 581 1571 cum
610 1535 808 1571 hereditate
837 1539 901 1571 aut
930 1536 1106 1571 bonorum
1130 1545 1213 1579 pos-

125 1581 301 1616 sessione:
333 1580 482 1625 perinde
514 1581 607 1616 enim
631 1590 763 1626 operae
787 1590 810 1615 a
831 1581 970 1616 libertis
995 1590 1038 1615 ac
1061 1580 1215 1624 pecunia

125 1626 262 1662 credita
285 1626 430 1671 petitur.
475 1626 566 1661 haec
590 1626 641 1661 ita
663 1626 787 1662 Aristo
812 1626 972 1671 scripsit,
1006 1625 1109 1660 cuius
1134 1634 1214 1660 sen-

124 1672 270 1707 tentiam
297 1675 385 1716 puto
408 1681 545 1707 veram:
575 1681 658 1706 nam
690 1671 796 1706 etiam
825 1671 1101 1716 praeteritarum
1130 1680 1214 1715 ope-

123 1728 244 1752 rarum
268 1717 445 1752 actionem
469 1717 548 1752 dari
570 1716 695 1752 heredi
719 1720 889 1752 extraneo
920 1717 997 1752 sine
1025 1720 1124 1751 metu
1154 1725 1214 1750 ex-

124 1773 165 1798 ce
191 1763 297 1797 tionis
310 1762 439 1807 placet.
466 1762 610 1797 dabitur
621 1762 730 1807 igitur
745 1766 781 1797 et
797 1763 874 1798 vivo
894 1762 1006 1797 altero
1022 1765 1175 1806 patrono
1189 1762 1213 1795 ⁵.

165 1774 193 1845 ἓ
226 1807 422 1844 ΠιΡιΑΝυε
448 1808 539 1843 libro
564 1808 690 1852 quinto
715 1807 852 1842 decimo
882 1807 932 1843 ad
954 1807 1129 1842 Sabinum
1178 1805 1215 1840 Si

124 1854 203 1898 quis
227 1863 355 1898 operas
380 1852 427 1888 sit
450 1852 643 1898 stipulatus
675 1852 745 1888 sibi
767 1852 960 1898 liberisque
984 1852 1075 1895 suis,
1108 1852 1215 1887 etiam

124 1899 169 1933 ad
193 1902 378 1943 postumos
402 1899 564 1943 pervenit
587 1898 783 1942 stipulatio.

169 1941 194 1981 6
215 1944 323 1979 IDEM
336 1945 427 1979 libro
446 1944 636 1979 vicensimo
655 1947 760 1978 sexto
781 1943 831 1978 ad
843 1942 1018 1977 Sabinum
1051 1942 1216 1977 Fabriles

126 1999 257 2034 operae
281 1992 509 2033 ceteraeque,
540 1998 632 2033 quae
663 1988 765 2032 quasi
793 1988 831 2023 in
853 1988 1028 2033 pecuniae
1052 1991 1215 2032 praesta-

122 2035 218 2070 tione
239 2034 449 2077 consistunt,
470 2034 516 2069 ad
535 2034 702 2069 heredem
718 2037 916 2076 transeunt,
942 2032 1114 2069 officiales
1132 2043 1215 2068 vero

123 2090 196 2115 non
219 2083 417 2115 transeunt.

170 2122 194 2162 7
224 2124 333 2159 IDEM
360 2125 451 2160 libro
483 2125 674 2160 vicensimo
706 2127 832 2160 octavo
865 2123 915 2159 ad
945 2123 1120 2159 Sabinum
1167 2123 1217 2159 Ut

123 2169 352 2206 iurisiurandi
369 2169 538 2214 obligatio
557 2170 802 2212 contrahatur,
827 2169 993 2205 libertum
1013 2178 1093 2205 esse
1108 2180 1128 2204 o
1157 2179 1214 2204 or-

127 2220 142 2250 1
191 2219 243 2251 tet
278 2215 339 2260 qui
368 2215 464 2250 iuret
498 2219 536 2250 et
571 2215 746 2251 libertatis
785 2225 896 2251 causa
926 2215 1056 2250 iurare.
1104 2214 1133 2249 P
1149 2224 1216 2250 ane

125 2260 328 2306 quaeritur,
359 2261 390 2296 si
418 2260 497 2305 quis
526 2260 655 2296 liberto
686 2271 752 2296 suo
777 2260 962 2305 legaverit,
996 2260 1027 2295 si
1050 2259 1123 2295 filio
1148 2271 1215 2295 suo

122 2306 293 2342 iuraverit
306 2316 344 2341 se
358 2306 479 2341 decem
496 2307 510 2327 ⁰
519 2316 708 2351 operarum
721 2305 863 2341 nomine
875 2308 1152 2350 praestaturum,
1168 2315 1215 2340 an

125 2352 300 2396 obligetur
314 2351 477 2387 iurando.
515 2355 550 2386 et
564 2351 688 2387 Celsus
705 2351 886 2386 Iuventius
902 2350 1054 2395 obligari
1070 2361 1149 2386 eum
1165 2350 1217 2385 ait

123 2398 294 2442 parvique
317 2396 461 2439 referre,
487 2407 593 2441 quam
617 2397 664 2432 ob
689 2406 834 2431 causam
859 2396 903 2432 de
926 2396 1044 2441 operis
1063 2396 1213 2432 libertus

125 2447 144 2477 2
192 2442 378 2477 iuraverit:
412 2445 449 2477 et
477 2452 542 2487 ego
567 2442 668 2477 Celso
695 2441 899 2487 adquiesco.
947 2442 1071 2477 Iurare
1095 2445 1215 2477 autem

125 2487 231 2523 debet
254 2491 338 2533 post
360 2488 684 2530 manumissionem,
708 2491 749 2522 ut
773 2486 967 2531 obligetur:
994 2490 1030 2522 et
1049 2486 1122 2522 sive
1141 2490 1214 2522 sta-

125 2537 143 2567 3
193 2533 254 2567 tim
279 2533 352 2568 sive
375 2536 458 2578 post
480 2537 622 2577 tempus
646 2532 827 2574 iuraverit,
854 2533 1042 2577 obligatur.
1090 2532 1214 2568 Iurare

124 2582 243 2614 autem
274 2579 379 2613 debet
408 2588 535 2623 operas
565 2578 697 2613 donum
721 2589 849 2613 munus
874 2588 913 2613 se
936 2581 1213 2622 praestaturum,

124 2634 252 2668 operas
283 2623 577 2668 qualescumque,
610 2633 701 2667 quae
729 2623 834 2658 modo
867 2624 980 2668 probe
1008 2624 1085 2658 iure
1116 2623 1213 2659 licito

124 2672 145 2703 4
193 2669 426 2714 inponuntur.
473 2668 702 2713 Rescriptum
734 2672 789 2703 est
817 2678 840 2702 a
864 2668 944 2703 divo
969 2668 1154 2704 Hadriano
1179 2671 1215 2703 et

125 2714 292 2759 deinceps
323 2724 465 2749 cessare
501 2724 690 2758 operarum
724 2714 1008 2758 persecutionem
1043 2713 1214 2749 adversus

125 2769 221 2802 eum,
254 2759 313 2804 qui
342 2769 386 2794 ex
416 2769 527 2795 causa
549 2758 812 2794 fideicommissi
837 2758 883 2792 ad
906 2758 1108 2793 libertatem
1132 2769 1213 2804 per-

125 2809 144 2839 5
194 2804 325 2839 ductus
348 2807 414 2839 est.
462 2803 617 2839 Dabitur
641 2807 675 2838 et
698 2804 736 2838 in
758 2804 995 2848 impuberem,
1022 2814 1103 2838 cum
1127 2804 1213 2839 ado-

123 2849 263 2891 leverit,
302 2859 491 2894 operarum
526 2849 638 2884 actio:
678 2848 741 2884 sed
771 2849 950 2884 interdum
979 2852 1015 2884 et
1046 2849 1215 2894 quamdiu

124 2895 287 2940 impubes
312 2898 385 2930 est:
416 2905 498 2929 nam
527 2894 634 2930 huius
658 2905 800 2939 quoque
824 2899 880 2929 est
902 2893 1153 2937 ministerium,
1184 2895 1215 2929 si

124 2940 218 2976 forte
240 2940 296 2975 vel
318 2940 485 2975 librarius
510 2939 565 2974 vel
588 2940 860 2975 nomenculator
879 2939 934 2974 vel
955 2939 1152 2975 calculator
1169 2940 1215 2974 sit

126 2989 146 3021 6
192 2985 248 3020 vel
271 2985 398 3020 histrio
422 2985 478 3020 vel
502 2985 647 3020 alterius
670 2985 864 3030 voluptatis
882 2984 1022 3020 artifex.
1057 2984 1095 3020 Si
1111 2985 1215 3020 liberi

124 3030 268 3076 patroni
284 3041 327 3065 ex
340 3030 588 3075 inaequalibus
602 3030 767 3074 partibus
782 3034 903 3066 essent
914 3030 1080 3073 instituti,
1093 3033 1214 3065 utrum

124 3086 191 3121 pro
221 3079 324 3121 parte
355 3075 500 3110 dimidia
531 3085 578 3110 an
606 3086 673 3120 pro
697 3075 921 3111 hereditariis
945 3075 1105 3110 habeant
1128 3086 1212 3120 ope-

124 3131 247 3156 rarum
271 3121 472 3156 actionem?
508 3124 543 3156 et
570 3124 659 3165 puto
689 3121 805 3156 verius
834 3121 965 3157 liberos
989 3131 1055 3166 pro
1081 3130 1213 3166 aequa-

126 3170 144 3200 7
193 3166 311 3202 libus⁷
331 3166 517 3202 habituros
537 3166 724 3201 actionem.
765 3166 872 3201 Parvi
891 3169 1010 3201 autem
1031 3165 1152 3208 refert,
1176 3166 1214 3201 in

127 3214 146 3246 8
193 3215 371 3256 potestate
394 3211 528 3247 fuerint
551 3211 654 3246 liberi
678 3221 725 3246 an
747 3221 830 3247 vero
855 3211 1080 3256 emancipati.
1119 3211 1214 3247 Sed⁸

126 3256 157 3292 si
179 3256 216 3290 in
240 3255 466 3301 adoptionem
489 3257 611 3291 datum
635 3256 802 3292 heredem
824 3257 1008 3302 scripserit
1026 3260 1212 3302 patronus,

127 3305 147 3335 9
194 3301 307 3345 magis
330 3305 395 3344 est,
419 3305 461 3336 ut
484 3312 614 3347 operae
638 3302 670 3337 ei
694 3301 902 3337 debeantur.
938 3302 1016 3337 Nec
1038 3306 1214 3348 patronae

126 3346 228 3382 liberi
253 3350 516 3382 summoventur
540 3347 586 3382 ab
611 3357 801 3391 operarum
824 3347 1006 3392 petitione.

173 3389 198 3429 8
223 3391 451 3427 Pom’omvs
471 3392 561 3427 libro
580 3396 704 3427 octavo
725 3392 775 3427 ad
788 3391 961 3428 Sabinum
1009 3392 1046 3428 Si
1070 3393 1211 3437 quando

128 3437 266 3472 duobus
290 3436 451 3481 patronis
467 3437 637 3472 iuraverit
656 3437 803 3473 libertus
826 3447 953 3482 operas
974 3447 1013 3473 se
1033 3437 1211 3481 daturum,

128 3481 288 3518 Labeoni
311 3481 431 3527 placet
454 3485 489 3517 et
507 3482 628 3518 deberi
647 3486 682 3518 et
699 3483 772 3528 peti
790 3492 897 3528 posse
913 3486 1053 3528 partem
1071 3493 1211 3528 operae,

174 3597 213 3636 (1)
238 3595 319 3629 Sab.
340 3602 433 3629 1...13.
451 3602 570 3629 15...20.
591 3603 718 3636 22...2s;
747 3597 814 3630 Ed.
837 3604 880 3631 14.
903 3603 945 3630 21.
966 3604 1094 3637 29...39;
1125 3598 1210 3641 Pap.

129 3648 243 3674 40...51.
256 3659 301 3665 --
316 3641 400 3673 Bas.
413 3641 469 3682 49,
481 3648 563 3674 3.-
578 3641 628 3684 Os.
645 3641 722 3676 God.
738 3644 770 3684 6,
783 3649 799 3676 3
871 3644 913 3683 (2)
938 3641 1103 3676 libertatis
1115 3653 1214 3676 eausa

128 3686 356 3728 impositorum
375 3685 633 3728 praestationem
653 3688 714 3720 del.
734 3687 799 3720 Ad.
814 3687 964 3720 Schmidt
1065 3689 1109 3729 (3)
1134 3699 1213 3721 con-

129 3731 225 3763 tinua
237 3733 286 3763 est
302 3732 363 3764 ins.
480 3732 523 3772 (4)
547 3731 667 3764 habeat
678 3732 712 3764 F
718 3732 734 3752 ²
849 3733 893 3774 (5)
915 3733 1051 3775 patroni
1062 3733 1133 3766 filio
1152 3735 1212 3767 ins.

130 3777 173 3817 (e)
197 3785 313 3817 operas
325 3777 384 3809 aut
394 3774 525 3818 aliquid
538 3776 598 3810 im.
669 3777 713 3818 (τ)
737 3777 888 3820 partibus
900 3778 960 3811 ins.
1036 3779 1082 3820 (8)
1107 3780 1141 3812 et
1153 3780 1213 3813 ins.

1285 503 1366 528 cum
1398 501 1539 537 semper
1569 490 1764 536 praeterita
1795 501 1920 535 opera,
1962 502 2052 536 quae
2089 492 2159 527 iam
2191 492 2269 528 dari
2300 503 2370 530 non

1283 537 1408 590 possit,
1434 540 1590 582 petatur.
1639 535 1735 581 quod
1759 536 1942 580 contingit,
1967 538 1997 571 si
2022 538 2075 572 vel
2099 537 2185 582 ipsis
2210 539 2370 583 patronis

1283 586 1420 618 iuretur
1443 582 1498 617 vel
1523 581 1753 627 promittatur
1776 581 1831 616 vel
1855 582 2033 616 communi
2057 593 2177 618 eorum
2198 593 2298 620 servo
2317 585 2371 619 vel

1287 631 1300 663 1
1353 628 1555 673 complures
1578 626 1727 662 heredes
1752 626 1815 661 uni
1837 629 1990 671 patrono
2015 628 2180 663 existant.
2229 629 2300 664 Pro
2330 629 2371 664 li-

1283 673 1386 709 berto
1410 673 1549 708 iurante
1571 671 1766 708 fideiubere
1790 671 1948 717 quemvis
1972 682 2079 716 posse
2102 674 2231 718 placet.

1331 716 1355 755 9
1388 718 1584 754 ULPJANUS
1610 718 1701 753 libro
1731 718 1941 763 triqensimo
1972 721 2102 763 quarto
2127 719 2177 753 ad
2199 718 2370 755 Sabinum

1288 767 1301 799 1
1354 764 1493 808 Operae
1516 763 1553 798 in
1578 773 1696 798 rerum
1719 766 1850 798 natura
1873 773 1946 798 non
1969 767 2064 798 sunt.
2108 763 2178 799 Sed
2202 764 2372 801 officiales

1285 809 1426 855 quidem
1460 808 1628 844 futurae⁹
1665 819 1731 844 nec
1769 808 1936 853 cuiquam
1975 808 2036 843 alii
2072 808 2193 845 deberi
2223 815 2374 854 possunt

1285 865 1391 900 quam
1416 858 1581 900 patrono,
1607 864 1688 889 cum
1711 853 1915 899 proprietas
1940 864 2064 888 earum
2079 856 2105 875 ¹⁰
2129 858 2165 889 et
2181 855 2218 890 in
2237 856 2373 891 edentis

1283 910 1438 946 persona
1473 903 1510 935 et
1546 899 1583 934 in
1622 900 1697 934 eius
1733 899 1792 934 cui
1821 898 1976 934 eduntur
2008 899 2188 935 constitit:
2227 900 2373 937 fabriles

1284 949 1404 981 autem
1434 945 1569 980 aliaeve
1601 944 1676 980 eius
1706 944 1845 988 generis
1877 947 1978 988 sunt,
2017 948 2057 979 ut
2094 955 2117 980 a
2150 956 2375 998 quocumque

1285 991 1497 1035 cuicumque
1521 990 1610 1026 solvi
1634 991 1784 1035 possint.
1833 999 1919 1025 sane
1951 990 2063 1032 enim,
2095 990 2126 1025 si
2154 1001 2191 1025 m
2221 991 2373 1027 artificio

1285 1037 1366 1080 sint,
1391 1036 1538 1072 iubente
1562 1039 1715 1080 patrono
1739 1038 1776 1071 et
1800 1035 1860 1070 alii
1884 1034 1940 1070 edi
1965 1039 2127 1080 possunt.

1333 1081 1383 1119 10
1414 1081 1645 1117 Pompomvs
1673 1081 1765 1117 libro
1798 1081 1924 1126 quinto
1956 1081 2093 1116 decimo
2122 1081 2173 1116 ad
2200 1080 2373 1117 Sabinum

1285 1127 1416 1164 Servus
1441 1127 1584 1172 patroni
1609 1137 1631 1161 a
1653 1126 1782 1162 liberto
1806 1126 1899 1161 male
1922 1126 1974 1161 ita
1997 1125 2210 1171 stipulatur:
2236 1128 2375 1172 ‘operas

1285 1173 1382 1208 ‘mihi
1415 1173 1500 1208 dare
1531 1171 1723 1217 spondes'?
1757 1171 1880 1217 itaque
1908 1175 2061 1216 patrono
2091 1171 2169 1207 dari
2201 1172 2374 1217 stipulan-

1287 1222 1301 1254 1
1353 1218 1438 1254 dum
1462 1222 1528 1254 est.
1576 1217 1745 1253 Libertus
1771 1227 1961 1262 operarum
1985 1217 2127 1253 nomine
2150 1217 2202 1252 ita
2225 1217 2376 1253 iurando

1285 1266 1449 1310 ‘patrono
1479 1267 1543 1299 aut
1572 1262 1686 1298 Lucio
1717 1262 1826 1298 Titio’
1859 1262 1994 1298 solvere
2026 1263 2142 1299 Lucio
2175 1263 2272 1298 Titio
2305 1273 2376 1298 non

1284 1313 1414 1355 potest,
1440 1313 1481 1344 ut
1504 1319 1526 1344 a
1549 1312 1703 1354 patrono
1728 1308 1899 1344 liberetur

1333 1354 1380 1392 11
1410 1354 1603 1390 IULIANUS
1623 1354 1714 1389 libro
1743 1354 1935 1390 vicensimo
1965 1353 2123 1389 secundo
2155 1354 2195 1388 de·
2220 1356 2376 1389 estorum

1283 1400 1388 1481 {fflhil
1413 1403 1532 1436 autem
1555 1400 1715 1442 interest,
1741 1402 1933 1435 extraneus
1958 1399 2006 1434 sit
2029 1399 2165 1434 Lucius
2223 1399 2305 1435 itius
2330 1409 2377 1434 an

1337 1457 1380 1481 us

1334 1450 1646 1528 12)'P0m²0mos
1674 1490 1766 1526 libro
1799 1490 1925 1536 quinto
1958 1489 2094 1525 decimo
2124 1490 2175 1525 ad
2202 1489 2376 1526 Sabinum

1285 1537 1370 1582 quia
1400 1537 1492 1572 aliae
1524 1546 1654 1581 operae
1684 1539 1805 1577 erunt,
1839 1545 1933 1580 quae
1962 1535 2075 1571 Lucio
2107 1535 2202 1571 Titio
2233 1536 2376 1571 dantur.

1285 1583 1348 1618 sed
1379 1582 1409 1617 si
1440 1581 1616 1617 libertatis
1648 1591 1760 1616 causa
1788 1580 1979 1626 pecuniam
2010 1581 2197 1625 promittat
2227 1581 2377 1617 libertus

1284 1628 1401 1707 egenti
1431 1630 1585 1672 patrono
1618 1630 1681 1662 aut
1712 1626 1830 1668 Titio,
1870 1626 2073 1661 omnimodo
2109 1626 2261 1662 adiectio
2293 1627 2377 1661 Titii

1283 1683 1327 1709 va
1341 1676 1387 1708 et.

1334 1716 1384 1756 13
1417 1717 1612 1753 ULP1ANUs
1633 1716 1725 1752 libro
1750 1715 1959 1761 triqensz'mo
1984 1718 2110 1750 octavo
2142 1716 2192 1751 ad
2222 1716 2375 1752 edictum

1285 1764 1323 1799 Si
1347 1763 1426 1809 quis
1450 1763 1519 1797 hac
1543 1762 1620 1806 lege
1645 1764 1784 1806 emptus
1808 1760 1873 1802 sit,
1898 1764 1940 1796 ut
1961 1761 2248 1804 manumittatur,
2274 1765 2310 1797 et
2333 1772 2377 1797 ex

1286 1808 1540 1845 constitutione
1557 1807 1626 1842 divi
1642 1807 1758 1842 Marci
1774 1806 1975 1850 pervenerit
1991 1805 2038 1840 ad
2053 1805 2264 1849 libertatem,
2291 1818 2311 1842 o
2341 1817 2376 1842 e-

1288 1858 1302 1889 1
1353 1864 1415 1889 rae
1440 1853 1472 1888 ei
1497 1853 1685 1898 impositae
1709 1851 1844 1887 nullum
1869 1851 2035 1887 effectum
2063 1852 2258 1887 habebunt.
2333 1852 2377 1888 ed

1285 1902 1390 1935 nec¹¹
1424 1899 1481 1934 cui
1510 1899 1606 1933 bona
1636 1897 1781 1933 addicta
1794 1897 1822 1918 ¹²
1851 1900 1936 1932 sunt
1959 1907 2003 1933 ex
2028 1898 2283 1933 constitutione
2308 1897 2376 1933 divi

1284 1945 1401 1980 Marci
1418 1944 1637 1979 libertatium
1654 1942 1979 1978 conservandarum
1997 1952 2117 1986 causa,
2142 1943 2276 1987 poterit
2292 1953 2376 1988 ope-

1285 2001 1344 2026 ras
1368 1994 1491 2035 petere
1513 1999 1629 2033 neque
1652 1989 1698 2024 ab
1722 1989 1794 2030 his,
1820 1987 1880 2033 qui
1904 1987 2074 2032 directas,
2100 1998 2215 2033 neque
2239 1989 2285 2023 ab
2309 1988 2376 2031 his,

1286 2035 1346 2081 qui
1370 2035 1718 2070 fideicommissarias
1742 2037 1978 2078 acceperunt,
2011 2033 2170 2078 quamvis
2194 2033 2376 2069 fideicom-

1285 2080 1466 2117 missarias
1491 2080 1676 2115 libertates
1697 2080 1757 2125 qui
1778 2081 2004 2123 acceperunt,
2028 2078 2143 2124 ipsius
2159 2079 2280 2114 liberti
2300 2078 2376 2114 effi-

1286 2127 1444 2162 ciantur:
1476 2136 1548 2161 non
1581 2124 1674 2161 enim
1698 2125 1751 2160 sic
1774 2125 1866 2159 fiunt
1888 2123 2026 2166 liberti,
2059 2128 2101 2159 ut
2123 2127 2208 2160 sunt
2229 2125 2375 2170 proprii,

1285 2175 1304 2207 2
1353 2182 1444 2217 quos
1468 2171 1568 2206 nulla
1590 2171 1805 2206 necessitate
1830 2173 1979 2214 cogente
2001 2169 2281 2206 manumisimus.
2317 2170 2375 2205 Iu-

1284 2217 1415 2252 dicium
1440 2216 1484 2252 de
1509 2216 1627 2261 operis
1643 2219 1731 2251 tunc
1747 2216 1866 2251 locum
1883 2215 2004 2258 habet,
2030 2225 2112 2250 cum
2127 2225 2258 2260 operae
2272 2226 2375 2261 prae-

1283 2263 1454 2298 terierint.
1504 2262 1699 2306 praeterire
1731 2265 1850 2296 autem
1879 2271 1951 2296 non
1982 2264 2150 2305 possunt,
2185 2265 2375 2306 antequam

1283 2308 1356 2344 inci
1381 2308 1458 2342 iant
1482 2307 1619 2350 cedere,
1645 2310 1681 2342 et
1703 2307 1890 2351 incipiunt,
1914 2309 2148 2351 posteaquam
2169 2305 2303 2341 fuerint
2321 2307 2375 2341 in-

1284 2358 1304 2389 3
1353 2319 1480 2388 dictae.
1518 2352 1639 2388 Etiam
1655 2352 1686 2387 si
1699 2362 1848 2387 uxorem
1865 2351 1997 2386 habeat
2016 2351 2177 2393 libertus,
2203 2362 2274 2387 non
2291 2362 2375 2396 pro-

1284 2403 1305 2434 4
1353 2398 1497 2434 hibetur
1527 2402 1703 2443 patronus
1735 2407 1863 2443 operas
1897 2396 2036 2441 exigere
2050 2397 2088 2431 ¹³.
2143 2396 2180 2431 Si
2211 2397 2375 2442 impubes

1284 2445 1331 2481 sit
1348 2448 1533 2489 patronus,
1558 2444 1741 2479 voluntate
1761 2443 1836 2478 eius
1855 2452 1927 2477 non
1944 2442 2083 2477 videtur
2101 2442 2231 2477 liberta
2251 2454 2299 2477 nu
2326 2446 2375 2485 ta,

1284 2494 1303 2525 5
1352 2489 1420 2524 nisi
1451 2489 1581 2524 tutoris
1615 2488 1812 2524 auctoritas
1841 2487 2017 2522 voluntati
2040 2487 2243 2523 accesserit.
2326 2488 2376 2523 ati

1284 2545 1354 2581 quo
1380 2545 1425 2570 ue
1449 2534 1586 2569 habitio
1610 2538 1763 2579 patrono
1789 2534 1892 2569 obest
1914 2532 1952 2566 in
1975 2532 2109 2577 nuptiis
2133 2532 2294 2568 libertae.

1333 2545 1384 2617 13
1417 2580 1643 2615 TERENTIUS
1676 2579 1856 2615 CLEMENS
1891 2577 1983 2613 libro
2016 2581 2142 2613 octavo
2181 2579 2231 2613 ad
2261 2578 2374 2625 leqem

1283 2625 1418 2661 Iuliam
1448 2628 1483 2660 et
1511 2624 1667 2670 Papiam
1714 2624 1826 2659 Plane
1856 2633 1935 2657 cum
1967 2622 2112 2658 desierit
2143 2626 2256 2668 nupta
2285 2633 2375 2666 esse,

1284 2681 1413 2717 operas
1436 2670 1512 2714 peti
1535 2679 1642 2714 posse
1666 2679 1787 2704 omnes
1812 2668 1888 2704 fere
1902 2668 1927 2688 ¹⁴
1954 2667 2192 2703 consentiunt.

1333 2715 1382 2753 15
1416 2715 1612 2752 ULPIANUS
1632 2714 1722 2750 libro
1747 2714 1957 2759 triqensz’mo
1987 2716 2112 2748 octavo
2142 2713 2193 2748 ad
2220 2714 2373 2749 edictum

1283 2761 1470 2803 Libertus,
1503 2760 1563 2805 qui
1592 2763 1676 2805 post
1705 2759 1936 2794 indictionem
1959 2768 2150 2803 operarum
2174 2758 2375 2795 valetudine

1283 2807 1492 2852 impeditur,
1524 2816 1595 2850 quo
1619 2805 1735 2840 minus
1760 2806 1919 2849 praestet
1942 2813 2087 2848 operas,
2121 2814 2192 2839 non
2216 2807 2373 2840 tenetur:

1283 2862 1351 2887 nec
1383 2851 1476 2886 enim
1506 2854 1626 2896 potest
1654 2850 1766 2885 videri
1797 2860 1862 2894 per
1890 2858 1970 2884 eum
2004 2852 2117 2891 stare,
2157 2860 2228 2894 quo
2256 2849 2374 2885 minus

1287 2901 1300 2931 1
1354 2907 1481 2942 operas
1505 2899 1675 2941 praestet.
1724 2895 1849 2940 Neque
1872 2894 2032 2939 promitti
2055 2904 2170 2939 neque
2195 2894 2284 2930 solvi
2308 2905 2373 2930 nec

1284 2942 1406 2977 deberi
1428 2952 1496 2977 nec
1519 2941 1593 2985 peti
1615 2951 1681 2986 pro
1706 2944 1809 2985 parte
1836 2939 1971 2985 poterit
1994 2949 2114 2984 opera.
2163 2939 2243 2976 ideo
2268 2940 2373 2992 Papi-

1284 2988 1412 3023 nianus
1444 2987 1592 3022 subicit:
1626 2985 1656 3020 si
1685 2997 1757 3022 non
1787 2996 1877 3028 una,
1911 2984 1972 3020 sed
2002 2985 2124 3030 plures
2149 2995 2279 3030 operae
2303 2989 2374 3020 sint

1284 3036 1319 3068 et
1341 3032 1463 3077 plures
1487 3031 1635 3066 heredes
1660 3031 1817 3066 existant
1839 3034 1992 3075 patrono
2023 3031 2084 3075 qui
2107 3041 2235 3075 operas
2260 3031 2371 3074 stipu-

1282 3078 1379 3113 latus
1403 3080 1474 3119 est,
1504 3087 1627 3111 verum
1657 3080 1712 3111 est
1736 3076 1988 3121 obligationem
2013 3086 2201 3120 operarum
2225 3085 2371 3110 numero

1284 3122 1401 3158 dividi.
1450 3122 1602 3166 denique
1634 3121 1757 3157 Celsus
1789 3122 1880 3157 libro
1917 3120 2126 3156 duodecimo
2163 3120 2302 3163 scribit,
2343 3120 2372 3154 si

1283 3168 1481 3203 communis
1510 3167 1659 3202 libertus
1689 3167 1852 3211 patronis
1876 3166 2015 3202 duobus
2040 3174 2167 3210 operas
2191 3165 2285 3199 mille
2309 3164 2370 3199 da-

1282 3216 1404 3248 turum
1434 3222 1473 3248 se
1504 3212 1676 3247 iuraverit
1706 3215 1770 3247 aut
1802 3211 1981 3248 communi
2011 3221 2132 3246 eorum
2163 3220 2263 3245 servo
2288 3219 2369 3254 pro-

1282 3258 1434 3300 miserit,
1465 3257 1661 3302 quingenas
1692 3258 1811 3303 potius
1844 3256 1982 3299 deberi,
2015 3266 2122 3301 quam
2154 3253 2370 3299 singularum

1283 3313 1472 3348 operarum
1497 3302 1672 3338 dimidias.

1331 3346 1381 3385 16
1408 3347 1464 3383 ΡΑ
1473 3357 1516 3383 Ul.
1524 3357 1567 3383 vs
1587 3347 1678 3383 libro
1695 3347 1999 3400 quadrayensimo
2020 3344 2071 3380 ad
2085 3344 2238 3379 edictum
2280 3343 2370 3378 Eius

1282 3393 1435 3437 artificii,
1485 3393 1557 3428 uod
1580 3396 1664 3438 post
1685 3392 1999 3427 manumissionem
2024 3389 2187 3425 didicerit
2208 3388 2369 3430 libertus,

1282 3449 1410 3484 operas
1425 3438 1469 3474 de
1497 3438 1570 3473 ebit
1585 3441 1780 3483 praestare,
1805 3437 1835 3473 si
1852 3438 1941 3471 haec
1956 3437 1983 3457 ¹⁵
1997 3435 2078 3477 sint,
2103 3443 2195 3479 quae
2208 3433 2367 3478 quando-

1281 3494 1351 3530 que
1380 3484 1529 3520 honeste
1557 3488 1594 3519 et
1621 3483 1698 3520 sine
1720 3482 1882 3529 periculo
1905 3481 2000 3516 vitae
2021 3482 2266 3525 praestantur,
2303 3489 2369 3514 nec

1283 3598 1405 3643 Menqs
1491 3598 1535 3638 (9)
1560 3607 1628 3630 non
1641 3599 1730 3639 sunt,
1744 3597 1800 3630 sed
1812 3596 1955 3628 futurae.
1982 3593 2147 3628 officiales
2160 3592 2295 3635 quidem
2305 3605 2370 3627 scr.

1283 3644 1343 3685 (10)
1369 3653 1485 3675 eorum
1497 3644 1531 3675 F
1584 3644 1639 3685 (11)
1665 3643 1694 3675 is
1705 3644 1764 3677 ins.
1779 3643 1833 3674 F²
1897 3642 1956 3680 (12)
1980 3639 2094 3671 addita
2105 3639 2140 3671 F
2198 3639 2255 3680 (13)
2276 3636 2370 3671 aliud

1283 3689 1343 3729 est,
1361 3687 1391 3720 si
1406 3687 1529 3721 liberta
1546 3688 1700 3731 nupserit
1717 3686 1889 3720 voluntate
1906 3684 2042 3728 patroni
2059 3685 2119 3718 ins.
2219 3683 2278 3727 (u)
2300 3683 2370 3717 fere

1284 3733 1346 3766 del.
1360 3731 1412 3766 F²
1505 3735 1564 3775 (15)
1588 3734 1651 3766 hae
1663 3733 1693 3767 S
