2528 3918
204 110 264 152 241
297 110 376 153 7.8

247 228 301 269 36
326 230 556 267 Pouromos
582 229 674 267 libro
705 230 896 268 vicensimo
918 235 1024 268 sexto
1047 232 1099 268 ad
1120 231 1289 276 Quintum

202 275 360 313 Mucium
409 275 497 311 Cum
520 275 602 312 loca
625 278 733 322 capta
763 279 848 312 sunt
878 277 924 312 ab
955 277 1137 321 hostibus,
1170 277 1290 313 omnia

202 321 369 358 desinunt
391 321 555 366 religiosa
577 320 631 356 vel
654 331 760 357 sacra
783 331 871 365 esse,
895 323 989 358 sicut
1008 323 1167 359 homines
1187 322 1290 358 liberi

200 367 237 402 in
261 366 465 402 servitutem
489 365 718 411 perveniunt:
751 367 847 413 quod
871 368 901 403 si
925 368 970 403 ab
995 368 1064 403 hac
1090 367 1290 404 calamitate

200 411 332 447 fuerint
364 411 534 454 liberata,
570 411 673 464 quasi
708 411 863 458 quodam
897 413 1111 459 postliminio
1146 423 1290 449 reversa

200 456 349 502 pristino
373 456 484 493 statui
506 459 754 493 restituuntur.

245 499 298 539 37
323 501 465 538 Maesa
496 501 588 538 libro
612 502 737 550 primo
768 502 819 539 ad
841 503 953 556 leqem
977 503 1205 539 vicensimam
1229 502 1288 538 he-

198 547 404 582 reditatium
450 546 603 583 Funeris
623 551 787 593 sumptus
806 548 992 594 accipitur,
1018 547 1188 594 quidquid
1210 558 1287 584 cor-

198 592 296 637 poris
320 602 431 628 causa
452 592 561 628 veluti
580 597 841 638 unguentorum
862 598 1044 638 erogatum
1063 598 1127 636 est,
1153 597 1189 628 et
1206 604 1287 639 pre·

198 638 286 672 tium
307 636 379 673 loci
400 637 438 673 in
461 648 531 684 quo
556 636 748 674 defunctus
782 638 950 673 humatus
981 641 1054 682 est,
1088 642 1123 674 et
1154 638 1184 674 si
1217 649 1289 691 qua

199 682 384 728 vectigalia
407 687 509 726 suut,
534 683 587 719 vel
612 683 824 729 sarcophagi
849 688 884 719 et
907 685 1095 719 vectura¹:
1127 687 1163 719 et
1186 683 1287 729 qiud-

198 727 283 773 quid
303 738 345 764 co
391 728 464 764 oris
485 738 596 765 causa
616 732 807 775 antequam
828 728 1020 774 sepeliatur
1039 732 1288 775 consumptum

203 776 213 807 1
266 777 338 816 est,
387 774 507 810 uneris
536 773 732 819 impensam
756 784 834 809 esse
857 774 1028 810 existimo.
1076 774 1287 810 Monumen-

198 823 274 853 tum
297 822 418 854 autem
437 818 616 865 sepulchri
633 818 671 854 id
693 829 772 855 esse
792 818 892 855 divus
906 819 1112 856 Hadrianus
1134 819 1287 865 rescrip-

196 863 767 956 isstassss⁰2iss¹¹⁰l²1l¹¹¹fflfizfflpffi
791 864 1288 955 ffisssiffiffififfissiaffluss⁰ssl

419 936 429 953 ,
1071 938 1078 946 .

197 954 379 1000 amplum²
398 955 484 1001 quid
503 954 683 991 aedificari
703 958 854 990 testator
871 955 1025 999 iusserit,
1049 956 1159 992 veluti
1167 921 1286 991 qincir-

197 1010 278 1035 cum
287 1000 302 1021 θ
312 1000 581 1045 porticationes,
595 1010 656 1036 eos
668 1003 831 1045 sumptus
843 999 977 1036 funeris
991 1011 1102 1036 causa
1114 1011 1187 1037 non
1196 1011 1285 1036 esse.

242 1041 295 1083 38
327 1044 523 1082 omanus
551 1045 641 1082 libro
666 1056 761 1080 nono
788 1045 833 1081 de
856 1046 1023 1082 omnibus
1046 1046 1287 1083 tribunalibus

195 1089 252 1126 Ne
275 1101 428 1137 corpora
461 1092 548 1127 aut⁴
581 1101 665 1127 ossa
695 1094 915 1126 mortuorum
949 1090 1192 1127 detinerentur
1224 1095 1287 1127 aut

194 1140 409 1172 vexarentur
431 1147 519 1173 neve
541 1136 814 1183 prohiberentur
838 1146 908 1182 quo
930 1136 1048 1172 minus
1068 1137 1125 1173 via
1141 1137 1287 1183 publica

195 1181 476 1218 transferrentur
506 1186 570 1217 aut
602 1181 788 1227 quominus
821 1181 1074 1228 sepelirentur,
1108 1181 1286 1228 praesidis

196 1226 401 1272 provinciae
425 1227 583 1263 officium
608 1231 671 1262 est.

241 1269 295 1310 39
319 1271 555 1308 MARCIANUS
575 1272 666 1308 libro
691 1272 795 1307 tertio
819 1272 1082 1308 institutionum
1118 1272 1199 1308 Divi
1211 1272 1285 1308 fra·

194 1322 267 1353 tres
292 1317 407 1353 edicto
433 1318 710 1360 admonuerunt,
736 1327 781 1353 ne
803 1317 921 1353 iustae
944 1318 1151 1363 sepulturae
1174 1317 1284 1354 tradi-

194 1368 289 1405 tum,
313 1363 349 1398 id
374 1367 428 1399 est
451 1367 547 1399 terra
571 1362 753 1398 conditum
774 1372 903 1415 corpus
927 1362 1163 1408 inquietetur:
1189 1363 1285 1400 vide-

194 1412 253 1442 tur
276 1412 395 1444 autem
418 1412 515 1444 terra
539 1407 722 1444 conditum
754 1411 791 1442 et
814 1418 844 1443 s1
867 1408 904 1443 in
929 1409 1078 1444 arcula-'⁸
1102 1408 1286 1445 conditum

193 1453 262 1490 hoc
284 1453 402 1489 animo
426 1454 491 1496 sit,
523 1458 565 1489 ιιι
595 1464 668 1489 ιιοιι
698 1452 784 1488 alibi
807 1452 1057 1490 transferatur.
1094 1454 1156 1490 sed
1181 1464 1285 1490 arcu-

193 1498 264 1533 lam
288 1499 421 1544 ipsam,
446 1500 476 1535 si
499 1509 556 1534 res
581 1498 716 1544 exigat,
740 1499 778 1533 in
800 1498 920 1534 locum
944 1499 1220 1535 commodiorem
1242 1499 1284 1535 li-

195 1554 275 1579 cere
298 1543 496 1580 transferre
519 1555 591 1580 non
616 1547 671 1579 est
694 1543 951 1589 denegandum.

239 1587 292 1627 40
317 1589 374 1624 ΡΑ
382 1599 476 1626 ULUS
496 1590 587 1626 libro
612 1590 716 1625 tertio
737 1590 986 1636 quaestionum
1033 1589 1071 1625 Si
1091 1590 1170 1643 quis
1193 1590 1285 1625 enim

194 1644 234 1669 eo
259 1634 377 1670 animo
403 1645 533 1681 corpus
557 1634 733 1677 intulerit,
767 1633 863 1680 quod
895 1635 1069 1681 cogitaret
1099 1635 1182 1671 inde
1214 1635 1283 1671 alio

192 1683 318 1725 postea
342 1680 536 1716 transferre
558 1680 742 1725 magisque
764 1680 935 1725 temporis
958 1681 1074 1726 gratia
1094 1681 1283 1726 deponere,

192 1735 299 1770 quam
323 1725 418 1771 quod
440 1725 491 1761 ibi
514 1725 704 1771 sepeliret⁶
726 1729 906 1761 mortuum
939 1730 975 1762 et
1006 1726 1109 1772 quasi
1138 1730 1285 1762 aeterna

192 1769 276 1806 sede
300 1770 386 1806 dare
411 1771 652 1813 destinaverit,
676 1770 834 1806 manebit
857 1770 958 1807 locus
982 1770 1168 1817 profanus.

238 1814 288 1853 41
320 1815 607 1852 Cazmsqmws
634 1816 726 1852 libro
750 1816 908 1852 secundo
934 1817 1199 1853 institutionum
1245 1816 1283 1852 Si

191 1861 311 1907 plures
335 1862 407 1897 sint
437 1861 571 1898 domini
602 1861 677 1897 eius
708 1861 798 1904 loci,
832 1861 894 1896 ubi
925 1866 1087 1899 mortuus
1118 1861 1281 1906 infertur,

191 1917 313 1942 omnes
346 1907 547 1943 consentire
577 1906 727 1950 debent,
760 1917 841 1942 cum
873 1907 1033 1943 extranei
1062 1907 1281 1943 inferantur:

191 1962 274 1987 nam
308 1962 352 1988 ex
386 1952 473 2005 ipsis
510 1952 661 1989 dominis
696 1952 890 1998 quemlibet
922 1956 1021 1989 recte
1055 1953 1106 1989 ibi
1141 1952 1283 1999 sepeliri

191 2000 333 2033 constat
357 2002 463 2034 etiam
487 1998 564 2034 sine
587 2002 786 2034 ceterorum
811 2008 1001 2041 consensu,
1025 1999 1177 2034 maxime
1202 2009 1282 2034 cum

190 2043 281 2079 alius
304 2054 378 2079 non
401 2043 447 2079 sit
469 2043 570 2079 locus
594 2044 631 2079 in
655 2053 725 2089 quo
751 2043 973 2089 sepeliretur.

236 2085 290 2126 42
314 2089 592 2125 ΡιοεΕΝΤῙΝσΒ
611 2089 702 2125 libro
726 2089 877 2135 septimo
901 2089 1165 2125 institutionum
1200 2089 1280 2125 Mo-

190 2137 398 2169 numentum
438 2134 650 2180 generaliter
691 2143 748 2169 res
785 2137 839 2169 est
872 2134 1063 2170 memoriae
1099 2144 1211 2170 causa
1244 2134 1282 2169 in

189 2183 373 2232 posterum
402 2179 563 2225 prodita:
598 2179 637 2215 in
670 2189 742 2224 qua
774 2179 804 2214 si
836 2190 968 2224 corpus
999 2180 1054 2215 vel
1085 2179 1281 2225 reliquiae⁷

188 2224 405 2267 inferantur,
436 2224 500 2261 fiet
530 2224 775 2271 sepulchrum,
809 2224 840 2260 si
861 2235 945 2260 vero
970 2225 1056 2260 nihil
1081 2235 1203 2261 eorum
1226 2225 1280 2260 in-

191 2270 343 2313 feratur,
377 2270 443 2306 erit
473 2273 741 2306 monumentum
772 2270 962 2305 memoriae
998 2280 1110 2306 causa
1132 2269 1280 2314 factum,

189 2314 284 2361 quod
309 2314 440 2352 Graeci
464 2314 684 2362 κενοτάφιον
706 2315 899 2360 appellant.

234 2358 287 2398 43
321 2359 569 2397 ΡΑΡΙΜΛΝΠΒ
599 2361 691 2397 libro
727 2365 853 2399 octavo
888 2361 1141 2406 quaestionum
1189 2360 1281 2396 Sunt

188 2416 379 2451 personae,
412 2416 523 2452 quae,
555 2416 771 2452 quamquam
793 2405 858 2441 reli
883 2405 997 2442 'osum
1018 2406 1138 2442 locum
1161 2405 1281 2442 facere

188 2462 261 2488 non
292 2456 462 2497 possunt,
493 2451 683 2488 interdicto
714 2455 836 2487 tamen
884 2460 904 2487 e
926 2454 1068 2487 mortuo
1091 2450 1279 2488 inferendo

188 2497 322 2532 utiliter
351 2500 479 2542 agunt,
512 2501 553 2533 ut
582 2501 673 2543 puta
704 2496 868 2532 dominus
898 2496 1150 2542 proprietatis,
1182 2496 1213 2532 si
1242 2496 1280 2532 in

188 2541 357 2585 fundum,
390 2543 491 2578 cuius
515 2542 655 2578 fructus
679 2542 817 2578 alienus
842 2546 915 2585 est,
947 2546 1126 2578 mortuum
1149 2541 1281 2578 inferat

189 2591 252 2622 aut
274 2587 406 2623 inferre
428 2588 527 2624 velit:
552 2598 635 2623 nam
659 2587 691 2623 si
713 2586 891 2630 intulerit,
916 2598 989 2624 non
1012 2587 1122 2623 faciet
1144 2588 1279 2623 iustum

189 2633 433 2677 sepulchrum,
469 2633 533 2669 sed
564 2634 595 2669 si
625 2633 877 2678 prohibeatur,
909 2632 1044 2668 utiliter
1074 2632 1277 2676 interdicto,

189 2678 274 2722 qui⁸
297 2677 341 2713 de
363 2678 440 2713 iure
464 2678 610 2714 dominii
634 2678 827 2724 quaeritur,
851 2682 943 2724 aget.
981 2678 1174 2724 eademque
1195 2682 1280 2714 sunt

189 2723 225 2758 in
249 2723 358 2765 socio,
382 2723 443 2769 qui
465 2724 502 2759 in
525 2723 675 2759 fundum
694 2733 916 2760 communem
933 2723 1043 2759 invito
1065 2724 1162 2760 socio
1183 2734 1278 2760 mor-

188 2773 290 2803 tuum
313 2767 443 2804 inferre
466 2769 551 2804 vult.
596 2779 679 2804 nam
702 2773 850 2814 propter
871 2769 1053 2814 publicam
1076 2769 1278 2812 utilitatem,

189 2823 234 2848 ne
256 2813 433 2858 insepulta
457 2814 632 2850 cadavera
655 2814 824 2857 iacerent,
849 2814 1010 2850 strictam
1029 2814 1204 2850 rationem
1223 2814 1277 2849 in-

190 2868 298 2911 super
320 2859 511 2902 habemus,
560 2870 627 2895 uae
650 2870 808 2895 nonnum
834 2870 917 2895 uam
940 2859 978 2895 in
1001 2860 1174 2905 ambiguis
1197 2859 1277 2895 reli-

188 2914 331 2949 glonum
351 2904 550 2950 quaestiom
575 2915 617 2940 us
638 2905 752 2940 omitti
771 2915 811 2941 so
827 2909 879 2941 et:
904 2915 987 2940 nam
1007 2915 1180 2941 summam
1200 2915 1278 2941 esse

189 2949 373 2991 rationem,
398 2959 490 2995 quae
538 2960 578 2986 ro
602 2950 770 2995 religione
791 2949 890 2986 facit.

235 2992 289 3031 44
314 2993 370 3029 ΡΑ
378 3003 473 3030 ozas
493 2994 518 3030 le
563 3006 584 3031 o
609 2997 713 3031 tertio
737 2996 986 3042 quaestionum
1036 2995 1124 3032 Cum
1154 2996 1191 3031 in
1224 2995 1276 3031 di-

190 3039 298 3075 versis
322 3039 410 3075 locis
435 3040 611 3085 sepultum
636 3044 710 3083 est,
734 3044 814 3076 uter
839 3051 884 3076 ue
908 3040 1050 3086 quidem
1073 3041 1174 3077 locus
1197 3040 1277 3076 reli·

188 3084 309 3130 giosus
332 3095 403 3120 non
427 3084 485 3127 fit,
519 3085 602 3130 quia
632 3096 705 3120 una
736 3096 798 3131 sep
839 3090 921 3121 tura
977 3086 1057 3122 lura
1089 3086 1279 3132 sepulchra

190 3129 331 3183 et'ficere
362 3140 435 3165 non
464 3134 600 3182 potest:
632 3131 717 3165 mihi
749 3135 868 3183 autem
889 3131 932 3183 ‚vi
959 3136 1038 3167 etur
1067 3131 1166 3167 illum
1196 3130 1276 3166 reli-

187 3185 326 3256 5⁰22?
343 3175 761 3266 3333,¹¹‡'1¹11u‘}⁰‘33m}{‘
784 3176 987 3264 Ξὲῗῗῗὲἓὲῒ
1004 3177 1276 3268 testas:

190 3276 271 3301 cum
280 3269 399 3301 autem
406 3265 628 3311 impetratur,
642 3270 682 3300 ut
691 3266 858 3312 reliquiae
865 3267 1138 3310 transferantur,
1148 3266 1279 3303 desinit

190 3311 290 3347 locus
313 3310 497 3356 religiosus
522 3320 611 3346 esse.

235 3355 288 3394 45
313 3355 548 3392 Mascuuvs
564 3355 654 3391 libro
675 3360 799 3391 octavo

189 3411 302 3447 pensa
323 3400 460 3437 funeris
483 3410 621 3446 semper
644 3410 688 3436 ex
718 3400 782 3435 her

846 3356 1172 3394 deicommissorum
1207 3357 1277 3392 Im·

830 3402 914 3438 'tate
946 3402 1152 3446 deducitur,
1186 3411 1279 3448 quae

190 3520 229 3557 (1)
254 3519 289 3548 et
300 3516 445 3558 pretinm
458 3514 525 3548 loci
537 3515 574 3548 in
586 3525 618 3557 q.
632 3514 663 3547 d.
678 3515 710 3548 h.
723 3518 774 3547 eet
786 3514 837 3547 vel
855 3517 1056 3559 sarcophagi
1078 3520 1113 3550 et
1131 3521 1271 3550 vectura

189 3565 223 3593 et
236 3561 346 3603 siqua
357 3561 444 3594 vecti
504 3560 537 3593 ia
549 3563 629 3593 eunt
639 3571 703 3593 σον.
795 3561 839 3601 (2)
864 3561 1008 3603 amplius
1021 3575 1084 3596 scr.
1166 3564 1210 3603 (8)
1234 3561 1271 3594 in

190 3606 370 3639 circuitum
382 3605 435 3639 Γ*
554 3606 597 3647 (4)
622 3604 738 3637 utim
832 3607 874 3646 (⁵)
900 3610 933 3638 et
946 3607 974 3639 si
988 3607 1022 3639 in
1036 3606 1164 3649 arcula]
1176 3606 1213 3640 id
1222 3609 1273 3639 est

192 3657 280 3683 terra
291 3651 335 3683 F·
412 3654 458 3693 (ε)
481 3650 624 3694 sepelire
635 3662 699 3684 scr.
780 3650 823 3690 (¹1)
847 3650 998 3693 reliquae
1010 3652 1053 3685 F·
1136 3654 1180 3694 (s)
1206 3662 1272 3695 quo

192 3695 265 3728 dcet.
359 3698 404 3738 (e)
429 3695 517 3728 unde
529 3695 559 3730 S
649 3696 710 3735 (ιο)
733 3694 926 3729 usufructus
939 3696 973 3729 F
1058 3699 1113 3737 (ιι)
1138 3708 1200 3739 pro
1212 3709 1271 3731 om.

192 3740 246 3782 Ρ,
260 3751 321 3783 pro
332 3740 488 3784 portione
501 3741 768 3774 aestimationem
780 3753 842 3775 scr.

1284 106 1361 156 158

2451 10 2458 30 ξ

1886 37 1906 79 ·
2451 0 2528 151 ι

1878 123 1939 155 ΒΕ
1968 123 2154 156 ΜΟΒΤῘῙΟ
2182 123 2440 160 mnemon
2513 149 2528 180 ἦ

1359 234 1465 269 etiam
1486 243 1589 269 omne
1609 233 1782 270 creditum
1801 234 1892 270 solet
1910 233 2134 280 praecedere,
2159 245 2242 271 cum
2260 236 2358 273 bona
2375 237 2445 274 sol·
2508 228 2528 248 '⁴

1358 278 1473 314 vendo
1497 289 1571 314 non
1593 278 1676 314 sint.

1404 321 1458 361 46
1483 322 1687 359 Scae-vora
1708 324 1799 360 libro
1811 324 1968 361 secundo
1989 326 2238 372 quaestionum
2285 324 2323 360 Si
2342 325 2448 370 plura

1358 368 1506 414 praedia
1536 368 1616 414 quis
1647 368 1774 405 habuit
1797 374 1833 406 et
1856 370 2012 406 omnium
2036 381 2141 406 usum
2163 370 2322 406 fructum
2345 380 2446 415 sepa-

1357 414 1462 449 ratim
1486 413 1664 459 legaverit,
1714 414 1820 450 oterit
1841 415 1878 450 in
1901 426 2011 451 unum
2033 415 2157 451 inferri
2181 419 2217 451 et
2237 415 2361 451 electio
2383 416 2449 451 erit

1358 458 1498 494 heredis
1524 462 1560 494 et
1623 459 1673 494 ati
1701 459 1832 495 cationi
1855 460 1974 496 locus:
2010 461 2073 496 sed
2103 460 2302 496 fructuario
2327 461 2447 496 utilem

1359 503 1535 539 actionem
1547 504 1584 540 in
1623 504 1762 540 eredem
1781 505 1935 540 dandam
1957 505 2003 541 ad
2022 506 2059 541 id
2078 505 2331 551 recipiendum,
2355 506 2448 551 quod

1358 559 1423 594 pro
1451 553 1507 584 ter
1537 558 1615 584 eam
1647 549 1853 586 electionem
1884 550 2040 586 minutus
2066 555 2121 587 est
2144 561 2230 587 usus
2253 550 2394 586 fructus
2409 552 2446 586 ¹⁰.

1361 597 1375 628 1
1440 594 1464 629 'i
1488 595 1591 630 heres
1615 594 1769 631 mulieris
1792 595 1924 630 inferat
1947 600 2123 631 mortuam
2142 596 2179 631 in
2198 596 2448 632 hereditarium

1357 638 1527 682 fundum,
1561 649 1584 675 a
1615 640 1742 676 marito
1775 640 1836 686 qui
1867 640 1974 676 debet
2005 641 2043 676 in
2065 640 2175 677 funus
2199 640 2361 677 conferre
2383 652 2448 694 pro

1358 686 1378 719 2
1427 685 1713 721 aestimatione¹¹
1744 685 1814 721 loci
1847 690 2099 731 consequatur.
2146 686 2215 729 Ei,
2256 686 2314 721 cui
2343 691 2448 722 vesti-
2517 717 2523 726 ,

1358 733 1478 765 menta
1500 730 1684 776 legantur,
1708 730 1739 766 si
1762 731 1799 766 in
1823 730 1931 766 funus
1957 735 2103 777 erogata
2127 731 2217 774 sint,
2242 731 2363 767 utilem
2387 741 2447 767 ac-

1356 774 1489 828 tionem
1512 775 1549 811 in
1572 775 1737 812 heredem
1761 775 1916 812 dandam
1940 775 2076 822 placuit
2098 780 2136 812 et
2153 777 2372 822 privilegium
2392 776 2448 812 fu-

1357 830 1548 856 neranum.

1834 870 1924 908 VIII
1935 868 1975 908 ¹².

1425 935 1486 967 DE
1511 934 1698 968 MORTUO
1721 935 1990 969 INFERENDO
2014 935 2075 968 ET
2099 934 2370 969 SEPULCHRO

1717 979 2027 1014 AEDIFICANDO
2042 978 2079 1013 ¹⁸.

1406 1045 1425 1083 1
1460 1044 1656 1083 Utrumne
1675 1046 1767 1083 libro
1790 1057 1883 1083 sexa
1910 1047 2046 1082 ensimo
2071 1049 2196 1083 octavo
2220 1046 2271 1082 ad
2293 1047 2447 1083 edictum
2519 1064 2528 1075 ·-

1356 1090 1508 1127 Praetor
1530 1091 1598 1127 ait:
1625 1091 1714 1137 ‘Quo
1739 1102 1854 1144 quave
1876 1103 1888 1127 1
1917 1092 1925 1099 ‘
1940 1093 1967 1113 ¹⁴
1990 1095 2170 1128 mortuum
2188 1091 2320 1128 inferre
2338 1093 2447 1130 invito
2518 1095 2528 1134 '-

1357 1139 1405 1172 ‘te
1427 1136 1484 1172 ius
1498 1137 1526 1158 ¹⁵
1550 1141 1614 1180 est,
1639 1147 1710 1183 quo
1734 1147 1854 1172 minus
1878 1137 1929 1173 illi
1953 1147 1994 1173 eo
2017 1147 2101 1173 eave
2120 1141 2300 1173 mortuum
2318 1137 2450 1175 inferre

1358 1189 1374 1217 1
1425 1185 1473 1217 ‘et
1495 1182 1586 1218 ibi¹⁶
1609 1182 1759 1228 sepelire
1782 1183 1907 1225 liceat,
1940 1182 2011 1218 vim
2042 1182 2121 1218 fieri
2151 1183 2257 1219 veto.’
2304 1183 2372 1227 Qui
2393 1183 2447 1219 in-

1355 1226 1494 1263 ferendi
1516 1230 1697 1263 mortuum
1719 1228 1776 1263 ius
1799 1227 1927 1270 habet,
1962 1238 2034 1264 non
2052 1228 2276 1280 ‘prohibetur
2298 1227 2447 1264 inferre:

1355 1273 1538 1318 prohiberi
1561 1277 1680 1309 autem
1702 1272 1835 1308 inferre
1858 1272 2007 1316 videtur,
2031 1283 2105 1308 sive
2124 1273 2161 1308 in
2180 1273 2299 1309 locum
2318 1273 2449 1310 inferre

1356 1321 1376 1354 2
1423 1318 1658 1364 prohibeatur
1680 1318 1753 1354 sive
1775 1318 1902 1354 itinere
1924 1322 2100 1354 arceatur.
2147 1318 2227 1354 Hoc
2257 1319 2447 1356 interdicto

1356 1363 1401 1399 de
1424 1367 1565 1399 mortuo
1589 1363 1774 1400 inferendo
1799 1363 1964 1399 dominus
1988 1363 2217 1409 proprietatis
2240 1364 2294 1399 uti
2317 1368 2447 1410 potest,
2519 1383 2528 1407 ί

1356 1411 1376 1445 3
1423 1408 1519 1489 quod
1551 1409 1659 1444 etiam
1682 1409 1726 1445 de
1749 1409 1830 1445 loco
1854 1420 1945 1455 puro
1970 1409 2150 1454 competit.
2198 1409 2288 1445 Item
2311 1410 2341 1444 si
2363 1410 2448 1445 mihi
2513 1409 2528 1431 ⁴²·

1355 1454 1392 1489 in
1441 1453 1576 1490 undum
1611 1454 1670 1490 via
1705 1454 1896 1498 debeatur,
1930 1454 1967 1489 in
1999 1464 2103 1500 quem
2134 1453 2284 1490 fundum
2318 1454 2448 1491 inferre

1354 1499 1435 1535 volo
1448 1526 1457 1542 ,
1491 1503 1527 1534 et
1549 1500 1606 1535 via
1629 1500 1838 1545 prohibear,
1870 1500 1940 1535 hoc
1963 1499 2151 1535 interdicto
2175 1510 2283 1552 posse
2306 1510 2362 1535 me
2387 1510 2447 1536 ex-

1380 1544 1463 1580 eriri
1485 1544 1631 1590 placuit,
1657 1545 1740 1590 quia
1763 1544 1895 1580 inferre
1918 1544 2111 1590 prohibeor
2157 1556 2194 1580 m
2214 1545 2272 1580 via
2290 1545 2343 1580 uti
2363 1556 2446 1591 pro-

1354 1556 1500 1626 flibeor:
1534 1590 1641 1636 idque
1665 1590 1732 1625 erit
1753 1590 1980 1636 probandum
2005 1593 2041 1625 et
2064 1590 2094 1625 si
2156 1590 2163 1597 “

1354 1683 1374 1715 5
1421 1680 1493 1716 lam
1517 1684 1581 1716 est.
1630 1681 1782 1716 Praetor
1805 1681 1873 1716 ait:
1900 1680 1989 1725 ‘Quo
2013 1680 2064 1715 illi
2085 1680 2142 1716 ius
2156 1682 2182 1702 ¹⁷
2207 1686 2261 1716 est
2280 1681 2390 1717 invito
2411 1686 2447 1717 te

1354 1728 1544 1761 ‘mortuum
1555 1726 1699 1769 inferre,
1724 1727 1912 1772 quominus
1932 1725 1983 1761 illi
2002 1726 2039 1760 in
2059 1735 2100 1761 eo
2119 1726 2200 1762 loco
2221 1726 2446 1772 sepulchrum

1354 1773 1374 1807 6
1422 1771 1511 1807 ‘sine
1524 1771 1606 1807 dolo
1619 1772 1712 1807 malo
1726 1771 1917 1807 aedificare
1929 1771 2047 1814 liceat,
2067 1771 2138 1806 vim
2156 1770 2234 1807 fieri
2246 1773 2350 1808 veto.'
2387 1773 2445 1807 In·

1352 1816 1541 1852 terdictum
1564 1817 1634 1853 hoc
1665 1820 1857 1863 propterea
1887 1816 2110 1862 propositum
2141 1820 2217 1859 est,

1355 1865 1373 1896 7
1420 1862 1534 1907 gionis
1554 1862 1703 1898 interest
1723 1866 1953 1898 monumenta
1966 1862 2101 1897 exstrui
2114 1866 2150 1898 et
2162 1863 2336 1898 exornari.
2373 1862 2445 1898 Fa-

1354 1917 1436 1943 cere
1459 1907 1689 1953 sepulchrum
1713 1907 1786 1943 sive
1809 1911 2075 1943 monumentum
2107 1907 2144 1942 in
2173 1908 2274 1951 loco,
2305 1908 2343 1943 in
2375 1918 2444 1953 quo

1354 1955 1374 1988 8
1422 1953 1455 1988 ei
1477 1953 1534 1988 ius
1567 1957 1639 1996 est,
1671 1963 1775 1988 nemo
1807 1953 2028 1998 prohibetur.
2075 1951 2277 1989 Aedificare
2309 1954 2446 1990 videtur

1352 1998 1542 2043 prohibere
1587 2002 1623 2034 et
1658 1998 1719 2044 qui
1754 1998 1919 2043 prohibet
1953 2008 2030 2034 eam
2065 1998 2250 2034 materiam
2286 1999 2445 2042 convehi,

1353 2053 1444 2089 quae
1468 2043 1630 2079 aedificio
1654 2043 1860 2079 necessaria
1882 2043 1939 2079 sit.
1976 2043 2125 2089 proinde
2149 2047 2185 2079 et
2208 2044 2238 2079 si
2262 2045 2361 2089 operi
2382 2055 2444 2081 ne·

1353 2089 1529 2124 cessarios
1561 2089 1744 2134 prohibuit
1780 2089 1858 2134 quis
1891 2088 2031 2131 venire,
2066 2088 2295 2125 interdictum
2328 2089 2445 2126 locum
2490 2088 2528 2139 »ἐξ

1351 2134 1471 2177 habet,
1496 2138 1532 2170 et
1555 2134 1586 2169 si
1609 2133 1812 2169 machinam
1836 2133 1983 2186 alligare
2007 2134 2086 2186 quis
2110 2134 2309 2180 prohibeat,
2335 2134 2365 2171 si
2389 2139 2443 2170 ta·

1351 2189 1431 2214 men
1456 2189 1497 2215 eo
1521 2179 1592 2215 loci
1616 2179 1825 2224 prohibeat,
1859 2190 1919 2224 qu1
1943 2182 2147 2214 semtutem
2170 2179 2315 2215 debeat:
2350 2184 2442 2215 cete-

1350 2235 1429 2259 rum
1453 2225 1484 2260 si
1505 2225 1543 2260 in
1563 2234 1641 2260 meo
1662 2225 1738 2260 solo
1758 2224 1846 2260 velis
1866 2224 2067 2260 machinam
2085 2234 2229 2270 ponere,
2255 2236 2327 2260 non
2345 2230 2443 2261 tene-

1351 2272 1371 2305 9
1418 2269 1486 2306 bor
1505 2269 1696 2305 interdicto
1711 2270 1749 2313 ¹⁸,
1775 2269 1806 2305 si
1824 2269 1901 2305 iure
1919 2274 1956 2305 te
1975 2280 2047 2306 non
2067 2270 2195 2316 patiar.
2243 2270 2444 2306 Aedificare
2511 2269 2528 2315 ᾖ

1350 2318 1469 2350 autem
1493 2325 1566 2350 non
1589 2314 1704 2351 solum
1727 2314 1788 2368 qui
1810 2325 1941 2351 novum
1965 2325 2055 2368 opus
2075 2315 2220 2350 molitur
2238 2315 2441 2362 intellegen-
2510 2326 2524 2363 ῗ

1353 2363 1394 2395 10
1442 2360 1508 2396 dus
1523 2364 1588 2402 est,
1598 2371 1721 2396 verum
1732 2371 1762 2396 is
1776 2371 1846 2406 quo
1872 2370 1929 2403 ue,
1950 2371 2010 2406 qui
2029 2360 2104 2396 vult
2121 2360 2279 2396 reficere.
2327 2361 2362 2397 Is
2382 2362 2443 2408 qui
2511 2367 2517 2410 j

1927 2416 1972 2449 m,
1990 2406 2061 2442 hoc
2079 2405 2269 2442 interdicto
2289 2410 2440 2442 tenetur.

1349 2405 1386 2441 id
1405 2405 1490 2451 agit,
1511 2409 1553 2441 ut
1571 2405 1715 2441 labatur
1734 2406 1855 2451 sepulc

1395 2448 1420 2488 2
1445 2450 1634 2486 Mamm
1642 2460 1686 2486 os
1715 2450 1808 2487 libro
1838 2451 2030 2487 vicensimo
2065 2455 2190 2487 octavo
2222 2450 2440 2499 diqestorum

1349 2495 1506 2542 Negat¹⁹
1528 2496 1586 2532 lex
1608 2496 1706 2541 regia
1735 2496 1938 2539 mulierem,
1971 2506 2063 2548 quae
2120 2506 2269 2542 raegnas
2301 2501 2443 2532 mortua

1349 2542 1406 2584 sit,
1427 2542 1580 2584 humari,
1601 2545 1799 2595 antequam·
1813 2546 1940 2587 partus
1960 2552 1993 2578 ei
2005 2542 2083 2577 exci
2110 2546 2211 2577 atur:
2234 2542 2295 2587 qui
2317 2547 2443 2578 contra

1348 2586 1485 2629 fecerit,
1507 2597 1605 2633 spem
1628 2591 1819 2622 animantis
1840 2597 1922 2622 cum
1932 2587 2078 2632 gravida
2089 2587 2281 2632 peremisse
2291 2587 2440 2623 videtur.

1395 2630 1419 2670 3
1445 2632 1675 2668 Pomomvs
1694 2632 1786 2668 libro
1810 2643 1906 2668 nono
1930 2631 1981 2668 ad
2002 2631 2177 2668 Sabinum
2224 2631 2262 2668 Si
2292 2633 2440 2678 propius

1349 2677 1454 2714 aedes
1478 2682 1561 2713 tuas
1586 2677 1665 2724 quis
1689 2677 1893 2713 aedificet²⁰
1916 2677 2162 2722 sepulchrum,
2195 2688 2286 2723 opus
2310 2688 2439 2714 novum
2506 2711 2523 2728 ἦ,

1348 2728 1388 2759 ιιι
1411 2723 1578 2759 nuntiare
1600 2722 1755 2769 poteris,
1786 2722 1850 2758 sed
1880 2722 1979 2758 facto
2004 2733 2111 2768 opere
2134 2723 2268 2758 nullam
2290 2723 2439 2759 habebis

1351 2772 1365 2803 1
1419 2768 1598 2804 actionem
1621 2768 1689 2804 nisi
1713 2768 1809 2814 quod
1830 2768 1865 2803 vi
1888 2771 1951 2803 aut
1974 2768 2075 2803 clam.
2119 2766 2158 2803 Si
2175 2769 2322 2814 propius
2343 2768 2438 2804 aedi·

1347 2813 1467 2850 ficium
1491 2814 1645 2849 alienum
1667 2813 1763 2849 intra
1785 2813 1977 2858 legitimum
2001 2812 2144 2849 modum
2167 2819 2329 2849 mortuus
2361 2814 2438 2849 illa·

1347 2863 1408 2895 tus
1442 2859 1507 2902 sit,
1539 2863 1666 2904 postea
1698 2869 1779 2894 eum

1348 2904 1530 2948 dominus,
1567 2904 1755 2950 quominus

1347 2953 1615 3030 monti-mentum
1646 2949 1812 2985 aedificet
1825 2976 1834 2992 ‚
1868 2949 1898 2984 si
1930 2949 1976 2984 ab
2010 2949 2111 2985 initio
2136 2948 2279 2985 domino
2304 2950 2438 2986 sciente

1346 2996 1417 3031 hoc
1457 2995 1576 3030 ecerit.

1392 3039 1418 3077 4
1457 3038 1652 3076 Urmws
1682 3039 1773 3076 libro
1807 3038 1966 3076 secundo
2000 3050 2042 3075 re
2087 3049 2256 3075 onsorum
2312 3039 2438 3085 Longa

1346 3085 1572 3131 possessione
1602 3085 1658 3121 ius
1689 3084 1867 3131 sepulchri
1900 3095 1973 3121 non
2003 3084 2051 3120 tri
2077 3084 2154 3120 αι’·
2189 3085 2240 3128 ei,
2273 3084 2332 3120 cui
2359 3084 2438 3121 iure

1347 3141 1419 3167 non
1444 3130 1622 3176 competit.

1394 3175 1418 3213 5
1444 3175 1549 3211 Imm
1576 3175 1667 3212 libro
1692 3175 1817 3222 primo
1841 3175 2050 3222 opinionum
2097 3173 2135 3210 Si
2165 3174 2202 3210 in
2235 3184 2276 3210 eo
2310 3184 2435 3210 monu-

1346 3225 1484 3263 mento,
1520 3219 1615 3267 quod
1649 3220 1897 3266 imperfectum
1929 3229 2007 3255 esse
2041 3218 2190 3262 dicitur,
2226 3218 2435 3265 reliquiae„

1346 3266 1498 3302 hominis
1534 3265 1699 3302 conditae
1733 3270 1837 3308 sunt,
1873 3264 1959 3300 nihil
1993 3264 2142 3310 impedit
2176 3264 2364 3310 quominus
2397 3263 2434 3300 id

1349 3314 1362 3346 1
1414 3310 1631 3357 perficiatur.
1679 3310 1750 3347 Sed
1773 3311 1804 3346 si
1826 3310 2009 3356 religiosus
2028 3310 2129 3346 locus
2148 3309 2219 3345 iam
2237 3309 2356 3345 factus
2377 3308 2433 3352 sit,

1372 3356 1533 3392 ontifices
1558 3366 1601 3392 ex
1628 3355 1744 3392 lorare
1768 3355 1919 3398 debent,
1967 3358 2119 3391 uatenus
2143 3355 2242 3390 salva
2264 3353 2432 3400 religione

1346 3368 1521 3438 gesiderio
1547 3412 1587 3438 re
1613 3401 1728 3437 ciendi
1751 3400 1869 3447 operIs
1892 3366 2105 3436 medendum
2128 3400 2184 3436 sit.

1341 3516 1625 3594 neifffflssfjv²³
1639 3514 2042 3598 ⁶⁰²}zffi··?1·11‡r{⁰⁸·⁵⁹’
2056 3522 2115 3602 ἴω)
2140 3564 2173 3592 20
2185 3512 2430 3600 aaut&

1341 3606 1395 3639 ius
1407 3605 1438 3639 S
1561 3606 1621 3647 (16)
1645 3608 1680 3638 et
1691 3604 1754 3646 ibi]
1768 3604 1834 3637 tibi
1846 3607 1880 3637 et
1893 3605 1930 3644 F,
1944 3603 1995 3637 ibi
2007 3607 2041 3637 et
2053 3604 2083 3638 S
2214 3606 2272 3646 (1¹1)
2297 3603 2391 3637 illius
2401 3601 2436 3636 17

1341 3651 1402 3693 (18)
1427 3650 1608 3684 intervicto
1620 3649 1656 3683 F
1787 3651 1848 3691 (ιο)
1874 3652 1967 3682 vetat
1978 3661 2040 3683 scr.
2192 3650 2256 3691 (20)
2281 3651 2315 3682 et
2327 3649 2387 3683 im.
2399 3646 2435 3680 F

1341 3697 1401 3738 (21)
1426 3695 1548 3729 tribuit
1558 3695 1595 3729 F
1680 3696 1744 3738 (22)
1768 3693 1920 3737 reliquae
1930 3693 1979 3728 E¹

2167 1600 2189 1625 a
2211 1590 2361 1626 servitus
2386 1591 2446 1626 de-
2516 1582 2528 1633 >ἶ

1354 1638 1375 1670 4
1425 1636 1564 1671 beatur.
1612 1635 1692 1671 Hoc
1722 1635 1952 1671 interdictum
1983 1635 2256 1681 prohibitorium
2280 1646 2359 1671 esse
2382 1647 2446 1681 pa·
2516 1669 2519 1677 ,

2251 1818 2335 1863 quja
2365 1817 2446 1853 reli·
2515 1832 2528 1869 ⁴}

1835 2858 2000 2894 rohibere
2032 2869 2104 2894 non
2135 2859 2266 2904 poterit
2289 2858 2439 2894 aedificii
2495 2882 2499 2884 v

1830 2904 1899 2939 'um
1934 2907 2114 2939 mortuum
2150 2914 2191 2939 eo
2222 2903 2354 2939 inferat
2383 2903 2438 2940 vel
2495 2910 2506 2961 ἰ
