2528 3918
183 99 331 144 INST.
359 99 415 152 H,
445 101 502 143 20

182 226 354 261 ‘Stichum
378 224 423 260 do
447 224 537 270 lego,
562 222 642 259 Seio
667 221 830 258 Stichum
853 222 899 259 do
922 223 1023 268 lego’.

182 270 396 316 expresserit
427 268 588 305 ‘eundem
617 267 796 303 hominem
827 267 1013 312 Stichum’,
1052 279 1095 304 ae
1120 279 1166 305 ue
1196 268 1268 305 dis-

181 319 202 350 9
249 316 395 350 iunctim
426 315 580 359 legatum
611 312 835 365 intellegitur.
883 313 920 349 Si
945 314 1003 350 cui
1026 314 1089 349 fun
1117 324 1157 349 us
1182 314 1267 350 alie-

180 371 248 396 nus
272 361 407 405 legatus
439 359 547 394 fuerit
577 363 613 394 et
643 362 766 394 emerit
795 359 1050 404 proprietatem
1082 359 1268 395 detracto2

180 416 248 441 usu
282 405 402 441 fructu
438 408 473 439 et
506 414 593 439 usus
627 402 767 439 fructus
802 403 850 439 ad
884 414 964 439 eum
998 404 1198 449 pervenerit
1232 407 1268 440 et

209 455 310 486 ostea
334 460 377 485 ex
401 452 614 485 testamento
638 453 741 494 agat,
772 452 871 485 recte
895 459 974 484 eum
998 459 1102 494 agere
1125 453 1161 484 et
1184 449 1265 484 fun-

205 507 266 531 um
290 499 410 540 petere
424 494 601 529 Iulianus2·
624 494 687 536 ait,
717 493 800 537 quia
822 505 907 530 usus
937 494 1076 530 fructus
1106 494 1144 529 in
1174 495 1265 540 peti-

178 541 274 576 tione
297 539 475 575 servitutis
499 538 616 575 iocum
633 540 786 585 optinet:
812 538 875 575 sed
895 539 1013 575 officio
1032 539 1159 575 iudicis
1180 550 1265 575 con·

179 585 301 628 tineri,
334 588 375 619 ut
405 583 560 621 deducto
591 595 658 621 usu
688 585 809 620 fructu
839 585 962 619 iubeat
984 584 1266 621 aestimationem

183 634 222 666 10
293 629 456 665 raestari.
504 629 576 666 Sed
597 630 630 666 si
652 641 726 666 rem
749 629 909 675 legatarii
933 630 1011 675 quis
1036 630 1069 666 ei
1086 630 1264 675 legaverit,

177 676 239 711 inu
258 676 264 682 '
282 686 301 710 e
323 675 479 720 legatum
503 679 577 719 est,
609 675 693 722 quia
716 675 811 720 quod
841 675 1024 720 proprium
1055 679 1110 711 est
1139 675 1264 721 ipsius,

178 721 329 766 amplius
364 720 440 756 eius
475 720 553 757 fieri
587 732 659 757 non
694 724 831 766 potest:
869 723 905 756 et
937 719 1023 755 licet
1057 720 1265 756 alienaverit

180 770 218 801 11
269 775 358 807 eam,
378 776 452 802 non
472 765 622 802 debetur
642 777 708 801 nec
719 766 799 810 ipsa
811 775 877 800 nec
890 765 1090 801 aestimatio
1103 765 1189 801 eius.
1227 765 1265 801 Si

178 811 257 856 quis
279 821 355 847 rem
378 821 481 847 suam
513 811 617 858 quasi
647 812 799 847 alienam
830 810 1014 855 legaverit,
1047 811 1140 846 valet
1169 811 1264 856 lega-

176 861 270 892 tum:
307 866 391 892 nam
422 857 504 902 plus
535 857 647 899 valet,
682 856 778 902 quod
811 856 849 891 in
880 855 1029 892 veritate
1053 859 1125 899 est,
1158 866 1265 901 quam

177 901 274 947 quod
295 901 335 938 in
358 902 535 948 opinione.
571 902 636 938 sed
659 906 695 937 et
719 902 749 937 si
771 901 805 936 le
829 900 934 936 atarii
952 901 1113 953 putavit,
1147 902 1265 937 valere

177 950 330 990 constat,
355 947 440 993 quia
463 947 596 983 exitum
619 947 782 982 voluntas
827 945 962 981 efuncti
980 950 1101 992 potest
1118 946 1262 982 habere.

179 995 220 1027 12
267 991 306 1028 Si
334 1003 410 1028 rem
441 1003 543 1028 suam
575 992 743 1045 legaverit
773 995 925 1027 testator
955 1002 1021 1037 pos
1107 1002 1152 1028 ue
1186 1001 1264 1027 eam

176 1038 393 1081 alienaverit,
419 1037 543 1074 Celsus
568 1037 763 1080 existimat,
796 1036 827 1072 si
849 1047 922 1072 non
946 1036 1086 1073 adimen
1114 1038 1121 1045 “
1147 1037 1263 1074 animo

175 1082 351 1126 vendidit,
383 1083 492 1118 nihilo
517 1083 632 1118 minus
657 1082 796 1125 deberi,
827 1081 934 1127 idque
958 1082 1030 1118 divi
1053 1083 1205 1119 Severus
1229 1087 1265 1118 et

175 1129 380 1164 Antoninus
410 1128 681 1174 rescripserunt.
731 1127 824 1163 idem
854 1127 1140 1173 rescripserunt³
1170 1138 1263 1171 eum,

176 1174 237 1220 qui
270 1177 354 1219 post
386 1177 639 1209 testamentum
673 1172 810 1208 factum
842 1172 990 1218 praedia
1024 1184 1116 1219 quae
1146 1174 1265 1219 legata

175 1223 281 1255 erant
302 1219 441 1264 pignori
466 1219 581 1262 dedit,
613 1218 790 1254 ademisse
819 1217 976 1264 legatum
999 1229 1072 1254 non
1095 1218 1205 1255 videri
1228 1222 1265 1255 et

174 1264 256 1301 ideo
278 1264 487 1309 legatarium
512 1275 593 1300 cum
615 1263 745 1299 herede
768 1273 873 1309 agere
895 1274 1020 1309 posse,
1053 1267 1094 1299 ut
1117 1264 1264 1309 praedia

175 1320 198 1345 a
230 1310 405 1346 creditore
435 1310 590 1345 luantur.
627 1309 657 1345 si
680 1319 764 1345 vero
788 1309 868 1354 quis
917 1312 1030 1344 artem
1052 1309 1104 1344 rei
1126 1310 1265 1355 legatae

175 1354 400 1398 alienaverit,
436 1365 520 1400 pars
555 1365 647 1400 quae
677 1365 750 1390 non
785 1358 840 1406 est
870 1321 1026 1390 afienata
1060 1354 1262 1391 omnimodo

175 1400 336 1443 debetur,
387 1410 445 1436 ars
469 1404 588 1436 autem
612 1400 768 1435 alienata
790 1403 842 1435 ita
861 1399 1019 1443 debetur,
1044 1400 1075 1436 si
1094 1410 1167 1436 non
1187 1400 1263 1436 adi-

177 1448 218 1482 13
265 1455 346 1481 men
406 1446 523 1481 animo
549 1445 705 1480 alienata
728 1445 785 1481 sit.
833 1444 871 1481 Si
902 1445 980 1490 quis
1013 1444 1166 1481 debitori
1197 1456 1263 1482 suo

173 1491 419 1527 liberationem
442 1490 630 1536 legaverit,
654 1490 809 1536 legatum
832 1490 919 1526 utile
942 1494 997 1527 est
1020 1494 1056 1527 et
1079 1501 1194 1536 neque
1217 1491 1263 1526 ab

174 1537 253 1582 ipso
279 1536 439 1572 debitore
462 1546 577 1581 neque
600 1536 646 1571 ab
670 1535 801 1571 herede
825 1535 900 1571 eius
923 1539 1044 1581 potest
1065 1536 1168 1572 heres
1200 1546 1262 1581 pe-

174 1586 250 1618 tere
279 1592 347 1617 nec
378 1581 424 1617 ab
449 1581 520 1616 alio
545 1581 607 1626 qui
629 1581 770 1617 heredis
793 1581 874 1617 loco
899 1585 972 1617 est:
997 1581 1061 1618 sed
1085 1586 1122 1618 et
1143 1585 1265 1627 potest

174 1637 197 1662 a
220 1627 380 1663 debitore
405 1626 603 1669 conveniri,
639 1630 681 1662 ut
711 1626 840 1662 liberet
874 1637 965 1662 eum.
1001 1630 1122 1672 potest
1144 1630 1265 1662 autem

177 1675 217 1707 14
265 1672 343 1717 quis
374 1671 430 1707 vel
461 1671 509 1707 ad
539 1675 681 1717 tempus
705 1671 828 1707 iubere
850 1682 897 1708 ne
919 1672 1023 1708 heres
1073 1675 1158 1708 etat.
1205 1672 1264 1708 Ex

174 1716 354 1753 contrario
387 1717 418 1752 si
450 1716 590 1753 debitor
621 1717 788 1753 creditori
821 1727 886 1753 suo
943 1717 1015 1753 uod
1064 1717 1146 1753 ebet
1167 1717 1263 1763 lega-

173 1762 280 1805 verit,
305 1762 430 1798 inutile
454 1766 509 1798 est
531 1762 705 1807 legatum,
737 1763 768 1798 si
792 1762 880 1798 nihil
902 1774 926 1808 p
940 1773 982 1798 us
1007 1767 1063 1798 est
1085 1762 1124 1798 in
1145 1763 1262 1808 legato

174 1818 281 1853 quam
302 1808 342 1843 in
365 1807 505 1851 debito,
538 1807 623 1853 quia
653 1808 741 1843 nihil
772 1807 924 1853 amplius
947 1808 1057 1844 habet
1106 1818 1145 1843 er
1167 1808 1263 1853 lega-

173 1858 260 1889 tum.
297 1852 425 1898 quodsi
447 1853 485 1888 in
509 1853 600 1888 diem
623 1853 679 1889 vel
701 1853 768 1889 sub
801 1853 1011 1889 condicione
1042 1853 1086 1889 de
1111 1854 1201 1889 itum
1232 1853 1265 1889 ei

172 1909 262 1944 pure
291 1898 480 1943 legaverit,
511 1898 598 1934 utile
629 1902 684 1934 est
705 1898 861 1943 legatum
884 1902 1033 1944 propter
1054 1909 1263 1944 repraesen-

172 1944 356 1979 tationem.
392 1943 518 1988 quodsi
542 1944 618 1979 vivo
643 1947 816 1979 testatore
839 1943 915 1980 dies
941 1944 1077 1980 venerit
1094 1947 1158 1979 aut
1177 1955 1263 1980 con-

173 1989 266 2025 dicio
291 1988 464 2031 extiterit,
488 1988 709 2041 Papinianus
732 1988 902 2034 seripsit⁴
926 1989 1014 2025 utile
1045 1999 1124 2025 esse
1153 1989 1263 2026 nihilo

173 2035 290 2070 minus
312 2033 478 2079 legatum,
503 2044 588 2080 qma
610 2034 719 2070 semel
742 2034 912 2070 constitit.
949 2034 1045 2081 quod
1076 2038 1113 2070 et
1142 2045 1264 2071 verum

174 2083 246 2116 est:
287 2090 361 2115 non
392 2079 485 2115 enim
517 2079 654 2125 placuit
685 2079 863 2115 sententia
894 2079 1172 2116 existimantium
1202 2090 1263 2116 ex·

172 2125 324 2161 tinctum
348 2135 426 2160 esse
449 2124 623 2169 legatum,
648 2125 732 2170 quia
754 2125 792 2160 in
817 2135 896 2161 eam
920 2135 1067 2161 causam
1089 2125 1262 2171 pervenit,

175 2173 216 2206 15
263 2180 287 2205 a
309 2180 381 2215 qua
404 2170 562 2215 incipere
584 2180 657 2206 non
680 2174 811 2216 potest.
859 2170 930 2206 Sed
959 2170 991 2206 si
1020 2170 1124 2206 uxori
1157 2171 1263 2206 mari-

172 2219 232 2251 tus
256 2215 374 2252 dotem
397 2215 584 2260 legaverit,
615 2216 710 2251 valet
732 2215 906 2260 legatum,
938 2215 1023 2269 quia
1045 2216 1184 2261 plenius
1209 2220 1264 2252 est

172 2260 328 2306 legatum
359 2271 466 2306 quam
498 2260 543 2296 de
573 2261 656 2297 dote
687 2261 793 2297 actio.
828 2261 892 2297 sed
922 2271 953 2297 si
977 2271 1083 2307 quam
1106 2271 1179 2297 non
1202 2271 1263 2297 ac-

174 2306 309 2352 ceperit
339 2305 458 2342 dotem
487 2306 673 2351 legaverit,
709 2305 779 2342 divi
811 2305 961 2342 Severus
993 2310 1029 2342 et
1059 2307 1263 2342 Antoninus

172 2351 451 2397 rescripserunt,
483 2351 514 2387 si
537 2351 679 2397 quidem
702 2351 907 2397 simpliciter
930 2351 1115 2397 legaverit,
1139 2351 1264 2387 inutile

173 2407 252 2432 esse
274 2397 447 2441 legatum:
473 2397 504 2432 si
527 2407 610 2433 vero
635 2401 734 2433 certa
752 2397 930 2442 pecunia-¹>
952 2397 1008 2433 vel
1029 2401 1165 2433 certum
1183 2407 1262 2433 cor-

172 2452 241 2488 pus
273 2445 336 2477 aut
365 2442 639 2478 instrumentum
670 2441 764 2478 dotis
794 2442 832 2477 in
855 2442 1092 2488 praelegando
1118 2442 1263 2478 demon·

175 2491 217 2523 16
264 2491 379 2523 strata
402 2491 503 2530 sunt,
528 2487 644 2523 valere
666 2487 832 2532 legatum.
880 2487 918 2523 Si
948 2498 1006 2524 res
1036 2488 1155 2533 legata
1187 2487 1264 2523 sine

172 2532 270 2568 facto
295 2531 434 2568 heredis
457 2532 619 2578 perierit,
643 2532 815 2578 legatario
841 2532 990 2569 decedit.
1028 2537 1064 2568 et
1087 2533 1118 2569 si
1141 2543 1263 2568 servus

173 2578 309 2613 alienus
333 2578 469 2623 legatus
493 2578 571 2614 sine
593 2578 692 2614 facto
716 2578 858 2614 heredis
882 2578 1120 2614 manumissus
1144 2577 1262 2620 fuerit,

173 2633 247 2658 non
279 2626 421 2658 tenetur
454 2623 569 2659 heres.
614 2623 644 2659 si
674 2633 756 2659 vero
791 2623 932 2660 heredis
968 2634 1091 2660 servus
1125 2623 1263 2668 legatus

172 2667 282 2703 fuerit
305 2671 341 2703 et
362 2667 440 2713 ipse
463 2678 543 2704 eum
567 2668 829 2711 manumiserit,
861 2669 975 2705 teneri
999 2679 1079 2704 eum
1101 2668 1263 2704 Iulianus

173 2712 336 2758 scripsit,
362 2714 453 2748 “nec
483 2713 632 2749 interest
640 2714 665 2756 ⁷,
698 2714 818 2749 scierit
849 2724 896 2749 an
929 2714 1143 2759 ignoraverit
1172 2724 1195 2749 a
1225 2724 1264 2749 se

172 2759 330 2803 legatum
354 2767 442 2793 esse.
478 2758 542 2794 sed
565 2763 601 2794 et
629 2759 660 2794 si
691 2759 751 2794 alii
781 2758 966 2795 donaverit
995 2769 1136 2795 servum
1166 2763 1204 2794 et
1232 2759 1262 2795 is

174 2804 233 2839 cui
263 2802 417 2839 donatus
430 2804 444 2825 ⁸
475 2807 529 2839 est
567 2814 647 2839 eum
677 2804 939 2848 manumiserit,
973 2807 1117 2841 tenetur
1146 2804 1263 2846 heres,

176 2852 216 2884 17
264 2848 423 2894 quamvis
453 2848 667 2894 ignoraverit
697 2860 720 2885 a
742 2860 782 2885 se
805 2860 886 2885 eum
908 2850 1065 2895 legatum
1089 2859 1177 2885 esse.
1226 2849 1264 2885 Si

174 2894 253 2939 quis
273 2893 422 2929 ancillas
443 2904 523 2929 cum
543 2894 617 2930 suis
637 2895 730 2930 natis
749 2894 929 2939 legaverit,
955 2894 1094 2930 etiamsi
1112 2894 1264 2930 ancillae

173 2943 336 2975 mortuae
358 2938 509 2981 fuerint,
541 2943 665 2984 partus
689 2940 806 2984 legato
832 2940 973 2976 cedunt.
1008 2940 1102 2975 idem
1127 2943 1199 2982 est,
1233 2939 1263 2975 si

173 2983 345 3020 ordinarii
367 2984 460 3019 servi
484 2995 566 3019 cum
589 2984 729 3020 vicariis
760 2985 868 3030 legati
898 2985 1052 3028 fuerint,
1086 2988 1145 3027 ut,
1179 2984 1264 3021 licet

173 3029 305 3065 mortui
328 3029 399 3064 sint
422 3028 610 3072 ordinarii,
643 3033 761 3065 tamen
793 3030 914 3065 vicarii
946 3031 1062 3076 legato
1096 3029 1227 3066 cedant
1235 3031 1261 3065 ¹⁹.

174 3075 238 3111 sed
273 3074 304 3110 si
339 3084 462 3110 servus
497 3084 578 3109 cum
612 3075 752 3120 peculio
787 3074 897 3110 fuerit
930 3075 1086 3120 legatus,
1121 3078 1262 3111 mortuo

174 3130 274 3156 servo
299 3119 353 3155 vel
377 3119 592 3155 manumisso
616 3120 671 3155 vel
695 3120 848 3155 alienato
882 3124 918 3156 et
947 3120 1079 3166 peculii
1108 3120 1142 3155 le
1187 3123 1263 3156 tum

174 3164 402 3210 extinguitur.
437 3164 530 3200 idem
561 3167 632 3206 est,
665 3164 695 3200 si
725 3164 858 3201 fundus
881 3166 1079 3201 instructus
1102 3176 1145 3201 ve
1181 3176 1263 3201 cum

172 3211 408 3246 instrumento
444 3210 583 3262 legatus
616 3209 743 3245 fuerit:
776 3220 859 3245 nam
893 3210 1004 3246 fundo
1040 3211 1194 3246 alienato
1227 3213 1264 3245 et

176 3257 218 3292 18
263 3255 490 3290 instrumenti
513 3255 546 3290 le
570 3258 668 3290 atum
692 3255 918 3300 extinguitur.
964 3255 1002 3292 Si
1020 3266 1105 3309 grex
1124 3255 1137 3291 l
1181 3258 1262 3291 atus

172 3300 282 3336 fuerit
304 3303 430 3345 postea
455 3310 500 3335 ue
523 3310 545 3335 a
592 3310 700 3335 unam
725 3310 825 3336 ovem
847 3305 1057 3346 pervenerit,
1082 3311 1151 3347 quo
1200 3311 1261 3337 su-

173 3345 348 3391 perfuerit
369 3345 428 3381 vin
456 3345 542 3380 'cari
566 3349 695 3390 potest.
744 3345 859 3390 Grege
882 3350 1001 3381 autem
1019 3347 1136 3392 legato
1155 3345 1263 3382 etiam

176 3461 215 3495 (1)
238 3459 285 3500 et]
299 3458 340 3498 Θ,
354 3470 412 3491 om.
428 3457 506 3491 libri

176 3505 256 3548 οἱς.
270 3505 324 3545 30,
338 3510 386 3544 82,
400 3511 428 3538 2.
487 3506 530 3544 (a)
546 3503 624 3536 Cod.
638 3503 669 3543 6,
682 3511 728 3542 37,
742 3510 758 3536 a
816 3507 858 3543 (4)
872 3503 951 3545 Diq.
963 3503 1016 3543 35,
1027 3510 1054 3542 2,
1065 3511 1080 3536 5
1096 3503 1195 3546 (Pap.
1208 3503 1227 3536 l.
1238 3511 1256 3537 s

175 3551 274 3592 resp.)
344 3549 387 3590 (5)
410 3549 459 3582 eie
469 3548 560 3590 EW,
573 3551 696 3580 certam
710 3548 885 3589 pecuniam
901 3547 936 3580 B
1005 3550 1047 3588 (6)
1070 3552 1086 3587 §
1101 3549 1204 3589 testu.
1218 3560 1257 3581 ez·

177 3595 350 3628 Marciani
360 3595 378 3627 l.
390 3601 407 3628 o
420 3594 597 3637 insawffq.
608 3594 729 3633 30,112‚
740 3595 765 3634 1)
811 3594 911 3633 (mic
927 3591 1255 3635 WODi9.‚interesse

178 3640 249 3672 ΒΕ
304 3641 347 3681 (8)
360 3639 410 3672 εἰσ
421 3637 630 3682 ΨΕῡΒίῃθ,
643 3637 801 3670 donatum
816 3638 905 3671 ΒΕιι
938 3656 940 3658 v
962 3639 1006 3677 (9)
1019 3638 1255 3679 ut...cedant]

172 3685 310 3726 scripsi.-
324 3710 330 3717 .
344 3708 351 3715 .
362 3683 580 3723 .cedant(om.
590 3684 640 3723 ut)
652 3682 698 3724 B,
712 3685 761 3714 et.
773 3706 780 3714 .
792 3706 799 3714 .
810 3682 935 3715 cedunt
953 3681 1025 3716 WE
1092 3683 1153 3724 (ιο)
1173 3684 1257 3724 esse]

174 3728 261 3762 BE⁰
272 3726 336 3769 ΙΨ,
350 3731 401 3761 est
414 3726 462 3763 Ε»
472 3728 528 3762 W⁰
598 3728 653 3770 (ιι)
678 3727 782 3768 adita]
799 3727 829 3759 Β
844 3727 888 3768 W,
900 3726 941 3760 ab
951 3726 1048 3762 addi*
1116 3730 1174 3770 (12)
1198 3738 1257 3771 pe-

593 3461 635 3497 (2)
661 3457 825 3490 detractio
839 3458 883 3496 B,
909 3457 1051 3489 deducto
1066 3457 1097 3490 Θ
1199 3459 1256 3501 (2¹)

1059 223 1122 260 sed
1146 224 1206 259 et¹
1238 223 1269 260 si
1337 233 1399 259 eas
1429 222 1532 266 oves,
1564 232 1657 269 quae

1278 93 1335 143 24
2138 117 2201 149 na
2228 116 2418 151 means

1687 227 1771 270 post
1791 228 2044 262 testamentum
2066 225 2203 263 factum
2223 228 2323 274 gregi
2344 228 2420 265 adi·

1338 268 1492 311 ciuntur,
1516 268 1633 314 legato
1658 269 1784 306 cedere
1805 271 1966 308 Iulianus
1990 271 2060 308 ait:
2085 282 2163 308 esse
2175 274 2203 294 ¹⁰
2226 273 2319 309 enim
2341 284 2420 319 gre-

1335 313 1388 393 ΞΒ
1412 324 1522 349 ιιιιιιιιι
1546 324 1676 360 corpus
1700 324 1744 350 ex
1767 314 1982 352 distantibus
2007 317 2206 363 capitibus,
2231 317 2337 354 sicuti
2359 329 2420 355 ae-

1372 366 1431 393 um
1462 369 1573 410 unum
1605 369 1734 411 corpus
1767 364 1822 396 est
1851 371 1896 397 ex
1928 361 2200 398 cohaerentibus
2223 362 2418 408 lapidibus:

1339 406 1379 438 19
1425 403 1572 440 aedibus
1604 404 1755 450 demque
1785 406 1912 451 legatis
1947 407 2129 444 columnas
2164 411 2201 443 et
2231 418 2416 452 marmora.

1335 451 2154 541 332303331‘2‘fflQiffiffiafflussffifffis
2165 456 2281 534 ⁸¹32.
2301 453 2420 535 ¹353ss

1335 537 1505 591 quidquid
1534 540 1674 584 peculio
1705 541 1846 577 accedit
1875 542 1931 578 vel
1961 541 2100 578 decedit
2128 524 2206 579 vivo
2236 547 2420 587 testatore,

1334 583 1496 636 legatarii
1524 584 1625 621 lucro
1657 585 1713 621 vel
1745 586 1874 622 damno
1905 590 1970 623 est.
2004 586 2131 633 quodsi
2159 592 2243 633 post
2272 592 2420 625 mortem

1334 632 1517 665 testatoris
1541 633 1625 666 ante
1647 630 1781 666 aditam
1803 631 2036 668 hereditatem
2059 642 2183 668 servus
2202 633 2249 669 ad
2273 633 2420 677 uisierit‚

1333 673 1493 710 Iulianus
1516 674 1587 727 ait,
1620 675 1651 711 si
1674 676 1815 721 quidem
1838 677 1908 723 ipsi
1930 677 2147 730 manumisso
2171 688 2238 723 pec
2278 679 2348 731 'um
2370 679 2420 714 le-

1333 719 2011 817 ἕὲἲξῗέὲῑξὲἒῗὲὲιῗῗέἓῐὶᾶἓὲοὲθὲῖῗ,
2034 723 2422 814 tfflffiffl

1331 813 1406 889 fian
1428 809 1527 845 adita
1540 811 1568 832 ¹¹
1590 811 1788 848 hereditate
1812 812 1924 848 cedit:
1957 813 2021 849 sed
2051 813 2082 850 si
2112 817 2281 850 extraneo
2312 824 2420 860 pecu-

1360 865 1419 890 um
1442 855 1597 900 legatum
1619 856 1746 901 fuerit,
1777 868 1851 894 non
1874 857 2001 894 cedere
2031 868 2075 894 ea
2104 858 2138 895 le
2162 863 2241 902 ato,
2275 859 2344 895 nisi
2376 869 2421 895 ex

1332 899 1440 936 rebus
1471 901 1712 945 peculiaribus
1743 907 1888 940 auctum
1918 902 2025 939 fuerit
2047 914 2115 949 pec
2155 904 2226 939 'um
2239 904 2277 940 ¹².
2339 915 2421 940 ecu-

1332 944 1419 980 lium
1440 949 1558 981 autem
1576 946 1645 982 nisi
1665 947 1820 1000 legatum
1839 948 1960 991 fuerit,
1983 949 2199 985 manumisso
2223 959 2295 985 non
2339 949 2421 985 ebe-

1332 993 1402 1043 tur,
1427 992 1587 1036 quamvis
1618 992 1650 1028 si
1679 1003 1779 1029 Vivus
1810 994 2070 1037 manumiserit,
2103 993 2256 1038 sufficit,
2287 994 2319 1031 si
2349 1005 2422 1030 non

1332 1035 1511 1072 adimatur
1519 1049 1535 1089 :¹
1561 1041 1598 1073 et
1626 1037 1678 1074 ita
1709 1037 1780 1091 diyi
1810 1038 1959 1075 Severus
1991 1042 2037 1092 et·
2059 1039 2262 1076 Antoninus
2292 1040 2421 1093 regeri:

1331 1081 1931 1179 ts‘ssfflussiett‘ssttsszffi.
1949 1084 2422 1176 stssssmffifflz

1332 1175 1491 1224 rationes
1513 1172 1711 1225 dominicas
1734 1173 1917 1221 impendit.
1959 1174 2053 1210 idem
2075 1174 2337 1221 rescripserunt
2384 1185 2421 1211 e-

1333 1217 1466 1252 cuhum
1488 1217 1600 1254 videri
1622 1218 1797 1265 legatum,
1831 1230 1913 1256 cum
1942 1219 2141 1256 rationibus
2163 1219 2311 1256 redditis
2333 1220 2359 1255 li
2385 1230 2422 1256 er

1333 1264 1374 1297 21
1424 1272 1503 1299 esse
1534 1263 1654 1300 iussus
1686 1268 1741 1301 est
1771 1270 1808 1301 et
1831 1275 1876 1300 ex
1899 1276 1941 1302 eo
1964 1265 2121 1311 reliquas
2144 1264 2285 1302 inferre.
2333 1265 2419 1303 Tam

1333 1310 1453 1343 autem
1486 1318 1529 1344 co
1575 1309 1691 1345 orales
1721 1320 1779 1346 res
1835 1321 1918 1346 uam
1939 1310 2021 1347 inco
2067 1310 2183 1347 orales
2206 1310 2317 1356 legari
2338 1321 2422 1356 pos-

1333 1356 1428 1405 sunt.
1466 1357 1503 1390 et
1515 1353 1537 1406 ,i
1563 1364 1605 1391 eo
1629 1358 1667 1391 et
1679 1356 1707 1377 ¹³
1730 1365 1799 1401 quo
1844 1355 2014 1392 defuncto
2060 1356 2195 1398 ebetur,
2218 1358 2340 1401 potest
2357 1355 2421 1391 ali-

1334 1408 1399 1450 ciu-
1414 1398 1543 1444 legari,
1575 1403 1617 1435 ut
1639 1400 1799 1436 actiones
1822 1411 1908 1438 suas
1930 1401 2035 1437 heres
2057 1400 2229 1446 legatario
2253 1404 2422 1446 praestet,

1333 1453 1402 1478 n1s1
1425 1444 1582 1490 exegerit
1604 1446 1703 1482 vivus
1726 1449 1879 1482 testator
1901 1446 2108 1492 pecuniam:
2133 1456 2217 1482 nam
2239 1445 2310 1483 hoc
2334 1456 2421 1483 casu

1332 1488 1487 1534 legatum
1504 1490 1601 1526 extin
1652 1490 1731 1527 ‘tur.
1764 1491 1829 1527 sed
1850 1494 1886 1527 et
1905 1492 1979 1528 tale
1997 1491 2152 1537 legatum
2171 1491 2283 1527 valet:
2309 1490 2421 1527 ‘dam-

1333 1537 1411 1570 ‘nas
1425 1535 1453 1556 ¹⁴
1484 1538 1560 1571 esto
1627 1546 1704 1572 eres
1736 1536 1878 1573 domum
1910 1537 2006 1572 illius
2035 1535 2195 1572 reficere'
2225 1536 2282 1572 vel
2314 1536 2425 1573 ‘illum

1333 1582 1377 1631 ²2.
1423 1583 1518 1616 ‘aere
1540 1581 1656 1617 alieno
1680 1582 1856 1618 liberare’.
1904 1581 1943 1618 Si
1973 1581 2185 1634 generaliter
2214 1591 2337 1617 servus
2367 1581 2427 1618 vel

1332 1624 1404 1660 aha
1425 1635 1484 1661 res
1505 1626 1656 1672 legetur,
1681 1627 1806 1663 electio
1830 1627 1992 1673 legatarii
2015 1631 2081 1670 est,
2105 1626 2174 1663 nisi
2193 1625 2291 1663 aliud
2310 1629 2421 1663 testa-

1332 1673 1375 1706 23
1422 1673 1481 1706 tor
1512 1670 1651 1708 dixerit.
1700 1671 1861 1718 Optionis
1884 1673 2057 1718 legatum,
2088 1671 2126 1708 id
2149 1675 2205 1708 est
2225 1671 2289 1707 ubi
2311 1675 2421 1708 testa-

1331 1718 1391 1751 tor
1421 1725 1465 1751 ex
1496 1717 1607 1753 servis
1639 1717 1714 1753 suis
1746 1718 1803 1754 vel
1826 1718 1906 1753 aliis
1929 1717 2036 1754 rebus
2060 1721 2187 1763 optare
2209 1717 2422 1763 legatarium

1331 1760 1495 1804 iusserat,
1519 1762 1678 1798 habebat
1700 1763 1738 1798 in
1761 1773 1800 1799 se
1821 1762 2077 1806 condicionem,
2102 1766 2139 1799 et
2156 1761 2237 1798 ideo
2258 1762 2327 1798 nisi
2344 1763 2421 1809 ipse

1331 1805 1525 1851 legatarius
1549 1808 1648 1844 vivus
1672 1819 1693 1844 o
1720 1812 1878 1851 taverat,
1911 1808 1959 1844 ad
1981 1807 2149 1844 heredem
2170 1808 2327 1853 legatum
2349 1818 2423 1844 non

1331 1852 1610 1904 transmittebat.
1647 1863 1686 1889 se
1744 1864 1788 1889 ex
1820 1853 2075 1890 constitutione
2104 1855 2230 1889 nostra
2243 1853 2271 1874 ¹⁵
2293 1856 2330 1889 et
2351 1853 2422 1889 hoc

1331 1907 1369 1932 m
1392 1897 1573 1933 meliorem
1596 1901 1730 1934 statum
1753 1899 1986 1935 reformatum
2005 1902 2061 1934 est
2080 1902 2115 1934 et
2134 1898 2220 1934 data
2236 1901 2293 1934 est
2310 1898 2421 1934 licen-

1333 1942 1385 1977 tia
1409 1945 1445 1978 et
1467 1942 1590 1978 heredi
1620 1943 1783 1989 legatarii
1814 1948 1958 1990 optare,
1989 1943 2074 1979 lieet
2103 1943 2201 1979 vivus
2231 1943 2421 1989 legatarius

1332 1987 1402 2023 hoc
1426 1997 1499 2023 non
1522 1987 1618 2024 fecit.
1662 1992 1699 2024 et
1722 1989 1941 2034 diligentiore
1964 1992 2122 2025 tractatu
2144 1988 2268 2024 habito
2292 1992 2329 2025 et
2349 1988 2419 2025 hoc

1331 2032 1370 2067 in
1392 2036 1517 2069 nostra
1540 2033 1795 2070 constitutione
1816 2034 1977 2070 additum
2001 2038 2075 2077 est,
2106 2037 2167 2077 ut,
2198 2033 2272 2070 sive
2327 2033 2422 2070 lures

1331 2077 1493 2130 legatarii
1515 2078 1682 2122 existant,
1706 2079 1836 2132 quibus
1859 2079 1957 2126 optio
1980 2079 2106 2116 relicta
2129 2082 2202 2122 est,
2226 2082 2262 2115 et
2360 2089 2421 2115 en-

1331 2126 1425 2158 tiant
1447 2122 1483 2159 in
1507 2134 1659 2170 corpore
1682 2124 1863 2171 ehgendo,
1895 2124 1968 2161 sive
1990 2124 2095 2161 unius
2118 2124 2280 2170 legatarii
2301 2124 2420 2170 plures

1332 2167 1502 2212 heredes,
1533 2173 1570 2205 et
1598 2170 1694 2206 inter
1716 2180 1756 2206 se
1779 2170 1877 2206 circa
1898 2169 2103 2216 optandum·
2118 2168 2330 2206 dissentiant
2351 2169 2420 2205 alio

1333 2213 1431 2249 aliud
1465 2224 1596 2260 corpus
1631 2215 1759 2261 eligere
1793 2215 1978 2261 cupiente,
2021 2224 2067 2251 ne
2108 2217 2233 2260 pereat
2266 2213 2422 2260 legatum

1334 2258 1443 2304 (quod
1499 2259 1634 2306 lerique
1663 2260 1891 2306 prudentium
1916 2264 2043 2296 contra
2072 2258 2345 2298 benivolentiam
2366 2259 2421 2295 in-

1331 2303 1482 2340 troduce
1508 2308 1603 2348 ant),
1633 2305 1816 2341 fortunam
1846 2315 1925 2341 esse
1955 2305 2062 2341 huius
2093 2304 2247 2350 optionis
2270 2304 2421 2341 iudicem

1333 2353 1369 2385 et
1391 2353 1488 2386 sorte
1511 2359 1590 2386 esse
1611 2350 1683 2387 hoc
1706 2350 1953 2393 dirimendum,
1976 2354 2028 2393 ut,
2052 2349 2100 2386 ad
2119 2360 2224 2395 quem
2242 2360 2319 2386 sors
2339 2359 2416 2396 per-

1333 2394 1461 2438 veniat,
1485 2395 1579 2431 illius
1604 2396 1782 2432 sententia
1804 2396 1842 2431 in
1866 2396 2011 2441 optione
2034 2394 2239 2441 praecellat.

1335 2442 1379 2475 24
1469 2439 1600 2486 Legari
1632 2444 1751 2477 autem
1781 2441 1851 2477 illis
1885 2441 1972 2477 solis
2006 2444 2143 2486 potest,
2178 2451 2259 2476 cum
2292 2439 2421 2492 quibus

1333 2487 1374 2520 25
1421 2486 1625 2522 testamenti
1647 2486 1758 2522 factio
1784 2490 1849 2523 est.
1896 2486 2048 2522 Incertis
2071 2496 2154 2522 vero
2173 2495 2337 2531 persoms
2357 2495 2420 2521 ne-

1334 2540 1404 2576 que
1437 2530 1558 2576 legata
1587 2542 1704 2577 neque
1733 2531 2008 2568 fideicommissa
2039 2530 2123 2567 olim
2153 2529 2306 2576 relinqui
2335 2540 2420 2566 con-

1333 2586 1473 2611 cessum
1504 2580 1599 2612 erat:
1631 2587 1715 2612 nam
1738 2587 1804 2614 nec
1827 2577 1927 2613 miles
1951 2576 2093 2622 quidem
2115 2575 2274 2611 incertae
2296 2585 2420 2621 perso-

1332 2631 1400 2656 nae
1430 2624 1573 2666 poterat
1601 2622 1817 2668 relinquere,
1852 2625 1894 2658 ut
1924 2621 2025 2658 divus
2056 2620 2261 2657 Hadrianus
2291 2619 2419 2656 rescri-

1332 2666 1414 2725 psit.
1456 2666 1639 2702 ¹⁶'incerta
1662 2671 1781 2703 autem
1803 2677 1959 2713 persona
1987 2666 2193 2710 videbatur,
2227 2676 2334 2711 quam
2363 2665 2419 2701 in-

1343 2715 1442 2747 certa
1465 2711 1632 2757 opinione
1655 2713 1773 2749 annno
1798 2723 1864 2748 suo
1887 2715 2040 2748 testator
2062 2711 2279 2754 subiciebat,
2311 2710 2421 2747 veluti

1332 2757 1340 2770 ,
1362 2756 1370 2764 .
1453 2756 1461 2764 .
1515 2757 1523 2765 .
1621 2758 1629 2765 .
1700 2771 1709 2779 ·
1735 2761 1745 2777 ι
1797 2757 1806 2765 .
2022 2757 2030 2764 .
2182 2756 2190 2764 .
2333 2755 2342 2763 .
2403 2775 2419 2782 -

1333 2761 1580 2838 euersa
1596 2757 1709 2838 (ἐξέζ-
1723 2757 2060 2845 ..uitasset
2077 2759 2420 2854 {aarum

1333 2846 1506 2882 ’‘fundum
1527 2847 1642 2884 dato’:
1667 2848 1755 2884 illud
1775 2853 1927 2894 quoque,
1952 2846 2048 2892 quod
2067 2847 2123 2882 lus
2141 2845 2418 2892 relinquebatur,

1333 2892 1403 2937 'qui
1426 2896 1510 2938 post
1538 2896 1791 2929 testamentum
1821 2892 1994 2938 scriptum
2023 2891 2128 2937 primi
2160 2891 2324 2927 consules
2343 2891 2416 2943 =de-

1332 2937 1472 2982 'signati
1503 2942 1625 2982 erunt,
1657 2948 1771 2984 aeque
1800 2938 1958 2974 incertae
1988 2946 2165 2983 personae
2187 2936 2200 2971 l
2288 2936 2297 2944 ’
2321 2935 2418 2972 vide·

1333 2982 1468 3018 ’baturz
1505 2987 1541 3018 et
1571 2983 1724 3029 denique
1757 2982 1891 3019 multae
1922 2982 2014 3018 aliae
2043 2981 2208 3018 huiusmo
2279 2980 2418 3027 species

1331 3027 1436 3063 'sunt.
1471 3027 1619 3064 libertas
1643 3038 1784 3074 quoque
1806 3038 1878 3064 non
1908 3027 2097 3063 videbatur
2124 3036 2232 3072 posse
2260 3025 2419 3062 incertae

1332 3072 1517 3118 *personae
1540 3072 1636 3116 dari,
1661 3073 1745 3119 quia
1766 3073 1934 3119 placebat
1956 3071 2163 3108 nominatim
2185 3081 2308 3108 servos
2330 3071 2417 3107 libe-

1331 3117 1425 3153 'rari.
1457 3121 1557 3154 tutor
1579 3128 1720 3164 quoque
1744 3121 1863 3155 certus
1887 3117 1966 3153 dari
1988 3117 2141 3154 debebat
2152 3115 2205 3152 ¹⁸!
2227 3116 2295 3152 sub
2319 3121 2419 3169 certa

1328 3174 1411 3200 vero
1456 3162 1776 3207 demonstratione,
1808 3162 1847 3199 id
1878 3167 1933 3199 est
1964 3173 2008 3199 ex
2039 3162 2145 3198 certis
2176 3161 2339 3207 personis
2362 3172 2417 3197 ιιι-

1330 3213 1450 3246 certae
1483 3218 1676 3254 personae,
1700 3212 1798 3245 recte
1819 3208 2034 3260 legabatur„
2044 3206 2154 3243 veluti
2177 3210 2234 3242 ‘ex
2257 3206 2418 3252 cognatis

1331 3255 1429 3290 ‘meis
1466 3253 1526 3300 qui
1571 3264 1668 3290 nunc
1699 3257 1784 3290 sunt
1814 3253 1846 3290 si
1899 3253 1955 3290 uis
1985 3251 2095 3288 filiam
2123 3261 2240 3288 meam
2271 3261 2418 3288 uxorem

1332 3299 1503 3342 ‘duxerit‚
1549 3298 1583 3335 ei
1615 3299 1720 3335 heres
1751 3309 1851 3335 meus
2009 3307 2086 3333 rem
2116 3295 2227 3333 dato’.
2271 3296 2417 3332 incertis

1331 3346 1452 3379 autem
1485 3343 1649 3390 personis
1681 3344 1801 3390 legata
1829 3343 1885 3380 vel
1914 3341 2188 3379 fideicommissa
2220 3341 2347 3378 relicta
2381 3346 2418 3377 et

1330 3457 1470 3498 culium]
1484 3458 1519 3490 E
1528 3458 1593 3497 W‘,
1604 3470 1662 3491 om.
1674 3458 1710 3490 B
1720 3456 1776 3492 W⁶
1846 3459 1905 3497 (1³)
1925 3457 1972 3497 et]
1982 3455 2095 3496 B‚om.
2106 3455 2141 3489 E
2147 3455 2193 3494 W
2245 3456 2303 3495 (14)
2324 3456 2414 3487 dam-

1331 3505 1430 3536 natus
1442 3502 1479 3535 Β
1603 3504 1663 3544 (15)
1692 3502 1771 3536 cod.
1781 3503 1813 3542 6,
1827 3508 1872 3541 48,
1883 3509 1900 3536 ³
2026 3501 2087 3542 (ιο)
2116 3499 2192 3534 Gai.
2207 3501 2238 3542 2,
2253 3500 2414 3535 mismo?

1331 3549 1389 3590 (17)
1402 3546 1634 3588 collocaverit]
1647 3546 1736 3586 Gai„
1750 3547 1881 3580 dederit
1891 3547 1925 3580 id
1934 3547 1986 3579 est
1993 3544 2208 3578 collocaverit
2218 3545 2297 3579 libri
2352 3546 2413 3585 (18)

1330 3595 1423 3626 tutor
1440 3603 1472 3635 q.
1486 3603 1514 3625 c.
1528 3591 1559 3625 d.
1581 3591 1736 3633 debebat]
1760 3591 1916 3632 W‘Gai„
1936 3603 1995 3624 om.
2019 3589 2185 3625 BPEW·
2204 3602 2274 3624 cum
2295 3590 2336 3630 θ,
2357 3590 2418 3632 qui

1330 3645 1434 3672 tamen
1444 3637 1587 3671 consulto
1597 3649 1637 3671 ea
1653 3638 1797 3670 omisisse
1813 3638 1940 3670 videtur
1954 3647 2034 3668 suae
2050 3636 2246 3678 expositioni
2258 3647 2321 3668 non
2339 3646 2415 3667 con·

1327 3695 1413 3727 yma
1429 3677 1529 3722 (ἀλλὰ
1549 3682 1661 3715 ταῦτα
1673 3679 1793 3716 πάντα
1806 3678 1898 3714 κατὰ
1908 3677 1952 3714 τὸ
1964 3677 2133 3722 παλαιόν)
2155 3691 2258 3723 neque
2268 3679 2328 3712 hoc
2340 3679 2411 3722 qui-

1330 3729 1400 3762 dem
1409 3728 1478 3761 loco
1487 3734 1564 3773 apte
1573 3735 1698 3761 retento
1707 3740 1729 3760 a
1737 3726 1999 3770 compilatoribus
