2528 3918
108 133 164 161 DE
195 130 507 162 STATULIBERIS

103 244 266 291 accipere
281 243 444 288 noluerit,
468 252 541 279 non
563 240 682 277 statim
705 241 796 278 liber
815 241 891 286 erit,
917 242 981 278 sed
997 253 1079 278 cum
1096 245 1185 278 tem-

104 302 171 337 pus
194 290 386 333 transierit,
435 298 475 324 er
497 286 592 368 <huod
616 297 806 333 operarum
826 288 1005 332 quantitas
1024 298 1186 324 consum-

102 340 230 371 matur.
277 336 371 371 idem
402 300 504 371 d’icen
528 343 589 368 um
620 336 690 375 est,
724 332 756 368 si
783 332 920 369 iussum
944 334 1104 379 Capuam
1134 333 1186 368 ire

104 386 139 416 et
161 381 313 417 liberum
337 390 415 417 esse
437 379 538 414 heres
562 378 752 422 prohibeat
774 378 842 414 ire:
875 382 962 415 tunc
994 379 1087 414 enim
1120 379 1186 413 erit

102 427 207 469 liber,
234 437 314 462 cum
337 423 519 470 pervenire
543 423 703 468 Capuam
726 424 923 469 potuisset:
954 425 1071 460 inesse
1095 424 1185 459 enim

102 472 242 507 videtur
263 475 403 516 tempus
427 473 500 504 tam
525 478 714 514 operarum
763 470 974 505 raestationi
998 480 1106 515 quam
1128 469 1185 504 iti-

104 522 124 553 6
170 517 256 552 neri.
299 515 336 551 Si
357 515 409 550 ita
432 514 511 560 quis
536 514 716 559 acceperit
752 514 938 550 ibertatem
963 515 1131 557 ‘Stichus‚
1156 513 1186 549 si

103 562 215 598 ‘heres
239 572 318 597 eum
341 570 414 595 non
436 559 696 602 manumiserit,
720 559 811 595 liber
834 561 934 603 esto',
963 561 1116 606 ¹poterit
1140 559 1185 594 ab

102 607 230 643 herede
251 605 470 641 manumitti:
502 616 574 640 non
604 608 731 640 contra
759 605 979 641 voluntatem
1003 605 1185 641 testatoris

101 652 266 687 adimitur
297 651 329 686 ei
351 651 501 685 libertus
512 651 537 685 ².
586 650 648 686 sed
672 661 744 686 non
767 653 841 686 tam
866 652 1075 687 continuum
1097 655 1186 685 tem-

100 708 167 742 pus
191 695 399 741 exigendum
424 699 488 738 est,
513 698 554 730 ut
577 696 808 741 praecipitari
832 701 981 741 cogatur
1004 698 1107 732 heres
1132 695 1187 731 vel

100 753 143 777 ex
165 741 449 787 peregrinatione
473 741 623 777 celerius
646 741 775 777 reverti
800 742 846 777 ad
869 741 1187 777 manumittendum

98 787 153 823 vel
182 786 524 822 administrationem
552 796 671 821 rerum
700 788 983 823 necessariarum
1012 786 1186 822 intermit-

99 837 185 875 tere,
209 843 275 867 nec
292 842 416 867 rursus
434 835 508 867 tam
527 832 681 876 longum,
706 836 758 875 ut,
784 833 951 877 quamdiu
971 833 1076 875 vivat,
1100 843 1183 877 pro-

99 878 263 913 trahatur
284 877 525 921 manumissio,
551 877 615 912 sed
634 877 821 922 modicum,
847 889 916 924 quo
934 879 1085 923 primum
1102 888 1185 923 pos-

99 923 145 958 sit
175 923 251 959 sine
280 932 408 968 magno
440 922 665 958 incommodo
695 934 760 959 suo
791 924 894 960 heres
925 924 1184 959 manumittere.

99 968 195 1014 quod
217 969 248 1004 si
271 972 411 1013 tempus
436 968 614 1003 adiectum
637 969 757 1011 fuerit,
782 969 870 1004 illud
894 970 1126 1014 spectabitur.

144 1011 194 1051 21
209 1014 224 1035 ³
247 1013 477 1049 POMPONIUS
498 1014 588 1050 libro
612 1015 763 1060 septimo
789 1026 839 1050 ex
862 1014 1009 1051 Plautio
1062 1015 1186 1050 Labeo

97 1059 188 1095 libro
228 1059 465 1105 posteriorum
502 1059 554 1094 ita
589 1060 716 1095 refert:
756 1060 922 1095 ‘Calenus
961 1061 1187 1105 dispensator

99 1108 220 1148 ‘meus,
245 1105 275 1141 si
298 1105 454 1140 rationes
480 1104 665 1149 diligenter
688 1109 864 1141 tractasse
885 1105 1074 1148 videbitur,
1098 1105 1187 1140 liber

98 1153 188 1186 ‘esto
219 1160 356 1196 suaque
389 1150 507 1185 omnia
538 1154 574 1185 et
599 1154 741 1186 centum
763 1151 921 1187 habeto'.
970 1150 1186 1196 diligentiam

98 1195 301 1231 desiderare
332 1205 411 1230 eam
441 1194 629 1239 debemus,
666 1207 757 1240 quae
790 1197 951 1239 domino,
990 1207 1064 1231 non
1095 1206 1186 1241 quae

98 1251 199 1277 servo
217 1241 325 1276 fuerit
339 1241 446 1276 utilis.
485 1241 552 1276 erit
576 1245 694 1276 autem
720 1242 752 1276 ei
773 1241 976 1287 diligentiae
994 1241 1186 1277 coniuncta

98 1286 186 1322 fides
216 1287 312 1322 bona
343 1297 415 1321 non
439 1287 553 1322 solum
579 1287 616 1321 in
638 1287 837 1322 rationibus
863 1286 1088 1330 ordinandis,
1122 1287 1185 1322 sed

97 1333 202 1367 etiam
226 1333 263 1367 in
286 1331 424 1376 reliquo
448 1332 640 1368 reddendo.
679 1336 715 1367 et
739 1333 835 1377 quod
857 1333 910 1367 ita
933 1333 1107 1378 scriptum
1131 1336 1186 1368 est

98 1377 307 1419 ‘videbitur',
336 1387 402 1421 pro
427 1377 496 1412 hoc
521 1377 637 1422 accipi
662 1377 768 1413 debet
792 1378 915 1413 ‘videri
937 1379 1101 1423 poterit':
1135 1378 1186 1413 sic

96 1427 132 1457 et
155 1423 264 1458 verba
287 1423 373 1467 legis
398 1422 586 1458 duodecim
610 1423 815 1458 tabularum
841 1427 979 1459 veteres
1011 1425 1185 1468 interpre-

97 1467 163 1502 tati
193 1472 277 1503 sunt
308 1468 351 1503 ‘si
379 1478 474 1513 aqua
502 1468 623 1513 pluvia
653 1470 782 1512 nocet'‚
813 1469 850 1504 id
879 1474 935 1504 est
967 1469 1034 1505 ‘si⁴
1057 1479 1187 1504 nocere

97 1514 263 1558 ‘poterit’.
309 1516 345 1548 et
367 1513 399 1549 si
423 1518 665 1558 quaereretur,
692 1514 750 1549 cui
769 1525 847 1549 eam
865 1514 1081 1559 diligentiam
1102 1525 1185 1559 pro-

95 1557 175 1594 bari
206 1562 390 1604 oporteat,
430 1559 601 1594 heredum
632 1560 844 1595 arbitratum
875 1561 940 1595 viri
971 1560 1058 1596 boni
1088 1571 1187 1595 more

96 1604 275 1649 agentium
299 1605 400 1648 sequi
425 1604 650 1649 debebimus,
682 1605 792 1641 veluti
816 1606 846 1641 si
868 1606 918 1650 is,
944 1606 1005 1650 qui
1029 1608 1188 1641 certam⁵

95 1650 283 1695 pecuniam
316 1650 492 1693 dedisset,
523 1650 615 1685 liber
644 1661 721 1686 esse
753 1651 872 1687 iussus
904 1654 978 1694 est,
1018 1662 1092 1687 non
1124 1651 1186 1685 ad-

95 1694 228 1740 scripto
253 1705 317 1738 eo,
349 1694 408 1731 cui
438 1695 469 1730 si
500 1695 691 1739 dedissetss,
723 1707 765 1732 eo
797 1696 903 1732 modo
935 1698 1067 1742 poterit
1098 1696 1188 1731 liber

96 1750 190 1785 esse,
224 1751 293 1821 duo
324 1743 465 1786 posset,
498 1741 529 1776 si
559 1741 612 1776 ita
640 1741 769 1777 fuisset
799 1742 973 1786 scriptum
1000 1742 1041 1777 ‘si
1065 1742 1188 1776 heredi

101 1790 116 1823 1
167 1785 221 1821 ‘de
248 1786 359 1822 isset'.
406 1785 637 1822 Pactumeius
663 1786 824 1823 Clemens
849 1788 987 1830 aiebat,
1013 1788 1044 1823 si
1067 1788 1119 1822 ita
1142 1788 1189 1822 sit

96 1831 406 1867 fideicommissum
429 1831 594 1867 relictum
618 1832 690 1867 ‘cui
714 1843 836 1867 eorum
860 1833 976 1876 voles,
1011 1843 1097 1877 rogo
1129 1843 1185 1868 re-

96 1877 259 1919 ‘stituas’,
284 1877 315 1912 si
338 1876 475 1912 nullum
499 1877 663 1922 eleg1sset
687 1878 744 1912 cui
767 1878 991 1921 restitueret,
1020 1878 1184 1914 omnibus

97 1923 217 1958 deberi
239 1923 490 1967 imperatorem
513 1923 735 1958 Antoninum
760 1924 999 1959 constituisse.

141 1965 220 2004 22⁷
244 1967 404 2003 PAULUS
424 1967 514 2003 libro
541 1969 645 2003 tertio
670 1969 720 2003 ad
752 1968 932 2004 Vitellium
979 1969 1046 2013 Qui
1074 1979 1185 2014 pecu-

97 2014 190 2048 niam
214 2013 301 2048 dare
324 2013 444 2048 iussus
469 2017 535 2056 est,
560 2013 630 2048 nisi
654 2013 833 2049 adiectum
857 2015 913 2057 sit,
939 2015 997 2049 cui
1021 2013 1091 2056 det,
1123 2014 1186 2049 he-

97 2058 239 2094 redibus
264 2057 350 2093 dare
375 2058 480 2093 debet
502 2069 569 2103 pro
593 2059 756 2103 partibus
780 2059 1028 2095 hereditariis:
1052 2070 1118 2104 pro
1144 2069 1186 2094 ea

97 2104 188 2139 enim
209 2107 313 2149 parte
337 2103 488 2149 quisque
512 2104 675 2148 accipere
699 2104 815 2149 debet,
840 2115 905 2150 pro
931 2115 1003 2150 qua
1020 2104 1185 2140 dominus

102 2155 111 2183 ι
164 2155 227 2184 est.
277 2149 315 2183 Si
339 2148 483 2194 quidam
507 2159 551 2184 ex
575 2149 786 2192 heredibus,
819 2150 975 2195 quibus⁸
1006 2150 1091 2185 dare
1125 2150 1185 2185 de-

98 2196 189 2236 beat,
215 2194 412 2229 nominati⁹
436 2194 524 2236 sint,
558 2194 658 2230 dabit
682 2196 738 2230 his
761 2206 829 2240 pro
852 2195 1077 2231 hereditariis
1101 2207 1183 2241 por-

97 2244 114 2274 2
162 2240 331 2275 tionibus.
380 2239 419 2275 Si
435 2240 626 2275 heredibus
646 2241 838 2276 nominatis
862 2241 969 2276 etiam
994 2244 1184 2276 extraneus

96 2286 238 2320 iunctus
263 2285 329 2328 sit,
353 2288 523 2320 extraneo
548 2285 667 2329 virilis,
693 2286 820 2321 ceteris
846 2287 1083 2322 hereditariae
1107 2286 1184 2321 dari

97 2331 244 2366 debent:
270 2334 306 2366 et
330 2330 360 2366 si
384 2341 456 2365 non
480 2331 595 2365 solum
619 2331 763 2374 Titium,
789 2331 853 2367 sed
878 2332 983 2367 etiam
1008 2332 1096 2368 alios
1121 2332 1183 2366 ad-

97 2375 252 2419 iecisset,
283 2376 349 2411 hos
380 2376 514 2411 virilem
544 2380 683 2421 partem
696 2377 724 2397 ¹⁰
746 2377 953 2420 habituros,
989 2377 1183 2414 coheredes

97 2425 215 2456 autem
238 2421 473 2457 hereditarias
497 2421 658 2457 Iulianus
682 2423 818 2457 scribit.

142 2464 194 2503 23
231 2466 376 2502 Cusas
411 2467 502 2502 libro
544 2468 734 2502 vicensimo
769 2468 927 2503 secundo
964 2468 1184 2515 diqestorum

99 2511 148 2547 ‘Si
170 2511 266 2547 intra
289 2512 569 2557 quinquennium
586 2512 731 2549 Stichus
756 2518 899 2549 centum
925 2513 1072 2556 dederit,
1096 2514 1186 2549 liber

98 2558 217 2594 ‘esto'z
242 2567 308 2592 nec
332 2557 426 2593 Titio
442 2559 468 2578 ¹¹
492 2557 546 2592 vel
570 2557 694 2593 heredi
717 2559 772 2594 vel
796 2559 947 2603 emptori
974 2563 1058 2604 post
1082 2560 1183 2603 quin-

102 2606 113 2637 1
166 2603 357 2648 quennium
383 2602 494 2638 dabit.
542 2602 579 2637 Si
603 2604 760 2639 rationes
784 2604 1008 2648 reddidisset,
1033 2604 1185 2640 liberum

98 2658 175 2683 esse
198 2648 336 2683 iussum
357 2659 430 2683 non
449 2648 585 2692 patitur
601 2648 704 2683 heres
720 2650 828 2684 rebus
844 2649 1086 2695 peculiaribus
1101 2660 1184 2685 ven-

98 2693 179 2728 ditis
202 2693 341 2738 reliqua
369 2693 525 2729 solvere:
557 2693 705 2738 perinde
736 2694 828 2731 liber
860 2699 929 2737 est,
964 2695 1067 2739 quasi
1099 2706 1185 2731 con-

97 2738 230 2773 dicioni
279 2739 422 2773 aruerit.

143 2781 197 2820 24
278 2793 478 2818 ARCELLUS
512 2784 603 2819 libro
640 2788 745 2820 sexto
785 2784 921 2820 decimo
962 2786 1185 2832 diqestorum

99 2828 272 2871 ‘Stichus‚
308 2828 339 2864 si
363 2828 484 2863 heredi
507 2839 583 2864 meo
609 2829 731 2864 decem
754 2831 957 2874 promiserit
979 2832 1033 2866 vel
1057 2843 1185 2877 operas

98 2873 277 2909 ‘daturum
295 2883 339 2919 ¹se
362 2873 539 2917 iuraverit,
563 2874 654 2910 liber
677 2875 778 2910 esto’.
840 2880 932 2912 otest
950 2877 1085 2921 expleri
1101 2889 1184 2913 con-

99 2918 206 2962 dicio,
236 2920 267 2955 si
285 2919 518 2999 AEromiserit:
549 2930 634 2955 nam
663 2887 898 2965 spopondisse
928 2922 1047 2967 aliqua
1077 2923 1185 2967 signi-

98 2963 265 3000 ficatione
311 2964 355 2999 'ci
371 2968 501 3009 potest,
527 2965 666 3000 etiamsi
689 2976 762 3001 non
785 2966 831 3001 sit
855 2972 980 3002 secuta
1004 2967 1184 3012 obligatio.

144 3006 197 3047 25
222 3009 476 3045 Moasssmvs
496 3010 587 3046 libro
612 3021 707 3046 nono
728 3011 1016 3091 clzfferentz'arum
1064 3013 1185 3048 Statu—

98 3054 229 3091 liberos
258 3055 466 3091 venumdari
496 3065 604 3100 posse
633 3055 729 3100 leges
784 3057 948 3092 uodecim
980 3058 1186 3093 tabularum

99 3102 331 3144 putaverunt:
365 3100 462 3135 duris
486 3104 606 3136 autem
630 3101 897 3138 condicionibus
920 3104 958 3138 in
981 3103 1184 3140 venditione

100 3144 241 3181 minime
271 3145 446 3181 onerandi
476 3149 576 3188 sunt,
608 3146 717 3181 veluti
740 3157 785 3182 ne
808 3148 902 3183 intra
925 3148 1007 3184 loca
1030 3150 1187 3185 serviant

100 3199 187 3224 neve
210 3201 378 3235 umquam
401 3192 710 3227 manumittantur.

145 3233 198 3272 26
230 3235 337 3270 IDEM
363 3236 453 3272 libro
483 3247 578 3272 nono
607 3247 648 3271 re
675 3237 817 3272 alarum
867 3238 1052 3274 Libertate
1084 3250 1185 3275 servo

100 3280 166 3315 sub
191 3280 398 3316 condicione
422 3281 571 3317 rationis
595 3291 633 3317 re
661 3281 754 3318 ditae
777 3285 991 3320 testamento
1018 3284 1103 3320 data
1121 3285 1183 3319 he-

101 3335 156 3360 res
180 3336 253 3361 non
277 3325 391 3361 solum
414 3327 586 3372 scriptam
603 3327 779 3363 rationem
794 3328 912 3373 exigit,
936 3340 1059 3365 verum
1079 3330 1186 3366 etiam

105 3374 117 3405 l
167 3380 260 3416 quae
282 3370 359 3407 sine
382 3371 562 3417 scriptura
585 3372 630 3407 ab
656 3383 698 3408 eo
723 3372 971 3410 administrata
994 3379 1060 3411 est.
1104 3375 1185 3411 Ser-

99 3426 165 3453 vus
195 3416 315 3453 iussus
344 3416 486 3453 reddita
516 3417 655 3454 ratione
686 3418 733 3453 ad
763 3417 966 3455 libertatem
988 3421 1185 3466 pervenire,

101 3530 140 3570 (1)
166 3531 199 3562 et
211 3532 270 3564 ins.

104 3579 143 3611 14)
168 3574 196 3606 si
210 3576 271 3608 del.
289 3574 339 3607 Ρ2

375 3533 418 3573 (2)
443 3530 580 3564 libertas
591 3532 644 3563 F2

409 3577 450 3616 (5)
476 3579 578 3609 certm
591 3578 627 3610 F

753 3535 794 3571 (3)
822 3533 868 3565 ad
877 3546 930 3575 pr.
944 3535 986 3576 ef.
999 3534 1044 3566 D.
1060 3536 1114 3576 40,
1128 3542 1155 3576 4,
1169 3542 1185 3568 8

684 3578 727 3619 (6)
753 3576 838 3609 liber
851 3580 932 3610 esset
943 3580 1006 3611 ins.
1074 3581 1116 3621 (τ)
1142 3580 1188 3612 ad

495 3623 541 3663 (8)
566 3622 687 3663 quibus
699 3635 757 3655 om.
771 3623 805 3655 F
875 3623 920 3665 (9)
946 3623 1145 3657 nominatim
1160 3625 1196 3658 F

104 3667 124 3703 (1
132 3666 162 3705 ο)
188 3664 300 3697 viriles
310 3668 421 3708 partes
432 3679 493 3699 scr.
605 3668 661 3708 (11)
686 3667 787 3699 tertio
798 3680 859 3700 scr.
974 3668 1032 3711 (12)
1058 3669 1100 3702 ad
1112 3670 1185 3703 edd.

104 3714 159 3746 (13)
185 3712 397 3744 contractuve
409 3724 470 3744 scr.
558 3715 614 3751 (14)
640 3714 757 3744 contra
768 3725 828 3745 scr.
845 3713 1004 3753 (similiter
1020 3714 1184 3755 Cuiacius)

103 3756 159 3794 (15)
186 3755 342 3795 quoniam
411 3755 531 3798 valere]
551 3758 757 3799 requiruntur
774 3758 874 3790 talia:
900 3758 1056 3799 quoniam
1068 3769 1185 3791 secun·

106 3620 425 3662 §2chD.28,ss,32

1185 113 1272 163 633

2117 119 2286 162 XXXX
2319 120 2340 161 7

1254 241 1505 324 Hcetlssuuam
1536 241 1656 278 admin'
1657 241 1835 278 istraverit
1862 243 2054 286 rationem,
2087 243 2195 278 nihilo
2227 243 2342 278 minus

1255 288 1322 323 erit
1358 287 1369 323 i
1397 298 1446 324 er.

1302 330 1354 369 27
1380 333 1490 368 Imm
1507 333 1598 369 libro
1614 333 1735 379 primo
1755 334 2021 379 pandectarum
2061 334 2099 369 Si
2115 334 2156 375 is,
2183 333 2241 369 cui
2258 333 2343 368 dare

1255 379 1373 413 iussus
1399 383 1465 422 est,
1489 378 1679 414 redemerit
1702 379 1951 413 statuliberum
1976 390 2125 424 eumque
2142 389 2266 415 rursus
2284 379 2344 414 alii

1255 424 1469 466 vendiderit,
1500 424 1688 459 novissimo
1716 424 1866 468 emptori
1890 424 2006 459 dabit:
2038 425 2109 459 iam
2141 425 2231 460 enim
2263 435 2343 460 cum

1256 469 1353 513 apud
1366 470 1392 491 ¹2
1418 480 1513 513 eum,
1546 469 1604 504 cui
1628 469 1714 504 dare
1738 469 1856 504 iussus
1882 473 1952 512 est,
1989 469 2179 505 dominium
2203 480 2344 514 quoque

1256 515 1347 549 servi
1376 515 1556 559 pervenit,
1588 515 1618 549 si
1643 524 1723 549 eum
1748 515 1894 557 alienet,
1929 515 2171 550 condicionem
2203 525 2344 561 quoque

1256 561 1302 594 ab
1328 570 1367 595 eo
1394 560 1441 595 ad
1465 564 1658 605 emptorem
1682 560 1836 595 transire
1859 559 1996 594 Iuliano
2021 561 2166 604 placuit.

1302 602 1355 642 28
1381 606 1426 640 IA
1436 615 1606 640 VOLENUS
1627 605 1717 640 libro
1742 608 1846 640 seoeto
1872 616 1921 640 ex
1939 605 2059 640 Cassio
2107 606 2145 640 Si
2165 605 2344 641 hereditas

1256 651 1350 694 eius,
1383 650 1445 695 qui
1474 661 1634 693 servum,
1668 650 1763 685 intra
1787 650 1862 686 dies
1886 650 2031 694 triginta
2055 651 2178 686 mortis
2203 661 2290 686 suae
2314 651 2346 686 si

1256 697 1413 731 rationes
1438 696 1662 738 reddidisset,
1693 696 1843 731 liberum
1868 705 1946 731 esse
1970 695 2134 738 iusserat,
2163 700 2246 740 post
2270 697 2345 731 dies

1255 742 1402 785 triginta
1426 741 1524 776 adita
1548 745 1611 785 est,
1636 742 1715 776 iure
1739 741 1881 786 quidem
1899 740 2023 776 stricto
2041 741 2091 775 ita
2106 742 2344 777 manumissus

1256 787 1348 822 liber
1372 797 1449 822 esse
1474 798 1545 822 non
1570 791 1706 831 potest,
1733 786 1901 832 quoniam
1927 786 2136 821 condicione
2161 787 2342 822 deficitur:

1256 832 1319 868 sed
1343 832 1445 867 favor
1464 832 1642 867 libertatis
1662 843 1703 867 eo
1728 843 1803 867 rem
1826 831 2004 877 perduxit,
2028 835 2069 866 ut
2088 832 2346 877 respondeatur

1259 878 1438 922 expletam
1462 878 1728 919 condicionem,
1763 878 1794 913 si
1816 888 1882 922 per
1906 888 2004 919 eum,
2038 877 2097 911 cui
2126 877 2210 911 data
2242 882 2344 919 esset,

1262 927 1273 957 l
1324 934 1396 958 non
1413 927 1526 958 staret
1543 934 1612 968 quo
1630 923 1746 958 minus
1766 923 1979 968 expleretur.
2016 922 2220 964 statuliber,
2246 926 2345 957 ante-

1258 979 1364 1013 quam
1390 969 1552 1004 condicio
1577 969 1752 1004 libertatis
1777 968 1955 1014 optigerit,
1981 968 2011 1004 si
2036 967 2121 1012 quid
2142 978 2344 1012 comparas-

1257 1018 1321 1056 set,
1347 1014 1488 1059 peculio
1513 1015 1632 1059 legato
1655 1025 1729 1049 non
1754 1025 1939 1050 cessurum
1961 1013 1998 1049 in
2017 1013 2118 1048 libris
2137 1013 2217 1047 Gaii
2233 1013 2346 1048 Cassii

1256 1060 1430 1104 seriptum
1461 1063 1532 1103 est,
1572 1060 1641 1095 nisi
1678 1060 1715 1095 id
1746 1060 1902 1104 legatum
1933 1059 1970 1094 in
2001 1062 2141 1103 tempus
2172 1058 2346 1093 libertatis

1257 1105 1427 1140 collatum
1453 1109 1557 1141 esset.
1607 1105 1806 1149 videamus,
1831 1116 1894 1148 ne,
1920 1115 2002 1140 cum
2025 1104 2203 1149 peculium
2227 1107 2263 1139 et
2287 1113 2345 1138 acn

1257 1151 1455 1186 cessionem
1485 1154 1520 1185 et
1552 1151 1796 1187 decessionem
1820 1151 1969 1193 habeat,
2003 1153 2230 1203 augmentum
2261 1159 2346 1194 quo-

1257 1206 1326 1242 que
1350 1197 1426 1232 eius
1451 1196 1601 1242 peculii,
1627 1197 1657 1231 si
1681 1196 1786 1231 modo
1810 1197 1857 1232 ab
1881 1195 2012 1231 herede
2036 1205 2070 1229 e1
2094 1195 2252 1230 ablatum
2276 1205 2347 1230 non

1256 1242 1314 1283 sit,
1339 1243 1456 1287 legato
1482 1253 1667 1277 cessurum
1692 1242 1757 1278 sit:
1792 1245 1828 1277 et
1858 1241 1969 1286 magis
2000 1241 2071 1276 hoc
2101 1240 2180 1276 iure
2203 1240 2347 1275 utimur.

1303 1285 1356 1324 29
1390 1287 1619 1323 POMPONIUS
1646 1288 1737 1323 libro
1770 1290 1896 1323 octavo
1930 1287 2067 1323 decimo
2099 1287 2149 1321 ad
2178 1285 2347 1328 Quintum

1257 1333 1418 1369 Mucium
1473 1333 1682 1369 Statuliberi
1716 1343 1739 1368 a
1771 1333 1899 1368 ceteris
1931 1331 2041 1368 servis
2073 1331 2207 1367 nostris
2238 1330 2347 1365 nihilo

1256 1390 1370 1423 paene
1402 1378 1583 1414 differunt.
1639 1382 1675 1413 et
1706 1378 1787 1414 ideo
1821 1378 1916 1423 quod
1948 1378 1995 1413 ad
2024 1378 2184 1413 actiones
2215 1376 2271 1412 vel
2304 1386 2348 1411 ex

1257 1424 1386 1459 delicto
1424 1424 1604 1460 venientes
1641 1424 1697 1459 vel
1736 1435 1781 1459 ex
1812 1423 1954 1468 negotio
1986 1426 2085 1468 gesto
2118 1425 2307 1458 contractu
2321 1423 2349 1442 ¹³

1256 1469 1430 1514 pertinet,
1463 1470 1622 1505 eiusdem
1655 1469 1875 1505 condicionis
1908 1474 1992 1504 sunt
2021 1467 2223 1504 statuliberi
2247 1467 2347 1503 cuius

1257 1515 1377 1551 ceteri.
1426 1519 1462 1550 et
1491 1515 1571 1550 ideo
1602 1515 1640 1550 in
1671 1514 1826 1561 publicis
1859 1525 2000 1560 quoque
2030 1513 2173 1549 iudiciis
2205 1513 2348 1548 easdem

1260 1565 1273 1595 1
1323 1571 1460 1606 poenas
1484 1562 1683 1606 patiuntur,
1708 1571 1797 1606 quas
1823 1561 1931 1596 ceteri
1956 1559 2059 1595 servi.
2099 1559 2251 1603 Quintus
2267 1558 2347 1593 Mu-

1258 1607 1334 1641 cius
1358 1606 1502 1642 scribit:
1534 1610 1640 1652 pater
1671 1606 1825 1642 familias
1854 1606 1892 1641 in
1915 1608 2129 1641 testamento
2155 1604 2349 1648 scripserat

1258 1654 1300 1687 ‘si
1324 1652 1552 1687 Andronicus
1584 1662 1707 1688 servus
1737 1662 1836 1687 meus
1868 1651 1989 1686 heredi
2022 1661 2100 1686 meo
2126 1649 2264 1685 dederit
2287 1649 2346 1684 de-

1258 1701 1356 1739 ‘cem‚
1382 1697 1474 1732 liber
1498 1698 1599 1733 esto'.
1641 1697 1767 1732 deinde
1792 1697 1835 1732 de
1859 1696 1916 1732 his
1940 1696 2044 1731 bonis
2070 1699 2239 1741 coeperat
2263 1705 2347 1730 con—

1256 1743 1428 1778 troversia
1460 1753 1557 1778 esse:
1590 1743 1652 1789 qui
1680 1753 1719 1779 se
1747 1743 1824 1788 lege
1852 1741 2019 1777 heredem
2044 1741 2163 1776 aiebat
2186 1751 2285 1783 esse,
2317 1740 2348 1775 is

1258 1799 1334 1823 eam
1358 1788 1592 1824 hereditatem
1616 1788 1663 1823 ad
1687 1799 1726 1824 se
1749 1787 1928 1834 pertinere
1952 1786 2113 1830 dicebat,
2146 1786 2254 1828 alter,
2287 1786 2349 1831 qui

1256 1833 1489 1868 hereditatem
1518 1834 1747 1879 possidebat,
1779 1833 1901 1869 aiebat
1930 1835 2145 1868 testamento
2177 1842 2216 1867 se
2243 1831 2347 1867 here-

1257 1879 1335 1913 dem
1355 1889 1444 1914 esse.
1485 1878 1682 1914 secundum
1696 1881 1722 1901 ¹⁴
1747 1889 1828 1914 eum
1852 1879 2028 1914 sententia
2052 1878 2149 1913 dicta
2173 1880 2262 1920 erat,
2288 1877 2350 1921 qui

1256 1928 1470 1960 testamento
1503 1925 1623 1959 aiebat
1651 1935 1691 1960 se
1722 1924 1891 1960 heredem
1914 1934 2006 1959 esse.
2054 1922 2181 1959 deinde
2204 1922 2347 1958 Andro-

1256 1970 1358 2005 nicus
1384 1970 1592 2014 quaerebat‚
1618 1970 1649 2006 si
1671 1971 1741 2023 ipsi
1764 1970 1887 2014 viginti
1911 1969 2077 2011 dedisset,
2103 1968 2272 2014 quoniam
2292 1978 2347 2003 se-

1256 2015 1412 2050 cundum
1437 2025 1518 2050 eum
1542 2019 1719 2050 sententia
1735 2015 1833 2050 dicta
1849 2018 1914 2057 est,
1939 2015 2129 2049 futurusne
2147 2018 2242 2049 esset
2258 2013 2349 2049 liber

1255 2071 1302 2095 an
1325 2060 1413 2095 nihil
1437 2060 1601 2095 videatur
1625 2060 1821 2102 sententia,
1855 2071 1926 2105 qua
1954 2060 2054 2104 vicit,
2088 2060 2135 2094 ad
2163 2069 2242 2095 eam
2274 2070 2348 2094 rem

1254 2106 1398 2142 valere?
1412 2107 1439 2127 ¹⁵
1470 2110 1690 2150 quapropter
1708 2106 1740 2142 si
1759 2106 1881 2150 viginti
1900 2105 2021 2141 heredi
2038 2105 2173 2150 scripto
2194 2104 2350 2140 dedisset

1255 2154 1291 2187 et
1308 2162 1366 2186 res
1388 2155 1514 2186 contra
1533 2161 1778 2196 possessorem
1796 2151 1955 2186 iudicata
1975 2154 2080 2192 esset,
2101 2150 2201 2185 illum
2218 2151 2256 2185 in
2273 2160 2347 2186 ser-

1254 2197 1366 2232 vitute
1386 2196 1476 2233 fore.
1513 2197 1635 2232 Labeo
1657 2197 1736 2241 hoc,
1761 2196 1858 2249 quod
1876 2196 2030 2241 Quintus
2048 2195 2191 2231 Mucius
2212 2195 2347 2237 scribit,

1253 2242 1305 2277 ita
1335 2245 1441 2287 putat
1472 2252 1595 2277 verum
1622 2252 1720 2285 esse,
1750 2252 1783 2277 si
1812 2252 1852 2277 re
1881 2252 1965 2277 vera
1993 2242 2070 2287 lege
2101 2241 2148 2276 ab
2177 2241 2347 2276 intestato

1254 2288 1357 2323 heres
1382 2288 1451 2322 fuit
1473 2287 1503 2323 is
1529 2288 1589 2333 qui
1612 2288 1715 2323 vicit:
1750 2298 1833 2322 nam
1865 2287 1896 2323 si
1925 2286 2058 2322 iniuria
2080 2286 2209 2322 iudicis
2232 2286 2346 2322 victus

1254 2336 1350 2369 esset
1373 2333 1530 2378 scriptus
1554 2344 1660 2369 verus
1684 2334 1788 2369 heres
1814 2344 1857 2368 ex
1879 2335 2114 2375 testamento,
2146 2332 2256 2367 nihilo
2282 2331 2346 2366 mi-

1253 2389 1322 2414 nus
1342 2389 1424 2414 eum
1442 2379 1606 2423 paruisse
1628 2378 1831 2414 condicioni
1846 2379 1879 2414 ei
1899 2378 2017 2414 dando
2039 2381 2075 2413 et
2090 2378 2241 2413 liberum
2258 2377 2346 2412 fore.

1254 2424 1318 2459 sed
1341 2424 1563 2460 verissimum
1589 2428 1660 2466 est,
1694 2424 1791 2469 quod
1819 2427 1856 2459 et
1878 2424 1999 2459 Aristo
2026 2423 2129 2459 Celso
2153 2423 2346 2467 rescripsit,

1255 2479 1361 2515 posse
1385 2469 1463 2505 dari
1486 2469 1674 2514 pecuniam
1700 2469 1822 2505 heredi
1854 2469 1899 2504 ab
1930 2469 2118 2511 intestato,
2151 2468 2347 2504 secundum

1255 2525 1360 2559 quem
1374 2516 1549 2550 sententia
1566 2515 1663 2550 dicta
1683 2519 1747 2558 est,
1774 2515 1941 2560 quoniam
1957 2515 2015 2550 lex
2035 2514 2221 2550 duodecim
2241 2514 2345 2549 tabu-

1255 2560 1370 2594 larum
1386 2561 1576 2606 emptionis
1592 2562 1699 2597 verbo
1721 2571 1861 2596 omnem
1884 2560 2135 2596 alienationem
2159 2559 2347 2604 complexa

1255 2606 1450 2641 videretur:
1483 2616 1556 2641 non
1586 2606 1757 2642 interesse
1771 2607 1810 2649 ¹⁶,
1842 2617 1912 2651 quo
1943 2616 2073 2650 genere
2105 2604 2254 2650 quisque
2283 2604 2346 2639 do-

1255 2651 1372 2686 minus
1405 2651 1481 2687 eius
1509 2651 1612 2687 fieret
1644 2656 1680 2687 et
1701 2651 1782 2687 ideo
1807 2652 1904 2686 hunc
1929 2661 2070 2697 quoque
2094 2661 2137 2686 ea
2160 2651 2193 2686 le
2217 2660 2237 2686 e
2261 2661 2345 2685 con·

1254 2696 1370 2740 tineri,
1396 2697 1594 2732 secundum
1615 2707 1719 2742 quem
1739 2697 1917 2732 sententia
1936 2697 2031 2732 dicta
2047 2701 2112 2739 est,
2138 2699 2174 2731 et
2212 2695 2346 2731 ‘berum

1255 2742 1415 2777 futurum
1438 2752 1530 2784 eum,
1557 2743 1615 2787 qui
1640 2743 1672 2778 ei
1698 2742 1850 2778 dedisset
1868 2742 2066 2788 pecuniam.
2102 2742 2198 2777 hunc
2215 2744 2344 2782 autem,

1254 2787 1290 2821 id
1315 2791 1369 2823 est
1391 2798 1636 2833 possessorem
1655 2787 1874 2829 hereditatis,
1901 2788 1960 2823 cui
1981 2787 2066 2823 data
2084 2791 2179 2823 esset
2196 2796 2344 2826 summa,

1255 2833 1286 2868 si
1300 2832 1415 2868 victus
1431 2836 1526 2868 esset
1540 2833 1749 2868 hereditatis
1766 2833 1948 2878 petitione,
1971 2843 2053 2868 cum
2069 2832 2195 2868 ceteris
2211 2832 2305 2867 hanc
2318 2831 2345 2852 ¹⁷

1256 2888 1325 2923 quo
1352 2888 1398 2914 ue
1420 2878 1610 2923 pecuniam
1632 2879 1760 2914 victori
1783 2879 1970 2914 restituere
1996 2878 2135 2914 debere.

1302 2889 1355 2961 33)
1388 2923 1495 2958 IDEM
1521 2924 1611 2959 libro
1640 2925 1792 2970 septimo
1822 2935 1872 2959 ex
1900 2925 2013 2959 variis
2044 2921 2253 2959 lectionibus
2307 2920 2345 2955 Si

1254 2969 1306 3003 ita
1329 2969 1419 3004 liber
1443 2978 1521 3004 esse
1544 2969 1663 3005 iussus
1688 2969 1735 3004 sit
1760 2968 1935 3011 ‘Stichus,
1968 2969 1998 3004 si
2029 2978 2109 3003 eum
2138 2968 2241 3002 heres
2272 2975 2344 3001 non

1256 3013 1484 3057 alienaverit,
1508 3014 1600 3050 liber
1622 3015 1723 3059 esto’,
1748 3014 1888 3050 etiamsi
1903 3014 2092 3050 statuliber
2109 3016 2173 3055 est,
2197 3010 2343 3047 alienari

1255 3062 1374 3094 tamen
1425 3059 1539 3095 oterit.

1302 3102 1352 3141 31
1413 3114 1507 3139 Aws
1536 3104 1626 3139 libro
1651 3105 1755 3140 tertio
1780 3105 1916 3141 decimo
1944 3105 1994 3140 ad
2016 3105 2127 3150 leqem
2151 3102 2284 3137 Iuliam
2309 3103 2343 3135 ct

1256 3149 1411 3195 Papiam
1452 3149 1489 3184 Si
1512 3160 1612 3185 servo
1638 3150 1705 3185 sub
1730 3150 1943 3186 condicione
1965 3150 2143 3185 rationum
2168 3146 2342 3182 editarum

1254 3195 1411 3239 legatum
1434 3194 1497 3237 sit,
1529 3205 1594 3239 per
1624 3205 1703 3231 eam
1732 3195 1979 3232 condicionem
2003 3205 2082 3229 eum
2104 3195 2240 3228 iussum
2265 3200 2342 3226 esse

1254 3240 1410 3285 legatum
1441 3240 1624 3285 accipere,
1661 3243 1703 3275 ut
1764 3241 1927 3276 ecuniam
1957 3239 2174 3283 reliquorum
2204 3235 2340 3288 reddat,

1259 3289 1272 3320 1
1322 3295 1395 3321 non
1412 3284 1608 3320 dubitatur.
1645 3285 1695 3321 Et
1717 3285 1731 3321 i
1758 3297 1798 3322 eo
1825 3297 1904 3321 cum
1926 3285 2124 3330 quaesitum
2142 3283 2243 3333 estffl·
2259 3281 2341 3316 ‘Sti-

1257 3331 1355 3365 ‘chus
1381 3341 1463 3366 cum
1486 3330 1641 3366 rationes
1665 3331 1804 3367 dederit
1816 3333 1855 3374 ¹⁹,
1888 3342 1969 3366 cum
2001 3326 2245 3380 contubernah
2275 3334 2342 3360 sua

1256 3375 1358 3411 ‘liber
1381 3376 1470 3412 esto'
1500 3386 1548 3411 an
1571 3379 1710 3412 mortuo
1736 3376 1858 3412 Sticho
1882 3380 1965 3411 ante
1989 3373 2232 3410 condlclonem
2256 3381 2340 3423 con-

1255 3420 1453 3457 tubernaIis
1462 3421 1494 3443 ²⁰
1528 3420 1605 3458 eius
1634 3422 1749 3458 libera
1780 3431 1857 3458 esse
1887 3419 2019 3467 possit:
2058 3417 2217 3453 Iulianus
2253 3416 2342 3451 dunt

1256 3534 1335 3566 dum
1348 3545 1423 3567 eum
1438 3536 1603 3568 sententia
1621 3536 1710 3569 dicta
1728 3537 1862 3568 futurus
1880 3534 1994 3565 fuisset
2010 3531 2106 3572 liber,
2125 3542 2167 3563 an
2185 3529 2271 3563 nihil
2291 3531 2339 3563 vi-

1256 3579 1374 3612 deatur
1392 3581 1558 3613 sententia
1578 3592 1661 3623 quae
1681 3581 1762 3613 vicit
1779 3580 1820 3611 ad
1841 3590 1909 3611 eam
1928 3588 1996 3609 rem
2013 3576 2145 3609 valere?
2169 3576 2341 3618 respondit

1255 3624 1392 3658 omnino
1403 3626 1602 3659 sententiam
1615 3636 1699 3669 quae
1711 3625 1793 3657 vicit
1804 3624 1845 3656 ad
1858 3633 1928 3655 eam
1944 3633 2013 3654 rem
2025 3621 2134 3654 valere
2202 3623 2261 3662 (16)
2286 3621 2339 3653 'm-

1255 3671 1374 3703 teresse
1387 3669 1881 3713 Brencmannus‚interessetF
1929 3668 1987 3707 (17)
2013 3667 2102 3698 anF
2155 3668 2213 3707 (18)
2240 3665 2337 3698 liber-

1255 3716 1322 3746 tate
1335 3714 1382 3747 sic
1393 3714 1512 3748 relicta
1524 3717 1576 3749 vel
1586 3717 1704 3750 similia
1720 3717 1778 3747 ins.
1835 3716 1893 3753 (19)
1920 3712 2053 3745 reddect
2066 3712 2118 3743 1³²
2172 3715 2236 3752 (20)
2261 3722 2337 3742 cun-

1256 3759 1424 3793 tubernali
1436 3761 1473 3794 F

2025 3814 2068 3844 50
