2528 3918
183 100 416 145 XXXVIII
448 101 535 143 1.2

184 224 264 261 diae
286 223 413 259 domus
436 221 468 258 ei
491 220 676 257 indixerit:
701 220 790 257 nihil
808 221 902 258 enim
918 224 1024 264 vetat,
1049 220 1134 257 dum
1149 222 1269 257 custo·

184 270 237 305 dit
259 268 421 311 domum,
451 267 563 303 libros
593 266 761 303 scribere.
808 266 879 303 hoc
902 266 954 302 ita
975 265 1143 302 Neratius
1170 265 1270 302 libris

185 314 472 350 membranarum
494 310 566 348 scri
592 312 650 349 sit.

230 358 284 396 50
310 358 515 394 Nummos
535 357 563 393 li
583 368 625 393 ro
633 357 757 403 primo
772 364 1029 403 responsorum
1072 355 1270 408 Operarum

185 404 375 440 editionem
406 402 561 448 pendere
594 403 661 438 ex‘
699 401 958 438 existimatione
992 400 1148 437 edentis:
1188 410 1270 436 nam

184 449 348 495 dignitati
378 447 611 483 facultatibus
634 446 883 484 consuetudini
906 446 1059 482 artificio
1083 446 1160 481 eius
1184 456 1269 482 con-

192 500 200 529 1
252 494 431 531 venientes
463 492 628 529 edendas.
683 492 765 528 Non
796 492 912 528 solum
943 495 1063 527 autem
1094 491 1270 534 libertum,

184 539 247 576 sed
276 539 383 575 etiam
413 538 522 574 alium
551 537 743 583 quemlibet
766 547 894 582 operas
918 536 1081 572 edentem
1105 535 1271 572 alendum

184 589 248 620 aut
279 585 367 620 satis
398 583 567 629 temporis
598 582 645 618 ad
675 587 862 628 quaestum
892 581 1141 618 alimentorum
1163 580 1270 618 relin-

185 629 362 675 quendum
394 632 432 665 et
460 628 499 664 in
521 629 684 664 omnibus
707 631 870 673 tempora
893 627 940 663 ad
964 637 1087 663 curam
1110 626 1271 672 corporis

185 675 449 711 necessariam²
470 673 714 719 relinquenda.

231 719 280 757 51
317 719 476 756 Panos
503 718 595 756 libro
625 717 782 754 secundo
813 716 1036 752 manualium
1090 716 1272 752 Interdum

185 775 374 811 operarum
397 767 519 800 manet
567 763 677 804 etitio,
703 763 839 798 etiamsi
864 762 919 797 ius
943 762 1086 807 patroni
1110 773 1183 797 non
1206 762 1270 797 sit:

184 815 225 849 ut
246 810 364 847 evenit
386 810 423 846 in
445 809 547 845 fratri
573 820 616 844 us
640 808 733 850 eius,
767 808 824 843 cui
853 807 1062 852 adsignatus
1086 810 1142 843 est
1163 807 1271 843 liber·

184 861 260 898 tus,
292 860 357 937 ”iiii
380 858 509 902 nepote
532 853 679 890 alterius
703 852 845 899 patroni
869 856 1013 888 extante
1036 852 1184 889 alterius
1207 863 1270 898 pa-

185 901 279 938 troni
318 901 388 937 '’o.

691 1036 768 1077 11³.

440 1104 503 1138 DE
527 1104 661 1138 some
683 1089 1017 1137 LLBEBTORUii‘.

234 1170 252 1208 1
288 1170 483 1208 Umerus
502 1170 595 1206 libro
613 1168 918 1216 quadraqcnsimo
936 1166 1095 1204 secundo
1115 1166 1166 1203 ad
1178 1166 1273 1203 edic-

186 1223 260 1252 tum
306 1216 386 1252 Hoc
410 1215 566 1252 edictum
585 1225 608 1251 a
621 1218 787 1260 praetore
829 1213 1029 1258 ropositum
1044 1215 1100 1249 est
1115 1212 1273 1255 honoris,

184 1272 288 1308 quem
313 1261 433 1296 liberti
453 1260 615 1306 patronis
638 1259 771 1296 habere
794 1225 938 1302 Xebent,
962 1256 1171 1295 moderandi
1192 1267 1274 1303 gra-

185 1308 246 1342 tia.
295 1316 449 1352 namque
471 1309 514 1341 ut
536 1305 680 1342 Servius
703 1303 848 1347 scribit,
877 1307 985 1339 antea
1008 1302 1103 1339 soliti
1126 1302 1275 1339 fuerunt

185 1363 208 1388 a
230 1352 366 1387 libertis
396 1350 604 1388 durissimas
636 1359 693 1386 res
723 1349 881 1395 exigere,
912 1348 1051 1385 scilicet
1080 1347 1128 1384 ad
1155 1358 1272 1384 remu-

185 1397 382 1434 nerandum
413 1399 487 1432 tam
509 1394 644 1442 grande
667 1394 899 1437 beneficium,
931 1393 1028 1440 quod
1058 1393 1096 1429 in
1125 1393 1273 1430 libertos

187 1442 386 1485 confertur,
418 1452 500 1478 cum
530 1451 575 1477 ex
604 1440 774 1477 servitute
801 1439 850 1475 ad
873 1439 1052 1476 civitatem
1074 1439 1274 1475 Romanam

190 1492 201 1523 l
252 1487 508 1533 perducuntur.
551 1486 603 1522 Et
625 1485 767 1532 quidem
789 1485 926 1531 primus
948 1488 1095 1531 praetor
1116 1484 1273 1520 Rutilius

185 1533 295 1569 edixit
323 1543 364 1568 se
394 1532 546 1578 amplius
576 1541 650 1567 non
681 1530 849 1567 daturum
905 1534 1033 1567 atrono
1057 1540 1165 1575 quam
1187 1539 1273 1576 ope-

184 1589 304 1614 rarum
333 1581 371 1613 et
398 1577 580 1614 societatis
605 1576 799 1619 actionem,
831 1575 865 1611 vi
892 1575 997 1612 elicet
1027 1575 1059 1611 si
1081 1575 1151 1611 hoc
1173 1574 1273 1620 pepi-

185 1624 313 1669 gisset,
353 1626 414 1666 ut,
452 1621 522 1658 nisi
555 1622 588 1658 ei
627 1621 838 1666 obsequium
876 1623 1078 1666 praestaret
1111 1620 1274 1661 libertus,

186 1673 206 1704 2
252 1668 291 1703 in
314 1667 521 1704 societatem
544 1666 794 1702 admitteretur
816 1670 1002 1711 patronus.
1051 1665 1274 1701 Posteriores

184 1717 368 1760 praetores
398 1716 518 1749 certae
545 1712 659 1757 partis
683 1712 860 1748 bonorum
882 1710 1148 1765 possessionem
1170 1710 1274 1756 poili·

186 1760 376 1795 cebantur:
401 1757 565 1794 videlicet
582 1756 675 1793 enim
689 1756 805 1802 imago
822 1756 1005 1794 societatis
1021 1754 1162 1792 induxit
1179 1755 1273 1792 eius-

186 1805 266 1840 dem
284 1803 398 1849 partis
413 1803 704 1848 praestationem,
730 1806 782 1845 ut,
807 1801 904 1848 quod
926 1801 1027 1837 vivus
1051 1800 1191 1838 solebat
1213 1810 1272 1836 so-

186 1849 325 1886 cietatis
343 1848 486 1884 nomine
501 1851 696 1894 praestare,
721 1847 758 1883 id
772 1850 858 1893 post
871 1850 1021 1883 mortem
1036 1848 1238 1892 praestaret
1247 1847 1272 1881 ²⁵.

231 1893 257 1932 2
283 1894 521 1930 Pouromvs
531 1894 623 1930 libro
648 1897 780 1939 quarto
803 1892 854 1928 ad
868 1891 1043 1929 Sabinum
1090 1891 1128 1927 Si
1149 1895 1272 1937 patro-

188 1951 253 1976 nus
270 1950 293 1975 a
307 1939 435 1975 liberto
450 1938 667 1984 praeteritus
680 1938 857 1974 bonorum
870 1937 1134 1983 possessionem
1177 1940 1275 1973 etere

187 1985 342 2031 potuerit
371 1988 498 2020 contra
526 1983 669 2020 tabulas
700 1986 738 2019 et
765 1986 959 2029 antequam
988 1985 1128 2028 peteret
1175 1992 1273 2018 eces-

187 2031 274 2066 serit
303 2030 360 2066 vel
389 2029 464 2065 dies
495 2029 529 2065 ei
556 2029 733 2065 bonorum
787 2027 998 2065 ossessionis
1028 2027 1275 2073 agnoscendae

186 2075 429 2122 praeterierit,
466 2074 572 2110 liberi
606 2074 683 2110 eius
711 2039 785 2110 velp
798 2073 948 2110 alterius
979 2072 1124 2119 patroni
1153 2076 1275 2118 petere

186 2124 356 2167 poterunt
377 2130 424 2156 ex
444 2119 507 2155 illa
528 2122 634 2165 parte
656 2118 774 2162 edicti,
799 2129 882 2164 qua,
906 2118 1030 2164 primis
1053 2128 1127 2155 non
1148 2122 1274 2164 peten-

186 2167 283 2202 tibus
307 2169 371 2202 aut
394 2164 502 2201 etiam
523 2164 728 2201 nolentibus
752 2164 799 2200 ad
829 2174 868 2200 se
893 2163 1090 2209 pertinere,
1122 2173 1274 2208 sequen-

186 2212 284 2248 tibus
303 2211 420 2254 datur,
444 2214 553 2256 atque
569 2209 600 2246 si
614 2209 753 2255 priores
771 2220 815 2244 ex
831 2219 873 2245 eo
890 2219 1038 2245 numero
1053 2219 1127 2244 non
1143 2212 1273 2245 essent.

192 2261 205 2292 1
256 2256 327 2293 Sed
351 2255 382 2292 si
404 2259 578 2302 patronus
601 2255 705 2291 heres
731 2254 918 2291 institutus
946 2254 1024 2290 vivo
1053 2254 1183 2290 liberto
1213 2253 1274 2290 de·

187 2302 354 2339 cessisset
377 2311 419 2337 su
446 2300 628 2337 erstitibus
650 2299 791 2344 liberis,
823 2299 1024 2345 quaesitum
1048 2302 1121 2342 est,
1154 2309 1201 2334 an
1223 2298 1276 2334 illi

187 2351 314 2385 contra
335 2347 398 2382 tab
502 2344 706 2382 testamenti
729 2345 906 2381 bonorum
928 2344 1190 2390 possessionem
1212 2354 1274 2390 pe-

187 2397 263 2430 tere
312 2392 442 2428 ossint:
474 2394 512 2427 et
533 2401 576 2427 eo
599 2390 791 2428 decursum
813 2393 886 2433 est,
910 2393 952 2425 ut
974 2389 1098 2426 mortis
1121 2393 1275 2435 tempus,

187 2448 258 2484 quo
308 2437 443 2473 efertur
464 2437 643 2473 bonorum
664 2435 858 2482 possessio,
882 2434 1041 2480 spectari
1064 2434 1203 2478 debeat,
1228 2444 1276 2470 an

186 2487 362 2564 Eatronus
392 2492 466 2518 non
494 2482 556 2526 sit,
588 2485 645 2525 ut,
677 2480 709 2517 si
739 2481 804 2524 sit,
836 2490 882 2516 ex
904 2480 1020 2526 prima
1042 2483 1146 2526 parte
1168 2479 1277 2516 edicti

202 2527 291 2564 'beri
314 2528 391 2564 eius
414 2528 591 2563 bonorum
613 2526 875 2572 possessionem
894 2529 1017 2571 petere
1033 2536 1107 2561 non
1121 2525 1274 2571 possint.

187 2577 208 2608 2
255 2573 294 2609 Si
323 2572 418 2608 filius
450 2572 695 2617 emancipatus
731 2575 898 2616 nepotem
930 2570 970 2606 in
1002 2574 1182 2616 potestate
1218 2570 1277 2606 avi

187 2618 253 2654 reli
277 2618 406 2659 uisset,
444 2617 621 2653 bonorum
659 2615 922 2662 possessionem
957 2615 1071 2661 partis
1110 2614 1276 2652 dimidiae

188 2663 259 2699 dan
285 2673 343 2698 ain
371 2662 405 2698 ei
433 2662 507 2698 filio
535 2661 698 2698 intestati
727 2661 866 2704 liberti,
897 2660 1058 2706 quamvis
1088 2660 1167 2697 iure
1195 2661 1275 2706 ipso

187 2709 200 2743 l
246 2708 345 2744 ’tima
360 2706 541 2743 hereditas
557 2706 605 2743 ad
619 2710 786 2761 nepotem
794 2705 986 2759 pertineat,
1002 2706 1087 2751 quia
1100 2710 1136 2742 et
1150 2710 1277 2743 contra

187 2757 225 2788 ta
251 2753 331 2789 ulas
364 2752 440 2789 eius
470 2752 590 2788 liberti
618 2751 694 2789 filio
727 2754 848 2797 potius
887 2751 1065 2787 bonorum
1094 2751 1275 2797 possessio

188 2798 300 2844 partis
325 2797 467 2834 debitae
488 2797 648 2834 daretur.

235 2840 260 2881 3
292 2842 487 2879 Uhmsivvs
506 2843 598 2879 libro
621 2841 926 2889 quadragensimo
951 2841 1076 2888 primo
1107 2841 1158 2877 ad
1180 2841 1274 2878 edic-

189 2891 264 2924 tum
316 2887 469 2924 Etiamsi
498 2887 555 2924 ius
583 2887 772 2923 anulorum
802 2891 1018 2923 consecutus
1049 2886 1096 2922 sit
1124 2886 1275 2923 libertus

188 2943 213 2970 a
234 2932 405 2980 principe,
430 2932 598 2969 adversus
622 2932 728 2968 huius
750 2932 892 2968 tabulas
912 2932 1007 2968 venit
1024 2936 1210 2977 patronus,
1235 2935 1276 2968 ut

187 2977 309 3014 inultis
332 2978 516 3023 rescriptis
540 2977 762 3014 continetur:
789 2977 850 3013 hic
873 2977 966 3013 enim
987 2976 1073 3013 vivit
1094 2977 1198 3023 quasi
1219 2977 1274 3013 in-

187 3027 405 3106 ¹indagemus,
429 3023 580 3059 moritur
593 3023 697 3068 quasi
710 3022 872 3059 libertus.
906 3022 1019 3059 Plane
1041 3022 1072 3059 si
1096 3022 1275 3059 natalibus

190 3117 212 3150 2
256 3113 355 3150 Idem
383 3116 421 3149 et
447 3112 481 3149 si
507 3122 531 3148 a
559 3112 674 3158 princi
751 3113 901 3149 liberam
922 3113 1126 3149 testamenti
1147 3112 1275 3149 factio-

189 3162 211 3195 3
257 3169 338 3195 nem
369 3158 582 3203 impetravit.
630 3158 676 3194 Se
731 3158 763 3194 si
792 3159 862 3194 hac
892 3158 970 3203 lege
998 3157 1084 3194 emit
1106 3157 1204 3203 quis,
1236 3162 1277 3194 ut

190 3207 213 3240 4
258 3203 496 3246 manumittat,
519 3202 567 3238 ad
589 3202 683 3239 hane
706 3207 845 3249 partem
867 3203 975 3240 edicti
996 3203 1199 3248 pertinebit.
1238 3203 1276 3239 Si

190 3249 270 3295 quis
294 3258 458 3285 nummos
481 3258 568 3284 acce
592 3247 638 3291 it,
671 3252 712 3283 ut
734 3248 1018 3290 manumitteret,
1048 3249 1145 3284 non⁸
1167 3248 1276 3284 habet

191 3298 212 3330 5
259 3298 386 3331 contra
405 3292 549 3330 tabulas
568 3258 746 3329 {enorum
770 3293 1044 3339 possessionem.
1081 3292 1131 3330 Ut
1151 3297 1274 3338 patro·

291 3072 351 3104 tus
367 3067 426 3111 sit,
449 3071 569 3103 cessat
584 3072 710 3104 contra
724 3068 868 3103 tabulas
882 3067 1060 3104 bonorum
1074 3068 1273 3113 possessio:

190 3349 259 3375 nus
289 3342 416 3375 contra
444 3337 587 3374 tabulas
615 3337 791 3374 bonorum
820 3338 1082 3384 possessionem
1111 3338 1275 3384 accipere

190 3384 316 3430 possit,
336 3386 483 3437 oportet
503 3382 994 3463 hereditatemffiadffigililtgsls?
1004 3386 1082 3464 xit
1090 3383 1275 3464 11311ιὲωέ

217 3431 803 3510 εῐεὲῗέῒοωέἰεξξὴῗέὁᾱὶῖιεέ
831 3473 1047 3509 bonorumve
1076 3473 1274 3519 possessio-

190 3590 232 3629 (ι)
257 3597 369 3622 exon
384 3587 420 3623 P
501 3589 547 3631 (²)
570 3588 755 3623 necessaria
766 3587 848 3622 Hal.

237 3636 280 3675 (³)
305 3634 493 3669 Sab.i...1⁴.
507 3641 632 3674 ioman
656 3634 720 3668 Ed.
736 3641 863 3672 so...⁴o;
887 3633 1165 3677 Pap.15.⁴1...503
1185 3634 1271 3678 App,

192 3686 293 3712 51.—
305 3678 392 3712 Bas.
406 3681 462 3721 49,
474 3686 502 3713 4.
513 3697 560 3704 —
576 3680 627 3723 Cs.
644 3680 722 3713 lnu.
734 3680 766 3719 3,
779 3686 813 3718 ἰς
841 3679 918 3713 cod.
933 3682 965 3720 6,
976 3686 993 3713 4
1092 3683 1136 3722 u)
1160 3678 1272 3713 liberti

192 3724 262 3756 ind.
275 3723 310 3756 F

1262 94 1349 144 568

1490 0 1560 81 ἥ

2195 109 2260 143 DE
2284 110 2420 143 noma

1338 222 1360 255 6
1405 229 1485 255 nem
1507 218 1653 266 petisse.
1688 219 1868 257 Patronus
1894 222 2022 256 contra
2039 229 2083 256 ea
2100 219 2198 256 bona
2211 218 2330 256 liberti
2345 230 2420 256 om-

1337 264 1520 317 niuo-non
1542 264 1758 309 admittitur,
1790 275 1883 311 quae
1913 265 1951 300 in
1981 264 2109 301 castris
2141 267 2226 301 sunt
2247 264 2420 310 quaesita.

1339 312 1357 344 '1
1406 309 1445 345 Si
1461 309 1504 346 de
1531 313 1670 347 ortatus
1685 314 1860 363 patronus
1876 310 2062 363 restitutus
2082 309 2139 353 sit,
2162 309 2280 346 liberti
2296 313 2423 362 eontra

1337 354 1676 480 mysia&
1700 401 1948 446 ...m
1965 365 2131 436 :sees
2147 355 2421 453 asara:

1338 444 1665 543 isiniga&
1685 444 2267 544 {monspiffitffifgudividiiffifflffl
2275 444 2422 526 332?ss

1338 539 1394 571 est
1426 534 1635 581 admittique
1668 539 1802 582 poterit
1836 535 1884 572 ad
1919 539 2044 571 contra
2074 535 2216 571 tabulas
2273 545 2422 571 oncrum

1341 583 1362 615 9
1409 580 1672 626 possessionem
1707 584 1749 617 ut
1784 584 1969 626 patronus.
2025 580 2063 617 Si
2098 580 2226 626 capitis
2255 579 2422 616 libertum

1339 625 1564 662 accusaverit
1586 625 1635 670 is,
1659 626 1719 662 cui
1741 625 1947 671 adsignatus
1972 629 2044 670 est,
2070 636 2143 662 non
2164 627 2285 671 potest
2306 625 2338 661 is
2359 635 2422 671 pe-

1340 674 1418 706 tere
1440 674 1567 723 contra
1587 670 1729 707 tabulas
1753 671 1928 725 bonorum
1951 670 2212 723 possessionem
2234 669 2423 707 fratribus·

1339 725 1418 796 333,
1433 715 2425 813 2⁰32&xk'zmss’ztnzetuffmffiassffiom

1340 816 1384 841 ex
1405 806 1519 842 altero
1534 805 1608 841 filio
1625 810 1773 852 nepotes
1788 810 1926 842 essent:
1950 806 2098 843 libertus
2115 805 2219 849 enim,
2243 806 2305 851 qui
2321 805 2426 842 alteri

1341 861 1387 886 ex
1409 851 1491 887 filiis
1515 850 1741 897 adsignatur,
1774 862 1847 887 non
1870 851 1999 887 desinit
2020 851 2166 887 alterius
2187 850 2254 886 filii
2275 851 2424 887 libertus

1341 906 1430 932 esse.
1479 895 1633 942 amplius
1657 895 1846 933 dicendum
1870 900 1942 932 est:
1972 896 2110 933 etiamsi
2132 895 2291 932 omiserit
2313 895 2426 932 frater

1340 941 1516 978 bonorum
1539 941 1821 987 possessionem,
1852 942 1944 977 alter
1966 941 2097 985 frater,
2129 941 2187 978 cui
2217 940 2425 986 adsignatus

1340 997 1414 1023 non
1436 990 1492 1022 est
1501 987 1526 1029 ⁷,
1556 990 1677 1032 potest
1706 986 1899 1023 succedere
1927 990 1964 1022 et
1992 990 2119 1023 contra
2146 986 2289 1022 tabulas
2311 987 2424 1023 bono-

1344 1035 1385 1067 10
1431 1042 1511 1068 rum
1534 1032 1796 1077 possessionem
1845 1035 1952 1068 etere.
1999 1031 2147 1068 Totiens
2175 1031 2223 1067 ad
2250 1031 2426 1068 bonorum

1339 1076 1603 1130 possessionem
1627 1080 1753 1113 contra
1774 1043 1917 1113 tegulas
1941 1077 2111 1113 invitatur
2122 1080 2314 1129 patronus,
2338 1087 2425 1122 quo-

1340 1126 1433 1159 tiens
1460 1132 1542 1174 ‚non
1575 1125 1633 1158 est
1665 1122 1769 1158 heres
1803 1132 1848 1159 ex
1883 1122 2004 1158 debita
2037 1125 2201 1168 portione
2228 1121 2424 1158 institutus.

1345 1170 1382 1203 11
1432 1166 1471 1203 Si
1498 1170 1673 1214 patronus
1703 1168 1768 1204 sub
1797 1167 2006 1204 condicione
2036 1167 2084 1204 sit
2106 1167 2290 1203 institutus
2313 1177 2427 1212 eaque

1342 1211 1505 1249 condicio
1528 1212 1606 1248 vivo
1630 1216 1802 1249 testatore
1826 1212 1961 1257 extitit,
1993 1216 2119 1250 contra
2147 1212 2290 1249 tabulas
2314 1212 2425 1248 bono-

1345 1260 1386 1293 12
1432 1268 1511 1293 rum
1547 1258 1810 1303 possessionem
1844 1258 2010 1304 accipere
2043 1269 2115 1294 non
2152 1261 2281 1303 potest.
2335 1257 2425 1303 Quid

1342 1313 1437 1348 ergo,
1462 1303 1493 1339 si
1515 1303 1641 1339 mortis
1659 1306 1818 1349 tempore
1833 1303 2012 1349 pependit,
2037 1303 2155 1339 extitit
2170 1306 2301 1345 tamen,
2326 1305 2427 1338 ante-

1341 1358 1447 1394 quam
1470 1352 1623 1394 patrono
1648 1348 1832 1385 deferatur
1854 1349 2030 1385 bonorum
2052 1348 2231 1394 possessio
2280 1348 2350 1384 hoc
2372 1353 2429 1384 est

1341 1396 1426 1446 ante
1456 1393 1590 1430 aditam
1620 1393 1872 1446 hereditatem,
1903 1404 1952 1430 an
1976 1393 2145 1430 invitetur
2167 1403 2212 1429 ex
2234 1375 2304 1429 hac
2326 1396 2428 1439 parte

1341 1438 1474 1475 edicti?
1514 1442 1551 1475 et
1579 1449 1691 1485 magis
1721 1443 1795 1482 est,
1827 1442 1869 1475 ut
1900 1439 2021 1475 aditae
2048 1438 2256 1475 hereditatis
2286 1441 2427 1484 tempus

1345 1487 1385 1520 13
1432 1487 1635 1530 spectetur:
1669 1484 1739 1521 hoc
1769 1484 1863 1520 enim
1890 1484 1969 1520 iure
1998 1485 2141 1520 utimur.
2188 1483 2227 1520 Si
2250 1487 2369 1519 tamen
2390 1483 2427 1519 in

1341 1529 1576 1575 praeteritum
1600 1529 1732 1565 collata
1755 1530 1802 1566 sit
1824 1529 1988 1566 condicio
2011 1529 2067 1565 vel
2085 1528 2132 1565 ad
2149 1539 2333 1574 praesens,
2356 1539 2428 1565 non

1342 1573 1481 1611 videtur
1503 1574 1572 1610 sub
1596 1574 1806 1610 condicione
1829 1575 2033 1611 institutus:
2064 1578 2129 1610 aut
2159 1573 2253 1610 enim
2282 1573 2330 1609 im
2356 1574 2429 1610 leta

1340 1623 1398 1656 est
1419 1622 1457 1655 et
1478 1629 1570 1664 pure
1591 1619 1777 1667 institutus
1802 1623 1874 1662 est,
1905 1623 1968 1656 aut
1996 1630 2070 1656 non
2098 1623 2154 1655 est
2175 1622 2213 1656 et
2234 1629 2301 1656 nec
2350 1629 2428 1656 eres

1345 1668 1386 1700 14
1432 1664 1617 1718 institutus
1648 1668 1715 1718 est.
1768 1664 1806 1717 Si
1833 1665 1981 1719 libertus
2012 1668 2204 1717 patronum
2238 1675 2343 1701 suum
2377 1664 2430 1700 ita

1342 1709 1510 1746 heredem
1529 1713 1732 1755 scripserit:
1757 1713 1800 1746 ‘si
1822 1709 1917 1746 filius
1940 1720 2042 1746 meus
2065 1720 2122 1747 me
2143 1720 2221 1746 vivo
2245 1709 2428 1752 morietur,

1343 1756 1527 1809 ‘patronus
1549 1754 1655 1791 heres
1679 1756 1780 1799 esto’,
1804 1766 1878 1792 non
1891 1755 1984 1792 male
1999 1754 2138 1792 videtur
2150 1758 2322 1792 testatus:
2346 1765 2429 1792 nam

1342 1811 1374 1837 si
1402 1799 1597 1853 decesserit
1626 1800 1738 1845 filius,
1768 1800 1901 1847 poterit
1927 1801 1987 1837 hic
2017 1800 2192 1837 existente
2220 1799 2430 1837 condicione

1346 1848 1386 1882 15
1433 1855 1598 1891 accipere
1620 1846 1798 1882 bonorum
1820 1846 2083 1892 possessionem
2093 1846 2117 1882 ⁸.
2161 1845 2200 1882 Si
2221 1845 2343 1882 debita
2364 1855 2429 1892 pa-

1342 1894 1448 1927 trono
1471 1890 1589 1944 portio
1613 1891 1733 1936 legata
1755 1892 1811 1936 sit,
1836 1891 1904 1928 etsi
1927 1890 2084 1937 scriptus
2101 1890 2206 1928 heres
2221 1901 2295 1927 non
2310 1890 2428 1934 fuerit,

1346 1939 1386 1972 16
1433 1940 1522 1973 satis
1545 1946 1580 1972 ei
1602 1935 1737 1973 factum
1761 1940 1827 1973 est.
1876 1936 1946 1973 Sed
1975 1939 2013 1973 et
2042 1936 2074 1973 si
2101 1935 2286 1972 institutus
2315 1935 2363 1972 sit
2384 1946 2430 1972 ex

1342 1985 1446 2028 parte
1469 1981 1604 2018 minore
1627 1993 1735 2028 quain
1759 1982 1791 2018 ei
1807 1981 1968 2025 debetur,
1991 1980 2131 2018 residua
2147 1990 2231 2018 vero
2244 1991 2330 2034 pars
2342 1991 2429 2034 sup·

1340 2027 1442 2073 pleta
1465 2030 1521 2063 est
1543 2026 1576 2063 ei
1597 2026 1723 2072 legatis
1752 2027 1825 2064 sive
1851 2026 2152 2070 fideicommissis,
2181 2029 2219 2063 et
2243 2030 2296 2062 ita
2323 2030 2428 2063 satis-

1347 2075 1385 2107 17
1434 2071 1570 2108 factum
1601 2072 1634 2108 ei
1664 2072 1815 2109 videtur.
1863 2072 1934 2109 Sed
1962 2075 2001 2109 et
2026 2071 2152 2109 mortis
2183 2081 2295 2108 causa
2317 2071 2429 2108 dona-

1342 2117 1500 2154 tionibus
1523 2117 1656 2163 poterit
1678 2121 1829 2163 patrono
1852 2117 1975 2154 debita
2022 2116 2115 2154 ortio
2138 2117 2316 2163 suppleri:
2346 2127 2430 2154 nam

1342 2162 1469 2199 mortis
1504 2172 1615 2199 causa
1645 2162 1855 2200 donationes
1885 2162 1963 2199 vice
2070 2166 2192 2199 torum
2221 2161 2429 2208 funguntur.

1347 2210 1387 2244 18
1433 2207 1505 2244 Sed
1527 2211 1564 2243 et
1585 2207 1618 2244 si
1640 2219 1715 2244 non
1736 2208 1861 2245 mortis
1886 2217 1998 2245 causa
2006 2172 2165 2244 egnavit
2191 2207 2342 2244 libertus
2365 2217 2429 2253 pa-

1341 2256 1460 2296 trono,
1485 2253 1785 2306 contemplatione
1806 2256 1927 2290 tamen
1948 2252 2089 2290 debitae
2104 2252 2280 2299 portionis
2296 2252 2430 2290 donata

1342 2302 1438 2342 sunt,
1461 2297 1556 2334 idem
1578 2302 1647 2334 erit
1669 2298 1875 2335 dicendum:
1899 2302 1988 2334 tunc
2005 2298 2099 2335 enim
2114 2297 2170 2335 vel
2186 2297 2290 2344 quasi
2304 2298 2429 2334 mortis

1343 2353 1454 2380 causa
1481 2342 1752 2388 imputabuntur
1780 2343 1836 2380 vel
1865 2343 1968 2389 quasi
1998 2343 2145 2389 adgnita
2169 2343 2343 2390 repellent
2363 2353 2429 2390 pa-

1348 2391 1387 2424 19
1434 2392 1576 2424 tronum
1591 2389 1913 2442 aconti-stabulas
1928 2389 2105 2425 bonorum
2121 2388 2359 2434 possessione.
2391 2387 2430 2442 §i

1342 2431 2208 2532 ffi‘zi‘t'ip‘ffl{ititaffpffiffiifioeffitffffi}
2231 2432 2355 2515 ‘m
2370 2437 2430 2515 ’ἐξ

1343 2527 1387 2560 20
1435 2524 1537 2560 bonis
1561 2527 1608 2560 sit
1630 2523 1749 2560 hberti
1770 2523 1985 2571 profectum.
2020 2523 2188 2560 Debitam
2207 2527 2327 2560 autem
2345 2534 2428 2570 par·

1342 2573 1415 2606 tem
1438 2579 1581 2612 eorum,
1611 2579 1703 2615 quae
1735 2580 1816 2606 cum
1844 2569 1995 2606 moritur
2016 2568 2166 2606 libertus
2189 2568 2335 2614 habuit,
2363 2579 2428 2615 pa-

1342 2618 1449 2667 trono
1479 2614 1622 2650 damus:
1653 2615 1778 2652 mortis
1810 2614 1903 2651 enim
1930 2618 2072 2661 tempus
2102 2617 2318 2660 spectamus.
2365 2614 2429 2651 sed

1342 2663 1381 2697 et
1402 2671 1433 2696 si
1455 2659 1539 2696 dolo
1562 2659 1656 2696 malo
1679 2659 1781 2704 fecit,
1811 2670 1882 2707 quo
1905 2660 2021 2696 minus
2043 2659 2214 2703 haberet,
2245 2659 2317 2696 hoc
2340 2670 2428 2706 quo-

1344 2715 1413 2751 que
1423 2704 1547 2786 tvoluit
1569 2709 1716 2751 praetor
1737 2716 1804 2752 pro
1828 2716 1870 2743 eo
1893 2705 2037 2747 haberi,
2068 2708 2177 2752 atque
2206 2704 2239 2742 si
2265 2705 2303 2741 in
2325 2705 2429 2742 bonis

1342 2761 1422 2787 esse
1440 2778 1449 2787 .

1389 2795 1416 2834 4
1439 2794 1599 2833 Panos
1618 2796 1710 2833 libro
1739 2795 2045 2843 quadraqmsimo
2074 2794 2233 2832 secundo
2264 2794 2315 2832 ad
2335 2794 2428 2832 edio-

1344 2844 1419 2877 tum
1465 2841 1504 2877 Si
1525 2851 1651 2878 necem
1673 2840 1807 2878 domini
1829 2840 2004 2878 detexerit
2024 2850 2160 2883 servus,
2185 2844 2331 2886 praetor
2354 2845 2427 2877 sta·

1342 2890 1444 2923 tuere
1474 2886 1582 2931 solet,
1615 2890 1657 2922 ut
1684 2887 1775 2923 liber
1805 2886 1868 2923 sit:
1899 2889 1936 2923 et
1966 2888 2111 2923 constat
2136 2896 2218 2922 eum
2273 2885 2354 2922 uasi
2383 2897 2429 2922 ex

1343 2934 1490 2969 senatus
1515 2931 1677 2968 consulto
1701 2931 1902 2968 libertatem
1927 2933 2159 2968 consecutum
2187 2941 2213 2967 n
2278 2941 2320 2967 us
2350 2940 2428 2967 esse

1349 2981 1361 3012 ι
1410 2977 1590 3012 libertum.
1637 2976 1675 3013 Si
1702 2976 1851 3014 libertus
1880 2979 2008 3022 captus
2036 2975 2083 3012 ab
2106 2975 2271 3013 hostibus
2292 2975 2344 3012 ibi
2366 2975 2428 3012 de·

1344 3021 1510 3065 cesserit,
1539 3021 1698 3067 quamvis
1726 3022 1847 3058 liberti
1874 3031 1921 3068 ap
1939 3021 2068 3074 ‘ellatio
2091 3031 2173 3057 eum
2195 3031 2269 3058 non
2290 3025 2427 3067 tangat,

1342 3071 1463 3103 tamen
1517 3070 1640 3112 ropter
1671 3067 1784 3112 legem
1808 3032 2027 3110 Corneiiam,
2057 3076 2149 3111 quae
2176 3069 2427 3102 testamentum

1342 3112 1397 3149 sic
1419 3123 1462 3148 co
1569 3115 1607 3148 at
1630 3115 1737 3157 atque
1760 3112 1792 3149 si
1813 3112 1853 3148 in
1876 3111 2020 3148 civitate
2042 3110 2247 3154 decesserit,
2265 3114 2425 3164 patrono

1343 3161 1364 3193 2
1411 3167 1552 3203 quoque
1576 3156 1955 3238 bonorumfiplossessio
1979 3155 2097 3192 danda
2119 3157 2198 3193 erit.
2238 3156 2278 3192 Si
2298 3156 2426 3202 depor-

1342 3206 1440 3238 tatus
1462 3205 1638 3248 patronus
1661 3206 1724 3245 sit,
1796 3202 1829 3239 'o
1851 3202 1928 3239 eius
1952 3212 2031 3238 com
2078 3201 2122 3237 tit
2143 3202 2319 3238 bonorum
2340 3211 2426 3248 pos-

1343 3247 1456 3284 sessio
1484 3247 1521 3282 in
1551 3247 1654 3300 bonis
1684 3247 1804 3300 liberti
1831 3257 1898 3283 nec
1926 3246 2020 3292 impe
2094 3250 2176 3283 ento
2193 3249 2261 3299 ‚es-t
2287 3246 2322 3282 ei
2342 3246 2425 3283 talis

1342 3290 2335 3418 {iatfffissssugudpffgriizlstgsmsitliai'iztgrprossteinsspffl?
2357 3295 2425 3372 052,

1343 3386 1364 3419 3
1472 3393 1535 3435 inu
1550 3382 1680 3436 ‚obstat
1701 3382 1822 3419 liberis
1845 3392 1932 3435 suis.
1977 3381 2015 3434 S)
2038 3385 2229 3435 extraneus
2252 3391 2276 3416 a
2296 3380 2323 3416 li
2348 3385 2425 3435 srtp

1342 3427 1455 3515 iffi,
1476 3426 2425 3509 ffi‘iimsefflfflfflossfflh‘issssffffiffifflffi

1341 3589 1519 3632 praestare,
1532 3587 1568 3621 id
1578 3588 1652 3631 post
1662 3587 1802 3621 mortem
1812 3587 2020 3630 praestarent
2029 3598 2092 3620 cer.
2192 3587 2236 3628 (o)
2261 3584 2342 3628 non]
2354 3593 2423 3618 non

1341 3635 1515 3677 propterea
1536 3643 1604 3666 non
1622 3645 1685 3666 scr.
1823 3634 1867 3674 (7)
1892 3633 1941 3664 est
1960 3632 2038 3665 add.
2060 3631 2135 3665 dett.
2158 3643 2228 3664 cum
2245 3631 2298 3670 B,
2316 3642 2376 3663 om.
2394 3629 2427 3663 1³·

1342 3681 1387 3720 (8)
1411 3678 1593 3712 secundum
1603 3676 1734 3711 tabulas
1752 3677 1866 3718 itaqiie
1886 3686 1955 3709 non
1971 3675 2161 3709 admittitur
2176 3674 2219 3709 ad
2236 3676 2353 3709 eontra
2371 3676 2420 3708 ta·

433 3726 477 3767 (5)
502 3727 542 3758 ut
561 3724 650 3766 quod
670 3725 760 3757 vivos
777 3722 936 3757 nolebant
953 3724 1121 3758 societatis
1140 3725 1274 3758 nomine
1341 3722 1436 3756 bulas
1447 3722 1611 3756 bonorum
1623 3722 1858 3768 possessionem
1869 3721 2041 3756 secundum
2054 3722 2090 3755 Β
2103 3722 2161 3755 ins.
