2528 3918
146 160 206 190 DE
237 157 354 189 LEGE
386 156 613 189 CORNELIA
643 157 703 188 DE
732 156 884 188 FALSIS

146 268 222 313 pari
251 267 485 314 propioreve¹
525 267 639 313 gradu
678 270 774 303 sunt.
827 266 891 303 sed
926 270 963 302 et
991 277 1165 302 novercae
1195 269 1231 301 et

146 324 297 358 sponsae
320 324 496 358 personae
517 313 667 349 omissae
688 315 782 355 sunt,
807 312 985 348 sententia
1004 316 1123 348 tamen
1143 312 1229 356 legis

146 360 389 395 continentur:

191 403 216 440 4
247 404 352 439 Imm
389 404 480 440 libro
507 404 630 450 primo
669 403 714 438 de
738 403 899 450 publicis
930 402 1073 438 iudiciis
1128 402 1232 437 cum²

145 453 249 494 pater
273 453 309 484 et
333 453 447 485 mater
468 449 591 494 sponsi
615 459 770 493 sponsae
794 458 1011 490 socerorum,
1036 450 1077 481 ut
1100 446 1229 482 libero-

144 505 222 529 rum
247 495 369 539 sponsi
391 504 602 539 generorum
625 493 866 539 appellatione
890 493 1127 529 continentur.

191 539 215 576 5
240 539 344 574 IDEM
373 540 464 574 libro
488 543 619 584 quarto
644 540 779 574 decimo
810 539 1071 574 institutionum
1118 537 1231 572 Divus

146 585 346 620 Hadrianus
367 585 491 627 fertur,
517 595 598 619 cum
621 584 658 618 in
681 584 868 620 venatione
891 583 1004 618 filium
1023 593 1128 618 suum
1152 583 1229 627 qui-

146 630 227 665 dam
246 633 443 672 necaverat,
469 629 530 674 qui
548 640 738 665 novercam
756 629 992 671 adulterabat,
1017 627 1054 663 in
1078 629 1232 664 insulam

144 686 225 710 eum
259 675 483 720 deportasse,
523 675 618 720 quod
650 675 799 710 latronis
840 674 951 719 magis
981 684 1087 718 quam
1118 673 1231 726 patris

145 721 221 756 iure
250 730 330 755 eum
358 719 554 755 interfecit:
587 731 669 755 nam
699 720 817 765 patria
847 722 1007 764 potestas
1031 719 1068 753 in
1099 722 1232 763 pietate

145 766 260 807 debet,
286 776 358 800 non
381 765 570 800 atrocitate
594 766 798 801 consistere.

191 809 215 847 6
257 810 451 846 ULPIANUS
487 810 577 846 libro
610 816 733 846 octavo
766 811 810 845 de
843 810 969 855 officio
998 809 1232 855 proconsulis

145 856 271 891 Utrum
309 856 369 900 qui
403 855 612 891 occiderunt
657 859 823 900 parentes
866 866 912 890 an
954 855 1061 890 etiam
1097 854 1232 889 conscii

170 911 261 936 oena
292 900 474 945 parricidii
509 901 739 944 adficiantur,
780 900 904 945 quaeri
935 903 1065 945 potest.
1114 903 1151 934 et
1182 899 1232 934 ait

144 913 354 981 R‘laecianus
378 947 484 982 etiam
517 947 679 982 conscios
704 945 827 981 eadem
861 955 977 990 poena
1000 944 1230 987 adficiendos,

144 1002 215 1027 non
239 992 353 1027 solum
377 991 587 1036 parricidas.
620 991 768 1036 proinde
791 991 925 1027 conscii
946 990 1052 1026 etiam
1071 990 1233 1025 extranei

143 1037 268 1072 eadem
291 1047 408 1082 poena
431 1036 620 1072 adficiendi
644 1042 738 1071 sunt.

191 1080 214 1118 7
228 1082 333 1117 IDEM
348 1082 439 1118 libro
459 1083 648 1118 vicensimo
668 1093 765 1117 nono
786 1082 836 1117 ad
855 1081 1009 1116 edictum
1043 1080 1079 1116 Si
1098 1081 1233 1116 sciente

145 1127 324 1162 creditore
355 1127 402 1162 ad
425 1127 540 1162 scelus
572 1127 863 1163 committendum
894 1126 1048 1172 pecunia
1078 1126 1125 1161 sit
1148 1127 1231 1161 sub-

144 1173 355 1215 ministrata,
380 1175 420 1207 ut
442 1176 531 1217 puta
554 1173 584 1208 si
608 1172 654 1207 ad
671 1173 798 1208 veneni
820 1173 905 1207 mali
930 1172 1232 1216 comparationem

143 1219 198 1253 vel
221 1218 327 1253 etiam
348 1222 388 1252 ut
410 1218 610 1253 latronibus
631 1217 971 1262 adgressoribusque
991 1217 1146 1261 daretur,
1172 1217 1231 1262 qui

144 1268 280 1308 patrem
304 1263 561 1298 interficerent:
594 1263 776 1308 parricidii
800 1274 918 1309 poena
940 1262 1138 1304 tenebitur,
1173 1262 1233 1306 qui

144 1309 335 1353 quaesierit
372 1308 560 1353 pecuniam
600 1308 729 1354 quique
768 1319 891 1345 eorum
928 1308 980 1343 ita
1017 1307 1233 1343 crediderint

143 1358 207 1389 aut
230 1364 253 1388 a
276 1364 346 1398 quo
370 1355 421 1388 ita
445 1354 601 1389 caverint
612 1355 636 1388 ³.

190 1396 214 1436 8
255 1401 359 1433 IDEM
401 1399 492 1435 libro
531 1404 656 1434 octavo
694 1398 981 1449 disputationum
1043 1397 1232 1433 Parricidii

143 1444 345 1490 postulatus
369 1444 399 1479 si
422 1443 562 1479 interim
587 1444 796 1485 decesserit,
822 1443 853 1478 si
877 1443 1018 1488 quidem
1044 1443 1114 1479 sibi
1137 1454 1230 1478 mor-

142 1494 214 1525 tem
239 1489 419 1532 conscivit,
444 1499 687 1525 successorem
710 1488 835 1523 fiscum
858 1488 992 1524 habere
1017 1489 1175 1524 debebit:
1202 1489 1232 1524 si

143 1535 271 1577 minus,
295 1545 376 1570 eum
400 1544 503 1580 quem
526 1535 647 1576 voluit,
672 1534 703 1570 si
726 1534 831 1569 modo
851 1538 1103 1570 testamentum
1127 1534 1229 1569 fecit:

143 1581 176 1616 si
197 1580 388 1616 intestatus
413 1580 580 1622 decessit,
613 1590 674 1615 eos
698 1579 848 1615 heredes
872 1580 1037 1621 habebit,
1071 1579 1130 1624 qui
1155 1579 1232 1623 lege

144 1630 327 1661 vocantur.

189 1669 237 1708 9⁴
275 1670 529 1706 MODESTJNUS
574 1670 665 1705 libro
713 1670 923 1705 duodecimo
967 1671 1232 1722 pandectarum

144 1717 266 1752 Poena
295 1715 479 1760 parricidii
510 1725 608 1751 more
640 1714 816 1750 maiorum
850 1715 940 1750 haec
972 1716 1137 1751 instituta
1166 1719 1231 1757 est,

144 1765 184 1796 ut
224 1761 404 1806 parricida
442 1761 548 1806 virgis
591 1760 793 1805 sanguineis
831 1761 1037 1796 verberatus
1081 1761 1233 1796 deinde⁵

144 1807 259 1842 culleo
284 1807 448 1841 insuatur
471 1816 552 1841 cum
577 1816 681 1849 cane,
711 1805 805 1850 gallo
828 1806 1028 1850 gallinaceo
1053 1811 1087 1841 et
1111 1806 1232 1851 vipera

143 1857 179 1887 et
198 1851 317 1887 simia:
345 1851 471 1886 deinde
495 1851 532 1886 in
551 1861 649 1886 mare
672 1850 889 1896 profundum
909 1852 1045 1887 culleus
1063 1852 1231 1887 iactatur.

142 1898 212 1933 hoc
235 1897 302 1939 ita,
328 1897 358 1932 si
382 1907 480 1932 mare
502 1896 703 1942 proximum
727 1897 791 1931 sit:
824 1897 982 1942 alioquin
1006 1897 1129 1932 bestiis
1155 1897 1231 1932 obi-

152 1948 164 1977 t
213 1942 306 1978 citur
326 1942 522 1978 secundum
543 1942 613 1976 divi
631 1941 805 1976 Hadriani
825 1942 1125 1978 constitutionem.
1164 1942 1233 1987 Qui

143 1988 232 2023 alias
255 1998 427 2032 personas
452 1987 669 2022 occiderint⁶
691 1991 835 2032 praeter
858 1990 1007 2023 matrem
1030 1992 1067 2023 et
1090 1992 1230 2033 patrem

147 2037 182 2068 et
205 2044 310 2068 avum
334 2035 371 2068 et
394 2033 507 2067 aviam
532 2035 634 2077 (quos
658 2043 755 2067 more
779 2032 954 2067 maiorum
977 2033 1097 2078 puniri
1122 2043 1232 2078 supra

144 2078 320 2121 diximus),
352 2078 478 2123 capitis
508 2088 625 2123 poena
663 2078 865 2122 plectentur
897 2082 959 2113 aut
990 2078 1114 2114 ultimo
1146 2089 1231 2123 sup-

145 2128 164 2158 2
211 2123 318 2169 plicio
360 2127 573 2158 mactantur.
623 2123 717 2159 Sane
749 2123 779 2158 si
810 2133 875 2167 per
914 2123 1071 2159 furorem
1103 2124 1231 2168 aliquis

143 2174 327 2214 parentem
358 2169 544 2210 occiderit,
577 2168 761 2212 inpunitus
786 2168 870 2210 erit,
904 2171 945 2203 ut
977 2169 1047 2203 divi
1078 2169 1231 2204 fratres⁷

144 2215 403 2259 rescripserunt
440 2224 548 2259 super
584 2224 644 2255 eo,
688 2213 748 2258 qui
785 2224 850 2258 per
889 2213 1046 2249 furorem
1084 2218 1233 2249 matrem

144 2263 349 2295 necaverat:
376 2270 458 2294 nam
482 2259 647 2294 sufficere
671 2259 793 2294 furore
815 2259 894 2304 ipso
920 2269 1000 2294 eum
1023 2259 1154 2304 puniri,
1180 2259 1231 2294 di-

143 2305 380 2350 ligentiusque
417 2304 689 2340 custodiendum
728 2314 806 2339 esse
845 2308 908 2339 aut
945 2305 1050 2339 etiam
1082 2304 1232 2340 vinculis

145 2350 390 2386 coercendum.

195 2394 269 2432 10⁸
300 2395 458 2430 PAULUS
497 2394 587 2429 libro
619 2394 802 2440 sinqulari
837 2394 882 2429 de
908 2396 1040 2441 poenis
1073 2396 1232 2430 omnium

145 2441 263 2487 lequm
309 2440 461 2482 Eorum,
494 2439 554 2485 qui
577 2438 762 2485 parricidii
791 2449 908 2484 poena
931 2440 1044 2476 teneri
1068 2444 1231 2486 possunt,

145 2496 284 2531 semper
306 2486 486 2521 accusatio
511 2485 740 2531 permittitur.

652 2621 724 2662 X⁹.

145 2691 206 2723 DE
232 2690 355 2722 LEGE
381 2688 612 2722 CORNELIA
636 2689 698 2721 DE
722 2688 879 2722 FALSIS
911 2689 970 2722 ET
1003 2689 1065 2721 DE
1098 2689 1232 2722 SENA-

378 2734 460 2766 TUS
486 2733 716 2767 CONSULTO
741 2734 1004 2767 LIBONIANO.

196 2799 213 2837 1
242 2800 478 2836 Mazicum
513 2799 602 2834 libro
634 2803 766 2846 quarto
799 2800 936 2835 decimo
969 2801 1232 2836 institutionum

145 2846 267 2881 Poena
289 2845 377 2890 legis
402 2844 588 2880 Corneliae
610 2845 789 2890 irrogatur
812 2846 862 2888 ei,
896 2845 957 2890 qui
987 2844 1097 2882 falsas
1120 2850 1231 2882 testa-

145 2892 261 2926 tiones
284 2889 468 2926 faciendas
498 2890 743 2925 testimoniave
775 2890 867 2925 falsa
896 2891 1119 2936 inspicienda
1149 2891 1232 2927 dolo

150 2942 164 2971 1
214 2936 307 2971 malo
333 2935 500 2971 coiecerit
512 2936 549 2969 ¹⁰.
585 2935 715 2971 Item¹¹
741 2936 786 2971 ob
810 2935 1056 2971 instruendam
1080 2937 1231 2972 advoca-

145 2981 278 3017 tionem
317 2980 559 3016 testimoniave
602 2981 792 3026 pecuniam
839 2982 1019 3026 acceperit
1061 2985 1233 3034 pactusve

146 3028 255 3062 fuerit
291 3026 500 3062 societatem
538 3025 661 3061 coierit
692 3027 739 3062 ad
779 3026 1031 3071 obligationem
1061 3038 1231 3063 innocen-

148 3076 167 3108 2
213 3073 303 3107 tium
313 3073 352 3114 ¹2,
378 3082 422 3106 ex
445 3074 592 3106 senatus
619 3072 782 3107 consulto
807 3076 1003 3108 coercetur.
1048 3072 1119 3108 Sed
1142 3076 1179 3108 et
1202 3073 1233 3108 si

198 3117 226 3153 ‘s
262 3118 309 3153 ob
344 3116 619 3152 renuntiandum
663 3117 955 3153 remittendumve
993 3118 1233 3153 testimonium

172 3162 333 3198 'cendum
367 3162 423 3198 vel
457 3172 528 3196 non
561 3161 790 3196 dicendum¹³
823 3163 1010 3207 pecuniam
1042 3164 1231 3208 acceperit,

147 3218 266 3253 poena
288 3207 376 3252 legis
402 3207 587 3243 Corneliae
611 3206 784 3242 adficitur.
833 3212 868 3242 et
893 3209 953 3253 qui
975 3209 1128 3243 iudicem
1153 3219 1231 3244 cor-

147 3257 167 3289 3
214 3254 352 3298 ruperit
365 3251 702 3297 corrumpendumve
716 3253 901 3288 curaverit.
935 3253 1004 3289 Sed
1021 3258 1057 3289 et
1078 3254 1110 3288 si
1125 3254 1233 3288 iudex

148 3302 169 3333 4
216 3298 488 3333 constitutiones
513 3297 715 3342 principum
739 3297 944 3342 neglexerit,
970 3299 1128 3344 punitur.
1164 3299 1233 3343 Qui

146 3343 184 3378 in
207 3343 404 3379 rationibus
428 3343 562 3378 tabulis
587 3343 758 3378 cerisve¹⁴
782 3343 837 3378 vel
861 3343 933 3379 alia
956 3355 1027 3390 qua
1050 3346 1127 3380 re¹⁵
1156 3344 1233 3380 sine

148 3459 190 3500 (1)
214 3457 391 3500 propriove
403 3458 437 3490 F
506 3460 547 3497 (2)
574 3456 657 3498 quin
668 3469 730 3490 scr.
806 3458 850 3498 (3)
875 3458 1000 3500 quique
1015 3469 1086 3491 eam
1099 3459 1148 3491 ita
1161 3469 1231 3491 cre-

149 3502 273 3535 diderit
287 3506 347 3535 aut
362 3513 382 3535 a
395 3513 462 3544 quo
476 3503 525 3536 ita
537 3502 662 3535 caverit
679 3503 853 3543 (caverunt
867 3503 902 3536 F
907 3503 927 3545 ¹,
948 3505 1074 3537 caverit
1089 3503 1151 3546 F2)
1167 3517 1230 3537 scr.

150 3549 194 3589 (4)
221 3549 267 3580 ad
281 3553 296 3587 ς’
312 3555 329 3582 2
343 3549 385 3591 qs.
398 3549 443 3581 D.
460 3551 547 3590 1,18,
561 3556 592 3581 14
649 3548 693 3589 (5)
717 3547 754 3579 in
771 3549 831 3580 ins.
846 3548 897 3580 F²
962 3550 1007 3591 (6)
1032 3549 1192 3582 occiderit
1206 3550 1241 3582 F

150 3595 193 3633 (7)
218 3593 336 3626 Marco
354 3600 383 3626 et
395 3593 562 3626 Commodo
578 3593 860 3626 adscribitMacer
869 3594 914 3626 D.
929 3596 1054 3636 1,18,14
1118 3596 1162 3635 (8)
1189 3595 1230 3637 cs·

150 3639 197 3671 D.
210 3639 264 3679 29,
278 3646 304 3679 5,
317 3645 350 3672 13

196 3684 239 3723 (9)
266 3683 344 3715 Sal).
360 3690 454 3722 1...11;
474 3683 556 3726 Pap.
572 3691 690 3722 12...23;
708 3683 797 3725 App.
812 3690 863 3722 24;
881 3684 944 3716 Ed.
960 3690 1129 3718 25...33.—-
1145 3685 1230 3718 Bas.

150 3730 204 3768 60,
218 3736 260 3761 41.
273 3746 318 3752 —-
335 3729 383 3771 Cf
401 3729 477 3761 God.
493 3730 524 3769 9,
538 3736 583 3761 22.
599 3736 632 3762 23
711 3732 770 3769 (ιο)
796 3728 855 3770 qui
871 3728 912 3761 ad
929 3727 1026 3761 falsas
1040 3730 1233 3767 testationes

150 3773 316 3806 faciendas
337 3773 564 3806 testimoniave
587 3773 668 3806 falsa
691 3774 728 3806 in
752 3774 856 3806 vicem
882 3773 1020 3807 dicenda
1045 3774 1121 3807 dolo
1145 3773 1232 3807 malo

1215 139 1298 189 803

1962 148 2233 190 XXXXVIII
2263 151 2300 191 9.
2331 152 2379 190 10

1301 264 1568 310 consignatione
1588 264 1716 300 falsum
1738 268 1886 303 fecerint
1905 269 1958 304 vel
1978 279 2051 304 rem
2071 271 2276 313 amoverint,
2301 282 2380 316 per-

1297 310 1381 346 inde
1404 320 1449 345 ex
1461 309 1527 361 ‘his
1548 310 1677 352 causis,
1703 316 1809 357 atque
1832 314 1863 348 si
1884 318 1985 349 erant
2003 314 2147 358 falsarii,
2172 316 2379 360 puniuntur.

1300 356 1352 391 sic
1376 358 1412 390 et
1435 354 1536 390 divus
1558 355 1708 408 Severus
1733 358 1807 402 lege
1828 359 1991 394 Cornelia
2014 360 2057 395 de
2080 361 2180 396 falsis
2205 362 2383 396 damnavit

1299 400 1521 446 praefectum
1558 401 1726 445 Aegypti,
1763 404 1857 446 quod
1896 404 2138 441 instrumentis
2169 407 2263 448 suis,
2300 417 2381 442 cum

1300 450 1319 480 5
1368 449 1535 491 praeerat
1557 446 1771 490 provinciae,
1796 448 1924 483 falsum
1948 449 2043 484 fecit.
2081 452 2126 494 Is,
2152 452 2211 496 qui
2232 462 2382 496 aperue-

1299 491 1346 526 rit
1369 491 1437 526 vivi
1460 494 1729 542 testamentum,
1763 493 1850 537 legis
1875 494 2059 530 Corneliae
2090 507 2206 540 poena
2229 501 2380 531 tenetur.

1300 541 1320 572 6
1366 536 1420 579 Is,
1453 537 1513 581 qui
1542 536 1705 581 deposita
1734 537 1968 574 instrumenta
2000 541 2095 584 apud
2125 542 2232 576 alium
2263 543 2307 575 ab
2340 552 2382 577 eo

1299 582 1442 626 prodita
1479 592 1558 617 esse
1594 581 1806 618 adversariis
1839 585 1911 618 suis
1951 584 2054 627 dicit,
2096 597 2266 622 accusare
2302 598 2382 621 eum

1300 631 1318 662 7
1367 627 1449 662 falsi
1481 630 1610 672 potest.
1674 627 1763 662 ¹⁰Ad
1799 632 2012 664 testamenta
2050 631 2200 665 militum
2238 637 2382 667 senatus

1301 673 1503 708 consultum
1527 672 1701 717 pertinet,
1728 684 1797 717 quo
1821 674 1896 718 lege
1922 675 2084 710 Cornelia
2108 680 2291 719 tenentur,
2325 678 2383 721 qui

1302 721 1320 751 8
1369 718 1437 752 sibi
1454 718 1610 762 legatum
1628 717 1977 754 fideicommissumve
1991 720 2253 765 adscripserint.
2287 722 2385 757 Inter

1300 763 1412 797 filium
1437 766 1473 798 et
1497 773 1637 798 servum
1661 767 1697 798 et
1719 767 1928 799 extraneum
1951 769 2201 801 testamentum
2226 767 2382 802 scriben-

1299 811 1355 843 tes
1389 808 1459 843 hoe
1490 808 1653 850 interest,
1692 808 1788 853 quod
1826 810 1862 844 in
1894 814 2080 852 extraneo,
2118 812 2148 846 si
2186 813 2384 856 specialiter

1299 853 1516 899 subscriptio
1542 853 1640 888 facta
1664 858 1719 889 est
1750 854 1857 899 ‘quod
1888 855 1940 890 illi
1964 855 2093 890 dictavi
2117 861 2151 890 ct
2174 857 2383 901 recognovi’,

1299 909 1417 944 poena
1448 902 1568 935 cessat
1596 903 1632 934 et
1661 899 1742 944 capi
1773 904 1909 944 potest,
1940 900 1977 934 in
2007 901 2079 935 filio
2110 901 2166 936 vel
2199 913 2298 937 servo
2331 903 2384 937 vel

1299 944 1475 988 generalis
1505 944 1723 989 subscriptio
1752 944 1888 980 sufficit
1925 949 1960 980 et
1990 946 2036 980 ad
2067 957 2218 990 poenam
2250 948 2381 981 evitan-

1301 993 1320 1023 9
1369 989 1451 1024 dam
1483 993 1520 1025 et
1551 989 1598 1024 ad
1635 990 1858 1034 capiendum.
1922 990 1980 1025 Ex
2010 991 2072 1025 illa
2104 1003 2243 1036 quoque
2276 1004 2384 1027 causa

1301 1034 1384 1070 falsi
1407 1045 1545 1080 poenae
1570 1034 1648 1079 quis
1673 1035 1850 1070 subicitur
1885 1037 1939 1078 (ut
1969 1035 2039 1070 divi
2071 1047 2211 1081 quoque
2236 1038 2385 1073 Severus

1301 1083 1336 1115 et
1360 1080 1565 1115 Antoninus
1590 1080 1879 1123 constituerunt),
1918 1085 1958 1115 ut
1981 1085 2119 1116 tutores
2145 1087 2180 1115 et
2204 1087 2385 1117 curatores

1301 1128 1337 1161 et
1348 1126 1374 1147 ¹⁷
1399 1126 1460 1170 qui
1483 1125 1602 1161 officio
1628 1125 1790 1178 deposito
1814 1137 1887 1161 non
1910 1127 2143 1161 restituerunt
2166 1128 2313 1162 tutelam
2332 1128 2387 1162 vel

1304 1171 1525 1206 curationem
1558 1181 1638 1205 cum
1670 1171 1758 1206 fisco
1792 1172 2002 1207 contrahere
2031 1183 2103 1206 non
2126 1173 2264 1216 possint
2278 1174 2304 1193 ¹³
2333 1184 2386 1215 ac,

1301 1216 1331 1251 si
1356 1216 1435 1261 quis
1459 1216 1630 1252 adversus
1654 1216 1748 1251 hanc
1771 1216 1884 1262 legem
1907 1217 2090 1261 profectus
2105 1219 2132 1238 ¹¹³
2162 1218 2300 1252 aerario
2325 1219 2385 1252 ob-

1301 1262 1468 1307 repserit,
1502 1265 1543 1296 ut
1571 1261 1717 1306 perinde
1749 1262 1937 1306 puniatur,
1969 1273 2012 1297 ac
2037 1262 2066 1297 si
2090 1262 2220 1297 falsum
2245 1264 2386 1297 commi-

1306 1310 1344 1341 10
1392 1308 1508 1342 sisset.
1557 1307 1627 1342 Sed
1658 1307 1703 1341 ad
1734 1307 1814 1342 illos
1846 1308 1915 1342 hoc
1938 1318 2011 1343 non
2042 1308 2196 1352 pertinet
2220 1310 2273 1347 (ut
2295 1308 2386 1342 idem

1301 1352 1481 1397 principes
1490 1353 1521 1374 ‘²⁰
1540 1352 1826 1397 rescripserunt),
1852 1353 1912 1396 qui
1931 1357 2121 1398 antequam
2143 1353 2291 1387 tutelam
2310 1365 2387 1388 sus-

1301 1397 1462 1442 ciperent
1484 1398 1574 1433 haec
1607 1402 1812 1442 gesserunt:
1844 1408 1910 1433 nec
1936 1398 2029 1433 enim
2052 1399 2302 1433 excusationes
2327 1399 2387 1432 ad-

1307 1446 1339 1476 11
1392 1443 1581 1485 misissem,
1607 1443 1670 1478 sed
1688 1443 1834 1478 fraudes
1856 1444 2061 1480 exclusisse.
2094 1443 2190 1479 Idem
2210 1443 2388 1488 principes

1300 1488 1564 1533 rescripserunt
1591 1489 1643 1523 ita
1672 1488 1813 1524 demum
1837 1499 1936 1530 eum,
1969 1489 2030 1534 qui
2059 1489 2233 1524 rationem
2258 1490 2390 1524 tutelae

1300 1533 1354 1568 vel
1379 1544 1487 1569 curae
1511 1533 1668 1569 nondum
1689 1533 1855 1577 reddidit,
1881 1545 1962 1570 cum
1983 1535 2070 1570 fisco
2089 1534 2299 1570 contrahere
2318 1545 2389 1569 non

1301 1579 1445 1622 debere,
1479 1579 1510 1614 si
1540 1580 1635 1614 vivat
1665 1579 1715 1622 is,
1757 1579 1858 1615 cuius
1891 1580 2006 1614 tutela
2042 1579 2289 1615 administrata
2318 1584 2389 1614 est:

1302 1635 1384 1659 nam
1407 1625 1438 1659 si
1470 1624 1683 1668 decesserit,
1718 1624 1802 1660 licet
1831 1625 1989 1660 nondum
2021 1624 2144 1660 heredi
2173 1625 2249 1659 eius
2279 1624 2389 1659 ratio-

1304 1672 1344 1703 12
1392 1680 1474 1704 nem
1509 1669 1723 1713 reddiderit,
1759 1670 1838 1705 iure
1872 1681 1951 1706 eum
1992 1671 2213 1706 contrahere.
2262 1669 2332 1705 Sed
2362 1670 2391 1704 si

1301 1715 1380 1749 iure
1403 1714 1619 1750 hereditario
1644 1719 1898 1751 successerunt
1925 1716 1962 1750 in
1984 1716 2143 1751 fiscalem
2168 1718 2391 1750 contractum

1301 1763 1399 1795 tutor
1421 1761 1478 1795 vel
1501 1764 1657 1802 curator,
1682 1761 1766 1795 licet
1788 1765 1873 1796 ante
1897 1762 2070 1796 rationem
2095 1760 2287 1796 redditam:
2319 1771 2391 1795 non

1301 1809 1388 1850 puto
1402 1815 1555 1851 poenam
1573 1806 1692 1841 locum
1710 1806 1854 1849 habere,
1876 1807 1959 1842 licet
1976 1806 2093 1841 adhuc
2113 1806 2207 1841 vivat
2225 1806 2266 1847 is,
2290 1806 2391 1840 cuius

1305 1854 1343 1885 13
1391 1851 1506 1887 tutela
1523 1851 1580 1886 vel
1605 1861 1693 1886 cura
1716 1851 1966 1887 administrata
1989 1856 2052 1887 est.
2089 1852 2212 1886 Poena
2235 1850 2315 1885 falsi
2337 1851 2391 1885 vel

1302 1896 1405 1940 quasi
1429 1896 1511 1931 falsi
1535 1897 1736 1941 deportatio
1756 1900 1812 1931 est
1834 1901 1871 1932 et
1894 1898 2051 1933 omnium
2074 1898 2250 1931 bonorum
2273 1896 2390 1940 publi-

1303 1941 1415 1976 catio:
1453 1946 1489 1976 et
1523 1942 1554 1976 si
1591 1952 1713 1977 servus
1748 1953 1873 1977 eorum
1909 1943 1994 1986 quid
2030 1942 2229 1983 admiserit,
2267 1941 2390 1977 ultimo

1301 1998 1344 2022 su
1371 1987 1477 2032 plicio
1501 1987 1609 2022 adfici
1633 1987 1787 2022 iubetur.

1344 1997 1372 2068 Ξ
1398 2032 1557 2067 PAULUS
1578 2032 1669 2068 libro
1695 2034 1798 2068 tertio
1824 2032 1874 2067 ad
1896 2031 2070 2067 Sabinum
2106 2031 2175 2076 Qui
2198 2035 2390 2066 testamen-

1300 2080 1377 2112 tum
1401 2076 1573 2113 amoverit
1596 2078 1764 2113 celaverit
1786 2077 1958 2123 eripuerit
1987 2077 2154 2112 deleverit
2176 2077 2391 2112 interleverit

1301 2122 1493 2158 subiecerit
1529 2122 1763 2167 resignaverit
1772 2124 1803 2144 ²²
1843 2123 1947 2168 quive
1982 2126 2232 2157 testamentum
2261 2122 2392 2157 falsum

1301 2168 1484 2213 scripserit
1522 2167 1715 2213 signaverit
1751 2168 1956 2203 recitaverit
1994 2168 2075 2203 dolo
2115 2168 2209 2202 malo
2247 2167 2391 2202 cuiusve

1302 2213 1383 2248 dolo
1418 2213 1512 2248 malo
1547 2213 1584 2248 id
1621 2213 1758 2249 factum
1794 2214 1877 2256 erit,
1919 2214 2006 2258 legis
2045 2213 2229 2249 Corneliae
2276 2223 2391 2257 poena

1305 2259 1505 2293 damnatur.

1348 2301 1372 2341 3
1401 2303 1596 2339 ULPIANUS
1616 2303 1706 2339 libro
1729 2309 1859 2350 quarto
1882 2304 2164 2349 disputationum
2201 2303 2267 2346 Qui
2291 2302 2390 2346 igno-

1302 2359 1386 2384 rans
1410 2348 1541 2384 falsum
1551 2349 1582 2369 2³
1606 2359 1684 2384 esse
1703 2352 1957 2385 testamentum
1977 2349 2031 2383 vel
2051 2348 2282 2383 hereditatem
2305 2348 2391 2382 adiit

1301 2395 1357 2429 vel
1380 2395 1535 2439 legatum
1560 2394 1699 2440 accepit
1723 2395 1778 2430 vel
1811 2404 1953 2440 quoquo
1978 2393 2082 2428 modo
2107 2393 2289 2437 adgnovit,
2323 2392 2389 2427 fal-

1302 2451 1381 2475 sum
1404 2443 1657 2486 testamentum
1682 2440 1800 2475 dicere
1823 2451 1895 2475 non
1918 2439 2139 2484 prohibetur.

1347 2483 1372 2521 4
1400 2485 1507 2519 IDEM
1528 2485 1618 2520 libro
1643 2489 1768 2520 octavo
1793 2485 2078 2531 disputationum
2126 2483 2163 2518 Si
2187 2483 2283 2527 quis,
2309 2493 2390 2517 cum

1301 2530 1394 2565 falso
1426 2529 1496 2565 sibi
1526 2530 1681 2574 legatum
1712 2530 1869 2565 adscribi
1903 2532 2078 2571 curasset,
2114 2528 2323 2569 decesserit,
2354 2527 2390 2562 id

1301 2574 1426 2610 heredi
1449 2585 1590 2620 quoque
1614 2575 1898 2620 extorquendum
1918 2578 1982 2610 est.
2018 2574 2100 2609 inde
2125 2574 2225 2608 divus
2251 2583 2390 2618 quoque

1301 2620 1464 2662 Marcus,
1498 2631 1580 2655 cum
1605 2620 1748 2665 quidam
1772 2631 1794 2655 a
1822 2625 1926 2666 patre
1955 2620 2058 2655 heres
2083 2619 2266 2654 institutus
2292 2618 2386 2653 codi-

1303 2666 1404 2701 cillos
1436 2665 1676 2701 intercidisset
1707 2671 1742 2701 et
1775 2666 2004 2708 decessisset,
2037 2664 2124 2700 fisco
2149 2668 2286 2699 tantum
2312 2673 2390 2698 esse

1303 2711 1442 2756 putavit
1464 2711 1735 2754 vindicandum,
1765 2715 1936 2756 quantum
1960 2720 2024 2755 per
2048 2709 2229 2745 codicillos
2254 2709 2390 2752 erogari

1302 2760 1436 2801 posset,
1462 2757 1497 2791 id
1524 2760 1577 2792 est
1600 2767 1713 2801 usque
1735 2757 1782 2791 ad
1807 2756 2027 2792 dodrantem.

1349 2801 1372 2838 5
1406 2801 1600 2836 IULIANUS
1635 2802 1725 2837 libro
1756 2802 1999 2848 octayensimo
2030 2804 2134 2835 sexto
2169 2799 2389 2844 diqestorum

1302 2846 1455 2882 Senatus
1486 2857 1639 2891 poenam
1671 2847 1807 2882 remisit
1838 2847 1889 2889 ei,
1923 2846 1981 2891 qui
2014 2846 2132 2890 legata
2163 2855 2185 2879 a
2208 2854 2246 2879 se
2277 2847 2383 2878 testa-

1302 2896 1420 2927 mento
1453 2892 1539 2926 data
1580 2892 1751 2927 codicillis
1783 2902 1849 2927 sua
1881 2902 1989 2926 manu
2022 2890 2164 2936 scriptis
2198 2889 2386 2939 ademerat,

1302 2937 1402 2972 sed2⁴
1434 2937 1517 2981 quia
1541 2940 1576 2972 et
1598 2937 1701 2972 iussu
1725 2938 1836 2982 patris
1860 2937 1895 2971 id
1925 2937 2059 2971 fecerat
2083 2940 2118 2970 et
2141 2945 2314 2985 annorum
2338 2944 2386 2967 vi-

1300 2983 1389 3027 ginti
1424 2983 1580 3027 quinque
1615 2987 1709 3017 erat:
1753 2982 1985 3017 hereditatem
2020 2990 2158 3025 quoque
2195 2989 2225 3013 ei
2261 2987 2387 3022 capere

1301 3028 1515 3073 permissum
1539 3031 1603 3062 est.
2268 3068 2274 3073 -
2360 3067 2365 3072 ⁴

1348 3070 1373 3109 6
1409 3074 1635 3107 AFRICANUS
1667 3073 1756 3108 libro
1795 3073 1899 3107 tertio
1937 3071 2184 3116 quaestionum
2240 3067 2277 3119 Si
2309 3078 2386 3111 qu1s

1302 3118 1457 3162 legatum
1487 3117 1555 3152 sibi
1584 3117 1835 3162 adscripserit,
1867 3120 2010 3152 tenetur
2040 3123 2156 3159 poena
2186 3113 2273 3157 legis
2300 3112 2384 3146 Cor-

1301 3163 1431 3205 neliae,
1468 3163 1626 3207 quamvis
1660 3163 1786 3197 inutile
1821 3163 1976 3206 legatum
2011 3161 2074 3195 sit:
2117 3168 2198 3192 nam
2237 3161 2272 3192 et
2307 3167 2385 3190 eum

1301 3208 1415 3243 teneri
1440 3210 1599 3250 constat,
1624 3208 1685 3252 qui
1710 3218 1751 3243 eo
1775 3211 2007 3247 testamento,
2033 3203 2126 3249 quod
2151 3206 2277 3247 postea
2300 3212 2384 3253 rap-

1302 3258 1378 3287 tum
1397 3252 1452 3288 vel
1472 3253 1578 3287 etiam
1597 3253 1692 3297 quod
1709 3253 1809 3288 initio
1830 3263 1902 3287 non
1918 3252 1995 3286 iure
2013 3250 2124 3289 fieret,
2145 3248 2297 3291 legatum
2319 3247 2386 3280 Slbl

1302 3298 1543 3343 adscripserit.
1593 3298 1662 3333 hoc
1691 3301 1812 3333 tamen
1841 3302 1925 3332 tunc
1955 3305 2076 3346 verum
2106 3297 2176 3335 est,
2202 3302 2281 3342 cum
2305 3301 2383 3336 per-

1302 3344 1435 3379 fectum
1458 3347 1712 3379 testamentum
1743 3343 1821 3379 erit.
1870 3344 2024 3377 ceterum
2048 3350 2078 3374 Sl
2109 3348 2182 3373 non
2211 3341 2385 3382 signatum

1303 3457 1421 3490 coierit
1436 3470 1497 3490 scr.
1621 3458 1677 3499 (11)
1703 3456 1761 3498 qui
1777 3457 1836 3489 ins.
1855 3454 1926 3487 edd.
2048 3451 2106 3493 (12)
2131 3450 2318 3500 societatem
2331 3459 2384 3481 co-

1301 3503 1396 3534 ierit:
1421 3503 1502 3535 item
1521 3503 1580 3544 qui
1602 3502 1719 3535 coierit
1742 3501 1783 3532 ad
1803 3498 2045 3532 accusationem
2069 3497 2299 3545 innocentium
2321 3507 2382 3526 scr.

1301 3550 1360 3589 (13)
1386 3547 1427 3580 ob
1452 3547 1718 3580 denuntiandum
1743 3545 1793 3577 vel
1823 3554 1889 3576 non
1920 3541 2182 3575 denuntiandum
2213 3542 2383 3572 remitten-

1301 3593 1420 3625 dumve
1432 3593 1658 3625 testimonium
1675 3592 1826 3624 Cuiacius
1873 3590 1930 3629 (14)
1945 3586 2132 3620 cercisveF
2174 3588 2231 3624 (15)
2254 3594 2312 3626 reg
2325 3585 2355 3616 F
2364 3584 2384 3623 ¹,

1300 3647 1352 3670 res
1364 3638 1416 3670 F²
1469 3640 1527 3678 (16)
1551 3638 1664 3670 Etiam
1679 3638 1737 3668 ins.
1793 3635 1850 3675 (17)
1876 3633 1912 3664 hi
1925 3635 1983 3665 ins.
2001 3632 2049 3664 1⁹²
2098 3632 2157 3672 (18)
2182 3628 2384 3680 Ροεειιῐιτοὶῑ*2

1300 3683 1361 3723 (19)
1385 3683 1561 3725 praefectis
1581 3683 1661 3714 Hal.
1778 3680 1841 3719 (20)
1865 3678 2017 3720 princeps
2038 3677 2072 3708 F'
2184 3676 2242 3715 (21)
2268 3685 2300 3706 se
2322 3686 2380 3706 2715·-

1302 3732 1363 3768 (22)
1389 3728 1578 3770 regnaverit
1591 3728 1626 3759 F
1710 3727 1772 3766 (23)
1796 3724 1901 3756 fusum
1916 3723 1949 3754 F
2034 3723 2095 3762 (24)
2122 3719 2176 3751 sed
2191 3720 2252 3752 del.

2029 3821 2114 3854 101*
