2528 3918
163 114 373 158 XXVIIII
406 116 424 155 1

163 236 249 273 mihi
270 234 411 271 videtur
434 243 507 269 non
530 232 647 268 solum
670 236 791 269 cetera
821 237 963 279 praeter
993 233 1252 269 institutionem

164 279 324 322 heredis,
357 278 420 315 sed
446 282 483 314 et
504 278 620 323 ipsam
643 277 899 314 institutionem
922 279 960 313 in
983 288 1130 314 causam
1151 277 1251 314 fidei-

165 324 343 363 commissi
372 323 537 366 vertisse,
575 321 645 359 nisi
676 322 774 358 aliud
803 326 1011 359 testatorem
1042 322 1250 368 scripsisse¹

165 374 185 406 2
232 369 414 415 probetur.
450 367 488 404 Si
501 366 581 414 quis
596 378 620 403 a
634 367 744 404 milite
759 368 862 404 heres
879 368 1080 414 ad‘tempus
1096 367 1252 414 scriptus

165 419 259 451 esset
293 418 330 450 et
359 413 451 449 alius
482 422 527 448 ex
556 415 628 448 tem
654 423 735 456 ore,
791 413 967 456 uaeritur,
999 423 1046 448 an
1075 413 1254 459 posterior

164 461 267 495 heres
291 469 315 494 a
336 458 461 510 priore·
477 457 604 510 relicta
640 467 660 494 e
705 461 744 494 ta
792 458 899 510 chet...
919 460 955 493 et
978 457 1134 494 arbitror
1155 457 1252 494 hunc

164 503 495 586 miodei‘ssiizssffss
517 502 1253 594 t30v⁰vt³0¹zw²i¹ssz⁸utrsbtssyam

165 593 347 629 Tribunus
378 593 530 628 militum
560 593 592 628 si
621 593 717 628 intra
747 592 822 628 dies
854 596 971 628 certos
982 592 1008 635 ²,
1033 603 1139 645 quam
1170 602 1253 628 suc-

167 648 287 674 cessor
323 637 398 674 eius
436 638 475 673 in
511 642 631 682 castra
665 642 828 680 venerat,
863 647 1011 673 manens
1049 648 1086 672 m
1125 636 1254 673 castris

166 682 347 719 codicillos
378 682 505 718 fecerit
535 687 571 718 et
600 682 651 718 ibi
683 682 892 725 decesserit,
924 682 1094 728 quoniam
1125 681 1255 718 desinit

165 728 285 764 militis
307 727 388 764 loco
408 727 544 770 haberi,
568 731 758 779 postquam
778 737 966 763 successor
985 727 1061 763 eius
1080 727 1118 763 in
1135 731 1255 763 castra

164 773 271 813 venit,
294 772 375 809 ideo
400 783 578 809 commum
597 773 673 808 iure
693 772 820 808 civium
837 771 1081 808 Romanorum
1101 771 1255 808 codicilli

169 822 185 853 1
234 818 310 854 eius
342 818 553 853 aestimandi
584 821 678 853 sunt.
736 816 824 852 Cum
855 817 983 863 aliquis
1013 816 1112 854 facto
1143 820 1253 853 testa-

166 866 285 899 mento
301 862 454 898 militare
470 863 637 908 coeperit,
658 861 695 897 id
714 872 856 907 quoque
875 866 1139 905 testamentum,
1160 861 1256 908 quod

166 911 251 944 ante
274 917 380 953 quam
403 907 554 943 militare
578 907 735 953 coeperit
756 906 911 951 fecerat,
943 907 1063 953 aliquo
1090 917 1178 943 casu
1200 907 1254 942 in-

166 952 344 1033 tellegitur
373 952 518 988 militiae
547 955 706 997 tempore
736 952 891 995 factum,
923 952 1032 988 veluti
1059 952 1090 988 si
1113 952 1254 988 tabulas

167 997 238 1035 inci
263 998 331 1033 erit
361 1002 396 1033 et
425 998 439 1033 l
483 997 550 1033 erit
572 1001 824 1032 testamentum
847 1008 891 1033 ac
914 1008 1039 1033 rursus
1064 1008 1129 1033 suo
1154 997 1253 1042 signo

167 1043 198 1079 si
246 1042 369 1086 averit,
382 1053 464 1088 amp
480 1043 532 1078 ‘us
546 1042 576 1077 si
589 1046 623 1077 et
632 1043 658 1062 ²¹
674 1042 807 1087 aliquid
819 1042 1034 1078 interleverit
1076 1042 1256 1078 erduxerit

215 1087 335 1123 ’ecerit
347 1087 601 1123 emendaverit:
620 1087 715 1132 quod
728 1087 758 1122 si
769 1087 856 1122 nihil
869 1087 1045 1123 bonorum
1080 1087 1254 1130 inciderit,

166 1135 419 1168 testamentum
438 1133 514 1168 eius
534 1132 581 1167 ad
600 1132 782 1177 privilegia
798 1132 948 1167 militum
964 1142 1037 1168 non
1052 1132 1254 1178 pertinebit.

213 1175 263 1215 21
298 1178 525 1213 AFRICANUS
555 1177 647 1213 libro
679 1181 810 1222 quarto
846 1177 1096 1223 quaestionum
1152 1176 1256 1222 Quod

167 1222 402 1260 constitutum
442 1226 512 1264 est,
554 1225 595 1257 ιιι
631 1225 881 1258 testamentum
915 1222 1061 1257 militiae
1096 1226 1256 1267 tempore

165 1267 303 1304 factum
332 1267 439 1303 etiam
472 1267 568 1302 intra
599 1277 731 1302 annum
762 1271 845 1312 post
875 1266 1080 1302 missionem
1110 1267 1255 1309 valeret,

167 1316 342 1359 quantum
374 1312 421 1347 ad
451 1312 559 1348 verba
590 1313 666 1347 eius
698 1311 745 1347 ad
776 1322 838 1347 eos
871 1311 1058 1347 dumtaxat
1081 1312 1142 1357 qui
1165 1312 1257 1347 mitti

168 1358 286 1394 solent
308 1357 345 1392 id
367 1356 581 1392 beneficium
604 1356 780 1402 pertinere
805 1357 1034 1392 existimavit:
1060 1357 1256 1393 secundum

168 1402 262 1449 quod
292 1412 407 1447 neque
437 1401 639 1447 praefectos
671 1412 786 1447 neque
816 1402 979 1438 tribunos
1010 1406 1075 1438 aut
1105 1406 1255 1445 ceteros,

168 1447 229 1494 qui
267 1447 535 1483 successoribus
575 1447 733 1492 acceptis
773 1447 925 1483 militare
960 1447 1146 1490 desinunt,
1186 1448 1256 1484 hoc

313 1492 384 1527 'um
407 1491 604 1527 habituros.

315 1536 552 1572 MARCJANUS
571 1536 663 1572 libro
687 1542 819 1589 quarto
844 1537 1107 1572 institutionum
1151 1537 1256 1573 Miles

166 1581 263 1618 filius
286 1581 441 1617 familias
465 1581 496 1617 si
520 1581 639 1633 capite
664 1585 822 1617 minutus
853 1581 980 1625 fuerit,
1014 1582 1069 1617 vel
1101 1582 1255 1618 emanci-

166 1630 274 1672 patus
306 1627 362 1662 vel
391 1627 429 1662 in
460 1625 689 1671 adoptionem
721 1626 826 1662 datus
854 1637 876 1662 a
898 1631 1001 1672 patre
1025 1637 1110 1669 suo,
1144 1630 1255 1663 testa-

167 1676 325 1708 mentum
349 1671 424 1708 eius
447 1671 542 1716 valet
565 1671 669 1717 quasi
693 1682 738 1707 ex
759 1682 852 1707 nova
875 1672 1066 1708 voluntate.

214 1714 266 1755 23
306 1716 607 1752 Tssnwrrunvs
645 1716 737 1752 libro
776 1717 962 1763 sinqulari
997 1717 1042 1753 de
1081 1717 1259 1754 castrensi

163 1761 1069 1852 {itffli‘Zebffiffliusstiii’tattZZtiffiffissirffli}ui?
1087 1766 1255 1843 tentat:

167 1852 232 1888 rit:
257 1851 289 1887 si
310 1862 394 1888 vero
418 1852 547 1887 missus
570 1851 642 1887 iam
664 1852 734 1887 hoc
756 1851 904 1894 fecerat,
932 1863 1006 1888 non
1028 1852 1123 1888 valet
1145 1856 1256 1888 testa-

167 1900 337 1932 mentum.

215 1939 269 1978 24
295 1941 594 1977 ⁶Fion122vrziws
615 1940 705 1977 libro
729 1941 865 1976 decimo
890 1941 1154 1977 institutionum
1192 1941 1256 1976 Di-

169 1997 232 2022 vus
257 1986 435 2021 Traianus
459 1985 599 2021 Statilio
625 1984 754 2022 Severo
785 1986 837 2021 ita
862 1987 1065 2031 rescripsit:
1100 1986 1154 2022 ‘Id
1183 1986 1257 2032 pri-

170 2032 228 2067 ‘vil
273 2031 363 2074 'um,
396 2030 491 2076 quod
522 2030 754 2066 militantibus
786 2031 909 2066 datum
940 2036 1012 2073 est,
1043 2035 1084 2067 ut
1114 2042 1183 2077 quo
1211 2042 1257 2067 uo

170 2079 238 2112 ‘mo
266 2087 287 2112 o
311 2076 410 2111 facta
433 2076 479 2112 ab
502 2076 557 2111 his
581 2079 795 2111 testamenta
818 2080 899 2111 rata
921 2077 1003 2119 sint,
1028 2077 1080 2112 sic
1103 2077 1177 2112 inte
1205 2077 1259 2122 egi

171 2121 307 2164 ‘debet,
332 2125 373 2156 ut
395 2120 520 2166 utique
566 2121 641 2156 rius
666 2124 831 2157 constare
854 2121 982 2157 debeat
1004 2125 1259 2157 testamentum

170 2166 318 2202 ‘factum
342 2176 438 2208 esse,
470 2176 539 2212 quo
598 2169 634 2201 et
664 2167 741 2201 sine
764 2166 943 2218 scriptura
967 2169 1003 2202 et
1026 2177 1048 2202 a
1071 2177 1144 2202 non
1167 2167 1258 2202 mili·

171 2211 342 2247 ‘tantibus
366 2211 443 2247 fieri
465 2214 594 2263 potest.
642 2211 673 2246 si
696 2220 779 2256 ergo
803 2211 922 2253 miles,
956 2211 1000 2247 de
1027 2212 1130 2247 cuius
1154 2212 1258 2248 bonis

171 2256 279 2302 ‘apud
302 2259 339 2292 te
361 2259 557 2301 quaeritur,
589 2256 793 2292 convocatis
818 2255 865 2291 ad
887 2256 956 2292 hoc
980 2256 1195 2299 hominibus,
1219 2260 1260 2292 ut

171 2302 400 2338 ‘voluntatem
423 2311 526 2336 suam
549 2304 758 2343 testaretur,
786 2301 838 2336 ita
859 2301 1003 2337 locutus
1028 2305 1100 2344 est,
1133 2305 1174 2336 ιιι
1198 2301 1257 2337 de-

173 2347 350 2389 ‘elai-aret,
375 2356 480 2392 quem
503 2346 608 2382 vellet
630 2346 698 2381 sibi
722 2356 800 2381 esse
824 2346 989 2381 heredem
1013 2351 1049 2381 et
1072 2347 1131 2382 cui
1153 2347 1258 2382 liber-

172 2395 293 2427 ‘tatem
314 2391 513 2427 tribuere⁶z
537 2395 658 2436 potest
680 2391 791 2427 videri
814 2391 890 2426 sine
909 2391 1043 2436 scripto
1062 2391 1132 2427 hoc
1152 2391 1258 2427 modo

172 2441 261 2472 ‘esse
298 2440 452 2472 testatus
492 2440 528 2471 et
565 2436 730 2472 voluntas
769 2435 844 2472 eius
879 2440 960 2472 rata
993 2436 1159 2472 habenda
1193 2441 1257 2472 est.

172 2481 349 2517 ‘Ceterum
384 2481 434 2524 si,
473 2485 514 2516 ut
547 2481 753 2527 plerumque
787 2481 1010 2517 sermonibus
1044 2481 1123 2517 fieri
1157 2482 1259 2524 solet,

172 2527 274 2562 ‘dixit
296 2526 422 2579 alicui:
457 2529 530 2572 ‘ego
562 2530 599 2562 te
629 2526 796 2562 heredem
827 2525 945 2569 facio’,
978 2530 1042 2562 aut
1065 2526 1143 2562 ‘tibi
1165 2527 1261 2563 bona

173 2575 263 2607 ‘mea
286 2571 470 2617 rehnquo',
503 2582 575 2606 non
607 2574 749 2617 oportet
778 2571 848 2607 hoc
870 2582 936 2617 pro
960 2574 1172 2608 testamento
1196 2572 1259 2607 ob-

173 2616 328 2652 ‘servari
373 2627 439 2651 nec
464 2616 617 2652 ullorum
640 2617 752 2662 magis
775 2616 933 2659 interest,
958 2627 1065 2662 quam
1088 2616 1259 2662 ipsorum,

173 2662 313 2707 ‘quibus
336 2661 374 2696 id
397 2661 616 2706 privilegium
635 2661 759 2697 datum
779 2664 844 2703 est,
869 2661 1042 2698 eiusmodi
1062 2662 1260 2707 exemplum

173 2711 257 2742 ‘non
288 2705 446 2741 admitti:
483 2706 640 2751 alioquin
671 2717 742 2742 non
776 2705 969 2742 difficulter
1024 2710 1081 2742 ost
1111 2711 1260 2743 mortem

174 2751 335 2786 ‘alicuius
359 2751 478 2785 militis
501 2755 610 2786 testes
635 2751 846 2794 existerent,
876 2751 937 2797 qui
1016 2751 1199 2788 firmarent
1222 2763 1261 2788 se

174 2795 329 2831 ‘audisse
361 2795 536 2831 dicentem
568 2796 744 2841 aliquem⁷
776 2796 975 2842 relinquere
1006 2807 1044 2833 se
1075 2797 1172 2833 bona
1203 2798 1261 2833 cui

175 2841 300 2876 ‘visum
324 2840 379 2881 sit,
405 2844 441 2876 et
463 2851 527 2885 per
549 2841 618 2876 hoc
640 2841 772 2877 iudicia
794 2851 879 2877 vera
901 2842 1178 2878 subvertuntur’.

220 2883 273 2923 25
299 2884 486 2920 Minora
494 2895 539 2921 vs
554 2886 645 2922 libro
660 2885 845 2933 sinqulari
856 2897 1112 2934 responsorum
1143 2887 1260 2923 Titius

199 2930 381 2976 riusquam
400 2930 565 2966 tribunus
585 2931 731 2975 legionis
748 2929 868 2967 factus
885 2935 989 2974 esset,
1009 2935 1261 2968 testamentum

173 2941 261 3012 fecit
284 2979 320 3010 et
341 2979 468 3021 postea
492 2976 629 3011 cinctus
649 2980 814 3012 manente
833 2976 956 3012 eodem
975 2976 1167 3013 defunctus
1187 2981 1258 3014 est:

174 3030 326 3066 quaero,
350 3030 396 3055 an
420 3020 541 3055 militis
566 3024 816 3057 testamentum
839 3021 1001 3057 videatur
1024 3032 1113 3058 esse.
1160 3022 1259 3058 Mar·

176 3065 286 3101 cellus
309 3064 511 3116 respondit:
536 3069 789 3101 testamentum
811 3067 907 3112 quod
931 3070 1015 3103 ante
1038 3067 1260 3104 tribunatum

174 3110 332 3153 fecisset,
355 3109 448 3145 nisi⁸
469 3114 595 3154 postea
618 3111 663 3145 ab
689 3121 729 3146 eo
755 3110 890 3147 factum
914 3111 1049 3147 dictum
1073 3121 1152 3148 esse
1169 3123 1258 3166 pro-

174 3155 322 3191 baretur
344 3153 441 3207 quod
462 3154 580 3190 valere
600 3155 714 3198 vellet,
739 3155 786 3191 ad
806 3167 992 3192 commune
1012 3157 1068 3193 ius
1086 3161 1258 3202 pertinet:

176 3198 490 3236 constitutionibus
521 3199 613 3234 enim
638 3200 843 3251 principum
874 3212 946 3237 non
976 3202 1125 3238 militum
1148 3206 1259 3239 testa-

175 3249 305 3286 menta,
329 3243 394 3281 sed
416 3254 508 3290 quae
530 3254 554 3279 a
576 3244 743 3280 mihtibus
764 3245 864 3281 facta
881 3250 966 3282 sunt
985 3246 1258 3283 confirmantur:

176 3290 239 3326 sed
269 3289 376 3335 plane
405 3288 535 3325 fecisse
564 3292 815 3325 testamentum
846 3301 928 3327 eum
954 3291 1028 3328 inte
1072 3292 1260 3328 retandum

177 3340 248 3378 est,
271 3345 342 3415 iiim
365 3343 404 3370 se
427 3334 515 3370 velle
537 3336 788 3370 testamentum
812 3336 908 3380 quod
932 3340 1016 3372 ante
1055 3341 1175 3373 ecerat
1197 3347 1259 3374 va-

176 3379 248 3415 lere
310 3379 391 3425 ‘quo
415 3378 520 3415 modo
545 3378 752 3416 declaravit.

166 1492 268 1574 9143121

178 3495 216 3533 (ι)
242 3493 384 3525 sensisse
397 3492 503 3525 Faber
580 3495 622 3532 (2)
646 3491 738 3524 intra
750 3492 821 3525 dies
835 3498 994 3535 exceptos
1006 3507 1067 3528 scr.
1150 3495 1206 3536 (2¹)
1231 3495 1259 3527 si

177 3538 223 3579 et]
241 3541 275 3570 et
290 3537 320 3570 si
337 3535 388 3571 Ρ
524 3539 566 3577 (3)
591 3536 710 3569 horum
727 3537 801 3571 deu.
818 3538 988 3581 plerique:
1008 3540 1159 3583 sortasse
1175 3541 1259 3574 exci-

177 3584 293 3616 derunt
316 3582 417 3616 talia.-
447 3580 703 3615 dividendorum
727 3591 827 3614 eausa
851 3583 1019 3616 addiderit
1042 3594 1103 3617 neo
1128 3583 1260 3618 tabulas

177 3629 221 3669 (4)
246 3628 287 3671 cf
298 3627 377 3661 Inst-
387 3627 419 3667 2,
431 3634 471 3667 ιι,
485 3633 502 3661 6
572 3631 614 3666 (5)
638 3642 683 3656 -
695 3626 774 3660 Inst.
785 3627 817 3666 2,
830 3635 870 3666 ιι,
884 3635 898 3662 1
963 3632 1008 3669 (ο)
1033 3629 1196 3662 tribueret
1208 3628 1261 3663 17¹
1328 3633 1386 3670 (ιτ)
1411 3641 1429 3663 c
1445 3654 1453 3663 .
1473 3629 1638 3672 Ulpianus
1656 3628 1731 3663 Vae.
1745 3635 1782 3663 84

984 3675 1030 3714 (9)
1055 3674 1212 3707 desinant
1234 3674 1269 3708 F
1327 3674 1389 3715 (19)
1427 3673 1563 3707 ibertati
1575 3674 1686 3707 locum
1699 3673 1770 3706 fore
1784 3685 1847 3707 scr.

178 3674 222 3711 (7)
246 3671 391 3714 aliquem
411 3671 473 3705 del.
591 3673 634 3713 (8)
659 3670 748 3704 nihil
764 3671 793 3704 si
814 3672 848 3705 F
855 3672 866 3693 ¹

179 3722 238 3753 (10)
257 3716 392 3757 peculio
405 3717 480 3749 add.
494 3715 544 3749 Ρ
589 3716 710 3754 (uteie
721 3717 882 3758 C'ui'aciue,
897 3717 999 3750 aditis
1012 3718 1049 3751 F
1085 3723 1143 3757 (12)
1161 3720 1258 3752 resti-

1243 107 1331 155 398
1453 105 1456 108 ·
1570 76 1620 160 ³„

1511 28 1581 74 'kx

2026 123 2089 154 DE
2116 123 2346 157 ‘mm-anm<
2349 126 2408 158 TO

1366 229 1421 270 26
1444 230 1588 268 Macra
1618 231 1710 268 libro
1741 232 1899 269 secundo
1923 232 2133 268 militm-ium
2179 234 2411 272 Testamenta

1320 287 1462 319 eorum,
1492 276 1552 322 qui
1574 276 1788 322 ignominiae
1812 287 1924 313 causa
1946 277 2045 312 missi
2067 281 2171 320 sunt,
2203 280 2324 315 statim
2348 280 2408 317 de-

1319 321 1466 358 sinunt⁹
1488 320 1632 357 militari
1653 321 1730 357 iure
1749 321 1881 365 valere,
1905 321 2004 369 quod
2022 322 2107 357 anni
2125 323 2280 368 spatium
2298 328 2408 362 testa-

1319 366 1449 403 mentis
1473 376 1605 409 eorum,
1629 365 1691 419 qui
1709 366 1896 403 honestam
1914 367 1971 403 vel
1991 367 2191 404 causariam
2206 369 2410 407 missionem

1319 415 1535 454 meruerunt,
1551 410 1733 447 tribuitur.
1764 412 1821 448 ius
1836 412 1992 447 testandi
2007 411 2052 447 de
2069 414 2242 449 castrensi
2255 415 2293 458 ²⁰,
2314 416 2411 461 quod

1321 456 1403 493 filiis
1426 456 1580 492 familias
1603 455 1838 493 militantibus
1862 466 2071 493 concessum
2096 461 2161 500 est,
2186 458 2232 494 ad
2251 469 2323 501 eos,
2349 461 2409 506 qui

1320 501 1533 547 ignominiae
1556 510 1668 536 causa
1689 500 1788 537 missi
1811 505 1907 545 sunt,
1931 512 2004 538 non
2027 502 2193 547 pertinet,
2220 504 2317 550 quod
2339 505 2410 542 hoc

1321 546 1470 593 praemii
1492 547 1573 582 loco
1597 545 1815 582 merentibus
1838 546 2010 583 tributum
2035 550 2100 583 est.

1369 589 1422 629 27
1448 591 1696 627 Psmmivvs
1714 590 1806 627 libro
1826 595 1932 628 sexto
1951 602 2207 639 responsorum
2241 593 2409 631 Centurio

1323 636 1480 672 secundo
1504 638 1718 671 testamento
1741 639 1928 688 postumus
1950 636 2098 673 heredes
2122 637 2276 674 instituit
2294 650 2411 686 neque

1322 681 1536 717 substitutos
1556 680 1671 716 dedit:
1696 680 1826 726 quibus
1841 691 1915 717 non
1930 681 2034 717 editis
2046 683 2073 703 ¹¹
2093 682 2141 718 ad
2158 683 2322 729 superius
2338 689 2410 721 tes·

1323 730 1519 762 tamentum
1535 735 1574 761 se
1591 724 1707 761 redire
1723 728 1876 762 testatus
1893 729 1958 762 est.
1995 730 2125 771 cetera,
2145 738 2238 774 quae
2253 730 2411 767 secundo

1323 774 1535 807 testamento
1560 770 1723 816 scripsit,
1748 780 1827 806 esse
1848 770 1951 806 irrita
1972 771 2127 817 placuit,
2158 773 2228 809 nisi
2250 775 2411 810 nomina-

1323 816 1385 852 tim
1410 826 1453 852 ea
1477 816 1724 852 confirmasset
1746 815 1792 850 ad
1814 815 1970 861 priorem
1992 817 2212 854 voluntatem
2235 830 2409 856 reversus.

1370 858 1423 899 28
1455 860 1650 897 mmmm
1680 860 1772 896 libro
1804 861 2012 907 triqensimo
2034 865 2141 898 sexto
2164 863 2215 898 ad
2237 863 2411 901 Sabinum

1324 905 1414 942 Cum
1443 905 1538 941 filius
1569 905 1723 941 familias
1753 905 1855 941 miles
1886 905 2098 942 decessisset
2128 906 2202 943 filio
2228 908 2413 955 impubere

1323 951 1454 988 herede
1484 950 1647 987 instituto
1680 951 1713 986 ei
1737 961 1783 986 ue
1814 950 2057 986 substituisset
2086 951 2125 987 in
2155 953 2212 988 avi
2234 959 2413 999 potestate

1324 996 1482 1032 manenti
1500 999 1710 1041 tutoresque
1751 995 1893 1039 edisset,
1914 995 1984 1030 divi
2002 995 2133 1033 fratres
2153 999 2413 1045 rescripserunt

1323 1041 1612 1078 substitutionem
1631 1040 1774 1094 quidem
1792 1040 1922 1083 valere,
1942 1041 2072 1077 tutoris
2092 1045 2211 1078 autem
2231 1043 2412 1080 dationem

1323 1097 1396 1123 non
1418 1086 1556 1128 valere,
1590 1095 1676 1132 qma
1705 1085 1897 1121 hereditati
1927 1085 2069 1131 quidem
2091 1096 2179 1123 suae
2202 1089 2301 1125 miles
2325 1100 2412 1136 qua·

1322 1132 1392 1168 lem
1413 1131 1520 1167 vellet
1542 1131 1833 1167 substitutionem
1854 1130 1975 1166 facere
1994 1134 2124 1176 potest,
2149 1142 2270 1169 verum
2293 1138 2413 1171 tamen

1323 1176 1478 1213 alienum
1501 1176 1557 1212 ius
1581 1176 1740 1211 minuere
1763 1186 1836 1212 non
1859 1178 1988 1221 potest.

1369 1218 1424 1260 29
1458 1220 1699 1257 Manantes
1736 1220 1827 1257 libro
1867 1220 2003 1256 decimo
2041 1221 2261 1273 diqestorum
2319 1223 2358 1259 Si
2392 1234 2415 1260 a

1323 1267 1435 1303 milite
1466 1266 1622 1311 scriptus
1653 1265 1757 1302 heres
1788 1275 1855 1302 sua
1882 1268 2010 1311 sponte
2033 1265 2160 1302 adierit
2181 1267 2415 1305 hereditatem

1325 1316 1362 1348 et
1391 1322 1431 1348 ro
1478 1314 1537 1347 tus
1567 1314 1681 1347 totam
1708 1310 1943 1346 hereditatem
1955 1310 1984 1332 ¹²
2013 1311 2226 1355 restituerit,
2258 1323 2302 1349 ex
2325 1313 2414 1350 Tre·

1327 1362 1343 1392 1
1392 1357 1415 1393 b
1465 1356 1547 1392 ‘ano
1571 1358 1760 1391 transeunt
1782 1356 1953 1391 actiones.
1989 1356 2094 1392 Miles
2113 1360 2327 1394 testamento
2348 1369 2414 1396 suo

1324 1401 1605 1438 manumittendo
1630 1401 1718 1436 nihil
1742 1400 1854 1436 efficit
1875 1401 1911 1436 in
1936 1411 1998 1444 eo,
2030 1401 2131 1437 cuius
2161 1402 2308 1439 libertas
2337 1403 2416 1450 lege

1325 1450 1346 1483 2
1391 1447 1495 1483 Aelia
1518 1446 1642 1482 Sentia
1671 1446 1728 1482 vel
1759 1446 1830 1482 alia
1861 1456 1933 1491 qua
1945 1446 1974 1468 ¹³
1995 1445 2197 1491 impeditur.
2243 1447 2415 1486 Edictum

1350 1492 1521 1534 metor-is,
1569 1502 1639 1537 quo
1683 1490 1929 1527 iusiurandum
1941 1491 1969 1512 ¹⁴
2009 1491 2199 1527 heredibus
2241 1493 2414 1530 institutis

1324 1503 1574 1582 fegatariisque
1597 1536 1810 1579 remittitur,
1844 1536 1963 1572 locum
1995 1536 2104 1572 habet
2135 1537 2240 1572 etiam
2264 1539 2300 1573 in
2323 1539 2413 1575 mili-

1324 1586 1399 1618 tum
1423 1582 1657 1624 testamentis,
1683 1581 1776 1617 sicut
1800 1581 1906 1616 etiam
1925 1582 1963 1616 in
1981 1581 2278 1619 fideicommissis:
2302 1583 2413 1620 idem-

1326 1630 1346 1663 3
1393 1637 1462 1673 que
1485 1627 1516 1662 si
1537 1627 1653 1672 turpis
1678 1630 1772 1662 esset
1796 1626 1972 1662 condicio.
2022 1626 2158 1662 ¹⁵Patri
2182 1628 2269 1671 eius,
2294 1629 2355 1675 qui
2377 1630 2415 1665 in

1326 1672 1609 1718 emancipatione
1646 1672 1725 1716 ipse
1762 1671 1999 1707 manumissor
2036 1671 2250 1716 exstitisset,
2290 1678 2415 1710 contra

1325 1717 1468 1753 tabulas
1507 1717 1713 1752 testamenti
1750 1716 1905 1752 dandam
1943 1716 2118 1752 bonorum
2153 1718 2415 1762 possessionem

1325 1763 1439 1809 partis
1474 1761 1617 1797 debitae
1650 1761 1771 1807 placet
1806 1761 1964 1806 exceptis
1998 1761 2054 1797 his
2087 1761 2215 1805 rebus,
2254 1773 2344 1808 quas
2377 1764 2415 1800 in

1327 1807 1453 1843 castris
1478 1807 1524 1887 ald
1549 1807 1711 1850 uisisset‚
1744 1816 1894 1852 quarum
1925 1806 2074 1842 liberam
2104 1809 2309 1844 testamenti
2337 1808 2414 1845 fac-

1326 1853 1462 1888 tionem
1511 1862 1533 1887 a
1559 1855 1614 1887 et:

1372 1894 1426 1935 30
1447 1896 1504 1932 ΡΑ
1512 1906 1556 1932 σι
1563 1906 1608 1933 vs
1620 1896 1710 1932 libro
1726 1897 1877 1942 septimo
1894 1897 2142 1942 quaestionum
2170 1907 2253 1933 nam
2266 1898 2303 1934 in
2319 1898 2416 1936 bona

1327 1941 1525 1978 castrensia
1559 1952 1633 1977 non
1668 1951 1746 1976 esse
1781 1940 1936 1976 dandam
1949 1942 1987 1963 ¹⁵·
2022 1945 2148 1977 contra
2178 1943 2321 1979 tabulas
2351 1944 2416 1981 filii

1326 1988 1446 2023 militis
1470 1987 1647 2023 bonorum
1661 1987 1688 2008 ¹⁶
1710 1986 1972 2032 possessionem
1992 1985 2092 2022 divus
2109 1986 2196 2023 Pius
2211 1989 2415 2025 Antoninus

1327 2033 1438 2068 rescri
1464 2033 1522 2068 sit.

1373 2075 1424 2116 31
1438 2043 1484 2099 ΡΠ
1492 2076 1733 2112 Menelaos
1753 2076 1844 2112 libro
1869 2077 1972 2112 tertio
1992 2076 2128 2113 decimo
2141 2078 2170 2099 ¹⁸
2193 2078 2414 2125 diqestorum

1328 2122 1366 2158 Si
1389 2123 1488 2158 miles
1510 2122 1604 2158 Titio
1629 2125 1665 2157 et
1684 2120 1764 2156 Seio
1789 2130 1930 2157 servum
1952 2121 2120 2167 legaverit
2142 2126 2178 2158 et
2197 2133 2279 2159 eum
2298 2123 2414 2160 Titius

1327 2167 1591 2203 manumisisset
1629 2165 1846 2202 deliberante
1881 2166 1961 2202 Seio
2000 2177 2152 2213 moxque
2190 2169 2221 2204 is
2259 2169 2414 2215 legatum

1327 2213 1522 2254 omisisset,
1554 2211 1777 2247 liberandum
1807 2211 1885 2247 fore
1899 2212 1926 2233 ¹⁹
1956 2211 2055 2254 dico,
2089 2213 2173 2258 quia
2199 2217 2236 2249 et
2258 2214 2289 2249 si
2310 2215 2415 2250 heres

1328 2268 1468 2294 servum
1496 2257 1604 2293 alicui
1634 2256 1789 2301 legatum
1811 2256 1952 2292 interim
1975 2258 2255 2301 manumisisset,
2288 2259 2415 2296 deinde

1326 2303 1519 2348 legatarius
1543 2301 1777 2346 repudiasset,
1800 2301 1891 2336 liber
1914 2305 2017 2337 esset.

1374 2345 1428 2386 32
1455 2348 1704 2382 Moosssrliws
1724 2345 1815 2382 libro
1839 2357 1934 2382 nono
1960 2357 2002 2380 re
2027 2347 2171 2382 ularum
2218 2346 2256 2382 Si
2286 2358 2413 2383 secun-

1328 2393 1413 2429 dum
1432 2392 1653 2438 probabilem
1672 2391 1890 2426 voluntatem
1909 2391 2029 2427 militis
2049 2391 2225 2427 hereditas
2246 2392 2321 2428 eius
2342 2404 2414 2429 non

1328 2438 1489 2479 adeatur,
1513 2447 1580 2472 nec
1603 2446 1660 2472 res
1685 2439 1886 2471 castrenses
1908 2436 2099 2472 heredibus
2124 2441 2341 2483 competunt.

1374 2481 1427 2521 33
1456 2482 1754 2531 Tssnrvpruzws
1774 2481 1864 2517 libro
1887 2481 2070 2527 sinqulari
2090 2481 2135 2517 de
2155 2484 2333 2518 castrensi
2346 2493 2414 2529 pe-

1328 2529 1422 2565 culio
1478 2527 1516 2562 Si
1546 2526 1640 2562 filius
1670 2525 1824 2562 familias
1854 2526 1954 2562 miles
1988 2526 2132 2562 fecisset
2165 2530 2414 2563 testamentum

1327 2583 1428 2609 more
1450 2572 1614 2614 militiae,
1647 2570 1774 2607 deinde
1804 2575 1888 2616 post
1917 2575 2067 2607 mortem
2089 2572 2204 2617 patris
2226 2577 2413 2617 postumus

1329 2619 1362 2655 ei
1395 2621 1622 2659 nasceretur,
1662 2616 1785 2662 utique
1822 2616 1998 2662 rumpitur
2036 2617 2112 2653 eius
2150 2620 2412 2653 testamentum.

1329 2674 1449 2700 verum
1473 2663 1503 2699 si
1525 2664 1787 2708 perseverasset
1808 2661 1847 2697 in
1869 2671 1912 2697 ea
1934 2662 2134 2704 voluntate,
2159 2666 2201 2697 ut
2222 2662 2327 2698 vellet
2349 2663 2413 2699 ad-

1329 2709 1401 2744 huc
1423 2707 1511 2744 illud
1533 2710 1785 2743 testamentum
1807 2706 1943 2750 valere,
1967 2707 2158 2742 valiturum
2180 2707 2285 2748 illud,
2311 2708 2413 2754 quasi

1328 2764 1471 2790 rursum
1502 2752 1601 2788 aliud
1629 2751 1786 2794 factum,
1826 2752 1857 2787 si
1886 2751 1991 2788 modo
2022 2751 2191 2787 militaret
2220 2752 2339 2789 adhuc
2370 2763 2412 2789 eo

1332 2802 1347 2834 1
1395 2802 1555 2844 tempore
1574 2808 1644 2843 quo
1665 2800 1872 2832 nasceretur
1890 2797 1941 2832 illi
1957 2800 2154 2842 postumus.
2188 2797 2258 2832 Sed
2274 2798 2304 2833 si
2319 2797 2412 2834 filius

1328 2843 1481 2879 familias
1511 2842 1611 2878 miles
1646 2842 1791 2878 fecisset
1823 2845 2093 2884 testamentum,
2131 2841 2258 2878 deinde
2286 2847 2413 2888 postea

1328 2889 1405 2924 vivo
1437 2898 1479 2924 eo
1509 2892 1546 2924 et
1575 2887 1693 2923 adhuc
1725 2897 1790 2922 avo
1823 2897 1964 2938 quoque
1991 2887 2183 2932 superstite
2205 2891 2413 2923 nasceretur

1328 2933 1361 2970 ei
1382 2938 1589 2979 postumus,
1621 2942 1695 2968 non
1724 2935 1902 2977 rumpitur
1928 2932 2003 2968 eius
2026 2934 2293 2974 testamentum,
2327 2932 2413 2978 quia

1329 2989 1410 3015 cum
1439 2978 1477 3014 id
1507 2977 1603 3024 quod
1633 2980 1842 3013 nasceretur
1871 2977 1909 3012 in
1931 2980 2111 3022 potestate
2133 2976 2209 3012 eius
2232 2987 2305 3012 non
2327 2987 2410 3022 per·

1327 3023 1482 3066 veniret,
1513 3033 1587 3058 non
1618 3021 1757 3058 videtur
1787 3031 1874 3058 suus
1904 3021 2007 3058 heres
2174 3021 2207 3056 ci
2216 3021 2265 3056 ²⁰:
2298 3032 2341 3058 ac
2365 3032 2412 3058 ne

1328 3079 1393 3104 avo
1417 3067 1559 3113 quidem
1583 3077 1646 3103 suo
1670 3067 1767 3102 hunc
1790 3069 1956 3112 nepotem
1978 3069 2199 3112 postumum,
2228 3077 2308 3102 cum
2331 3066 2410 3103 vivo

1327 3113 1401 3149 filio
1425 3116 1652 3155 nasceretur,
1684 3122 1788 3147 suum
1810 3111 1976 3147 heredem
1998 3110 2160 3156 protinus
2184 3111 2352 3156 adgnasci
2375 3115 2413 3148 et

1327 3158 1407 3195 ideo
1444 3167 1510 3194 nec
1545 3157 1601 3193 avi
1638 3160 1889 3192 testamentum
1926 3155 2061 3201 rumpi,
2102 3156 2288 3208 quoniam,
2326 3156 2412 3193 licet

1327 3203 1364 3284 i2¹¹
1395 3201 2242 3284 ἔξὲῗθῖἓίει’ἔὲωΡὲἓΨΒεέἒὲἰᾱὲῗῬῗὲἓ
2255 3205 2411 3283 ιῑἛῗὲ

1327 3292 1479 3328 familias·
1428 3292 1436 3300 ‘
1502 3292 1602 3327 miles
1625 3294 1877 3327 testamentum
1898 3290 2024 3326 fecerit
2047 3294 2082 3325 et
2104 3256 2263 3327 onliiserit
2275 3294 2409 3372 ‹postu-

1327 3348 1424 3374 mum
1451 3347 1516 3383 per
1540 3346 1713 3379 errorem,
1745 3346 1817 3372 non
1848 3335 1944 3381 quod
1972 3335 2116 3371 volebat
2146 3335 2274 3371 exhere
2299 3340 2409 3379 atum,

1329 3382 1455 3419 deinde
1484 3385 1672 3428 postumus
1700 3383 1783 3427 post
1810 3384 1958 3416 mortem
1989 3380 2046 3415 avi
2077 3381 2155 3417 vivo
2182 3380 2299 3416 adhuc
2322 3380 2409 3424 filio,

1622 3495 1681 3536 (18)
1703 3495 1752 3529 sie
1770 3493 1929 3533 Muretus,
1954 3493 2069 3536 aliqua
2085 3494 2121 3527 F
2224 3494 2283 3535 (u)
2307 3493 2407 3527 iuris·

1655 3540 1713 3581 (15)
1737 3549 1814 3571 oum
1833 3537 1929 3571 miles
1949 3538 2093 3571 decessit
2111 3538 2238 3571 emanci
2285 3541 2340 3571 tus
2358 3539 2411 3573 vel

1599 3584 1671 3626 (ιδ’)
1694 3583 1805 3617 danda
1817 3583 1852 3616 F
1858 3582 1879 3623 ¹,
1893 3583 2026 3616 dandan
2039 3582 2091 3617 Ρ
2165 3585 2224 3624 (ιθ)
2272 3593 2366 3616 orum
2379 3582 2414 3616 F

1854 3630 1913 3670 (18)
1939 3640 1978 3662 etr
1987 3627 2074 3662 libro
2086 3638 2137 3661 xn
2150 3629 2229 3661 citat
2246 3628 2408 3672 Ulpium

1939 3673 2002 3715 (20)
2026 3673 2186 3716 adgnosci
2198 3673 2234 3705 F

1329 3498 1423 3528 tuere
1445 3496 1506 3529 ins.

1328 3539 1508 3573 iurandum
1529 3540 1562 3573 F

1327 3584 1448 3619 &milia
1462 3586 1522 3619 ins.
