2528 3918
149 109 235 152 1111
265 111 345 151 5.6
1235 104 1292 153 62

149 231 187 267 Si
199 241 257 266 res
269 229 452 275 pupillaris
465 229 519 263 vel
540 227 776 263 adulescentis
797 227 969 264 distracta
986 229 1105 271 fuerit,
1131 238 1237 274 quam

149 276 207 311 lex
219 275 366 311 distrahi
379 284 449 309 non
462 273 638 318 prohibet,
659 272 812 309 venditio
826 273 968 318 quidem
979 274 1083 315 valet,
1096 283 1236 308 verum-

148 325 267 356 tamen
291 320 321 355 si
343 318 476 364 grande
497 318 663 353 damnum
682 318 807 363 pupilli
826 319 880 354 vel
901 318 1139 354 adulescentis
1159 328 1236 353 ver-

148 369 267 407 satur,
293 364 428 399 etiamsi
453 363 599 398 collusio
625 373 697 398 non
716 363 936 406 intercessit,
962 363 1146 398 distractio
1173 373 1238 408 per

148 410 186 445 in
209 410 262 444 int
349 420 383 443 m
406 408 674 444 restitutionem.
687 412 886 444 revocatur.

194 454 247 492 50
309 462 502 488 oupomvs
514 453 605 489 libro
626 464 721 489 nono
742 453 975 501 epistularum
999 457 1033 487 et
1051 453 1237 487 variarum

148 499 336 535 lectionum
383 498 527 533 Iunius¹
552 497 780 543 Diophantus
813 498 1009 543 Pomponio
1042 507 1106 532 suo
1141 497 1236 532 salu-

150 548 232 579 tem.
269 543 389 578 Minor
400 543 522 588 viginti
535 543 690 588 quinque
702 544 804 579 annis
818 542 972 578 novandi
990 543 1107 577 animo
1126 542 1236 577 inter-

147 589 255 624 cessit
303 598 342 623 ro
368 598 429 631 e0,
454 588 515 634 qui
537 589 725 634 temporali
748 589 889 624 actione
911 587 1118 629 tenebatur,
1150 591 1238 622 tunc

147 644 228 669 cum
252 643 274 668 a
325 643 370 668 uc
394 638 606 678 supererant
629 633 748 668 decem
774 634 865 675 dies,
899 637 934 667 ct
965 635 1091 677 postea
1122 632 1159 666 in
1183 632 1236 666 in-

147 683 285 723 tegrum
304 678 491 714 restitutus
513 682 584 714 est:
606 682 725 714 utrum
745 678 933 719 restitutio,
956 676 1238 728 quaecreditori

146 724 315 759 adversus
339 723 492 768 priorem
516 723 711 759 debitorem
735 723 860 765 datur,
885 723 1008 757 decem
1032 722 1167 757 dierum
1191 722 1238 757 sit

146 778 191 804 an
215 768 379 814 plenior?
403 778 466 814 ego
491 768 597 804 didici
622 778 664 803 ex
688 772 847 813 tempore
870 768 907 802 in
933 767 1109 811 integrum
1132 767 1235 802 resti-

145 813 293 849 tutionis
316 813 527 849 tantundem
551 813 719 858 temporis
754 812 1027 858 praestandum,
1086 816 1236 847 uantum

146 862 350 904 supererat:
385 862 426 894 tu
481 859 543 894 uid
566 859 608 894 de
632 869 672 893 eo
725 863 804 893 utas
828 858 931 893 velim
954 857 1065 892 rescri
1091 866 1142 892 as.
1179 867 1235 892 re-

145 903 308 948 spondit:
341 903 418 939 sine
475 904 578 946 ubio,
610 914 679 948 quo
738 903 782 938 de
805 902 989 948 temporali
1013 902 1174 944 actione,
1198 902 1236 937 iii

145 958 217 994 qua
228 949 430 984 intercessit
448 949 574 991 minor,
600 948 752 989 sensisti,
771 952 857 993 puto
878 947 994 983 verius
1015 956 1111 982 esse:
1136 947 1234 982 ideo·

145 997 282 1083 qigfiggt
312 994 459 1039 pignus,
493 993 588 1039 quod
619 993 766 1028 dederat
799 993 897 1038 prior
928 992 1084 1034 debitor,
1117 996 1237 1028 manet

145 1049 167 1074 o
209 1039 216 1046 '
264 1042 350 1074 tum.

659 1132 691 1169 V
702 1130 727 1169 ².

450 1198 510 1229 DE
536 1196 697 1229 CAPITE
723 1196 925 1229 MINUTIS.

194 1262 213 1300 1
245 1263 367 1300 GAJUs
388 1263 478 1299 libro
504 1267 635 1309 quarto
660 1263 710 1298 ad
731 1262 885 1298 edictum
902 1262 1131 1310 provinciale
1167 1262 1234 1297 Ca-

144 1308 228 1354 pitis
251 1308 400 1344 minutio
426 1312 480 1343 est
502 1312 619 1343 status
642 1308 868 1353 permutatio.

191 1351 217 1390 2
248 1352 443 1389 Uzmzws
463 1353 553 1388 libro
578 1353 788 1389 duodecimo
813 1353 863 1388 ad
885 1353 1038 1388 edictum
1074 1352 1236 1388 Pertinet

143 1398 214 1434 hoc
238 1398 390 1434 edictum
415 1398 462 1433 ad
485 1408 546 1433 eas
571 1398 697 1443 capitis
722 1398 993 1440 deminutiones,
1019 1407 1112 1443 quae
1134 1398 1235 1433 salva

144 1443 287 1479 civitate
311 1443 529 1488 contingunt.
567 1447 723 1478 ceterum
753 1443 827 1478 sive
857 1443 1048 1478 amissione
1081 1442 1235 1478 civitatis

144 1489 217 1524 sive
247 1488 421 1523 libertatis
457 1488 646 1523 amissione
669 1488 853 1532 contingat
877 1488 1004 1533 capitis
1029 1488 1234 1530 deminutio,

145 1532 300 1569 cessabit
312 1532 466 1568 edictum
478 1534 618 1578 neque³
640 1537 793 1578 possunt
811 1533 849 1568 hi
867 1534 1010 1578 penitus
1033 1533 1233 1568 conveniri:

144 1578 288 1614 dabitur
310 1578 416 1623 plane
437 1578 530 1613 actio
551 1578 589 1612 in
609 1588 680 1621 eos,
705 1578 751 1613 ad
771 1589 861 1623 quos
884 1579 979 1614 bona
999 1581 1235 1623 pervenerunt

147 1626 161 1658 1
212 1633 345 1659 eorum.
393 1623 455 1657 Ait
488 1626 651 1668 praetor:
690 1623 776 1668 ‘Qui’
811 1634 965 1669 quaeve,
1000 1626 1128 1669 postea
1152 1633 1236 1658 uam

144 1667 242 1720 ‘quid
262 1678 347 1720 cuni
354 1668 368 1688 ⁴
388 1668 443 1703 his
461 1672 581 1703 actum
603 1671 868 1721 contractumve
890 1669 946 1712 sit,
969 1668 1110 1714 capite⁵
1142 1668 1232 1720 ‘emi-

144 1716 234 1748 ‘nuti
258 1712 459 1748 deminutae
483 1723 561 1748 esse
584 1713 766 1756 dicentur,
803 1725 840 1748 in
864 1724 925 1749 eos
949 1724 1054 1749 easve
1074 1713 1233 1759 perinde,

143 1760 163 1793 2
212 1758 327 1803 ‘quasi
349 1757 386 1792 id
407 1758 544 1793 factum
568 1769 640 1793 non
664 1759 721 1801 sit,
744 1758 914 1794 iudicium
938 1758 1056 1794 dabo'.
1103 1758 1151 1794 Hi
1174 1758 1234 1803 qui

143 1803 262 1848 capite
279 1803 489 1837 minuuntur
513 1813 555 1838 ex
578 1803 634 1838 his
659 1804 788 1845 causis,
814 1814 905 1849 quae
926 1804 1053 1849 capitis
1073 1802 1233 1839 deminu-

143 1847 276 1883 tionem
287 1852 569 1892 praecesserunt,
580 1853 725 1883 manent
735 1849 881 1894 obligati
893 1849 1123 1884 naturaliter:
1138 1853 1233 1884 cete-

145 1903 225 1928 rum
249 1893 279 1927 si
302 1896 447 1937 postea,
478 1892 656 1938 imputare
687 1894 765 1938 quis
799 1894 867 1929 sibi
891 1893 1035 1929 debebit
1059 1904 1124 1929 cur
1147 1904 1233 1928 con-

142 1937 303 1979 traxerit,
329 1941 501 1982 quantum
525 1938 571 1973 ad
594 1938 703 1973 verba
722 1939 828 1974 huius
851 1938 958 1974 edicti
977 1939 1144 1984 pertinet.
1170 1937 1234 1974 sed

142 1981 338 2025 interdum,
372 1983 403 2018 si
427 1984 659 2018 contrahatur
683 1994 764 2018 cum
787 1984 842 2019 his
865 1987 949 2029 post
972 1983 1099 2029 capitis
1123 1983 1233 2019 demi-

143 2027 344 2070 nutionem,
378 2027 498 2062 danda
528 2032 583 2063 est
614 2029 720 2064 actio.
763 2032 799 2064 et
822 2028 963 2074 quidem
987 2029 1018 2064 si
1041 2028 1234 2073 adrogatus

143 2072 210 2116 sit,
243 2072 363 2107 nullus
393 2072 514 2107 labor:
548 2084 631 2108 nam
662 2073 809 2125 perinde
839 2074 1053 2119 obligabitur
1075 2077 1117 2108 ut
1139 2073 1233 2108 filius

142 2119 165 2152 3
211 2116 373 2152 familias.
421 2117 534 2153 Nemo
560 2118 697 2153 delictis
730 2119 891 2161 exuitur,
924 2118 1084 2164 quamvis
1117 2118 1234 2164 capite

143 2165 166 2197 4
211 2162 369 2197 minutus
401 2162 458 2197 sit.
506 2163 571 2205 Ei,
604 2163 665 2208 qui
689 2163 886 2199 debitorem
909 2174 1013 2199 suum
1039 2163 1233 2208 adrogavit,

144 2217 217 2242 non
239 2206 440 2242 restituitur
462 2208 556 2243 actio
579 2208 616 2243 in
641 2218 732 2251 eum,
755 2214 947 2254 postquam
971 2209 1026 2244 sui
1049 2208 1137 2243 iuris
1156 2207 1231 2243 fiat.

142 2255 164 2286 5
211 2251 290 2287 Hoc
313 2251 482 2287 iudicium
506 2257 717 2298 perpetuum
741 2258 796 2289 est
819 2258 855 2289 et
877 2254 914 2289 in
938 2253 1087 2289 heredes
1112 2257 1148 2288 et
1170 2253 1232 2288 he-

143 2296 288 2332 redibus
314 2297 430 2332 datur.

190 2339 214 2379 3
239 2341 399 2377 PAULUS
420 2342 512 2378 libro
534 2342 722 2378 undecimo
746 2342 797 2378 ad
818 2343 972 2379 edictum
1007 2343 1159 2379 Liberos
1172 2343 1234 2388 qui

143 2386 353 2432 adrogatum
383 2391 565 2432 parentem
599 2392 796 2434 sequuntur
826 2388 945 2433 placet
975 2389 1085 2423 minui
1111 2392 1231 2433 caput,

143 2445 225 2471 cum
250 2432 288 2471 in
313 2432 431 2470 aliena
453 2438 632 2479 potestate
663 2434 735 2469 sint
757 2438 794 2468 et
818 2444 899 2468 cum
921 2433 1091 2468 familiam
1116 2437 1231 2468 muta·

149 2484 160 2515 1
210 2480 333 2515 verint.
381 2479 618 2524 Emancipato
631 2479 646 2500 ⁶
669 2478 741 2514 filio
767 2482 802 2514 et
826 2479 952 2514 ceteris
976 2478 1138 2524 personis
1172 2488 1231 2513 ca-

144 2525 227 2570 pitis
245 2524 392 2560 minutio
413 2524 601 2559 manifesto
624 2523 765 2567 accidit,
791 2534 871 2559 cum
893 2523 1110 2569 emancipari
1129 2533 1232 2559 nemo

143 2570 258 2615 possit
280 2570 348 2605 nisi
371 2570 409 2604 iii
427 2569 670 2614 imaginariam
689 2569 850 2604 servilem
870 2579 1016 2604 causam
1037 2568 1231 2604 deductus:

144 2615 247 2650 aliter
270 2618 377 2660 atque
413 2625 493 2650 cum
529 2624 651 2649 servus
686 2614 964 2656 manumittitur,
1000 2613 1084 2659 quia
1107 2613 1233 2649 servile

145 2662 255 2704 caput
284 2659 420 2694 nullum
442 2660 498 2694 ius
521 2659 632 2694 habet
653 2658 827 2704 ideoque⁷
851 2669 918 2694 nec
950 2658 1061 2694 minui
1092 2661 1230 2704 potest:

190 2702 217 2741 4
251 2703 504 2739 ΜουΕεΤΙΝσε
535 2703 627 2739 libro
655 2705 779 2750 primo
806 2704 1074 2751 pandectamm
1126 2703 1233 2739 hodie

144 2749 238 2784 enim
260 2748 386 2794 incipit
408 2752 540 2784 statum
564 2748 707 2784 habere.

192 2792 216 2830 5
241 2792 299 2828 ΡΛ
307 2802 402 2828 onos
422 2793 512 2829 libro
535 2794 723 2830 undecimo
758 2792 808 2828 ad
830 2792 985 2829 edictum
1030 2793 1232 2829 Amissione

145 2838 297 2874 civitatis
321 2836 362 2872 fit
385 2848 428 2873 ca
453 2838 511 2873 itis
535 2838 702 2881 minutio,
726 2842 767 2874 ut
789 2837 826 2873 in
850 2848 945 2891 aqua
968 2841 1005 2873 et
1026 2838 1099 2884 igni
1120 2839 1231 2874 inter-

152 2886 166 2918 1
218 2883 382 2918 dictione.
449 2883 483 2917 ui
507 2883 686 2925 deficiunt,
712 2883 830 2928 capite
842 2886 1051 2918 minuuntur
1065 2883 1232 2926 (deficere

144 2932 266 2963 autem
278 2927 455 2969 dicuntur,
480 2928 540 2972 qui
559 2928 604 2963 ab
624 2928 689 2970 his,
715 2939 865 2974 quorum
883 2928 951 2964 sub
969 2928 1116 2974 imperio
1137 2932 1232 2972 sunt,

145 2972 323 3008 desistunt
345 2975 381 3007 et
402 2972 439 3007 in
462 2972 616 3008 hostium
639 2984 824 3009 numerum
857 2983 896 3009 se
927 2972 1135 3009 conferunt:
1169 2973 1232 3009 sed

146 3022 183 3053 et
213 3017 270 3070 hi,
303 3027 391 3062 quos
425 3021 570 3052 senatus
602 3018 722 3053 hostes
752 3018 921 3053 iudicavit
942 3018 1035 3054 vell
1078 3029 1098 3054 e
1119 3018 1226 3062 lata):

147 3065 168 3099 2
213 3065 337 3107 utique
360 3072 473 3107 usque
496 3072 549 3103 eo,
574 3066 615 3096 ut
638 3063 814 3098 ciw'tatem
838 3063 1013 3098 amittant.
1086 3074 1156 3099 unc
1174 3074 1230 3099 re-

145 3107 378 3152 spiciendum,
391 3117 481 3152 quae
493 3107 619 3152 capitis
633 3107 869 3143 deminutione
880 3112 1046 3154 pereant:
1071 3113 1107 3144 et
1117 3108 1231 3154 primo

147 3152 191 3188 de
213 3161 257 3188 ea
280 3152 406 3197 capitis
426 3151 675 3195 deminutione,
700 3163 791 3197 quae
810 3153 908 3188 salva
927 3153 1069 3189 civitate
1089 3153 1230 3196 accidit,

146 3207 211 3243 per
233 3207 339 3243 quam
362 3196 507 3242 publica
530 3197 608 3231 iura
639 3208 710 3231 non
740 3198 922 3233 interverti
954 3202 1115 3234 constat:
1148 3209 1230 3234 nam

146 3251 290 3278 manere
311 3241 555 3287 magistratum
578 3242 632 3276 vel
656 3247 855 3278 senatorem
885 3243 940 3278 vel
969 3243 1122 3279 iudicem
1154 3253 1230 3279 cer-

145 3291 223 3322 tum
245 3290 310 3323 est.

192 3329 218 3369 6
249 3331 443 3369 Ulmanus
462 3330 552 3366 libro
576 3331 897 3377 quinquaqensimo
947 3334 1037 3368 rimo
1060 3332 1112 3369 ad
1127 3331 1231 3369 Saba·-

146 3387 232 3412 num
277 3376 369 3412 Nam
393 3379 429 3412 et
452 3379 570 3411 cetera
594 3375 712 3410 officia
736 3386 826 3421 quae
849 3378 921 3422 pub
937 3379 992 3413 ica
1011 3382 1106 3421 sunt,
1130 3378 1167 3413 in
1188 3388 1229 3413 eo

163 3497 174 3523 ι
212 3489 304 3522 initis
316 3489 368 3523 F·

147 3491 160 3531 (
176 3491 237 3576 )(2)
261 3535 329 3568 Ed.
339 3542 416 3569 1...5.
431 3541 537 3574 ¹1...1o;
557 3533 638 3567 Sub.
653 3540 680 3567 o.
695 3541 734 3568 ιι.
746 3553 791 3559 -
812 3535 899 3569 Bas.
912 3537 966 3575 46,
980 3544 1007 3570 2.
1022 3555 1066 3560 —
1083 3537 1134 3581 cs:
1147 3536 1229 3570 lm.

150 3580 224 3618 1,ιο
302 3581 345 3621 (3)
370 3578 501 3622 equeF
571 3579 613 3621 (4)
638 3579 760 3612 ean'
831 3581 875 3621 (5)
900 3581 1039 3622 capitF
1111 3582 1156 3623 (6)
1180 3584 1230 3614 et-

148 3623 388 3668 mancipatoF
472 3625 516 3666 (¹1)
540 3623 616 3657 ideo
627 3623 662 3657 F
669 3623 677 3644 ¹
770 3624 816 3666 (Β)
840 3626 1041 3668 peperireF
1115 3627 1159 3667 (9)
1184 3626 1230 3658 ni·

147 3667 245 3710 gulos
258 3669 293 3702 F
377 3670 438 3711 (ιο)
460 3668 574 3712 legato
587 3692 595 3701 .
604 3692 612 3701 .
622 3692 630 3701 .
645 3668 764 3701 relicto
775 3681 838 3702 scr.
932 3671 986 3710 (ιι)
1011 3671 1122 3712 captis
1134 3671 1169 3704 F

194 3714 252 3752 (12)
275 3714 721 3748 Ed.1...1s.21...2e.so...³s:
743 3714 828 3757 Pap.
842 3721 1008 3753 19-20.39;
1034 3716 1117 3748 Sub.
1131 3723 1179 3749 29.
1193 3723 1229 3749 ιο

1603 122 1665 152 DE
1695 122 1855 154 CAPITE
1885 124 2080 155 MINUTIS.
2139 125 2200 156 Ex
2229 124 2393 165 anus
2462 0 2528 178 ἶ

1307 239 1380 264 non
1410 228 1599 281 finiuntur:
1634 231 1760 282 capitis
1793 232 1886 267 enim
1909 233 2057 268 minutio
2082 233 2222 284 privata
2244 233 2398 271 hominis

1308 278 1344 309 et
1365 272 1522 309 familiae
1546 283 1620 309 eius
1643 285 1733 317 iura,
1758 287 1831 312 non
1855 277 2006 313 civitatis
2031 278 2172 313 amittit.

1354 315 1377 354 7
1402 317 1459 353 ΡΑ
1467 327 1562 354 nus
1571 318 1661 355 libro
1673 321 1861 358 undecimo
1874 322 1924 357 ad
1935 322 2088 358 edictum
2125 322 2271 358 Tutelas
2291 323 2398 359 etiam

1307 373 1380 415 non
1404 362 1534 398 amittit
1557 363 1684 415 capitis
1706 365 1855 402 minutio
1880 367 2038 412 exceptis
2061 367 2129 410 his,
2154 377 2246 413 quae
2263 368 2301 403 in
2320 369 2398 405 iure

1307 408 1423 443 aheno
1456 418 1617 453 personis
1639 410 1766 454 positis
1790 411 2009 447 deferuntur.
2045 412 2153 456 igitur
2182 416 2396 449 testamento

1307 452 1383 504 dati
1405 453 1460 487 vel
1484 463 1527 488 ex
1550 453 1627 498 lege
1649 454 1704 489 vel
1728 466 1773 491 ex
1796 460 1943 492 senatus
1968 457 2132 493 consulto
2158 461 2264 492 erunt
2285 458 2395 494 nihilo

1306 508 1423 532 minus
1455 502 1614 533 tutores:
1652 499 1714 534 sed
1748 500 1926 546 legitimae
1960 502 2095 537 tutelae
2131 512 2176 537 ex
2211 502 2397 538 duodecim

1305 542 1438 578 tabulis
1462 543 1742 580 intervertuntur
1765 546 1890 581 eadem
1912 547 2071 590 ratione,
2105 558 2177 592 qua
2201 551 2236 582 et
2258 547 2397 583 heredi·

1305 591 1399 623 tates
1424 587 1551 624 exinde
1573 588 1586 623 l
1632 588 1759 632 ‘timae,
1785 591 1870 636 quia
1894 591 2058 636 adgnatis
2083 591 2311 635 deferuntur,
2337 594 2397 638 qui

1307 631 1575 685 desinunt-esse
1588 598 1733 669 {gmina
1755 636 1893 670 mutati.
1928 646 1972 671 ex
1995 637 2094 672 novis
2118 642 2237 672 autem
2260 638 2397 682 legibus

1307 681 1343 712 et
1372 677 1589 714 hereditates
1621 682 1657 714 et
1687 680 1822 715 tutelae
1853 681 2062 733 plerumque
2093 681 2145 717 sic
2177 681 2396 725 deferuntur,

1306 726 1346 757 ut
1396 732 1544 758 ersonae
1564 724 1776 760 naturaliter
1795 724 2042 770 designentur:
2067 729 2109 761 ut
2128 736 2212 762 ecce
2232 726 2398 762 deferunt

1309 770 1323 801 1
1400 767 1606 803 ereditatem
1638 773 1783 805 senatus
1808 771 1973 805 consulta
2003 771 2109 806 matri
2140 775 2176 806 et
2205 771 2290 807 filio.
2338 772 2397 807 In·

1305 811 1477 847 iuriarum
1501 817 1537 848 et
1567 813 1748 849 actionum
1781 825 1825 850 ex
1858 815 1986 851 delicto
2018 816 2233 851 venientium
2263 817 2397 862 obliga·

1306 859 1326 892 2
1373 857 1489 893 tiones
1514 868 1595 893 cum
1619 859 1737 904 capite
1759 860 1953 895 ambulant.
1991 859 2029 895 Si
2046 860 2212 896 libertate
2232 861 2398 907 adempta

1307 902 1434 947 capitis
1458 902 1650 939 deminutio
1674 903 1868 939 subsecuta
1892 905 1959 947 sit,
1983 906 2070 940 nulli
2092 906 2310 942 restitutioni
2333 907 2397 942 ad·

1305 958 1428 982 versus
1454 958 1593 983 servum
1623 949 1724 984 locus
1759 953 1831 992 est,
1865 950 1949 995 quia
1983 961 2049 985 nec
2079 951 2260 996 praetoria
2290 952 2396 987 iuris-

1306 991 1462 1028 dictione
1484 993 1536 1028 ita
1559 1003 1681 1029 servus
1715 994 1911 1039 obligatur,
1943 999 1984 1030 ut
2016 1006 2097 1030 cum
2129 1006 2170 1031 eo
2203 997 2297 1032 actio
2331 997 2396 1032 sit:

1305 1037 1368 1072 sed
1391 1037 1488 1072 utilis
1513 1038 1606 1074 actio
1631 1038 1801 1074 adversus
1826 1039 2007 1075 dominum
2031 1040 2152 1076 danda
2175 1045 2249 1083 est,
2274 1045 2315 1076 ut
2337 1042 2396 1076 Iu-

1305 1082 1421 1117 lianus
1446 1082 1580 1126 scribit,
1605 1087 1641 1119 et
1664 1084 1731 1118 nisi
1754 1084 1792 1119 in
1816 1085 1969 1120 solidum
1993 1085 2224 1128 defendatur,
2276 1087 2396 1121 ermit-

1306 1130 1325 1162 3
1372 1127 1518 1163 tendum
1541 1128 1627 1163 mihi
1651 1132 1705 1164 est
1728 1129 1765 1163 in
1789 1129 1884 1164 bona
1908 1140 2000 1175 quae
2022 1130 2150 1165 habuit
2171 1131 2274 1166 mitti.
2308 1131 2397 1167 Item

1306 1182 1387 1207 cum
1412 1173 1536 1208 civitas
1569 1173 1700 1209 amissa
1733 1178 1806 1217 est,
1839 1174 1938 1210 nulla
1968 1175 2203 1211 restitutionis
2235 1176 2398 1221 aequitas

1305 1221 1360 1252 est
1383 1218 1552 1253 adversus
1577 1228 1676 1261 eum,
1710 1219 1771 1264 qui
1803 1219 1942 1255 amissis
1973 1220 2076 1255 bonis
2109 1224 2144 1256 et
2175 1221 2318 1257 civitate
2340 1231 2397 1256 re-

1303 1263 1391 1298 licta
1413 1263 1532 1298 nudus
1557 1263 1688 1298 exulat.

1351 1304 1375 1345 8
1404 1307 1528 1344 GAJUS
1548 1308 1638 1344 libro
1663 1313 1795 1354 quarto
1820 1309 1870 1345 ad
1892 1310 2045 1346 edictum
2062 1310 2291 1356 provinciale
2321 1310 2398 1346 Eas

1304 1352 1561 1397 obligationes,
1595 1364 1688 1398 quae
1720 1356 1920 1390 naturalem
1953 1355 2230 1400 praestationem
2264 1355 2398 1391 habere

1303 1397 1710 1478 intelleguntur-&alam
1734 1403 1789 1434 est
1812 1400 1939 1444 capitis
1965 1400 2204 1436 deminutione
2223 1410 2295 1436 non
2314 1411 2396 1446 per·

1303 1453 1355 1478 ire
1365 1443 1389 1486 ⁸,
1414 1454 1498 1488 quia
1530 1454 1562 1479 ci
1623 1454 1639 1479 s
1669 1444 1761 1480 ratio
1783 1445 1961 1480 naturalia
1979 1445 2059 1480 iura
2078 1455 2305 1490 corrumpere
2324 1456 2396 1482 non

1303 1491 1433 1533 potest.
1470 1488 1591 1533 itaque
1615 1488 1659 1524 de
1683 1489 1768 1524 dote
1791 1490 1906 1533 actio,
1938 1490 2022 1535 quia
2052 1491 2091 1525 in
2121 1490 2255 1526 bonum
2279 1494 2312 1526 et
2337 1501 2396 1526 ae-

1305 1544 1413 1578 quum
1446 1537 1620 1578 concepta
1654 1538 1728 1576 est,
1762 1534 1871 1571 nihilo
1904 1536 2020 1571 minus
2053 1535 2161 1570 durat
2184 1536 2290 1571 etiam
2313 1540 2398 1581 post

1305 1578 1431 1622 capitis
1455 1578 1744 1622 deminutionem,

1355 1621 1380 1660 9
1403 1622 1565 1659 Pau-ms
1583 1623 1675 1660 libro
1698 1623 1887 1660 undecimo
1912 1624 1962 1660 ad
1983 1624 2135 1661 edictum
2181 1628 2223 1660 ut
2235 1625 2397 1671 qnando·

1305 1679 1374 1713 que
1397 1668 1622 1714 emancipata
1645 1672 1739 1714 agat.

1354 1712 1404 1752 10
1428 1712 1684 1749 Moosssrzivtss
1702 1714 1794 1750 libro
1806 1717 1932 1750 octavo
1945 1713 2233 1760 differentiarum
2279 1715 2396 1761 Lega-

1303 1762 1381 1793 tum
1392 1758 1431 1806 in
1443 1768 1557 1794 annos
1568 1759 1725 1804 singulos
1736 1759 1751 1780 ⁹
1769 1759 1825 1794 vel
1843 1769 1982 1795 menses
2003 1759 2158 1804 singulos
2177 1760 2343 1795 relictum
2355 1762 2395 1804 ¹⁰,

1303 1804 1359 1839 vel
1383 1803 1414 1839 si
1436 1803 1611 1839 habitatio
1635 1805 1788 1849 legetur,
1813 1808 1927 1839 morte
1951 1804 2094 1849 quidem
2116 1805 2279 1850 legatarii
2300 1805 2396 1850 lega-

1303 1852 1380 1883 tum
1412 1848 1612 1891 intercidit,
1646 1849 1773 1894 capitis
1788 1850 1815 1870 ¹¹
1840 1849 2080 1885 deminutione
2102 1852 2222 1885 tamen
2244 1850 2396 1886 interve·

1303 1894 1423 1929 niente
1442 1897 1665 1939 perseverat:
1690 1894 1854 1929 videlicet
1873 1894 1958 1946 quia
1978 1894 2050 1929 tale
2068 1894 2225 1940 legatum
2244 1895 2282 1930 in
2297 1894 2396 1931 facto

1303 1939 1424 1984 potius
1448 1949 1556 1983 quam
1578 1938 1616 1974 in
1638 1939 1716 1974 iure
1739 1939 1913 1974 consistit.

1353 1982 1400 2020 11
1428 1983 1589 2019 PAULUS
1608 1984 1700 2020 libro
1724 1984 1881 2020 secundo
1899 1983 1949 2019 ad
1967 1983 2141 2020 Sabinum
2176 1983 2311 2030 Capitis
2333 1984 2394 2021 de·

1303 2028 1509 2064 minutionis
1532 2029 1602 2063 tria
1624 2039 1754 2074 genera
1777 2032 1880 2071 sunt,
1912 2029 2067 2064 maxima
2090 2029 2207 2065 media
2229 2030 2394 2066 minima:

1302 2074 1374 2108 tria
1397 2074 1490 2109 enim
1523 2077 1608 2109 sunt
1638 2084 1731 2119 quae
1761 2074 1954 2116 habemus,
1985 2074 2186 2110 libertatem
2218 2075 2394 2111 civitatem

1302 2117 1483 2154 familiam.
1518 2118 1627 2164 igitur
1650 2130 1731 2154 cum
1754 2119 1873 2154 omnia
1896 2119 1986 2154 haec
2010 2119 2222 2162 amittimus,
2247 2119 2316 2155 hoc
2341 2124 2396 2156 est

1302 2163 1504 2199 libertatem
1528 2168 1564 2199 et
1598 2164 1774 2199 civitatem
1807 2167 1843 2199 et
1871 2163 2062 2207 familiam,
2094 2164 2284 2199 maximam
2316 2175 2395 2201 esse

1304 2209 1431 2254 capitis
1455 2208 1752 2244 deminutionem:
1778 2219 1859 2244 cum
1881 2219 1964 2244 vero
1989 2209 2182 2244 amittimus
2201 2210 2392 2253 civitatem,

1301 2253 1502 2289 libertatem
1525 2254 1728 2296 retinemus,
1753 2253 1904 2288 mediam
1929 2263 2007 2288 esse
2031 2254 2158 2298 capitis
2182 2254 2394 2291 deminutio-

1302 2308 1403 2333 nem:
1429 2309 1510 2334 cum
1529 2301 1565 2334 et
1583 2298 1730 2333 libertas
1751 2302 1787 2334 et
1807 2298 1931 2333 civitas
1950 2298 2134 2341 retinetur,
2158 2298 2293 2334 familia
2311 2304 2392 2335 tan-

1302 2347 1379 2378 tum
1412 2346 1591 2386 mutatur,
1626 2343 1807 2378 minimam
1843 2353 1920 2379 esse
1955 2343 2081 2388 capitis
2117 2343 2393 2380 deminutionem

1304 2392 1457 2424 constat.

1791 2482 1844 2519 VI
1858 2480 1897 2520 ¹².

1302 2546 1367 2579 EX
1381 2545 1409 2567 ¹³
1439 2546 1606 2584 QUIBUS
1643 2545 1801 2580 OAUSIS
1827 2546 2028 2579 MAIORES
2053 2546 2233 2579 VIGINTI
2257 2546 2391 2583 QUIN-

1335 2591 1428 2628 QUE
1453 2591 1591 2624 ANNIS
1616 2591 1667 2623 IN
1691 2591 1935 2624 INTEGRUM
1958 2591 2361 2626 RESTITUUNTUR1·.

1351 2656 1369 2694 1
1414 2657 1612 2694 Uzpmmrs
1639 2657 1730 2694 libro
1761 2657 1972 2694 duodecimo
2003 2657 2054 2693 ad
2075 2657 2229 2694 edictum
2274 2657 2391 2693 Huius

1302 2702 1409 2738 edicti
1421 2713 1568 2738 causam
1587 2712 1690 2738 nemo
1711 2713 1784 2738 non
1803 2702 2033 2738 iustissimam
2048 2713 2126 2738 esse
2143 2702 2390 2738 confitebitur:

1300 2748 1436 2783 laesum
1457 2748 1549 2783 enim
1566 2748 1623 2783 ius
1671 2758 1709 2783 er
1727 2747 1765 2783 id
1787 2751 1938 2793 tempus,
1986 2758 2032 2783 uo
2054 2747 2132 2792 quis
2153 2748 2205 2782 rei
2225 2747 2392 2793 publicae

1301 2803 1448 2838 operam
1469 2792 1581 2828 dabat
1602 2758 1669 2828 vef
1688 2792 1836 2828 adverso
1858 2802 1944 2828 casu
1981 2792 2165 2835 aborabat‚
2191 2792 2389 2845 corrigitur,

1300 2849 1368 2874 nec
1391 2849 1464 2874 non
1487 2842 1522 2873 et
1540 2837 1711 2873 adversus
1730 2847 1792 2873 eos
1811 2837 2045 2879 succurritur,
2069 2847 2115 2872 ne
2138 2837 2192 2872 vel
2217 2837 2312 2873 obsit
2334 2837 2390 2873 vel

1301 2886 1359 2964 ⁴¹si
1368 2883 1484 2964 ‘iffi
1506 2882 1603 2974 {¹3³3
1617 2883 1787 2963 32⁶3&ss
1794 2882 1915 2963 Vffi?
1927 2882 2389 2963 ἱῗῗὲῗὲεῶἓῗιῖῗέἒὲἓῖἑ

1301 2973 1415 3009 ‘malo
1438 2973 1491 3009 rei
1504 2972 1675 3025 publicae
1695 2953 1806 3008 causa
1824 2972 1978 3014 abesset,
2001 2972 2083 3008 inve
2104 2972 2253 3008 vinculis
2277 2971 2388 3008 servi-

1301 3021 1397 3054 ‘tute
1418 3018 1645 3062 hostiumque
1667 3020 1846 3062 potestate
1859 3018 1887 3039 ¹⁵
1910 3021 2005 3052 esset
2017 3018 2063 3052 ¹⁶:
2095 3017 2170 3053 sive
2200 3017 2302 3053 cuius
2326 3026 2388 3052 ac-

1301 3063 1427 3099 ‘tionis
1459 3073 1583 3098 eorum
1606 3062 1665 3097 cui
1688 3061 1763 3097 dies
1796 3062 1911 3098 exisse
1942 3061 2100 3098 dicetur:
2130 3062 2216 3098 item
2246 3061 2277 3098 si
2308 3062 2388 3106 quis

1300 3107 1403 3154 ‘quid
1436 3117 1506 3143 usu
1541 3117 1645 3142 suum
1678 3106 1883 3150 fecisset¹⁷‚
1919 3111 1984 3142 aut
2017 3107 2113 3152 quod
2146 3117 2219 3143 non
2252 3106 2387 3142 utendo

1300 3152 1437 3188 ‘amisit
1447 3151 1493 3194 ¹⁸,
1526 3155 1759 3194 consecutus,
1791 3151 1976 3188 actioneve
2009 3162 2081 3197 qua
2103 3152 2243 3187 solutus
2266 3151 2313 3187 ob
2336 3150 2386 3193 id,

1300 3196 1416 3243 ‘quod
1437 3196 1511 3232 dies
1534 3196 1608 3232 eius
1627 3196 1762 3238 exierit,
1789 3207 1870 3232 cum
1890 3197 2019 3232 absens
2040 3207 2114 3232 non
2124 3195 2387 3238 defenderetur,

1301 3243 1397 3278 ‘inve
1419 3241 1570 3278 vinculis
1594 3246 1707 3284 esset,
1738 3251 1902 3277 secumve
1924 3240 2052 3287 agendi
2075 3244 2290 3286 potestatem
2312 3251 2385 3276 non

1301 3287 1466 3330 ‘faceret,
1498 3291 1562 3322 aut
1586 3297 1667 3322 cum
1689 3296 1771 3322 eum
1793 3286 1941 3322 invitum
1963 3286 2000 3321 in
2021 3286 2079 3321 ius
2102 3286 2223 3322 vocari
2246 3296 2319 3322 non
2342 3285 2387 3320 li-

1301 3335 1418 3368 ‘ceret
1441 3341 1556 3377 neque
1579 3330 1845 3368 defenderetur:
1878 3340 2001 3366 cumve
2021 3330 2250 3376 magistratus
2275 3331 2319 3366 de
2343 3340 2387 3365 ea

1300 3381 1357 3413 ‘re
1379 3377 1580 3422 appellatus
1612 3380 1706 3412 esset
1735 3376 1808 3412 sive
1842 3376 1899 3412 cui
1928 3386 1994 3422 pro
2025 3376 2237 3420 magistratu
2252 3376 2279 3397 ¹⁹
2309 3375 2387 3411 sine

1300 3498 1381 3525 ...ta
1394 3509 1440 3515 —
1454 3491 1538 3524 Bas.
1555 3492 1607 3531 10,
1621 3497 1668 3524 35.
1679 3508 1724 3515 —
1741 3490 1792 3534 Cf.
1807 3489 1886 3523 Cod.
1899 3490 1931 3526 2.
1942 3496 1975 3523 ⁵4
2070 3490 2128 3532 (13)
2154 3490 2207 3530 ex]
2220 3488 2260 3522 de
2274 3490 2340 3523 ind.
2354 3489 2390 3522 1·

1300 3538 1358 3577 (u)
1383 3536 1608 3568 restituantur
1620 3535 1687 3568 ind.
1697 3534 1732 3568 F
1783 3534 1840 3575 (ιδ)
1853 3536 2055 3577 potetestate
2067 3534 2102 3567 F
2154 3534 2214 3576 (ιδ)
2226 3537 2384 3577 posteavo

1299 3591 1367 3613 non
1378 3580 1503 3613 utendo
1515 3580 1724 3613 deminutum
1738 3589 1808 3612 esse
1821 3580 1880 3612 ine.
1893 3582 2063 3612 secundum
2079 3579 2112 3612 Β
2181 3581 2240 3621 (17)
2264 3578 2383 3611 feci-se

1299 3625 1381 3659 Hal.
1465 3627 1525 3667 (ιε)
1550 3625 1709 3658 amissum
1722 3625 1769 3657 sit
1775 3623 1860 3657 Hal.
1941 3625 2000 3666 (ιο)
2026 3633 2142 3656 cumve
2155 3649 2163 3657 .
2173 3647 2181 3655 .
2191 3647 2199 3656 .
2214 3626 2302 3656 esset
2312 3625 2384 3656 eive

1299 3670 1355 3703 cui
1367 3680 1430 3714 pro
1441 3670 1658 3713 magistratu]
1674 3670 1744 3702 sive
1765 3669 1832 3709 cui,
1853 3679 1927 3701 cum
1940 3668 2158 3711 magistratus
2170 3668 2210 3700 de
2221 3678 2259 3701 ea
2271 3677 2307 3701 re
2320 3677 2384 3710 tp·

1300 3713 1444 3755 pellatu-
1456 3718 1544 3747 esset
1554 3724 1657 3747 nrove
1669 3713 1868 3755 magistratu
1879 3726 1942 3747 scr.

2491 183 2509 214 ὗ.
