2528 3918
206 134 476 178 XXXXVIII
506 137 532 178 5

252 255 304 293 26
325 253 408 299 (25)
425 255 633 309 ‚Ummium
653 255 743 293 libro
765 258 922 295 xoundo
946 259 995 294 ad
1018 258 1129 313 leqcm
1154 258 1288 295 Iuliam

206 302 250 336 de
273 302 448 337 adulteris
494 301 618 346 Capite
650 302 773 347 quinto
804 303 892 349 leffls
914 303 1027 339 Iuliae
1056 308 1108 339 ita
1131 308 1288 348 cavetur,

206 351 246 382 ut
267 346 343 382 viro
366 346 565 382 adulterum
587 347 625 382 in
648 357 761 383 uxore
782 357 850 384 sua
878 349 1152 395 deprehensum,
1185 359 1289 394 quem

205 394 270 427 aut
298 391 390 428 nolit
427 395 491 427 aut
527 402 599 427 non
636 392 744 428 liceat
773 392 952 438 occidere,
991 394 1142 429 retinere
1181 394 1290 430 horas

206 437 351 472 diurnas
383 440 650 482 nocturnasque
681 437 869 474 continuas
900 450 972 474 non
1004 438 1085 484 plus
1109 449 1214 484 quam
1238 439 1288 474 vi-

203 482 292 526 ginti
319 482 506 517 testandae
536 482 612 517 eius
643 482 696 518 rei
725 493 837 519 causa
859 482 937 520 sine
967 483 1095 519 fraude
1124 494 1190 519 sua
1213 484 1290 520 iure

210 532 219 561 1
272 527 389 562 liceat.
437 527 515 572 Ego
548 527 704 563 arbitror
738 528 844 564 etiam
875 528 912 564 in
942 532 1046 573 patre
1077 528 1115 564 id
1146 539 1288 564 servan-

205 574 225 606 2
273 571 376 614 dum,
406 572 503 616 quod
531 571 569 607 in
600 573 729 609 marito
760 583 968 619 expressum
992 577 1055 608 est.
1104 573 1175 609 Sed
1199 578 1236 610 et
1259 574 1290 609 si

203 628 276 652 non
299 616 337 651 in
360 616 464 652 domo
488 627 555 652 sua
585 616 630 653 de
656 617 859 654 rehenderit
880 618 1046 662 maritus,
1078 619 1211 665 poterit
1233 629 1288 654 re-

205 666 224 696 3
272 662 395 697 tinere.
443 661 515 698 Sed
545 629 654 698 aemil
676 663 867 699 remissus¹
899 663 1040 698 adulter
1070 663 1195 699 reduci
1217 675 1290 699 non

205 710 226 742 4
274 711 402 752 potest.
438 706 533 751 Quid
555 717 639 752 ergo
662 708 695 744 si
718 708 880 750 evaserit,
904 718 951 743 an
974 708 1144 744 reductus
1168 713 1288 744 custo-

205 752 271 787 diri
294 752 415 796 viginti
438 752 535 788 horis
559 752 697 798 possit?
742 757 779 789 et
801 757 923 799 putem
945 753 1004 788 hic
1032 753 1145 798 magis
1167 753 1288 789 dicen-

204 797 288 833 dum
319 796 506 833 reductum
534 797 679 834 retineri
711 808 837 844 posse,
868 797 1055 834 testandae
1086 798 1139 834 rei
1160 799 1287 844 gratia.

205 846 224 877 5
272 841 375 886 Quod
398 842 553 878 adicitur
584 843 782 878 ‘testandae
804 843 881 878 eius
905 842 957 878 rei
977 843 1118 888 gratia’,
1150 843 1197 879 ad
1220 844 1288 880 hoc

203 888 375 932 pertinet,
406 890 448 923 ut
469 891 580 924 testes
610 888 759 923 inducat
789 888 991 924 testimonio
1015 888 1157 924 futuros
1181 898 1288 924 accu-

204 933 314 968 satori
338 932 598 978 deprehensum
622 943 720 968 reum
743 933 781 968 in
804 932 991 970 adulterio.

249 975 301 1014 27
316 975 400 1021 (26)
423 977 530 1014 low
549 979 640 1014 libro
659 979 764 1013 tertio
777 978 1060 1024 disputationum
1094 977 1289 1014 Constante

203 1022 428 1059 matrimonio
460 1023 506 1058 ab
537 1023 581 1058 iis
590 1024 615 1065 ²,
647 1023 708 1068 qui
739 1027 842 1058 extra
871 1023 1038 1067 maritum
1062 1022 1109 1059 ad
1138 1033 1287 1059 accusa-

202 1069 336 1103 tionem
366 1067 621 1109 admittuntur,
659 1067 824 1103 accusari
861 1068 990 1104 mulier
1019 1068 1186 1104 adulterii
1217 1080 1288 1104 non

203 1116 336 1158 potest:
362 1113 550 1159 probatam
568 1112 659 1148 enim
682 1123 705 1148 a
728 1112 854 1148 marito
879 1123 1027 1150 uxorem
1047 1118 1083 1149 et
1102 1114 1288 1159 quiescens

204 1158 463 1194 matrimonium
493 1169 566 1193 non
598 1158 704 1193 debet
726 1158 819 1194 alius
848 1159 996 1194 turbare
1019 1163 1128 1204 atque
1149 1159 1287 1204 inquie-

207 1206 219 1238 l
267 1207 357 1245 tare,
381 1203 450 1238 nisi
469 1204 568 1248 prius
591 1203 755 1239 lenocinii
772 1203 939 1239 maritum
958 1204 1190 1240 accusaverit.
1215 1204 1287 1239 De-

202 1248 360 1286 relictam
390 1259 473 1283 vero
506 1259 528 1283 a
559 1248 686 1284 marito
717 1249 983 1285 accusationem
1006 1249 1114 1285 etiam
1147 1249 1193 1285 ab
1217 1249 1287 1285 alio

202 1294 351 1338 excitari
374 1294 461 1328 utile
485 1297 549 1328 est.

248 1337 301 1376 28
326 1337 408 1382 (27)
432 1338 538 1373 loen
558 1338 648 1374 libro
674 1339 778 1374 tertio
801 1338 847 1374 de
870 1338 1059 1375 adulteriis
1101 1339 1140 1375 Si
1162 1343 1287 1385 postu-

200 1384 328 1420 laverit
358 1387 567 1427 accusator,
600 1386 642 1418 ut
679 1384 840 1429 quaestio
872 1384 1074 1420 habeatur³
1109 1384 1154 1420 de
1185 1395 1286 1421 servo

202 1429 365 1465 adulterii
388 1432 576 1471 accusato,
602 1429 675 1464 sive
697 1428 809 1464 voluit
830 1429 909 1475 ipse
930 1429 1103 1466 interesse
1126 1429 1199 1466 sive
1223 1440 1286 1466 no-

202 1474 284 1518 luit,
317 1474 441 1509 iubent
470 1473 606 1509 iudices
638 1484 718 1508 eum
750 1483 889 1509 servum
920 1475 1119 1517 aestimari,
1159 1478 1195 1510 et
1225 1475 1287 1510 ubi

201 1519 479 1560 aestimaverint,
508 1522 646 1553 tantam
676 1519 867 1564 pecuniam
898 1523 934 1555 et
964 1520 1117 1556 alterum
1147 1524 1287 1556 tantum

201 1575 301 1608 eum,
327 1564 388 1609 qui
409 1573 539 1599 nomen
562 1563 639 1599 eius
664 1564 755 1599 servi
780 1564 965 1607 detulerit,
990 1565 1022 1600 ei
1045 1565 1093 1600 ad
1115 1575 1220 1609 quem
1245 1575 1288 1600 ea

204 1614 216 1645 ¹
268 1620 325 1646 res
348 1609 504 1654 pertinet
523 1609 611 1644 dare
628 1608 815 1645 iubebunt.
851 1609 923 1646 Sed
938 1609 1170 1655 dispiciamus
1180 1612 1206 1653 ⁴,
1231 1610 1288 1646 cui

200 1655 270 1691 ista
300 1665 418 1700 poena
446 1654 665 1700 praestanda
687 1653 751 1696 sit,
815 1655 876 1690 uia
898 1655 956 1690 lex
983 1665 1065 1691 eum
1093 1655 1287 1691 nominavit

201 1701 259 1736 ‘ad
301 1710 407 1745 quem
447 1709 491 1735 ea
532 1709 590 1735 res
631 1699 847 1744 pertinebit’.
912 1700 1021 1745 igitur
1055 1701 1171 1736 bonae
1205 1701 1288 1736 fidei

199 1748 412 1792 emptorem,
444 1744 603 1797 quamvis
637 1745 684 1780 ab
716 1755 759 1780 eo
787 1745 913 1781 emerit
943 1746 1004 1791 qui
1027 1745 1191 1782 dominus
1214 1756 1287 1782 non

199 1795 272 1834 est,
303 1794 403 1826 recte
427 1789 586 1826 dicemus
617 1799 698 1825 eum
721 1799 816 1833 esse,
848 1790 895 1826 ad
924 1801 1027 1835 quem
1049 1801 1094 1827 ea
1115 1802 1174 1827 res
1204 1801 1286 1836 per-

199 1840 219 1870 2
266 1836 366 1871 tinet.
413 1835 508 1870 Eum
532 1844 690 1880 quoque,
722 1835 783 1880 qui
813 1836 954 1881 pignori
983 1835 1141 1882 accepit,
1175 1836 1286 1882 magis

199 1881 418 1917 admittimus
441 1880 480 1916 in
503 1880 627 1916 eadem
652 1890 764 1916 causa
786 1890 884 1923 esse,
909 1881 1045 1917 scilicet
1068 1881 1153 1926 quia
1175 1881 1286 1917 inter-

198 1929 219 1961 3
267 1929 345 1962 erat
362 1925 439 1961 eius
463 1925 708 1971 quaestionem
732 1936 805 1961 non
822 1926 958 1962 haberi.
995 1926 1067 1962 Sed
1085 1930 1123 1962 et
1144 1926 1176 1962 si
1199 1937 1287 1962 usus

199 1972 338 2007 fructus
362 1971 400 2006 in
423 1981 526 2007 servo
550 1971 688 2007 alienus
712 1971 778 2014 sit,
809 1971 904 2007 inter
926 1971 1107 2008 dominum
1130 1975 1167 2007 et
1189 1971 1286 2007 fruc-

199 2021 220 2052 4
266 2017 423 2052 tuarium
446 2015 557 2051 dividi
579 2015 685 2051 debet
708 2016 919 2052 aestimatio.
963 2016 1014 2051 Et
1037 2016 1069 2052 si
1091 2017 1287 2053 communis

200 2061 356 2107 plurim
387 2071 511 2097 servus
549 2061 635 2105 erit,
674 2059 728 2096 uti
752 2071 799 2096 ue
829 2062 922 2097 inter
949 2071 1011 2097 eos
1072 2072 1190 2107 uoque
1221 2062 1289 2098 erit

201 2112 220 2142 5
268 2106 467 2142 aestimatio
493 2105 691 2141 dividenda.
764 2105 778 2141 i
799 2106 891 2142 liber
912 2107 1030 2149 homo,
1080 2118 1140 2143 um
1164 2117 1287 2143 servus

198 2152 431 2195 existimatur,
455 2155 572 2187 tortus
590 2151 646 2194 sit,
671 2150 756 2204 quia
772 2155 810 2187 et
827 2152 838 2186 i
865 2162 904 2187 se
922 2152 1166 2188 condicionem
1185 2163 1286 2188 suam

197 2198 356 2243 ignorat:
397 2196 509 2242 magis
548 2196 704 2232 admittit
735 2196 839 2232 Caec'
857 2197 911 2233 ‘us
949 2197 1128 2234 actionem
1164 2198 1286 2233 utilem

197 2243 267 2288 ipsi
298 2241 453 2278 dandam
484 2240 655 2277 adversus
677 2251 776 2286 eum,
807 2243 868 2288 qui
896 2252 962 2288 per
985 2242 1198 2278 calumniam
1221 2253 1285 2288 ap-

226 2287 307 2331 etit,
344 2297 389 2322 ne
419 2287 594 2332 impunita
617 2287 665 2322 sit
694 2287 874 2323 calumnia
895 2288 972 2323 eius
997 2288 1043 2323 ob
1066 2288 1154 2330 hoc,
1190 2287 1286 2333 quod

198 2299 350 2370 B‘berum
372 2332 549 2368 hominem
573 2331 674 2377 quasi
705 2342 845 2368 servum
873 2332 1022 2369 deduxit
1042 2332 1081 2368 in
1127 2333 1284 2369 uaestio-

198 2383 219 2414 6
265 2388 358 2414 nem.
414 2376 551 2413 Haberi
585 2377 831 2422 quaestionem
869 2378 929 2414 lex
963 2378 1063 2414 iubet
1120 2389 1140 2414 e
1176 2378 1285 2414 servis

197 2423 379 2459 ancillisve
401 2422 496 2466 eius,
531 2422 575 2458 de
604 2432 675 2468 quo
698 2422 754 2458 vel
777 2422 822 2461 de
845 2433 918 2468 qua
940 2427 1188 2469 quaereretur,
1219 2433 1285 2469 pa-

198 2469 351 2504 rentisve
373 2467 562 2512 utriusque
592 2477 733 2510 eorum,
765 2468 796 2504 si
825 2478 869 2504 ea
897 2469 1076 2514 mancipia
1105 2468 1152 2504 ad
1181 2479 1286 2505 usum

199 2514 231 2549 ei
260 2523 283 2548 a
337 2513 519 2549 arentibus
552 2512 638 2548 data
668 2513 750 2549 sint.
798 2513 900 2550 divus
930 2518 1050 2549 autem
1079 2513 1285 2550 Hadrianus

198 2559 294 2595 Corn
332 2558 364 2594 'o
400 2558 590 2594 Latiniano
633 2558 818 2604 rescripsit
853 2562 889 2594 et
929 2559 973 2595 de
1007 2559 1138 2595 exteris
1174 2559 1284 2595 servis

199 2607 216 2638 '1
266 2603 511 2648 quaestionem
527 2603 663 2639 haberi.
700 2603 907 2647 Quaestioni
925 2604 1099 2640 interesse
1116 2605 1286 2640 iubentur

200 2659 280 2684 reus
303 2658 409 2684 reave
431 2652 469 2683 et
490 2648 635 2693 patroni
658 2650 805 2684 eorum¹¹
832 2653 870 2685 et
899 2649 961 2694 qui
992 2649 1125 2685 crimen
1149 2649 1283 2685 detule-

199 2697 219 2729 8
265 2694 328 2737 rit,
362 2693 676 2739 interrogandique
699 2692 854 2730 facultas
879 2694 985 2730 datur
1007 2694 1180 2740 patronis.
1228 2694 1284 2730 De

198 2749 241 2775 eo
265 2749 406 2784 quoque
429 2749 550 2781 servo,
574 2738 612 2773 in
634 2749 706 2783 quo
730 2750 835 2775 usum
858 2739 1014 2775 fructum
1038 2749 1121 2775 reus
1144 2740 1282 2782 habuit,

197 2785 308 2829 magis
333 2788 402 2827 est,
425 2787 468 2818 ut
490 2784 650 2828 quaestio
674 2783 800 2820 haberi
821 2785 951 2830 possit:
983 2784 1069 2821 licet
1091 2785 1184 2820 enim
1207 2795 1282 2820 ser-

199 2840 262 2865 vus
291 2828 368 2864 eius
392 2838 464 2864 non
493 2828 619 2873 fuerit,
651 2829 687 2864 in
710 2830 879 2866 servitute
902 2834 1021 2865 tamen
1050 2829 1163 2866 fuisse
1186 2830 1282 2866 vide·

199 2878 276 2910 tur:
319 2883 387 2910 nec
420 2877 495 2908 tam
536 2874 766 2919 proprietatis
809 2885 921 2910 causa
954 2874 1002 2911 ad
1037 2875 1282 2928 quaestionem

198 2923 219 2955 9
266 2929 373 2972 quam
400 2918 587 2954 ministerii
640 2920 778 2955 ertinet.
831 2920 929 2965 Ergo
960 2923 998 2956 et
1024 2930 1055 2956 ει
1086 2921 1182 2956 bona
1210 2919 1282 2956 fide

197 2967 330 3001 serviat
351 2973 414 2999 reo
438 2974 560 2999 servus
585 2973 607 2999 a
635 2974 732 3008 enus,
757 2964 943 3000 admittet⁶
966 2965 1045 3010 quis
1068 2965 1282 3011 interrogari

201 3013 242 3046 10
289 3019 371 3045 eum
446 3019 465 3044 r
496 3009 738 3053 quaestionem
769 3019 886 3055 posse.
935 3009 1005 3046 Sed
1038 3014 1074 3046 et
1105 3011 1135 3047 si
1159 3021 1282 3047 servus

197 3055 261 3097 sit,
300 3054 359 3090 cui
414 3053 663 3089 deicommissa
694 3054 840 3091 libertas
879 3054 1031 3091 debetur
1060 3056 1115 3092 vel
1146 3059 1282 3092 statuta

201 3103 237 3135 11
287 3103 471 3144 speratur,
503 3098 662 3144 torqueri
693 3110 772 3135 eum
800 3110 907 3145 posse
927 3101 1041 3154 magis
1063 3103 1130 3137 est.
1178 3101 1283 3137 Iubet

197 3144 255 3180 lex
283 3154 345 3180 eos
375 3144 554 3187 homines,
585 3143 629 3178 de
652 3145 780 3188 quibus
811 3146 972 3190 quaestio
993 3149 1046 3181 ita
1069 3145 1192 3181 habita
1216 3150 1280 3189 est,

197 3189 361 3235 publicos
384 3199 480 3225 esse:
508 3188 661 3243 proinde
690 3189 728 3224 in
753 3190 930 3226 communi
955 3195 1095 3236 partem
1119 3190 1280 3237 publica-

196 3245 294 3270 mus:
326 3235 364 3269 in
394 3243 560 3288 proprio,
591 3234 718 3269 cuius*¹
750 3245 836 3270 usus
871 3235 1011 3272 fructus
1043 3236 1181 3272 alienus
1213 3240 1278 3278 est,

197 3279 331 3315 nudam
361 3283 633 3324 proprietatem:
665 3279 703 3314 in
734 3290 803 3324 quo
827 3284 966 3316 tantum
989 3291 1094 3317 usum
1123 3281 1281 3317 fructum

196 3324 321 3360 habuit
343 3334 437 3367 reus,
461 3324 572 3369 magis
595 3327 667 3377 est,
691 3328 734 3359 ut
754 3326 935 3370 perceptio
960 3336 1047 3362 usus
1070 3326 1210 3362 fructus
1234 3326 1281 3362 ad

197 3369 379 3415 publicum
403 3369 551 3414 incipiat
574 3373 769 3414 pertinere:
801 3370 956 3405 alienum
986 3381 1126 3407 servum
1157 3371 1280 3416 utique

198 3424 269 3449 non
292 3413 565 3459 publicabimus.
612 3414 706 3451 ratio
734 3418 854 3450 autem
886 3416 1182 3460 publicandorum
1205 3427 1279 3452 ser-

196 3469 320 3494 vorum
351 3469 394 3494 ea
425 3463 497 3500 est,
537 3464 579 3494 ut
610 3460 686 3494 sine
717 3459 790 3496 ullo
823 3464 919 3495 metu
950 3471 1070 3496 verum
1101 3461 1222 3497 dicant
1244 3465 1280 3497 et

197 3514 260 3547 ne,
292 3503 377 3540 dum
406 3504 555 3540 timeant
585 3512 624 3540 se
654 3505 691 3540 in
721 3515 861 3541 reorum
898 3510 1110 3550 potestatem
1142 3516 1278 3552 regres-

1018 3619 1061 3662 (³)
1085 3619 1227 3654 habatur
1247 3621 1281 3654 F

1021 3666 1065 3704 (e)
1089 3665 1236 3699 admittit
1250 3666 1284 3699 F

945 3710 990 3751 (9)
1014 3708 1227 3752 publicentur
1247 3711 1280 3743 F

1052 3755 1112 3791 (12)
1137 3765 1203 3786 non
1227 3756 1274 3787 Ιῑ*2

198 3618 238 3658 (1)
262 3620 398 3654 emissus
417 3619 589 3664 Sclmla‘ny
726 3621 770 3661 (2)
795 3629 834 3653 eo
853 3618 887 3651 F·

196 3664 241 3702 (4)
267 3665 529 3708 despiciamusF
634 3666 677 3702 (5)
702 3673 833 3698 reorum
845 3675 906 3697 scr.

197 3709 242 3748 17)
267 3711 321 3742 cui
346 3711 379 3743 F
513 3711 560 3751 (8)
583 3709 753 3751 neg-averit
773 3710 806 3742 F

196 3759 255 3797 (ιο)
285 3765 415 3796 quoque
437 3756 495 3788 ins.
629 3760 683 3793 (m
709 3754 839 3787 lucrum
861 3755 919 3786 ine.

1283 133 1368 182 798

1344 3621 1404 3663 (13)
1428 3620 1666 3664 deprehensum
1687 3622 1723 3655 F

1342 3667 1402 3707 (15)
1427 3665 1725 3709 deprehendentem
1738 3667 1791 3700 Γ*

1343 3712 1464 3745 incerto
1522 3714 1580 3754 (18)
1602 3713 1705 3746 real?
1752 3715 1812 3755 (10)
1831 3711 2073 3747 adulteriumve
2084 3726 2146 3747 scr.
2202 3715 2265 3754 (20)
2284 3713 2422 3756 punti-

1502 77 1572 115 'px

1562 116 1570 147 s
2007 153 2069 185 AD
2098 154 2252 188 LEGE!
2277 156 2437 190 mnan

1361 262 1400 294 12
1448 270 1563 312 suros,
1587 260 1763 297 obdurent
1778 261 1816 297 in
1837 262 2054 306 quaestione.
2088 262 2172 299 Non
2194 267 2314 301 tamen
2335 265 2435 311 prius

1358 304 1604 349 publicantur,
1643 316 1750 350 quam
1788 308 1950 352 quaestio
1983 307 2028 343 de
2065 308 2135 344 illis
2165 309 2289 345 habita
2317 308 2436 346 fuerit.

1364 353 1401 384 13
1449 348 1519 384 Sed
1542 353 1580 385 et
1609 350 1640 386 si
1663 352 1885 396 negaverint,
1915 352 2025 388 nihilo
2049 353 2166 389 minus
2187 354 2435 400 publicantur:

1358 393 1450 429 ratio
1482 394 1575 430 enim
1603 394 1722 431 adhuc
1750 396 1873 433 eadem
1901 402 1974 439 est,
2013 409 2076 440 ne,
2113 397 2197 434 dum
2225 399 2262 434 hi
2293 404 2439 444 sperant

1359 449 1398 475 se
1427 438 1466 474 in
1498 443 1712 484 potestatem
1741 440 1961 477 dominorum
1991 453 2196 479 reversuros
2228 443 2259 480 si
2290 454 2437 489 negave-

1359 483 1455 519 rint⁸
1491 494 1508 519 s
1578 485 1694 520 meriti
1717 486 1915 522 collocandi
1939 487 1975 522 in
1993 487 2177 524 mendacio
2202 494 2437 534 perseverent.

1361 532 1400 582 ¹5¹
1448 511 1494 581 Se
1541 533 1578 565 et
1600 530 1691 582 servi
1715 531 1952 574 accusatoris,
1987 533 2019 568 si
2042 533 2087 568 de
2110 533 2165 568 his
2189 534 2348 578 quaestio
2373 533 2437 569 ha-

1357 574 1432 609 bita
1455 578 1511 617 sit,
1535 575 1806 627 pubhcantur⁹z
1829 576 1906 612 eius
1929 577 2022 612 enim
2045 578 2137 613 servi
2148 581 2175 599 ¹⁰
2198 588 2242 613 ne
2265 579 2437 614 mentian-

1355 622 1432 662 tur,
1465 624 1591 655 merito
1615 630 1638 654 a
1661 620 1816 656 dominio
1840 621 1915 657 eius
1943 622 2125 658 recedunt.
2173 623 2334 659 extranei
2355 634 2438 660 vero

1362 667 1399 698 15
1448 674 1520 700 non
1549 665 1686 700 habent
1718 665 1776 700 cui
1804 665 2059 710 gratificentur.
2114 667 2151 703 Si
2180 678 2264 704 reus
2291 668 2347 703 vel
2376 679 2439 704 rea

1357 709 1512 744 absoluti
1540 709 1690 752 fuerint,
1722 710 1903 746 aestimari
1933 721 1997 756 per
2026 711 2162 749 iudices
2191 713 2248 749 lex
2271 712 2439 748 damnum

1357 754 1485 798 voluit,
1521 755 1595 790 sive
1624 755 1755 790 mortui
1785 755 1937 798 fuerint,
1969 761 2123 801 quantae
2152 758 2325 803 pecuniae
2356 763 2439 794 ante

1357 799 1602 844 quaestionem
1620 799 1764 842 fuerint,
1789 800 1862 836 sive
1884 801 2010 843 vivent,
2035 806 2190 847 quantae
2212 802 2386 848 pecuniae
2402 803 2438 838 in

1362 847 1401 878 16
1447 844 1503 879 his
1527 844 1694 880 damnum
1714 845 1836 881 datum
1860 845 1968 881 fuerit
1986 846 2163 882 factumve
2177 849 2202 869 ¹¹
2225 852 2329 883 esset.
2363 847 2437 884 No-

1357 888 1504 924 tandum
1528 894 1598 932 est,
1631 890 1727 943 quod
1751 890 1867 936 capite
1890 890 2032 936 quidem
2054 902 2148 927 nouo
2163 892 2190 913 ¹²
2213 897 2376 934 cavetur,
2408 893 2439 928 si

1357 944 1481 970 servus
1505 934 1671 971 adulterii
1703 939 1892 971 accusetur
1915 939 1951 971 et
1973 940 2162 973 accusator
2195 937 2438 982 quaestionem

1356 979 1394 1014 in
1418 989 1462 1015 eo
1486 979 1609 1015 haberi
1631 979 1727 1023 velit,
1750 980 1798 1016 du
1824 980 1897 1016 lum
1920 982 2073 1026 pretium
2097 981 2238 1018 domino
2261 982 2438 1027 praestari

1356 1023 1415 1060 lex
1437 1024 1548 1066 iubet,
1573 1029 1612 1060 at
1634 1025 1693 1060 hic
1716 1025 1806 1072 simp
1822 1036 1892 1060 um.

1403 1067 1457 1107 29
1471 1067 1554 1113 (28)
1569 1069 1805 1106 ΜΑιῑοῙΑΝυε
1826 1071 1916 1106 libro
1927 1072 2050 1117 primo
2066 1070 2111 1106 dc
2127 1071 2270 1108 iudiciis
2279 1071 2440 1118 publicis

1357 1114 1461 1160 Quod
1484 1125 1529 1150 ex
1552 1115 1608 1150 his
1632 1115 1752 1150 causis
1776 1115 1943 1158 debetur,
1966 1126 2032 1161 per
2054 1116 2323 1161 condictionem,
2348 1127 2440 1163 quae

1357 1170 1402 1195 ex
1424 1160 1501 1205 lege
1523 1159 1717 1203 descendit,
1741 1160 1886 1206 petitur.

1403 1202 1456 1243 30
1482 1203 1564 1248 (29)
1594 1204 1788 1241 [limnas
1808 1205 1899 1241 libro
1924 1209 2054 1251 quarto
2077 1206 2123 1241 de
2139 1206 2329 1242 adulteriis
2358 1207 2438 1242 Ma-

1356 1250 1416 1286 riti
1438 1250 1654 1286 lenocinium
1676 1250 1735 1285 lex
1754 1250 1924 1292 coercuit,
1949 1250 2010 1296 qui
2030 1250 2284 1296 deprehensam
2299 1252 2327 1273 ¹³
2350 1263 2438 1288 uxo-

1356 1305 1432 1331 rem
1460 1295 1499 1336 in
1529 1295 1706 1331 adulterio
1734 1295 1881 1331 retinuit
1903 1295 2172 1341 adulterumque
2196 1296 2344 1332 dimisit:
2376 1297 2438 1333 de-

1356 1340 1435 1376 buit
1456 1340 1592 1376 enim¹⁴
1615 1341 1721 1376 uxori
1744 1351 1886 1387 quoque
1908 1341 2032 1383 irasci,
2064 1352 2156 1387 quae
2178 1342 2439 1378 matrimonium

1356 1385 1433 1422 eius
1451 1386 1604 1421 violavit.
1629 1390 1714 1421 tunc
1731 1390 1851 1422 autem
1875 1386 2073 1431 puniendus
2096 1390 2151 1422 est
2172 1386 2333 1430 maritus,
2358 1398 2438 1423 cum

1355 1441 1529 1467 excusare
1559 1431 1795 1476 ignorantiam
1829 1442 1932 1467 suam
1961 1442 2034 1467 non
2094 1435 2189 1468 otest
2224 1432 2279 1468 vel
2313 1432 2438 1468 adum-

1357 1476 1462 1511 brare
1491 1476 1699 1521 patientiam
1737 1479 1926 1521 praetextu
1964 1477 2063 1512 incre
2090 1476 2267 1513 'bilitatisz
2304 1477 2438 1513 idcirco

1357 1521 1450 1556 enim
1480 1522 1539 1556 lex
1569 1521 1621 1556 ita
1650 1522 1773 1557 locuta
1801 1525 1858 1557 est
1889 1521 2100 1557 ‘adulterum
2122 1522 2161 1557 in
2183 1521 2288 1558 domo
2313 1523 2357 1558 de
2401 1532 2436 1558 e-

1357 1567 1520 1602 ‘hensum
1542 1565 1737 1608 dimiserit',
1766 1566 1862 1611 quod
1884 1566 2036 1602 voluerit
2056 1566 2095 1602 in
2118 1567 2198 1613 ipsa
2219 1567 2355 1611 tui-pitu
2383 1567 2391 1575 ’
2418 1578 2439 1603 e

1360 1615 1374 1647 1
1450 1611 1740 1647 rehendentem¹⁵
1763 1612 1930 1648 maritum
1953 1622 2129 1648 coercere.
2179 1611 2283 1657 Quod
2298 1612 2350 1648 ait
2369 1612 2437 1654 lex,

1356 1657 1404 1692 ad
1443 1656 1524 1692 terii
1547 1656 1749 1692 damnatam
1773 1656 1804 1693 si
1835 1657 1914 1702 quis
1937 1656 2079 1692 duxerit
2100 1667 2264 1701 uxorem,
2296 1667 2340 1693 ea
2362 1657 2439 1702 lege

1356 1702 1480 1744 teneri,
1504 1712 1552 1737 an
1575 1705 1611 1737 et
1633 1701 1681 1737 ad
1703 1705 1865 1755 stuprum
1888 1702 2081 1745 referatur,
2112 1702 2311 1739 videamus:
2344 1702 2439 1747 quod

1356 1747 1468 1792 magis
1500 1750 1566 1782 est.
1615 1750 1711 1783 certe
1747 1758 1779 1783 si
1814 1747 1860 1783 ob
1895 1746 2002 1782 aliam
2039 1757 2186 1783 causam
2215 1757 2259 1783 ea
2285 1747 2363 1792 lege
2391 1747 2440 1783 sit

1356 1796 1376 1827 2
1425 1791 1679 1834 condemnata,
1708 1790 1853 1838 impune
1876 1802 1968 1827 uxor
1997 1792 2159 1828 ducetur.
2206 1792 2380 1828 Plectitur
2403 1796 2439 1828 et

1357 1838 1418 1882 qui
1440 1837 1593 1883 pretium
1617 1847 1683 1882 pro
1707 1841 1887 1883 comperto
1911 1842 2036 1882 stupro
2066 1837 2261 1883 acceperit:
2294 1847 2361 1873 nec
2382 1837 2437 1872 in-

1354 1886 1482 1924 terest,
1506 1885 1627 1917 utrum
1649 1882 1798 1918 maritus
1821 1882 1868 1918 sit
1890 1882 1952 1927 qui
1975 1882 2152 1928 acceperit
2175 1893 2222 1918 an
2245 1882 2337 1919 aliua
2360 1882 2437 1928 qui-

1355 1928 1460 1963 libet:
1486 1927 1698 1972 quicumque
1721 1928 1814 1963 enim
1831 1927 1877 1963 ob
1895 1927 2149 1963 conscientiam
2164 1927 2283 1974 stupri
2298 1927 2437 1973 accepit

1355 1972 1507 2017 aliquid,
1545 1983 1661 2018 poena
1698 1973 1767 2008 erit
1803 1972 2024 2018 plectendus.
2073 1976 2230 2009 ceterum
2268 1971 2300 2009 si
2325 1972 2437 2019 gratis

1355 2021 1375 2053 3
1423 2018 1502 2063 quis
1525 2018 1675 2060 remisit,
1708 2017 1755 2053 ad
1777 2017 1889 2070 legem
1911 2028 1984 2053 non
2007 2018 2171 2063 pertinet.
2219 2017 2288 2063 Qui
2310 2028 2437 2063 quaes-

1354 2066 1431 2098 tum
1453 2074 1498 2099 ex
1521 2062 1696 2098 adulterio
1720 2073 1842 2099 uxoris
1865 2073 1954 2099 suae
1983 2062 2124 2105 fecerit,
2154 2063 2338 2108 plectitur:
2371 2073 2436 2099 nec

1356 2108 1449 2145 enim
1471 2108 1695 2143 mediocriter
1718 2107 1914 2153 deliquit¹⁰,
1945 2108 2007 2153 qui
2029 2108 2242 2144 lenocinium
2264 2108 2303 2145 in
2325 2118 2438 2144 uxore

1356 2157 1377 2188 4
1424 2154 1593 2189 exercuit.
1648 2152 1842 2198 Quaestum
1878 2157 1999 2189 autem
2029 2163 2074 2189 ex
2111 2153 2287 2190 adulterio
2315 2153 2436 2190 uxoris

1354 2198 1474 2234 facere
1495 2198 1645 2240 videtur,
1670 2198 1731 2250 qui
1754 2198 1840 2244 quid
1858 2199 2008 2244 accepit,
2032 2202 2072 2234 ut
2091 2198 2310 2234 adulteretur
2328 2209 2435 2235 uxor:

1356 2244 1429 2279 sive
1462 2244 1554 2279 enim
1585 2254 1726 2289 saepius
1758 2243 1830 2280 sive
1861 2243 1971 2280 semel
2001 2244 2157 2290 accepit,
2189 2254 2262 2280 non
2284 2248 2340 2280 est
2363 2244 2436 2280 exi-

1354 2288 1519 2324 mendus:
1560 2292 1748 2334 quaestum
1778 2288 1871 2324 enim
1894 2288 1939 2324 de
1967 2289 2143 2325 adulterio
2173 2288 2294 2325 uxoris
2316 2288 2437 2325 facere

1354 2334 1497 2379 proprie
1519 2333 1579 2369 ifle
1603 2333 1858 2370 existimandus
1883 2338 1954 2377 est,
1979 2334 2039 2379 qui
2062 2334 2196 2380 aliquid
2218 2333 2373 2380 accepit,
2398 2338 2438 2370 ut

1354 2381 1501 2414 uxorem
1530 2382 1716 2424 pateretur
1745 2379 1941 2415 adulterari
1969 2379 2169 2415 meretricio
2201 2379 2353 2424 quodam
2374 2389 2434 2425 ge-

1353 2434 1450 2460 nere.
1496 2423 1594 2469 quod
1622 2424 1653 2460 si
1682 2424 1843 2469 patiatur
1872 2434 2020 2460 uxorem
2051 2423 2255 2470 delinquere
2285 2435 2358 2460 non
2388 2424 2435 2460 ob

1354 2472 1550 2514 quaestum,
1573 2468 1638 2505 sed
1660 2469 1917 2522 neglegentiam
1938 2470 1993 2505 vel
2017 2469 2158 2514 culpam
2179 2469 2235 2505 vel
2256 2468 2435 2515 quandam

1352 2514 1561 2560 patientiam
1598 2514 1654 2550 vel
1689 2524 1834 2550 nimiam
1877 2514 2141 2557 credulitatem,
2184 2518 2286 2550 extra
2324 2514 2434 2559 legem

1353 2564 1373 2595 5
1419 2559 1559 2612 positus
1582 2559 1731 2595 videtur.
1766 2559 1838 2595 Sex
1859 2569 2045 2595 mensuum
2068 2559 2158 2595 haec
2181 2559 2223 2595 fit
2244 2559 2433 2605 separatio,

1352 2608 1394 2640 ut
1415 2615 1454 2640 m
1475 2609 1589 2650 nupta
1612 2604 1754 2650 quidem
1771 2606 1822 2640 ‘ex
1845 2604 1902 2641 die
1925 2604 2067 2640 divortii
2089 2615 2153 2640 sex
2174 2614 2313 2641 menses
2337 2614 2432 2641 com·

1352 2653 1540 2695 putentur,
1572 2650 1610 2685 in
1639 2649 1746 2685 vidua
1775 2660 1858 2686 vero
1890 2660 1935 2686 ex
1963 2649 2020 2686 die
2050 2649 2228 2686 commissi
2259 2649 2432 2686 criminis:

1375 2695 1448 2731 uod
1485 2694 1678 2740 significari
1713 2695 1852 2731 videtur
1889 2695 2063 2741 rescripto
2093 2695 2141 2731 ad
2171 2694 2369 2731 Tertullum
2397 2699 2434 2731 et

1351 2706 1549 2776 {maximum
1579 2740 1795 2776 eonsulesfl.
1842 2744 2029 2786 praeterea
2065 2740 2095 2775 si
2127 2750 2171 2776 ex
2207 2739 2264 2776 die
2294 2739 2433 2776 divortii

1352 2785 1537 2830 sexaginta
1566 2785 1640 2821 dies
1671 2785 1761 2827 sint,
1800 2795 1846 2821 ex
1875 2785 1931 2821 die
1961 2796 2045 2821 vero
2077 2784 2256 2822 commissi
2279 2784 2433 2821 criminis

1351 2830 1631 2876 quinquennium
1661 2830 1861 2876 praeteriit,
1901 2830 2025 2866 debuit
2056 2830 2127 2866 dici
2154 2840 2222 2866 nec
2251 2829 2433 2866 mulierem

1350 2886 1458 2921 posse
1481 2875 1661 2918 accusari,
1694 2880 1752 2918 ut,
1789 2875 1884 2920 quod
1913 2875 2044 2911 dantur
2066 2886 2130 2911 sex
2153 2885 2292 2912 menses
2315 2875 2431 2919 utiles,

1351 2921 1402 2956 sic
1426 2920 1472 2956 sit
1496 2920 1752 2966 accipiendum,
1775 2931 1821 2957 ne
1844 2921 1976 2957 crimen
1999 2920 2239 2966 quinquennio
2262 2919 2432 2956 continuo

1352 2970 1372 2999 6
1419 2966 1574 3011 sopitum
1605 2966 1790 3001 excitetur.
1839 2966 1917 3002 Hoc
1949 2966 2226 3011 quinquennium
2249 2965 2431 3002 observari

1350 3010 1530 3056 legislator
1558 3010 1689 3052 voluit,
1727 3011 1758 3046 si
1786 3021 1847 3046 reo
1877 3011 1934 3046 vel
1956 3012 2078 3047 reae¹¹¹
2107 3015 2270 3056 stuprum
2292 3009 2430 3047 adulte-

1349 3056 1442 3091 rium
1453 3057 1482 3078 ¹⁹
1504 3055 1560 3092 vel
1581 3056 1797 3092 lenocinium
1821 3056 2006 3092 obiciatur.
2052 3055 2137 3101 quid
2159 3066 2254 3100 ergo,
2277 3055 2311 3091 si
2332 3055 2430 3092 aliud

1349 3101 1483 3137 crimen
1513 3101 1560 3136 sit
1589 3100 1685 3146 quod
1716 3101 1912 3144 obiciatur,
1944 3101 2040 3147 quod
2062 3111 2106 3136 ex
2135 3100 2213 3145 lege
2236 3099 2327 3136 Iulia
2349 3100 2429 3136 des-

1349 3145 1484 3190 cendit,
1508 3148 1550 3181 ut
1571 3149 1655 3182 sunt
1678 3146 1738 3198 qui
1763 3146 1905 3181 domum
1929 3156 2031 3182 suam
2053 3145 2170 3191 stupri
2193 3155 2304 3181 causa
2325 3155 2424 3191 prae-

1349 3192 1505 3227 buerunt
1525 3194 1563 3227 et
1585 3191 1645 3226 alii
1662 3191 1817 3227 similes?
1840 3196 1878 3227 et
1899 3191 2024 3227 melius
2048 3194 2104 3227 est
2125 3190 2244 3226 dicere
2266 3190 2429 3227 omnibus

1349 3236 1512 3272 admissis
1556 3246 1600 3271 ex
1641 3236 1718 3281 lege
1751 3236 1844 3271 Iulia
1882 3236 2104 3272 venientibus
2150 3235 2428 3281 quinquennium

1350 3285 1368 3316 7
1417 3291 1496 3317 esse
1518 3281 1769 3326 praestitutum
1779 3282 1822 3316 ²⁰.
1869 3281 2153 3326 Quinquennium
2174 3284 2295 3316 autem
2317 3290 2363 3316 ex
2384 3290 2427 3317 eo

1350 3326 1407 3362 die
1429 3326 1677 3372 accipiendum
1701 3331 1771 3369 est,
1804 3336 1848 3362 ex
1871 3336 1941 3372 quo
1995 3325 2058 3361 uid
2078 3325 2273 3362 admissum
2294 3329 2368 3368 est,
2390 3327 2429 3361 et

1348 3371 1396 3407 ad
1418 3380 1499 3407 eum
1522 3371 1631 3414 diem,
1664 3382 1735 3416 quo
1765 3372 1844 3416 quis
1878 3335 2079 3416 poetuiiatue
2108 3371 2333 3416 postulatave
2361 3374 2427 3422 est,

1347 3420 1385 3452 et
1414 3427 1487 3452 non
1515 3416 1562 3452 ad
1590 3426 1670 3452 eum
1702 3416 1811 3460 diem,
1850 3426 1920 3470 quo
1956 3415 2126 3451 iudicium
2164 3415 2209 3451 de
2243 3414 2427 3452 adulteriis

1349 3464 1370 3496 8
1416 3465 1611 3497 exercetur.
1658 3462 1736 3497 Hoc
1767 3461 1920 3507 amplius
1950 3465 2096 3497 senatus
2120 3460 2283 3497 consulto
2305 3459 2426 3497 adiec-

1348 3511 1423 3541 tum
1454 3510 1523 3549 est,
1555 3510 1611 3549 ut,
1643 3506 1674 3542 si
1703 3506 1826 3552 plures
1856 3504 2006 3542 eundem
2035 3505 2308 3552 postulaverint,
2338 3505 2426 3549 eius,

1859 3623 1917 3664 (u)
1940 3622 2032 3656 huno
2048 3622 2166 3656 ιιὶοίιοὶ
2184 3623 2343 3658 semaiae·
2361 3623 2424 3658 eu.

1877 3670 1937 3709 (ιο)
1961 3667 2173 3711 delinquitF
2255 3673 2313 3708 (ιτ)
2335 3680 2423 3702 anno

1344 3758 1412 3787 tum
1432 3755 1479 3788 ΡΞ
