2528 3918
176 116 418 162 XXXVI4

176 240 318 287 culpam
347 240 476 283 latam,
509 238 573 277 sed
600 250 673 276 non
702 250 842 278 omnem
870 241 1006 284 dolum,
1036 240 1103 278 sed
1159 240 1197 276 ui
1225 240 1264 276 in

176 296 297 322 necem
332 285 585 331 legatariorum
623 289 661 322 et
695 285 1108 324 fideicommissariorum
1185 288 1264 322 ctus

180 334 220 366 16
266 333 331 366 est.
377 330 598 384 ‘Imperator
619 331 824 368 Antoninus
847 332 1055 377 Augustus⁸
1077 330 1266 376 rescripsit

176 376 282 412 certis
306 385 350 412 ex
374 385 493 412 causis
517 376 624 412 etiam
646 375 685 412 in
705 376 854 423 propria
882 377 977 413 bona
998 376 1145 413 heredis
1167 376 1263 422 lega-

175 420 286 456 tarios
314 424 352 457 et
382 419 728 458 fideicommissarios
760 431 838 458 esse
868 421 1059 458 mittendos
1116 421 1149 457 si
1181 424 1266 466 post

175 476 239 502 sex
269 475 427 513 menses,
466 465 722 519 quam⁸·aditi
755 477 822 519 pro
858 466 1029 520 tribunali
1059 449 1197 503 fuerint
1226 465 1265 502 hi

175 521 327 557 quorum
351 510 395 546 de
418 520 462 547 ea
483 521 525 547 re
546 515 646 548 notio
670 515 735 555 est,
757 523 796 548 m
819 511 1064 548 satisfactlone
1081 515 1265 548 cessatum

176 559 245 600 est,
276 555 359 591 inde
388 555 528 592 fructus
550 560 801 602 percepturos,
835 557 978 610 quoad⁴
1001 556 1179 593 voluntati
1202 555 1263 592 de-

174 600 382 637 functorum
397 600 560 637 satisfiat.
597 601 692 648 quod
715 601 908 637 remedium
930 605 1133 639 servaretur
1153 600 1264 637 etad-

174 656 299 682 versus
321 655 395 689 eos,
420 647 481 691 qui
504 657 550 683 ex
573 649 668 693 qna⁵
692 657 803 683 causa
816 646 1087 683 fideicommisso
1102 647 1265 683 moram⁶

179 694 217 726 17
265 690 414 727 faciunt.
462 691 725 728 Satisfactionis
748 692 895 728 verbum
917 692 1002 728 licet
1021 692 1130 729 latius
1149 694 1263 738 patet,

178 738 218 771 18
264 739 384 772 tamen
403 737 450 772 ad
470 736 721 773 exsolvendum
736 737 891 781 legatum
906 737 1071 773 refertur.
1106 736 1265 773 Proinde

174 784 212 816 et
234 781 265 817 si
288 781 436 818 remissa
458 782 506 818 sit
527 782 733 824 satisdatio,
763 783 874 818 rescri
900 786 977 818 tum
1003 783 1123 819 locum
1150 781 1263 819 habe·

180 829 219 862 19
264 826 329 869 bit,
353 826 439 880 quia
459 837 562 863 mora
584 827 626 862 fit
649 826 830 863 solutioni.
895 838 938 863 ex
960 832 1081 864 autem
1099 837 1264 864 mensum

174 877 261 917 puto
287 875 495 909 continuum
516 876 674 918 tempus,
706 882 778 907 non
800 873 1091 918 possessionum*¹
1115 884 1193 909 com
1217 881 1262 907 u-

176 920 219 951 20
265 916 426 952 tandum.
475 917 660 953 Cessatum
691 927 765 953 non
796 917 1008 963 accipimus,
1043 918 1075 954 si
1102 918 1188 964 pup'
1219 928 1263 953 us

175 965 331 998 tutorem
353 972 426 998 non
449 962 581 998 habeat
603 972 670 998 nec
694 966 896 998 curatorem
919 962 1079 999 furiosus
1098 963 1155 1000 vel
1173 963 1262 999 adu-

175 1007 330 1043 lescens:
363 1017 446 1042 nam
474 1007 660 1043 frustratio
673 1008 687 1028 ⁸
715 1018 789 1043 non
820 1007 926 1044 debet
953 1008 1158 1044 huiusmodi
1180 1019 1262 1054 per—

175 1052 272 1088 sonis
301 1062 449 1096 nocere,
482 1062 574 1098 quae
604 1056 690 1089 sunt
721 1052 937 1089 indefensae.
986 1058 1082 1089 certe
1105 1054 1137 1089 si
1160 1053 1262 1089 here-

174 1097 268 1133 ditas
291 1097 464 1133 iacuerit⁹
487 1098 606 1143 aliquo
629 1101 701 1133 tem
727 1108 799 1141 ore,
823 1098 893 1134 hoc
915 1102 1056 1144 tempus
1080 1098 1125 1135 de
1147 1098 1262 1135 medio

175 1145 214 1177 21
265 1142 522 1178 detrahendum
536 1145 564 1164 ¹⁰
589 1146 653 1178 est.
732 1144 832 1178 uaeri
854 1143 997 1188 poterit,
1022 1153 1069 1179 an
1091 1144 1130 1179 in
1151 1144 1263 1180 vicem

175 1198 365 1223 usurarum
385 1188 422 1222 hi
441 1187 582 1224 fructus
595 1189 622 1210 ¹¹
646 1188 787 1231 cedant,
812 1198 904 1240 quae
925 1188 963 1224 in
982 1188 1263 1225 fideicommissis

175 1232 361 1268 debentur.
410 1237 446 1268 et
470 1243 551 1268 cum
574 1233 774 1278 exemplum
796 1243 985 1279 plgnorum
1008 1235 1200 1279 sequimur,
1227 1233 1264 1269 id

175 1277 270 1323 quod
293 1288 338 1313 ex
360 1277 539 1314 fructibus
563 1278 760 1323 percipitur
782 1279 936 1323 primum
951 1279 989 1314 in
1005 1289 1145 1323 usuras,
1169 1289 1262 1322 mox,

175 1323 207 1359 si
237 1322 323 1369 quid
352 1323 572 1368 superfluum
604 1327 676 1365 est,
708 1323 746 1358 in
777 1327 909 1359 sortem
938 1323 1045 1360 debet
1074 1324 1262 1370 imputari:

175 1369 261 1414 quin
284 1369 390 1404 immo
415 1373 451 1404 et
474 1368 506 1404 si
528 1368 682 1413 amplius
695 1378 803 1413 quam
814 1368 884 1404 sibi
897 1368 1049 1405 debetur
1062 1370 1265 1415 perceperit

174 1414 379 1459 legatarius,
405 1413 565 1459 exemplo
588 1413 626 1459 pi
676 1413 844 1449 eraticiae
869 1414 1020 1450 actionis
1041 1414 1149 1450 etiam
1164 1414 1262 1451 utilis

175 1459 270 1495 actio
301 1458 348 1494 ad
379 1458 417 1493 id
439 1458 614 1494 refunden
639 1469 700 1494 um
724 1458 801 1494 dari
825 1459 977 1495 debebit.
1025 1459 1090 1496 sed
1113 1461 1263 1513 pignora

175 1503 317 1549 quidem
341 1503 419 1549 quis
443 1507 480 1540 et
502 1503 701 1540 distrahere
724 1507 852 1549 potest,
876 1504 935 1540 hic
955 1508 1074 1541 autem
1094 1505 1167 1541 frui
1181 1509 1263 1540 tan-

176 1556 250 1584 tum
274 1548 308 1585 ei
331 1549 538 1585 constitutio
588 1549 741 1592 ermisit,
773 1553 814 1584 ut
837 1549 1027 1585 festinetur
1049 1550 1096 1586 ad
1119 1554 1262 1587 senten-

175 1597 218 1629 22
264 1594 351 1629 tiam
364 1595 402 1629 ¹².
458 1594 526 1639 Qui
577 1598 761 1640 egatorum
796 1595 1052 1630 servandorum
1084 1606 1195 1632 causa
1225 1596 1262 1631 in

199 1639 436 1675 ossessionem
459 1639 629 1681 mittitur,
654 1643 691 1675 et
713 1639 854 1675 fructus
879 1640 1060 1676 custodire
1083 1644 1121 1677 et
1143 1645 1263 1677 cetera

174 1651 329 1720 gebebit.
385 1688 422 1720 et
456 1684 532 1731 pati
568 1684 709 1730 quidem
747 1685 914 1721 heredem
946 1686 1063 1722 colere
1091 1696 1197 1732 agros
1227 1690 1263 1722 et

174 1730 314 1766 fructus
351 1729 529 1775 redigere,
568 1730 631 1766 sed
667 1730 846 1766 custodire
880 1731 1090 1776 legatarium
1122 1731 1262 1767 fructus

175 1775 366 1856 grploztebit,
387 1785 435 1855 fite
459 1775 505 1811 ab
529 1775 659 1811 herede
683 1779 982 1856 centseffianturz·t
1009 1776 1081 1813 uod
1083 1777 1262 1857 t‘si-heres

235 1831 254 1856 c
272 1830 315 1856 us
338 1831 385 1856 no
453 1830 589 1866 cogere,
614 1831 728 1865 perm1
830 1832 890 1856 um
914 1831 965 1857 en
1017 1832 1083 1868 ega
1122 1832 1176 1858 rio
1201 1832 1261 1858 co-

174 1876 257 1910 gere
279 1865 418 1900 fructus
444 1869 480 1901 et
503 1869 648 1901 coactos
672 1875 825 1902 servare.
873 1866 959 1912 quin
981 1867 1087 1903 immo
1118 1867 1150 1903 si
1171 1868 1262 1903 tales

175 1911 247 1945 sint
268 1910 426 1953 fructus,
456 1921 545 1956 quos
567 1911 682 1956 primo
707 1921 848 1956 quoque
870 1914 1032 1958 tempore
1055 1912 1175 1948 venire
1198 1923 1259 1948 ex-

176 1955 314 2001 pediat,
346 1955 497 1992 vendere
527 1967 669 2008 quoque
697 1957 871 2002 legatario
900 1957 1178 2003 permittendum
1209 1962 1264 1993 est

175 2005 211 2037 et
232 2001 387 2054 pretium
411 2011 563 2037 servare.
610 2012 648 2036 ιιι
672 2002 799 2038 ceteris
823 2012 964 2047 quoque
991 2003 1099 2039 rebus
1122 2002 1262 2039 heredi-

174 2051 274 2082 tarus
298 2046 396 2082 missi
419 2046 457 2081 in
480 2046 742 2092 possessionem
763 2047 834 2083 hoc
848 2048 916 2082 erit
931 2047 1102 2090 officium,
1127 2052 1168 2083 ut
1183 2048 1262 2084 uni-

175 2102 294 2128 versas
324 2102 383 2127 res
414 2091 647 2127 hereditarias
672 2092 817 2138 colligat
840 2095 877 2128 et
898 2092 949 2128 ibi
973 2093 1169 2138 custodiat,
1201 2093 1263 2129 ubi

175 2136 392 2173 domicilium
416 2136 606 2172 defunctus
629 2137 775 2179 habuit,
800 2141 852 2180 et,
878 2138 908 2173 si
930 2138 1031 2173 nulla
1054 2138 1181 2174 domus
1205 2139 1263 2182 sit,

174 2181 473 2218 habitationem¹³
504 2181 684 2218 conducat
714 2182 770 2217 vel
799 2182 967 2218 horreum
999 2183 1194 2228 quoddam,
1225 2184 1264 2219 in

175 2237 246 2281 quo
274 2237 333 2263 res
364 2227 536 2263 collectae
565 2227 824 2263 custodiantur.
872 2231 907 2263 et
955 2232 1019 2264 uto
1047 2228 1100 2264 ita
1127 2229 1263 2274 legata-

175 2283 267 2308 num
306 2271 486 2308 custodire
521 2282 580 2308 res
615 2272 850 2308 hereditarias
889 2272 932 2308 de
959 2283 1035 2316 ere,
1075 2277 1117 2309 ut
1146 2284 1263 2320 neque

175 2317 296 2353 heredi
320 2316 528 2353 auferantur
551 2327 666 2363 neque
690 2317 883 2363 depereant
906 2317 1143 2355 deterioresve
1160 2318 1261 2355 fiant.

176 2366 218 2398 23
266 2362 370 2408 Quod
401 2363 432 2398 si
463 2373 507 2399 ex
540 2363 793 2399 constitutione
823 2362 901 2408 quis
933 2363 971 2398 in
1000 2364 1262 2409 possessionem

175 2408 349 2450 mittatur,
375 2408 572 2444 curandum
597 2411 669 2449 est,
702 2418 748 2444 ne
769 2407 822 2443 vis
846 2407 910 2443 fiat
933 2408 1045 2444 utenti
1071 2413 1106 2444 et
1128 2409 1263 2445 fruenti

176 2457 220 2489 24
266 2453 449 2498 legatario.
497 2452 670 2488 Satisfieri
700 2453 876 2489 voluntati
907 2453 1064 2490 defuncti
1090 2455 1142 2490 sic
1166 2454 1261 2490 acci-

176 2499 289 2544 pitur,
322 2498 442 2543 quoad
469 2498 646 2534 voluntati
677 2498 837 2534 defuncti
859 2498 914 2534 vel
938 2508 983 2534 ex
1005 2498 1183 2535 fiuctibus
1207 2499 1263 2535 vel

176 2547 218 2578 25
266 2543 410 2579 aliunde
442 2543 603 2579 satisfiat.
653 2543 868 2579 Constitutio
901 2549 1020 2579 autem
1049 2543 1120 2580 divi
1147 2545 1261 2580 Anto-

177 2589 250 2624 nini
273 2589 428 2634 pertinet
440 2589 468 2610 ¹⁴
492 2588 538 2623 ad
562 2599 634 2631 eos,
660 2598 682 2623 a
705 2588 833 2634 quibus
858 2589 993 2624 utiliter
1014 2588 1262 2625 fideicommis-

175 2645 254 2670 sum
282 2634 446 2669 relictum
476 2638 531 2669 est
543 2635 581 2676 ¹⁵,
614 2634 773 2679 quamvis
806 2634 955 2670 heredes
978 2644 1051 2670 non
1075 2634 1164 2670 sint:
1197 2646 1263 2679 par

177 2682 219 2714 26
266 2679 358 2714 enim
382 2679 519 2714 utilitas
542 2683 608 2714 est.
655 2679 698 2714 In
727 2679 990 2724 possessionem
1012 2679 1142 2715 missus
1165 2680 1261 2725 lega-

175 2725 333 2760 torum¹⁶
357 2724 610 2760 servandorum
634 2734 745 2759 causa
768 2724 799 2759 si
821 2724 918 2759 litem
942 2734 986 2760 eo
1009 2725 1152 2760 nomine
1176 2735 1261 2760 con-

175 2773 328 2805 testatus
362 2769 423 2812 sit,
461 2780 534 2805 non
570 2772 654 2805 ante
684 2769 854 2805 decedere
884 2770 1111 2815 possessione
1145 2769 1260 2813 debet,

176 2817 218 2849 27
268 2824 373 2859 quam
388 2814 419 2849 ei
435 2825 501 2859 pro
517 2814 580 2850 lite
594 2814 703 2850 fuerit
717 2819 873 2850 cautum.
908 2814 1043 2851 Missus
1062 2815 1099 2849 in
1118 2825 1260 2860 posses-

175 2859 310 2895 sionem
335 2859 365 2894 si
388 2870 461 2895 non
484 2859 710 2902 admittatur,
742 2859 853 2895 habet
878 2859 1106 2895 interdictum
1128 2871 1261 2906 propo-

176 2904 302 2940 situm:
336 2908 400 2939 aut
422 2914 487 2949 per
510 2904 679 2940 viatorem
703 2908 767 2939 aut
789 2915 855 2950 per
877 2904 1065 2941 officialem
1089 2905 1262 2950 praefecti

176 2953 240 2985 aut
268 2959 334 2995 per
364 2959 399 2983 m
448 2949 456 2957 ⁰
478 2954 594 2985 tratus
620 2949 902 2985 introducendus
926 2954 981 2986 est
1002 2950 1039 2985 in
1063 2951 1260 2995 possessio-

177 2997 220 3029 28
266 3004 358 3029 nem.
441 2993 449 3002 ⁶
470 2994 523 3029 sio
544 2999 663 3030 autem
679 2995 797 3030 locum
812 2995 960 3031 habebit
975 3005 1047 3031 non
1060 2997 1086 3016 ¹⁷
1110 2999 1260 3039 tantum,

176 3040 207 3075 si
238 3039 317 3085 quis
348 3038 387 3074 id
415 3039 552 3084 ipsum,
581 3040 679 3119 guod
710 3040 865 3084 legatum
895 3042 1001 3082 est¹⁸,
1034 3045 1178 3085 rogatus
1202 3041 1260 3084 sit,

176 3095 296 3122 verum
330 3084 438 3120 etiam
465 3084 496 3119 si
519 3085 579 3130 qui
626 3085 682 3120 vel
705 3095 750 3120 ex
773 3095 814 3121 eo
839 3084 895 3120 vel
917 3096 982 3130 pro
1006 3095 1049 3121 eo
1074 3086 1261 3122 restituere

177 3133 220 3164 29
266 3129 376 3165 fuerit
398 3132 556 3175 rogatus.
603 3129 641 3165 Si
665 3130 759 3165 Titio
791 3140 881 3175 pure
911 3130 1066 3175 legatum
1094 3130 1202 3167 fuerit
1226 3135 1262 3166 et

176 3175 252 3210 eius
284 3174 369 3210 fidei
393 3174 618 3210 commissum
643 3175 709 3209 sub
734 3175 957 3219 condicione,
990 3179 1031 3210 ut
1053 3175 1133 3211 Sem
1159 3176 1260 3211 ronio

176 3220 392 3262 restitueret,
415 3230 488 3255 non
511 3219 631 3264 inique
650 3225 849 3264 praetorem
867 3221 1116 3255 statuturumI
1158 3221 1167 3229 '
1194 3232 1260 3256 nus

177 3266 330 3317 scripsit,
356 3266 397 3307 si,
421 3264 640 3310 antequaml
685 3269 781 3299 atum
800 3269 1041 3311 consequatur
1056 3266 1259 3311 legatarius,

177 3310 438 3346 fideicommissi
464 3308 651 3345 condicion
689 3310 718 3344 's
742 3310 829 3345 satis
852 3320 924 3346 non
949 3311 1010 3346 det
1021 3311 1060 3354 ¹⁹,
1084 3315 1126 3346 ut
1147 3311 1260 3357 magis

177 3427 215 3464 (ι)
241 3423 285 3467 cs.
301 3427 316 3462 5
332 3430 384 3461 25;
403 3422 446 3455 D.
462 3424 516 3463 43,
530 3429 558 3463 4,
570 3429 642 3464 3,1;
672 3422 748 3455 Cod.
765 3424 796 3462 6,
809 3431 854 3463 54,
869 3430 885 3456 s

1001 3425 1045 3466 (2)
1069 3424 1220 3467 angiam
1232 3425 1269 3459 F

177 3469 220 3508 (³)
245 3477 345 3509 quom
367 3468 399 3500 F
544 3471 584 3507 (⁴)
609 3466 699 3509 quod
716 3466 758 3499 ad
776 3467 811 3499 F
954 3471 996 3510 (s)
1021 3479 1155 3511 quaqua
1175 3470 1259 3504 Best

178 3520 220 3547 (8)
247 3512 494 3545 fideicommisso
508 3523 578 3545 ram
590 3512 624 3564 F
732 3514 772 3551 (7)
797 3514 1047 3564 posscssionum]
1066 3525 1126 3557 per
1144 3515 1258 3548 sessio·

178 3567 322 3635 {aazia
337 3603 368 3634 F
393 3559 436 3598 (8)
462 3558 737 3644 Ιῖιῗῗιῖιίηἰίιιξιιιε
756 3558 1259 3638 3)ἰιιιαῖιίιιξιιιξιιπυειιτὲξι)ι)ιιι8ῗσῖ

178 3649 235 3686 (12)
261 3647 470 3690 sententiam]
489 3647 747 3680 satisfactionem
771 3648 924 3681 Gaiae-ius
1048 3655 1104 3688 (13)
1129 3649 1259 3683 habita-

178 3691 268 3725 tione
284 3692 315 3723 F
405 3695 463 3733 (14)
489 3694 522 3725 et
534 3693 592 3726 ins.
608 3692 727 3737 Many·
821 3693 881 3734 (15)
906 3692 934 3725 ti
947 3693 1005 3725 ins.
1021 3694 1055 3726 F
1126 3695 1188 3736 (16)
1210 3693 1259 3727 le-

179 3739 329 3779 gatarum
351 3737 384 3769 F
503 3742 561 3777 (ιι)
586 3747 630 3769 no
651 3738 686 3770 F
802 3738 863 3779 (ns)
887 3738 921 3771 et
938 3738 973 3771 F
1091 3740 1150 3777 (ιο)
1174 3739 1215 3772 de
1233 3739 1268 3772 F

1252 115 1339 164 542
1564 118 1608 139 ⁸*

1495 0 1500 30 i

1504 28 1566 109 Ὗ

1803 133 1862 164 U'r
1890 134 1938 165 m
1965 132 2160 167 POSSESS.
2190 135 2412 168 mosron-

1333 239 1585 287 Sempronio*
1614 241 1675 278 det
1703 242 1716 278 1
1782 242 1811 278 ti
1839 242 2140 289 persecutionem,
2179 247 2221 280 ut
2253 244 2284 280 is
2317 244 2413 291 lega-

1332 285 1426 322 tario
1435 286 1466 309 ²¹
1503 286 1654 324 satisdet
1690 287 1735 324 de
1762 287 1876 324 ciente
1911 288 2120 324 condicione
2149 289 2250 325 reddi
2281 289 2413 326 decem.

1333 330 1438 366 sed’²
1460 334 1496 367 et
1519 331 1549 368 si
1572 332 1752 379 acceperit
1768 332 1885 369 Titius
1897 333 1943 369 ab
1959 333 2091 370 herede
2107 333 2240 377 decem,
2265 345 2414 380 aequum

1333 385 1411 411 esse
1426 375 1587 414 Iulianus
1611 377 1663 413 ait
1685 378 1763 424 cogi
1786 388 1866 414 eum
1888 378 2039 414 invicem
2062 379 2235 416 satisdare
2252 383 2316 415 aut
2336 381 2349 415 i
2375 391 2415 417 sa

1333 419 1456 457 decem
1477 421 1621 458 tradere
1651 425 1687 458 et
1708 422 1958 475 Sempronium
1981 423 2075 460 Titio
2105 434 2248 461 cavere:
2283 429 2319 460 et
2372 436 2415 462 oc

1334 468 1376 501 30
1422 466 1500 502 iure
1522 466 1665 510 utimur,
1688 466 1727 503 id
1744 478 1837 504 emm
1854 472 1890 504 et
1906 468 2098 504 Marcellus
2114 469 2177 505 ait.
2213 469 2305 514 Quid
2319 480 2414 516 ergo,

1333 511 1363 546 si
1393 514 1428 546 et
1455 511 1612 557 legatum
1640 511 1708 549 sub
1740 512 1947 550 condicione
1980 514 2028 549 sit
2056 514 2220 550 relictum
2248 519 2285 551 et
2313 514 2414 551 fidei-

1333 556 1571 600 commissum,
1594 567 1620 592 n
1664 566 1711 593 ue
1732 556 1995 595 fideicommissi
2017 558 2236 595 satisdatur?
2275 560 2414 605 aequis-

1332 601 1460 636 simum
1498 601 1568 638 erit
1604 601 1630 637 fi
1655 602 1970 640 eicommissarium
2005 604 2148 640 nomine
2182 604 2290 649 legati
2328 605 2415 641 satis

1333 646 1496 693 accipere
1520 647 1567 683 ab
1588 646 1737 690 herede,
1761 647 1793 683 si
1815 648 1848 684 ei
1870 647 2063 694 legatarius
2086 659 2160 685 non
2183 653 2323 693 caveat,
2347 650 2415 687 sci-

1331 690 1417 727 licet
1438 695 1480 727 ut
1503 695 1539 727 et
1559 691 1572 727 i
1598 702 1637 728 se
1658 691 1829 738 legatario
1854 697 1990 730 caveat.
2027 694 2123 740 quod
2143 694 2175 730 si
2190 695 2261 730 iam
2278 696 2418 742 accepit

1331 736 1524 782 legatarius
1547 746 1571 772 a
1617 737 1748 774 herede
1770 738 1876 781 satis,
1909 737 2171 775 decernendum
2201 740 2269 776 erit
2300 750 2343 775 ex
2373 750 2417 776 ea

1332 781 1565 818 satisdatione
1594 783 1707 827 magis
1741 782 2066 820 fideicommissario
2103 795 2209 830 quam
2245 785 2255 820 l
2323 786 2417 821 tario

1332 826 1487 862 dandam
1510 827 1699 871 actionem,
1722 827 1760 862 in
1784 838 1864 864 eum
1887 828 2024 864 scilicet
2046 839 2178 874 casum,
2204 840 2273 876 quo
2317 830 2416 866 fidei—

1332 871 1511 925 commissi
1545 872 1622 908 eius
1654 872 1814 926 condicio
1849 873 1982 926 estitit:
2017 874 2134 928 ipsius
2168 875 2275 911 etiam
2310 875 2323 910 1
2390 876 2418 910 ti

1331 916 2103 1015 {ffiffintfflfflffliofiizffmmmfit
2097 930 2234 1001 32111021
2256 931 2419 1002 3⁰33

1331 1007 1678 1044 fideicommissarms
1727 1011 1851 1044 aratus
1875 1018 2001 1044 cavere
2022 1009 2205 1055 legatario.

1379 1050 1404 1090 6
1438 1051 1632 1088 IULIANUS
1666 1053 1695 1088 li
1715 1064 1758 1089 ro
1794 1054 2003 1100 triqensimo
2037 1059 2162 1091 octavo
2198 1055 2417 1102 diqestorum

1333 1097 1371 1133 Si
1393 1097 1567 1143 pecuniae
1588 1101 1797 1134 numeratae
1820 1108 1907 1134 usus
1930 1098 2071 1135 fructus
2093 1099 2232 1146 legatus
2260 1104 2354 1136 esset
2384 1106 2419 1136 et

1332 1143 1369 1178 in
1399 1146 1613 1179 testamento
1646 1147 1810 1187 cautum,
1842 1153 1887 1179 ne
1917 1154 1960 1180 eo
1987 1144 2127 1180 nomine
2151 1145 2239 1181 satis
2263 1146 2417 1188 daretur,

1332 1188 1534 1234 proprietas
1562 1199 1636 1224 non
1666 1192 1722 1224 est
1750 1189 1887 1234 legata,
1918 1189 1983 1225 sed
2009 1189 2180 1235 legatario
2210 1191 2416 1236 permitten-

1333 1233 1417 1268 dum
1441 1233 1616 1270 satisdare
1640 1237 1677 1268 et
1698 1244 1803 1269 usum
1825 1234 1982 1270 fructum
2004 1235 2179 1288 pecuniae
2202 1236 2353 1272 habere:
2384 1242 2419 1272 et

1332 1279 1591 1324 propemodum
1600 1279 1631 1301 2³
1654 1279 1692 1314 in
1710 1279 1780 1315 hac
1790 1279 1820 1301 ²⁴
1842 1279 2087 1332 propositione
2105 1281 2226 1317 nullae
2243 1282 2418 1327 praetoris

1333 1327 1439 1359 erunt
1460 1328 1598 1369 partes,
1629 1323 1729 1369 quia,
1759 1324 1829 1361 nisi
1851 1325 2059 1368 satisdetur‚
2092 1326 2150 1371 agi
2179 1337 2259 1362 cum
2290 1327 2419 1362 herede

1336 1373 1349 1404 1
1399 1380 1472 1405 non
1482 1369 1514 1391 ²⁵
1535 1370 1679 1423 poterit.
1726 1369 1795 1414 Qui
1823 1369 2088 1407 fideicommissi
2117 1371 2283 1407 servandi
2309 1382 2419 1408 causa

1331 1415 1367 1449 in
1390 1424 1653 1460 possesslonem
1676 1414 1806 1451 missus
1831 1419 1886 1451 est
1895 1416 1937 1458 2⁶,
1968 1426 2040 1452 non
2070 1417 2171 1462 prius
2203 1417 2246 1453 de
2275 1427 2416 1462 posses-

1332 1460 1431 1495 sione
1454 1459 1626 1496 decedere
1649 1459 1774 1502 debet,
1801 1470 1908 1513 quam
1930 1461 1964 1497 ei
1987 1460 2298 1498 fideicommissum
2321 1463 2416 1498 solu-

1331 1509 1407 1540 tum
1431 1509 1495 1540 aut
1519 1515 1561 1541 eo
1585 1505 1727 1541 nomine
1750 1505 1962 1541 satlsdatum
1984 1505 2111 1542 fuerit:
2145 1517 2229 1543 nam
2260 1508 2356 1553 quod
2387 1509 2417 1543 si

1331 1550 1470 1596 integra
1493 1560 1533 1586 re
1555 1549 1675 1593 fieret,
1700 1550 1739 1585 in
1760 1551 2023 1596 possessionem
2046 1562 2118 1588 non
2139 1553 2357 1596 mitteretur,
2382 1554 2419 1588 id

1333 1606 1412 1631 cum
1436 1595 1607 1631 offeretur
1615 1596 1658 1640 ²⁷,
1684 1595 1866 1632 discedere
1888 1606 1911 1632 a
1932 1598 2158 1642 possessione
2182 1598 2299 1634 debet.

1378 1638 1402 1677 7
1427 1640 1666 1677 Mammas
1685 1641 1777 1677 libro
1802 1642 1906 1677 tertio
1929 1642 2139 1689 reqularum
2187 1643 2281 1679 Dum
2298 1648 2419 1680 venter

1330 1686 1368 1721 in
1398 1686 1662 1731 possessionem
1692 1689 1765 1729 est,
1797 1686 1915 1722 nullus
1945 1686 2143 1733 legatorum
2166 1689 2417 1725 servandorum

1332 1741 1443 1767 causa
1464 1732 1502 1766 in
1524 1727 1786 1776 possessionem
1810 1741 1889 1767 esse
1910 1735 2042 1777 potest.

1377 1773 1402 1815 8
1428 1775 1676 1812 Pseu-mm
1704 1777 1794 1812 libro
1823 1780 1928 1813 sexto
1958 1778 2206 1824 quaestionum
2254 1778 2292 1814 Si
2322 1778 2416 1825 lega-

1331 1826 1450 1858 torum
1473 1821 1561 1857 satis
1584 1831 1658 1857 non
1681 1821 1798 1864 datur,
1826 1822 1994 1858 restituta
2015 1822 2212 1860 hereditate
2235 1824 2272 1859 in
2297 1834 2418 1860 earum

1332 1876 1473 1913 quoque
1495 1877 1615 1902 rerum
1638 1867 1899 1912 possessionem
1922 1867 2114 1913 legatarius
2130 1869 2323 1906 mittendus
2341 1871 2417 1914 erit,

1332 1922 1425 1958 quae
1448 1911 1531 1948 dolo
1555 1911 1648 1947 malo
1673 1912 1760 1954 eius,
1786 1913 1845 1947 cui
1854 1913 1886 1934 ²⁸
1907 1913 2073 1949 restituta
2092 1917 2147 1950 est
2166 1914 2357 1958 hereditas,
2381 1916 2418 1950 in

1331 1957 1546 1993 hereditaria
1569 1967 1681 1993 causa
1689 1957 1721 1978 ²⁹
1744 1957 1936 1993 desierunt.

1377 2001 1403 2040 9
1427 2002 1536 2038 IDEM
1555 2002 1646 2038 libro
1670 2013 1766 2038 nono
1790 2002 1925 2038 decimo
1950 2004 2199 2050 quaestionum
2244 2004 2366 2040 Etiam
2388 2005 2419 2040 si

1332 2047 1590 2084 condemnatus
1609 2048 1713 2083 heres
1727 2047 1836 2083 fuerit
1851 2058 1918 2084 nec
1930 2049 2119 2101 pecuniam
2135 2049 2259 2092 solvat,
2284 2050 2417 2096 legata-

1336 2097 1348 2128 1
1399 2092 1475 2128 rius
1524 2096 1620 2128 otest
1637 2092 1838 2128 desiderare
1854 2094 1946 2128 mitti
1962 2094 2000 2129 in
2017 2094 2290 2139 possessionem.
2329 2095 2417 2131 Cum

1332 2138 1400 2174 sub
1425 2148 1493 2173 con
1521 2138 1695 2174 'cionibus
1720 2139 1909 2174 contrariis
1932 2138 2055 2175 eadem
2077 2149 2134 2175 res
2159 2139 2300 2176 duobus
2323 2140 2417 2186 lege-

1330 2187 1401 2225 tur,
1425 2183 1457 2219 si
1471 2194 1545 2219 non
1558 2186 1737 2227 caveatur,
1761 2187 1911 2229 uterque
1926 2184 2079 2220 mittitur
2093 2185 2131 2220 in
2143 2186 2415 2231 possessionem.

1380 2227 1431 2266 10
1463 2227 1622 2264 anzvs
1654 2228 1746 2265 libro
1776 2230 1882 2264 tertio
1915 2231 2173 2265 sententiarum
2226 2230 2265 2267 Si
2298 2231 2417 2267 nullae

1331 2274 1404 2318 sint
1431 2283 1490 2309 res
1513 2272 1769 2316 hereditariae,
1800 2274 1838 2309 in
1861 2284 1951 2319 quas
1974 2274 2136 2320 legatarii
2158 2275 2214 2311 vel
2236 2275 2415 2312 fideicom-

1331 2318 1484 2355 missarii
1506 2318 1711 2362 mittantur,
1742 2319 1780 2354 in
1802 2329 1877 2354 rem
1924 2319 2042 2355 uidem
2064 2320 2204 2357 heredis
2229 2322 2321 2357 mitti
2343 2332 2415 2357 non

1331 2367 1493 2417 possunt,
1517 2363 1582 2399 sed
1603 2374 1669 2409 per
1690 2368 1891 2431 praetorem
1931 2370 2099 2409 enegatas
2117 2366 2239 2401 heredi
2257 2367 2415 2403 actiones

1330 2419 1399 2455 ipsi
1422 2412 1686 2454 persequuntur
1729 2436 1738 2444 .

1380 2453 1428 2491 11
1454 2453 1800 2490 Hannooemsws
1816 2454 1906 2490 libro
1924 2460 2055 2500 quarto
2070 2455 2162 2490 iuras
2177 2456 2414 2502 epitoniorum

1331 2499 1370 2535 Si
1384 2498 1738 2535 fideicommissorum
1753 2499 1809 2535 vel
1825 2499 2022 2544 legatorum
2036 2500 2291 2536 servandorum
2305 2511 2416 2537 causa

1330 2544 1459 2580 missus
1482 2543 1520 2579 in
1542 2544 1806 2590 possessionem
1828 2555 1907 2580 eam
1929 2555 2003 2580 rem
2026 2549 2148 2581 teneas
2158 2547 2200 2588 ³¹,
2226 2547 2415 2591 quaemihi

1330 2599 1396 2669 Ber
1418 2589 1728 2625 fideicommissum
1750 2589 1877 2627 relicta
1895 2594 2000 2634 esset,
2024 2591 2171 2636 aequius
2191 2595 2246 2626 est
2263 2601 2319 2626 me
2336 2601 2415 2628 eam

1356 2635 1474 2677 abere,
1500 2635 1559 2670 cui
1567 2635 1599 2656 ²⁸
1622 2644 1665 2670 ea
1687 2635 1767 2680 ipsa
1789 2635 1914 2671 relicta
1937 2639 2002 2678 est,
2033 2646 2141 2681 quam
2163 2640 2210 2678 te,
2241 2636 2303 2682 qui
2326 2637 2413 2673 alte·

1330 2680 1404 2716 rius
1435 2679 1697 2716 fideicommissi
1734 2680 1876 2717 nomine
1910 2680 2090 2725 ingressus
2123 2682 2161 2717 in
2195 2691 2273 2717 eam
2304 2691 2413 2719 esses.

1330 2735 1414 2760 nam
1442 2729 1478 2760 et
1509 2724 1540 2760 si
1571 2725 1658 2760 mihi
1689 2726 1755 2761 sub
1789 2725 1997 2761 condicione
2025 2726 2181 2771 legatum
2211 2731 2266 2763 est
2304 2731 2341 2763 et
2374 2731 2414 2762 tu

1331 2770 1446 2805 medio
1481 2774 1643 2815 tempore
1672 2770 1709 2805 in
1740 2770 1999 2816 possessionem
2035 2772 2111 2807 eius
2151 2771 2269 2807 factus
2303 2771 2414 2808 fueris

1330 2815 1526 2860 legatorum
1554 2815 1807 2851 servandorum
1839 2825 1967 2860 causa,
2000 2816 2128 2853 deinde
2157 2816 2319 2853 condicio
2348 2817 2411 2852 im-

1330 2861 1428 2906 pleta
1459 2864 1571 2904 esset,
1611 2871 1683 2895 non
1712 2860 1945 2906 denegabitur
1974 2862 2060 2897 mihi
2090 2862 2166 2898 eius
2194 2862 2245 2897 rei
2275 2862 2411 2908 integra

1329 2905 1541 2951 persecutio.
1590 2906 1642 2941 sic
1665 2906 1758 2941 enim
1782 2910 1819 2941 et
1827 2906 1859 2927 ⁸²
1888 2906 1920 2941 si
1949 2907 2196 2943 statuliberum
2221 2917 2267 2943 ex
2290 2907 2412 2944 eadem

1330 2960 1441 2986 causa
1462 2950 1647 2996 possidere
1672 2951 1847 3004 coepisset
1856 2952 1897 2992 ³³,
1929 2951 2076 2997 impleta
2106 2952 2312 2988 condicione
2338 2953 2411 2989 ius-

1332 2999 1346 3030 1
1396 2999 1470 3031 tam
1492 2995 1694 3031 libertatem
1718 3006 1793 3032 eius
1816 2996 1987 3042 impedire
2009 3007 2082 3033 non
2099 3001 2218 3043 potest
2226 2998 2268 3032 ³³.
2303 2997 2342 3033 Si
2360 2998 2412 3033 rei

1329 3040 1523 3077 servandae
1547 3051 1658 3076 causa
1678 3041 1715 3076 in
1738 3042 1998 3095 possessionem
2020 3042 2147 3078 missus
2171 3043 2306 3078 esset³⁴
2326 3053 2411 3089 pro-

1329 3086 1428 3131 prius
1453 3085 1607 3122 creditor
1629 3086 1771 3122 heredis
1796 3091 1831 3122 et
1854 3087 1906 3122 rei
1949 3097 1989 3123 er
2002 3086 2311 3124 fideicommissum
2326 3088 2412 3124 mihi

1329 3131 1475 3166 relictae
1505 3130 1657 3176 adeptus
1686 3131 1815 3175 fuerit,
1878 3132 1884 3139 ”
1914 3132 1923 3141 ·
1972 3141 2029 3168 me
2063 3142 2127 3178 per
2165 3143 2246 3169 eum
2256 3134 2288 3155 ³⁸
2317 3133 2410 3170 laedi

1330 3180 1495 3221 oportere
1519 3177 1694 3220 convenit,
1719 3187 1791 3213 non
1813 3177 1925 3222 magIs
1947 3187 2052 3223 quam
2077 3178 2106 3213 si
2126 3178 2266 3224 abipso
2282 3179 2410 3214 herede

1330 3231 1408 3256 eam
1431 3231 1506 3256 rem
1528 3221 1668 3267 pignori
1691 3222 1901 3268 accepisset.

1378 3264 1429 3303 12
1455 3265 1690 3303 MAEGJANUS
1709 3268 1800 3303 libro
1825 3267 2032 3302 duodecimo
2054 3267 2409 3313 fideicommissorum

1329 3310 1534 3357 Municipiis
1558 3311 1868 3349 fideicommissum
1889 3311 2040 3357 relinqui
2054 3322 2162 3359 posse
2176 3312 2322 3349 dubium
2338 3323 2409 3349 non

1328 3429 1391 3467 (2ο)
1415 3425 1535 3467 pronio
1557 3426 1592 3458 F

1326 3470 1389 3512 (23)
1411 3470 1633 3513 proptondum
1652 3471 1687 3503 F
2231 3475 2292 3513 (25)
2317 3482 2361 3505 no
2381 3473 2415 3505 F

1327 3517 1390 3555 (26)
1415 3517 1448 3548 et
1461 3515 1494 3547 F
1595 3518 1657 3557 (27)
1681 3525 1758 3548 nam
1770 3514 1806 3548 id
1818 3525 1893 3548 eum
1905 3516 2071 3559 offeretur,
2090 3516 2179 3559 quod
2190 3516 2219 3549 si
2230 3517 2360 3559 integra
2372 3528 2406 3549 rs

1326 3559 1430 3602 fleret,
1449 3559 1485 3592 in
1505 3561 1741 3603 possessionem
1757 3570 1826 3593 non
1841 3559 2031 3594 mitteretur
2049 3574 2110 3595 εον.
2221 3564 2285 3599 (28)
2308 3561 2366 3603 qni
2381 3562 2415 3594 F

1733 3427 1790 3466 (21)
1815 3424 1991 3468 legatarios
2011 3427 2048 3460 F

1847 3472 1907 3510 (24)
1931 3471 2017 3504 hanc
2037 3472 2071 3504 F

2186 3428 2249 3470 (22)
2271 3426 2362 3461 med
2383 3428 2419 3462 F

1327 3605 1391 3643 (29)
1416 3606 1556 3639 essen‘nu.
1637 3608 1699 3645 (³0)
1721 3607 2009 3648 persequanturF
2079 3609 2136 3647 (³¹)
2160 3606 2415 3640 remitteneasF

1328 3651 1390 3734 {³3
1414 3650 1514 3727 3¹le
1601 3654 1663 3691 (3³)
1686 3650 1845 3692 ooopinsoe
1863 3675 1870 3682 .
1882 3674 1908 3682 ..
1926 3653 2018 3693 potes
2030 3651 2060 3684 S
2162 3656 2223 3690 (³⁴)
2246 3654 2330 3684 emet
2341 3651 2403 3685 del.
