2528 3918
202 104 390 149 XXXVI
419 106 442 146 1

1284 97 1368 146 522
1572 111 1620 137 *x

1505 0 1511 27 i

1515 25 1576 106 Ὗ

1855 111 1918 143 ΔΙ)
1947 110 2141 143 SENA'rus
2169 109 2434 144 consummi

202 226 348 270 reditas,
371 235 445 262 non
467 223 735 260 transferuntur
745 223 919 267 actiones,
943 223 1027 269 quia
1043 233 1117 259 non
1138 222 1190 258 ita
1212 232 1287 259 res-
1359 220 1500 257 dicatur
1509 220 1538 244 ¹⁴
1554 220 1684 258 velius
1699 220 1856 257 testandi
1873 230 1945 257 non
1962 219 2134 257 habuisse
2152 229 2233 257 eum
2248 219 2311 267 qui
2322 221 2433 258 testa·

202 271 345 308 tituitur
366 269 556 314 hereditas,
579 272 622 304 ut
642 272 795 306 testator
815 268 964 314 rogavit.
1009 268 1117 313 plane
1144 270 1287 313 postea—

204 326 311 362 quam
338 314 514 351 exstiterit
547 314 708 351 condicio
739 314 797 351 vel
824 314 900 350 dies
935 312 1072 348 venerit
1108 312 1140 348 si
1172 316 1288 347 ratam

203 362 336 397 habeat
357 358 619 396 restitutionem
641 358 867 402 hereditatis,
896 357 1081 403 benignius
1105 359 1161 393 est
1182 356 1286 392 intel-

203 406 274 451 legi
295 408 383 441 tunc
406 404 601 440 translatas
623 403 736 440 videri
758 404 928 440 actiones.

252 448 300 487 11
317 452 328 473 ¹
381 449 575 486 Uffmvvs
613 448 704 485 libro
755 452 886 495 quarto
932 447 962 493 fi

203 494 311 541 Apud
334 494 536 529 Iulianum²
557 493 711 530 relatum
733 497 806 536 est,
836 493 867 529 si
898 492 1051 537 legatum
1074 491 1144 526 fuit
1164 490 1288 526 heredi

203 540 367 576 instituto
391 539 555 574 relictum
587 538 629 575 ‘si
651 539 755 575 heres
779 548 851 574 non
874 538 949 573 erit’
981 540 1018 573 et
1042 536 1087 572 ob
1116 537 1185 572 hoc
1208 546 1286 571 sus-

204 588 346 630 pectam
369 583 465 619 dicat
487 583 720 619 hereditatem
743 593 788 618 ne
810 582 938 628 perdat
959 581 1132 627 legatum,
1168 580 1288 616 offerri

204 630 239 665 ei
274 639 296 664 o
323 632 440 664 ortere
498 628 708 664 uantitatem
750 627 859 671 legati
892 637 915 662 a
948 625 1288 668 fideicommissario,

204 673 287 710 dein
313 683 333 709 e
361 683 404 709 co
428 683 473 708 en
498 684 569 708 um.
615 683 682 708 nec
723 672 813 708 illud
840 671 996 707 admittit
1023 670 1199 713 Iulianus,
1235 673 1286 712 ut,

205 718 309 764 quasi
323 718 408 754 here
436 718 555 753 ‘tatem
570 728 642 753 non
661 717 804 760 adisset,
829 717 881 752 sic
900 716 1056 761 legatum
1073 725 1096 751 a
1114 714 1287 751 coherede

204 766 305 808 petat
328 762 431 816 (adiit
453 762 570 806 enim),
604 762 667 798 sed
697 762 810 807 magis
842 761 1041 797 arbitratur
1062 771 1086 796 a
1107 759 1287 795 fideicom-

204 808 368 844 missario
400 807 434 844 ei
461 807 726 853 praestandum.
776 806 840 842 sed
867 809 904 842 et
932 806 963 842 si
991 805 1077 851 quid
1100 804 1198 840 aliud
1221 814 1288 840 sua

205 853 379 889 interesse
410 852 520 895 dicet,
553 862 626 888 non
650 851 789 897 cogitur
811 850 928 895 adire,
958 850 1028 886 nisi
1058 850 1092 886 ei
1121 850 1289 885 damnum

207 898 263 934 vel
285 898 425 934 lucrum
448 898 495 933 a³
517 895 844 933 fideicommissario
861 896 1040 932 sarciatur
1055 895 1116 931 vel
1139 904 1161 930 a

210 947 225 978 1
272 945 352 979 tore
375 952 466 979 onus
489 942 707 984 remittatur,
738 940 834 987 quod
857 944 1012 977 recusat.
1058 940 1157 975 Idem
1199 939 1287 975 ulia-

205 988 297 1024 nus⁴
320 987 388 1030 ait,
412 986 444 1023 si
467 986 537 1022 duo
562 986 694 1022 fuerint
724 996 747 1021 a
773 990 877 1031 patre
905 985 1060 1021 instituti
1089 986 1192 1020 cum⁵
1214 984 1288 1020 filio

206 1032 283 1069 eius
312 1031 498 1085 impubere
526 1035 563 1067 et
592 1031 687 1067 idem
715 1031 900 1067 substituti
923 1030 1016 1075 filio,
1049 1029 1215 1066 sufficere
1243 1030 1288 1071 ei,

206 1077 267 1123 qui
283 1076 595 1113 fideicommissum
615 1076 653 1111 in
669 1076 836 1113 secundis
854 1076 987 1111 tabulis
1005 1075 1156 1120 accepit,
1179 1085 1290 1110 unum

205 1132 252 1158 ex
273 1121 465 1158 heredibus
487 1121 660 1158 institutis
693 1130 820 1166 cogere
843 1120 942 1156 adire
964 1120 1078 1166 patris
1110 1119 1287 1155 heredita-

205 1170 294 1203 tem:
330 1167 401 1203 hoc
435 1166 529 1202 enim
558 1166 655 1202 facto
691 1165 979 1209 confirmatisque
1012 1164 1126 1210 patris
1157 1164 1290 1200 tabulis

205 1214 377 1258 poterunt
400 1221 445 1247 ex
467 1211 721 1247 substitutione
750 1210 856 1246 ambo
886 1210 965 1255 cogi
994 1209 1093 1245 adire
1121 1212 1158 1244 et
1185 1209 1288 1245 resti-

206 1260 228 1292 2
273 1260 375 1292 tuere
410 1256 653 1292 hereditatem.
706 1255 834 1291 Utrum
869 1258 989 1291 autem
1027 1253 1208 1300 praesenti
1243 1264 1291 1289 an

207 1301 315 1338 etiam
343 1301 504 1337 absenti⁶
531 1300 674 1336 restitui
708 1300 825 1345 possit
861 1303 1097 1345 procuratore
1136 1298 1291 1334 adeunte

206 1350 420 1426 praetorem,
443 1345 634 1381 videndum
657 1348 723 1381 est.
760 1355 780 1380 e
804 1355 824 1380 o
847 1348 936 1390 puto
960 1343 1123 1380 absenti⁷
1147 1355 1218 1389 quo
1244 1354 1289 1380 ue

233 1390 532 1427 deicommissario
557 1390 636 1435 cogi
657 1400 764 1435 posse
812 1389 953 1426 eredem
974 1389 1178 1425 institutum
1193 1399 1215 1425 a
1272 1399 1292 1425 e

206 1440 244 1472 et
265 1436 453 1472 restituere
475 1445 543 1471 nec
571 1435 686 1471 vereri
713 1435 880 1471 heredem
909 1437 1090 1480 oportere,
1122 1443 1168 1469 ne
1198 1434 1291 1470 forte

205 1481 245 1517 in
280 1481 410 1516 damno
445 1483 621 1516 moretur:
659 1483 780 1526 potest
807 1479 902 1515 enim
936 1479 970 1515 ei
997 1489 1063 1525 per
1089 1482 1292 1524 praetorem

206 1525 386 1569 succurri,
416 1524 491 1561 sive
514 1528 658 1561 cautum
682 1525 715 1560 ei
737 1525 822 1568 fiat,
853 1524 926 1561 sive
960 1535 1034 1560 non
1061 1527 1099 1560 et
1122 1528 1205 1560 ante
1229 1524 1289 1560 de-

208 1570 356 1607 cesserit
377 1569 744 1612 fideicommissarius‚
769 1580 876 1615 quam
898 1569 933 1605 ei
954 1569 1167 1605 restituatur
1189 1569 1291 1605 here-

208 1615 313 1652 ditas.
360 1618 416 1651 est
438 1614 531 1651 enim
554 1614 660 1651 huius
691 1615 744 1651 rei
771 1625 872 1650 exem
897 1615 972 1650 lum
1003 1624 1132 1660 capere
1161 1624 1206 1650 ex
1234 1624 1291 1650 re-

207 1658 1293 1741 aa{1333{131¹ss{tehensaetiseeffiesz

207 1750 380 1786 directam
416 1750 519 1795 eique
554 1749 664 1785 filiam
703 1760 768 1795 per
803 1749 1115 1786 fideicommissum
1150 1748 1295 1794 reliquit

208 1796 433 1849 rogavitque,
463 1799 504 1830 ut
536 1794 646 1830 filiam
673 1795 954 1831 manumitteret:
990 1794 1055 1831 sed
1092 1797 1129 1830 et
1159 1793 1293 1830 Titium

209 1851 247 1878 ro
272 1844 355 1883 avit,
379 1844 422 1875 ut
442 1840 683 1875 manumissae
705 1839 859 1876 Albinae
881 1839 978 1875 filiae
1000 1838 1206 1876 restitueret
1228 1840 1291 1875 he-

208 1895 245 1922 re
273 1885 404 1921 tatem.
430 1895 511 1920 cum
534 1885 643 1930 igitur
665 1884 782 1920 Titius
806 1888 1010 1930 suspectam
1033 1884 1169 1920 diceret
1190 1884 1293 1920 here-

209 1930 370 1973 ditatem,
406 1929 620 1975 rescriptum
656 1933 713 1966 est
749 1939 773 1965 a
801 1929 881 1965 divo
910 1929 976 1965 Pio
1012 1929 1295 1983 compellendum

207 1986 288 2011 eum
316 1975 416 2011 adire
445 1974 694 2010 hereditatem:
724 1984 795 2020 quo
833 1974 987 2010 adeunte
1019 1974 1173 2010 Albinae
1197 1984 1293 2010 com-

205 2020 400 2066 petituram
428 2019 631 2056 libertatem
662 2019 765 2065 eique
800 2019 911 2055 filiam
943 2019 1154 2055 tradendam
1183 2022 1219 2054 et
1247 2019 1293 2055 ab

206 2075 251 2101 ea
290 2065 610 2100 manumittendam
654 2067 879 2110 tutoremque
921 2064 1017 2100 filiae
1055 2064 1294 2100 manumissae

207 2110 376 2152 dandum,
401 2119 473 2155 quo
497 2113 645 2146 auctore
668 2110 878 2146 restituatur
900 2109 1079 2146 hereditas
1100 2109 1196 2145 filiae
1219 2112 1293 2145 sta-

205 2155 290 2197 tim,
322 2155 481 2200 quamvis
512 2155 564 2190 sic
592 2154 722 2190 fuisset
751 2155 784 2190 ei
806 2157 952 2200 rogatus
974 2154 1179 2197 restituere,
1212 2164 1294 2190 cum

206 2199 366 2236 nubilem
388 2203 542 2235 aetatem
567 2200 790 2245 complesset.
828 2210 907 2235 cum
932 2203 1051 2235 autem
1101 2199 1207 2243 ossit,
1237 2199 1292 2235 in-

207 2244 300 2290 quit,
331 2244 487 2287 evenire,
517 2247 559 2280 ut
580 2247 664 2280 ante
688 2244 838 2280 decedat
866 2254 925 2288 ea,
956 2245 1016 2280 cui
1044 2244 1070 2279 fi
1095 2244 1293 2280 eicommis-

207 2289 304 2326 saria
327 2289 476 2325 libertas
500 2292 537 2325 et
565 2288 746 2326 hereditas
775 2289 903 2325 relicta
931 2292 1003 2331 est,
1032 2299 1100 2325 nec
1129 2300 1150 2325 ο
1178 2292 1295 2325 orteat

207 2334 337 2370 damno
367 2333 475 2369 adfici
506 2344 603 2377 eum,
641 2333 703 2379 qui
736 2344 778 2370 ro
803 2334 908 2370 atus·
944 2334 1020 2370 adit
1046 2334 1112 2370 her
1170 2337 1292 2377 tatem,

206 2378 400 2415 remedium
412 2378 519 2423 dedit,
543 2382 595 2422 ut,
619 2378 651 2415 si
675 2378 761 2424 quid
810 2389 910 2415 orum
923 2379 1122 2424 contigerit,
1145 2378 1293 2433 perinde

205 2423 437 2470 permittatur
466 2423 675 2460 venumdari
704 2423 801 2459 bona
831 2423 1028 2467 Antistiae,
1057 2434 1102 2460 ac
1131 2434 1163 2460 si
1189 2424 1293 2460 heres

206 2470 240 2506 ei
267 2479 341 2505 non
371 2468 577 2506 exstitisset.
625 2479 707 2504 cum
737 2468 846 2514 igitur
874 2468 1168 2511 demonstraverit
1191 2468 1293 2505 divus

204 2514 292 2550 Pius
317 2513 480 2550 succurri
509 2512 633 2550 heredi
660 2513 843 2559 instituto,
873 2514 935 2560 qui
969 2514 1173 2560 compulsus
1206 2513 1292 2557 adit,

207 2559 279 2595 dici
313 2562 435 2605 potest
462 2558 570 2594 etiam
607 2558 646 2594 in
675 2558 804 2594 ceteris
841 2559 959 2595 causis
988 2568 1089 2595 exem
1115 2559 1189 2594 lum
1223 2560 1292 2595 hoc

206 2603 364 2650 sequend
459 2603 575 2640 sicubi
597 2604 764 2647 evenerit,
789 2603 1023 2640 ”restituatur
1043 2603 1070 2639 fi
1096 2604 1292 2640 eicommis-

206 2649 303 2687 saria
324 2649 411 2685 here
437 2649 505 2684 'tas
529 2649 581 2692 ei,
612 2648 673 2695 qui
706 2649 878 2694 compulit
907 2649 1006 2685 adire
1037 2652 1074 2685 et
1104 2649 1293 2685 restituere

210 2694 277 2731 sibi
298 2694 541 2730 hereditatem.

255 2736 307 2776 12
331 2738 577 2775 Parmam
602 2738 693 2775 libro
724 2738 890 2776 vicesimo
927 2738 1176 2785 quaestionum
1222 2738 1293 2775 Sed

208 2794 289 2819 cum
308 2784 353 2819 ab
377 2783 508 2819 herede
530 2794 596 2828 pro
621 2786 725 2829 parte
747 2783 911 2820 instituto
934 2783 1207 2820 fideicommissa
1228 2784 1291 2820 he-

207 2828 340 2864 reditas
370 2828 437 2864 sub
473 2828 682 2865 condicione
710 2828 838 2864 relicta
867 2831 979 2872 esset,
1007 2827 1202 2874 imperator
1230 2829 1291 2865 Ti-

206 2876 266 2909 tus
278 2874 305 2895 ¹⁰
327 2872 531 2909 Antoninus
554 2873 666 2909 rescri
693 2873 740 2909 sit
769 2883 842 2909 non
866 2883 945 2909 esse
974 2873 1093 2909 locum
1116 2874 1290 2910 constitu·

206 2917 296 2954 tioni
321 2927 409 2953 suae
432 2927 546 2962 neque
569 2917 657 2963 pupi
684 2928 745 2953 um
773 2921 877 2954 extra
900 2917 1058 2954 ordinem
1087 2918 1290 2963 iuvandum,

207 2962 418 3043 pmffiarfim
442 2961 625 3028 silnovum
648 2962 862 2999 beneficium
887 2973 968 2999 cum
990 2963 1137 3000 alterius
1160 2963 1292 3000 iniuria

234 3018 275 3044 os
352 3010 453 3043 retur
494 3033 502 3042 .

207 3019 232 3054 p
256 3049 307 3090 13
340 3051 534 3088 Uspmnos
553 3052 643 3087 libro
693 3055 800 3088 uario
821 3052 1177 3098 fideicommissorum
1214 3053 1290 3096 Ille,

209 3107 231 3133 a
253 3107 324 3143 quo
348 3096 414 3133 sub
437 3096 644 3150 condicione
666 3062 976 3134 fideicommissum
998 3098 1162 3134 relictum
1185 3099 1290 3142 est¹²,

210 3141 351 3178 causari
388 3141 473 3187 quid
510 3151 581 3176 non
618 3142 765 3186 poterit,
801 3153 847 3178 ne
887 3142 1048 3179 condicio
1081 3142 1224 3178 deficiat
1255 3147 1291 3179 et

207 3187 357 3223 haereat
385 3185 603 3227 actionibus,
634 3196 715 3221 cum
754 3188 891 3223 nullum
922 3187 1089 3223 damnum
1118 3187 1164 3223 sit
1192 3187 1289 3223 futu-

211 3235 226 3267 1
274 3232 405 3267 rum¹¹.
451 3230 654 3267 Secundum
681 3241 725 3266 ea
754 3242 846 3276 quae
876 3232 1095 3269 ostendimus
1124 3232 1194 3268 iam
1227 3233 1236 3242 ⁰
1262 3233 1289 3260 '-

209 3279 229 3311 2
274 3276 374 3312 tur¹³
395 3286 469 3312 non
499 3274 721 3312 desideratur
747 3276 888 3313 heredis
917 3277 1129 3323 praesentia.
1177 3243 1290 3313 &150

207 3324 421 3358 testamento
441 3320 490 3356 ali
513 3320 577 3356 uid
596 3324 800 3366 quaeratur,
824 3322 927 3358 heres
946 3332 1019 3358 non
1038 3322 1145 3358 debet
1162 3321 1288 3365 audiri,

208 3366 240 3402 si
256 3369 460 3412 suspectam
475 3376 506 3402 ει
531 3365 544 3401 i
559 3365 793 3401 hereditatem
810 3366 923 3402 dicat:
946 3376 1030 3403 nam
1047 3370 1084 3403 et
1095 3366 1289 3403 simaxime

963 446 1286 483 deioommissorum

1209 905 1287 930 rae-

210 3480 251 3522 (ι)
276 3480 351 3519 αᾰθ
367 3487 383 3514 2
396 3481 438 3523 cs.
452 3479 498 3513 D.
512 3481 567 3522 42,
580 3487 609 3522 s,
621 3486 646 3521 ι,
660 3486 677 3513 s
789 3479 833 3520 (2)
860 3480 879 3512 l.
894 3486 929 3514 28
947 3485 1009 3518 §15
1023 3480 1053 3513 Ιι.
1068 3487 1090 3513 ε.
1202 3480 1244 3521 (s)
1269 3489 1290 3512 a

209 3536 268 3557 om.
284 3524 319 3557 F
391 3527 432 3563 (4)
460 3525 479 3558 l.
494 3532 530 3559 28
547 3529 562 3564 5
578 3533 594 3558 5
609 3525 639 3557 h.
651 3531 672 3557 t.
759 3525 803 3564 (5)
828 3524 915 3566 cum]
929 3524 1124 3557 exheredato
1139 3523 1290 3558 Cuiact'us

209 3568 255 3609 (6)
279 3568 395 3601 absent
408 3570 443 3602 F
547 3571 589 3609 (7)
614 3569 747 3602 absente
759 3580 822 3602 scr.
932 3570 975 3609 (8)
1000 3569 1147 3612 rogatus]
1158 3570 1291 3602 coactus

214 3614 366 3647 Cuiacz'ua
459 3614 505 3655 (s)
529 3624 571 3646 ne
583 3615 643 3647 ins.
735 3614 796 3655 (ιο)
820 3612 917 3645 titius
929 3613 962 3645 F
1037 3615 1092 3655 (ιι)
1117 3615 1138 3647 ι.
1151 3621 1184 3648 12
1197 3620 1292 3648 extra

211 3659 352 3691 ordinem
363 3659 485 3692 inserta
494 3659 684 3692 collocanda
688 3659 762 3702 suit
772 3670 835 3691 non
847 3658 909 3691 ltoc
919 3657 997 3698 loco,
1010 3659 1071 3692 sed
1079 3666 1158 3702 post
1169 3659 1189 3692 1.
1198 3666 1231 3693 1³
1235 3671 1289 3702 pr.

212 3703 270 3738 (η)
294 3705 327 3735 et
341 3703 373 3734 F
430 3705 488 3744 (ιε)
511 3703 616 3745 igitur
629 3704 690 3737 del.
754 3703 813 3744 (u)
836 3701 926 3736 dieat
936 3715 999 3736 ner.
1058 3705 1117 3745 (ιι)
1141 3703 1292 3745 quaestio

1354 271 1413 303 tus
1431 270 1487 302 est
1498 265 1555 303 vel
1569 265 1614 302 de
1625 266 1760 302 viribus
1774 265 1979 303 testamenti
1996 265 2053 301 vel
2069 265 2113 301 de
2130 275 2197 301 sua
2214 265 2433 309 condicione,

1355 314 1375 347 3
1426 310 1579 347 nouerit
1591 310 1799 347 audiendus.
1836 310 1929 356 Quid
1952 320 2035 364 ergo
2058 309 2091 346 si
2113 309 2157 346 de
2179 309 2312 347 viribus
2334 310 2434 347 fidei-

1356 355 1538 392 commissi
1547 356 1744 391 tractetur?
1765 356 1855 392 haec
1892 359 2028 391 uaestm
2043 354 2202 400 praetori
2211 355 2433 400 praetermit-

1355 401 1461 436 tenda
1479 401 1508 423 ¹⁸
1526 410 1600 436 non
1618 400 1697 436 erit.
1732 401 1796 437 sed
1815 400 1875 447 qui
1919 400 1951 436 si
1970 400 2031 446 qui
2043 400 2071 422 ¹⁸
2089 399 2435 437 fideicommissarius

1354 446 1470 481 dicat:
1498 444 1617 481 ‘adeat
1637 444 1738 499 prius
1760 449 1797 481 et
1819 446 1871 482 sic
1896 445 1938 481 de
1961 445 2030 481 hoc
2053 445 2282 489 quaeratur-’P
2328 444 2434 482 credo

1353 490 1535 526 interdum
1564 489 1778 525 audiendum
1807 489 2186 534 fideicommissariam,
2221 490 2253 526 si
2281 490 2434 535 cognitio

1354 534 1586 581 prolixiorem
1602 537 1795 570 tractatum
1810 536 1958 572 habeat:
1982 534 2076 580 finge
2099 533 2193 570 enim
2210 534 2320 570 verba
2335 534 2433 571 fidei-

1355 579 1536 616 commissi
1553 579 1598 615 de
1615 579 1805 625 longinquo
1869 580 1977 616 tenda
1999 583 2035 615 et
2055 579 2187 615 iustam
2210 579 2433 615 deliberatio-

1354 635 1435 660 nem
1467 624 1512 660 de
1540 624 1738 669 quantitate
1762 624 1813 660 fid
1847 624 2025 661 commissi
2047 623 2219 660 incidere:
2249 623 2435 660 dicendum

1354 670 1422 706 erit
1439 668 1719 714 compellendum
1734 679 1815 705 eum
1830 669 1940 712 adire,
1963 679 2009 705 ne
2051 669 2125 704 rius
2143 669 2246 705 heres
2262 668 2435 705 decedens

1354 717 1377 750 4
1405 713 1790 768 ‚fideicommissariam
1806 713 1971 760 decipiat.
2045 713 2279 767 empestivurn
2302 717 2358 750 est
2378 724 2434 750 re-

1354 768 1713 856 ἓὲἒῖἔῖῖὲῗὲἒῗὲἓ
1730 758 2434 849 ἓᾞὲἶὶἓῖἛῗέῗῧέἔωἛἘὲἜθῗὲἑ

1355 849 1542 885 institutus
1570 851 1843 894 suspectamque
1870 848 2102 884 hereditatem
2130 848 2244 892 dicat,
2283 859 2331 884 an
2360 849 2433 894 cogi

1356 893 1473 939 possit
1487 892 1587 929 adire
1601 896 1638 929 et
1650 893 1861 929 restituere?
1890 896 1927 929 et
1949 893 2138 930 dicendum
2160 897 2216 930 est
2235 897 2435 939 praetorem

1358 938 1501 983 quidem
1522 938 1561 973 in
1583 941 1783 983 praetorem
1805 938 1861 973 vel
1885 938 2067 974 consulem
2093 938 2131 974 in
2154 939 2335 975 consulem
2357 938 2435 974 nul-

1356 984 1430 1019 lum
1443 983 1631 1029 imperium
1649 983 1800 1019 habere:
1825 982 1889 1018 sed
1904 982 1936 1018 si
1948 982 2184 1019 iurisdictioni
2196 993 2236 1020 se
2249 983 2436 1026 subiciant,

1359 1028 1451 1064 solet
1472 1031 1619 1074 praetor
1641 1027 1679 1063 in
1703 1038 1764 1064 eos
1785 1027 1842 1064 ius
1855 1027 1984 1064 dicere.
2008 1027 2072 1063 sed
2095 1029 2170 1063 et¹⁷
2193 1028 2224 1063 si
2245 1028 2322 1074 ipse
2334 1038 2436 1073 prae-

1357 1077 1415 1110 tor
1438 1073 1541 1109 heres
1564 1073 1750 1109 institutus
1774 1076 1977 1117 suspectam
2001 1072 2114 1115 dicat,
2145 1072 2222 1118 ipse
2252 1083 2291 1109 se
2314 1083 2438 1118 cogere

1356 1128 1430 1154 non
1452 1118 1599 1163 poterit,
1631 1118 1714 1163 quia
1741 1117 1874 1163 triplici
1902 1117 2022 1153 officio
2045 1117 2145 1163 fungi
2167 1128 2240 1153 non
2261 1121 2381 1163 potest
2403 1123 2439 1153 et

1358 1166 1561 1208 suspectam
1584 1162 1732 1199 dicentis
1756 1166 1793 1198 et
1815 1162 1932 1198 coacti
1954 1165 1991 1198 et
2021 1162 2190 1208 cogentis.
2235 1162 2299 1198 sed
2321 1162 2359 1197 in
2383 1163 2437 1198 his

2074 1207 2161 1243 rinei
2188 1207 2244 1243 ale
2267 1207 2437 1243 auxilium

1360 1209 1524 1244 omnibus
1548 1208 1691 1244 casibus
1714 1211 1822 1253 atque
1853 1207 2025 1243 similibus

2187 1252 2300 1288 milias
2329 1252 2377 1288 sit
2404 1256 2440 1288 et

1359 1257 1378 1289 5
1425 1253 1687 1307 implorandum
1715 1256 1783 1289 est.
1836 1252 1875 1288 Si
1905 1252 1984 1298 quis
2062 1253 2114 1305 '‘us
2164 1297 2174 1307 θ

1357 1302 1605 1397 Ξῗέἶεὶἓῗὲἒέ
1616 1300 2438 1396 ,ξίἓῖἓῑέἓὲξῖῗοέᾉᾚἐέηὲἒῷωιιὲἒέὼιὲῗὲζ

1359 1389 1459 1424 adu-e
1482 1392 1518 1424 et
1540 1391 1743 1424 rest1tuere:

1398 1432 1451 1471 14
1475 1432 1822 1468 Hesuoosmaws
1848 1430 1940 1467 libro
1965 1456 1975 1466 .
1993 1457 2002 1466 .
2020 1455 2030 1466 .
2047 1456 2055 1465 .
2082 1431 2175 1467 iuris
2202 1432 2440 1474 epitommm

1351 1488 1431 1515 nam
1458 1478 1552 1523 quod
1577 1478 1623 1512 ad
1647 1480 1702 1513 ius
1726 1477 1911 1523 publicum
1935 1476 2078 1519 attinet,
2103 1486 2177 1512 non
2200 1475 2362 1521 sequitur
2383 1476 2439 1511 ius

1378 1525 1555 1560 otestatis.

1350 1534 1374 1570 p
1408 1567 1458 1606 15
1508 1568 1702 1604 ULPIANUS
1741 1567 1831 1603 libro
1899 1571 2004 1602 παντο
2044 1565 2398 1611 ᾔιίείσοηιηηζςεοναηι
2412 1567 2440 1587 ¹·

1364 1616 1377 1648 1
1428 1613 1498 1649 Sed
1522 1616 1558 1648 et
1580 1612 1641 1658 qui
1665 1611 1863 1657 repudiavit
1912 1611 2136 1653 ereditatem,
2172 1614 2318 1656 cogetur
2341 1611 2438 1646 adire

1361 1661 1398 1694 et
1429 1658 1617 1694 restituere
1654 1657 1767 1702 ipsam
1801 1656 2052 1699 hereditatem,
2088 1656 2118 1691 si
2158 1655 2274 1691 iustae
2309 1665 2440 1692 causae

1361 1706 1382 1738 2
1428 1703 1637 1748 allegentur.
1683 1702 1794 1737 Plane
1816 1701 1848 1737 si
1876 1702 1971 1737 bona
1994 1700 2182 1743 venierint,
2206 1711 2278 1736 non
2301 1704 2440 1754 oportet

1361 1748 1603 1794 praetorem¹⁹
1625 1757 1672 1782 ne
1700 1746 1840 1791 quidem
1877 1746 2051 1791 pupillum
2082 1745 2269 1781 restituere
2297 1745 2367 1782 msi
2396 1755 2440 1781 ex

1366 1798 1385 1829 3
1434 1802 1555 1835 causa,
1580 1796 1621 1827 ut
1643 1792 1745 1827 divus
1767 1791 1853 1828 Pius
1876 1790 2071 1835 rescripsit.
2119 1790 2157 1826 Si
2180 1790 2258 1835 quis
2282 1790 2440 1836 compul-

1362 1848 1425 1875 sus
1448 1837 1576 1874 adierit
1597 1836 1829 1872 hereditatem
1841 1846 1886 1871 ex
1899 1839 2121 1877 testamento,
2146 1835 2242 1880 quod
2263 1835 2439 1872 secundas

1361 1883 1505 1919 tabulas
1527 1882 1695 1925 habebat,
1744 1881 1919 1917 uaesitum
1943 1884 2008 1924 est,
2032 1891 2079 1916 an
2102 1890 2168 1926 per
2190 1879 2381 1916 aditionem
2403 1884 2441 1917 et

1362 1928 1508 1964 tabulae
1530 1926 1709 1963 secundae
1813 1929 1972 1969 arentur,
2007 1925 2103 1970 quod
2126 1925 2338 1961 videbantur
2359 1936 2438 1961 eva-

1362 1973 1483 2009 nuisse
1505 1983 1580 2008 non
1604 1971 1701 2007 adita
1722 1971 1835 2016 patris
1866 1970 2073 2006 hereditate.
2108 1973 2145 2006 et
2166 1970 2325 2006 Iulianus
2348 1970 2439 2006 libro

1363 2018 1485 2065 quinto
1516 2017 1652 2052 decimo
1684 2017 1810 2052 scribit
1843 2019 1879 2052 et
1909 2019 2096 2060 sequentes
2133 2015 2275 2051 tabulas
2311 2015 2439 2051 confir-

1361 2063 1467 2099 mari:
1505 2072 1597 2108 quae
1620 2062 1795 2097 sententia
1817 2060 2000 2097 verissima
2023 2064 2094 2096 est:
2123 2070 2227 2097 nemo
2259 2060 2351 2096 enim
2375 2061 2439 2096 du-

1361 2108 1456 2144 bitat
1484 2108 1590 2143 etiam
1618 2107 1735 2152 legata
1764 2106 1940 2152 praestari
1968 2109 2004 2141 et
2030 2105 2212 2141 libertates
2241 2109 2441 2151 competere

1362 2156 1399 2189 et
1429 2156 1565 2196 cetera,
1596 2161 1838 2198 quaecumque
1866 2151 1937 2187 sint
1968 2150 2007 2186 in
2034 2153 2263 2194 testamento,
2294 2151 2441 2196 perinde

1361 2198 1496 2241 valere,
1529 2208 1572 2233 ac
1604 2198 1634 2233 si
1666 2207 1732 2232 sua
1762 2199 1890 2242 sponte
1917 2196 2020 2232 heres
2043 2195 2275 2231 hereditatem
2297 2195 2439 2232 adisset.

1362 2246 1384 2279 4
1430 2243 1499 2288 Qui
1533 2242 1739 2287 compulsus
1774 2241 1850 2277 adit
1885 2240 2134 2285 hereditatem,
2169 2240 2276 2276 sicuti
2313 2241 2439 2277 ceteris

1363 2288 1556 2324 commodis
1591 2291 1701 2330 caret,
1733 2287 1786 2322 ita
1818 2287 1888 2322 hoc
1923 2296 2063 2340 quoque
2099 2296 2187 2322 casu
2223 2288 2359 2330 careat,
2394 2296 2440 2323 ne

1360 2333 1475 2379 possit
1503 2331 1716 2378 paenitendo
1746 2335 1911 2377 quartam
1944 2334 2114 2367 retinere:
2150 2334 2186 2367 et
2212 2330 2265 2366 ita
2299 2330 2440 2367 invenio

1361 2378 1407 2414 ab
1430 2377 1645 2423 imperatore
1667 2379 1792 2412 nostro
1823 2379 1860 2412 et
1882 2376 1963 2412 divo
1985 2379 2088 2421 patre
2111 2375 2188 2411 eius
2215 2376 2439 2422 rescriptum.

1361 2426 1380 2458 5
1428 2422 1511 2459 Non
1541 2422 1654 2458 omnis
1683 2425 1802 2457 autem
1831 2424 2034 2466 suspectam
2068 2420 2302 2457 hereditatem
2331 2430 2439 2467 repu-

1361 2467 1556 2504 diatione²⁰
1578 2467 1745 2503 amissam
1779 2476 1821 2502 co
1865 2476 1905 2501 re
1934 2468 2054 2511 potest
2081 2465 2172 2501 adiri
2201 2468 2239 2501 et
2268 2465 2337 2502 sibi
2363 2476 2439 2502 res-

1361 2512 1454 2556 titui,
1479 2512 1543 2549 sed
1565 2512 1596 2548 is
1621 2512 1771 2555 demum,
1795 2521 1818 2547 a
1865 2521 1970 2556 quem
1997 2510 2158 2546 actiones
2179 2510 2333 2547 transire
2354 2521 2438 2557 pos-

1361 2561 1462 2595 sunt:
1486 2567 1602 2603 neque
1624 2556 1719 2593 enim
1741 2566 1894 2605 aequum
1917 2559 1972 2592 est
1995 2555 2042 2591 ad
2063 2555 2133 2592 hoc
2156 2565 2260 2601 quem
2277 2556 2439 2601 compelli

1362 2603 1460 2639 adire
1488 2602 1737 2645 hereditatem,
1767 2605 1808 2637 ut
1835 2601 2110 2637 emolumentum
2133 2600 2272 2646 quidem
2300 2601 2439 2637 heredi-

1360 2648 1446 2684 tatis
1469 2647 1647 2691 refundat,
1670 2647 1748 2693 ipse
1769 2656 1853 2683 vero
1878 2646 2046 2682 oneribus
2069 2645 2275 2682 hereditatis
2289 2646 2438 2682 obstric-

1361 2696 1382 2729 6
1427 2696 1487 2729 tus
1509 2693 1742 2739 relinquatur.
1788 2691 1906 2737 Quare
1933 2691 1966 2727 si
1992 2690 2301 2727 fideicommissum
2330 2701 2438 2737 pecu-

1360 2738 1513 2774 niarium
1553 2737 1663 2773 alicui
1702 2736 1811 2772 fuerit
1850 2735 2032 2779 relictum,
2076 2739 2194 2772 cessat
2232 2736 2438 2782 compulsio,

1362 2787 1379 2818 ‘1
1427 2782 1570 2819 tametsi
1608 2781 1848 2818 indemnitatis
1890 2780 2009 2817 cautio
2046 2780 2227 2817 offeratur.
2284 2780 2439 2818 Proinde

1360 2828 1422 2874 qui
1445 2827 1699 2864 ‘hereditatem’
1722 2830 1870 2872 rogatur
1891 2826 2095 2869 restituere,
2125 2825 2157 2862 is
2180 2825 2319 2862 demum
2343 2836 2438 2862 com-

1361 2876 1381 2909 8
1427 2873 1572 2919 pellitur
1598 2872 1798 2908 restituere.
1844 2871 1915 2907 Sed
1938 2874 1975 2907 et
1996 2870 2028 2907 si
2051 2870 2129 2916 quis
2154 2870 2271 2907 ‘bona’
2294 2874 2438 2917 rogatus

1360 2918 1408 2955 sit
1428 2917 1486 2954 vel
1509 2916 1701 2954 ‘familiam’
1724 2916 1779 2953 vel
1802 2916 2013 2962 ‘pecuniam’
2036 2918 2181 2962 rogetur
2208 2916 2264 2951 vel
2286 2917 2437 2953 ‘univer-

1359 2973 1437 3000 sam
1458 2972 1534 2999 rem
1555 2962 1682 2998 meam'

1400 3005 1459 3088 1¹9
1485 3006 1567 3061 (15)
1591 3006 1751 3043 Panos
1777 3005 1868 3043 libro
1896 3005 2051 3043 secundo
2084 3005 2437 3053 fideicommissorum

1358 3063 1399 3088 ve
1449 3062 1567 3088 omma
1588 3052 1664 3088 sua'

1407 3095 1458 3135 17
1485 3094 1568 3141 (16)
1599 3077 1794 3133 Πιιῖιιινσε
1819 3094 1909 3132 libro
1933 3097 2064 3143 quarto
2085 3094 2438 3141 fideicommissorum

1359 3143 1438 3187 cogi
1460 3141 1608 3187 poterit:
1632 3141 1701 3177 hoc
1724 3141 1817 3177 idem
1840 3144 1877 3177 et
1899 3141 1930 3178 si
1954 3140 2224 3187 ‘patrimonium'
2248 3141 2356 3177 fuerit
2378 3152 2437 3178 ro-

1356 3193 1462 3232 gatus
1486 3190 1522 3222 et
1551 3186 1584 3223 si
1612 3185 1825 3222 ‘facultates’
1857 3189 1894 3222 et
1923 3186 1954 3222 si
1983 3185 2164 3231 ‘quidquid
2192 3186 2319 3223 habeo'
2348 3190 2384 3223 et
2406 3187 2438 3222 si

1358 3236 1517 3268 ‘censum
1538 3232 1666 3267 meum'
1696 3235 1732 3267 et
1754 3231 1786 3268 si
1809 3230 1982 3267 ‘fortunas
2005 3231 2113 3266 meas’
2142 3234 2179 3267 et
2201 3231 2231 3267 si
2261 3231 2436 3268 ‘substan-

1356 3276 1483 3312 tiam²¹
1505 3276 1643 3312 meam’.
1668 3280 1704 3312 et
1716 3276 1747 3312 si
1771 3275 1960 3321 ‘peculium
1982 3276 2109 3311 meum’
2131 3279 2284 3312 testator
2297 3275 2436 3320 dixerit,

1357 3321 1444 3367 quia
1484 3321 1644 3374 plerique
1681 3319 2000 3367 ἑητιυιοριστικιῖκ’1ι
2068 3320 2293 3357 atrimonium
2333 3331 2436 3358 suum

1355 3365 1537 3413 peculim
1560 3365 1694 3410 dicunt,
1719 3365 1896 3412 cogendus
1919 3364 2004 3401 eritz
2055 3376 2073 3401 e
2096 3365 2322 3402 successione
2344 3365 2437 3403 enim

1358 3479 1701 3523 praetermittendaF
1764 3481 1824 3522 (1⁶)
1848 3478 1903 3513 cui
1915 3492 1976 3513 scr.
2047 3481 2105 3520 (Π)
2129 3481 2163 3513 et
2174 3481 2236 3513 del.
2305 3482 2365 3522 (ιε)
2389 3481 2437 3515 εἰσ

1363 3525 1535 3559 (ἧιίαοίωε
1567 3524 1856 3568 Hermogeniana
1874 3524 1961 3557 libro
1974 3526 2092 3566 quarto
2103 3524 2434 3558 fideicommissorum.

1359 3569 1445 3603 Nam
1458 3593 1467 3602 .
1476 3593 1501 3603 ..
1514 3570 1686 3613 potestatis
1698 3571 1734 3604 F
1827 3570 1887 3612 (19)
1934 3571 2154 3612 raeccptorem
2166 3570 2202 3603 F
2296 3571 2360 3612 (20)
2384 3580 2437 3603 re-

1358 3613 1594 3694 ffitffiifeve
1604 3627 1668 3649 ιον.
1786 3615 1847 3658 (21)
1870 3624 1908 3648 su
1932 3614 2072 3647 tantiam
2084 3614 2118 3647 F
2233 3616 2295 3656 (22)
2320 3615 2357 3648 id
2368 3621 2434 3647 m:
