2528 3918
189 140 436 184 XXXXVII
471 145 519 184 10

188 265 265 310 quis
294 274 335 299 re
365 274 445 300 mea
475 265 528 300 uti
551 275 606 301 me
639 275 710 302 non
732 266 932 312 permittat:
968 276 1050 302 nam
1075 270 1110 302 et
1134 266 1192 302 hic
1214 266 1268 302 in·

186 310 355 344 iux-iarum
379 310 558 346 conveniri
580 314 709 356 potest.
758 310 966 348 conductori
990 316 1109 347 autem
1132 315 1269 347 veteres

187 354 413 390 interdictum
433 354 618 397 dederunt,
642 355 671 390 si
690 355 783 392 forte
804 356 946 403 publice
963 357 1051 392 hoc¹
1079 356 1267 391 conduxit:

186 410 268 434 nam
296 400 348 434 vis
372 399 405 435 ei
435 400 660 445 prohibenda
689 404 761 445 est,
798 411 867 447 quo
892 402 1007 439 ninus
1033 401 1269 437 conductione

185 454 252 480 sua
278 443 432 479 fruatur.
486 445 517 480 si
547 455 652 490 quem
681 449 801 482 tamen
832 451 915 482 ante
947 446 1053 482 aedes
1084 456 1182 481 meas
1214 446 1269 481 vel

186 493 269 524 ante
300 489 517 534 praetorium
550 500 666 526 meum
697 490 830 536 piscari
877 491 1080 534 rohibeam,
1106 490 1192 535 quid
1216 490 1268 526 di-

186 533 336 570 cendum
365 536 443 570 est?
488 545 544 570 me
567 534 776 571 iniuriarum
806 536 843 571 iu
870 537 937 571 icio
966 535 1081 571 teneri
1103 546 1148 571 an
1173 537 1269 572 non?

183 586 219 616 et
244 579 384 624 quidem
408 589 506 615 mare
525 590 710 616 commune
729 581 885 616 omnium
903 585 958 616 est
975 584 1011 616 et
1029 580 1144 623 litora,
1163 580 1270 616 sicuti

186 634 262 667 aer,
295 629 331 658 et
361 628 416 659 est
445 625 652 670 saepissime
682 626 895 671 rescriptum
926 636 998 661 non
1028 635 1135 670 posse
1190 636 1269 661 uem

183 669 317 713 piscari
348 669 547 722 prohiberi:
583 670 647 706 sed
676 681 743 706 nec
767 681 859 706 aucu
888 671 956 712 ari,
992 671 1060 706 nisi
1092 681 1160 715 quo
1216 671 1269 705 in-

187 713 285 759 gredi
309 725 387 758 quis
411 725 537 759 agrum
567 715 721 751 alienum
752 716 856 760 prohi
882 716 958 751 eri2
988 719 1118 761 potest.
1166 726 1270 751 usur-

185 762 308 804 patum
333 763 452 794 tamen
475 763 512 795 et
534 760 603 796 hoc
627 764 697 803 est,
722 761 863 796 tametsi
886 760 984 795 nullo
1007 760 1096 803 iure,
1127 764 1169 796 ut
1191 760 1269 813 quis

185 803 367 848 prohiberi
405 804 520 850 possit
559 809 643 840 ante
682 805 788 841 aedes
823 815 921 840 meas
956 805 1012 841 vel
1051 808 1269 851 praetorium

186 859 301 884 meum
325 848 473 894 piscari:
506 860 617 894 quare
641 850 670 885 si
694 850 773 895 quis
796 850 1042 896 prohibeatur,
1074 850 1192 886 adhuc
1215 851 1269 885 in-

186 893 357 928 iuriarum
380 894 438 940 agi
460 898 590 940 potest.
624 895 661 930 in
684 895 767 930 lacu
790 900 922 938 tamen,
947 894 1008 941 qui
1031 895 1101 931 mei
1124 895 1269 931 dominii

185 942 239 974 est
274 939 396 983 utique
418 939 574 984 piscari³
596 940 749 984 aliquem
772 939 962 985 prohibere
986 951 1144 985 possum.

234 965 285 1020 {4
309 983 468 1019 PAULUS
487 985 578 1019 libro
603 986 707 1019 tertio
731 985 867 1020 decimo
891 985 941 1020 ad
957 985 1141 1021 Plautium
1175 985 1269 1020 Sane

185 1028 215 1063 si
240 1029 346 1064 maris
370 1039 435 1074 pro
462 1030 553 1064 rium
576 1029 631 1064 ius
655 1029 702 1064 ad
719 1030 873 1075 aliquem
894 1030 1084 1076 pertineat,
1109 1030 1162 1071 uti
1185 1041 1268 1075 pos-

185 1073 308 1109 sidetis
336 1073 430 1109 inter
455 1075 564 1109 ictum
595 1074 628 1109 ei
660 1074 846 1120 competit,
888 1075 919 1110 si
949 1076 1183 1120 prohibeatur
1213 1076 1268 1110 ius

185 1129 288 1154 suum
317 1129 501 1162 exercere,
540 1119 707 1163 quoniam
738 1119 784 1154 ad
819 1119 994 1165 privatam
1021 1120 1094 1156 iam
1124 1130 1268 1156 causam

184 1164 355 1208 pertinet,
395 1174 468 1199 non
491 1164 537 1198 ad
559 1164 740 1209 publicam
763 1164 854 1200 haec
877 1175 945 1207 res,
970 1169 1095 1211 utpote
1119 1176 1200 1201 cum
1225 1165 1269 1200 de

184 1210 262 1244 iure
285 1208 438 1244 fruendo
462 1214 599 1254 agatur,
625 1209 740 1253 qu0d⁴
765 1219 808 1244 ex
831 1210 971 1255 privata
996 1221 1106 1246 causa
1130 1210 1268 1246 contin-

183 1258 260 1298 gat,
296 1265 368 1289 non
407 1264 451 1289 ex
479 1254 627 1306 publica
638 1256 662 1288 ⁵.
710 1254 757 1289 ad
792 1256 950 1300 privatas
989 1256 1082 1291 enim
1116 1256 1270 1291 causas⁰

183 1298 455 1334 accommodata
476 1299 667 1334 interdicta
689 1303 789 1343 sunt,
813 1310 885 1335 non
909 1300 956 1335 ad
979 1301 1154 1367 publicas.

233 1342 283 1381 15
323 1343 517 1379 Uhmws
548 1344 640 1379 libro
678 1346 968 1391 septuaqensimo
1029 1347 1181 1392 septimo
1221 1344 1271 1380 ad

183 1388 336 1424 edictum
387 1389 476 1424 Item
512 1388 609 1434 apud
643 1389 849 1425 Labeonem
887 1390 1085 1435 quaeritur,
1125 1390 1156 1426 si
1188 1390 1268 1435 quis

184 1437 336 1469 mentem
360 1433 510 1468 alicuius
534 1433 793 1470 medicamento
817 1435 932 1471 aliove
956 1446 1027 1481 quo
1050 1436 1267 1478 alienaverit,

183 1489 229 1514 an
251 1479 460 1514 iniuriarum
484 1478 578 1514 actio
602 1479 719 1514 locum
738 1479 898 1515 haberet.
931 1484 968 1516 et
986 1481 1036 1516 ait
1058 1481 1268 1516 iniuriarum

188 1529 196 1557 1
250 1523 419 1559 adversus
439 1534 519 1559 eum
538 1523 597 1568 agi
619 1534 736 1569 posse.
773 1524 811 1560 Si
834 1525 914 1569 quis
962 1526 1103 1562 ulsatus
1128 1525 1268 1571 quidem

183 1580 254 1604 non
278 1573 341 1610 est,
367 1579 489 1604 verum
506 1579 632 1604 manus
653 1569 824 1605 adversus
843 1581 925 1606 eum
959 1574 1082 1607 evatae
1105 1575 1141 1606 et
1161 1580 1268 1623 saepe

182 1614 329 1650 territus
366 1614 469 1658 quasi
507 1614 760 1658 vapulaturus,
803 1625 877 1651 non
913 1619 1034 1651 tamen
1073 1619 1266 1662 percusslt:

183 1662 202 1694 2
250 1658 329 1694 utili
350 1658 561 1694 iniuriarum
580 1659 722 1695 actione
740 1662 893 1696 tenetur.
928 1660 991 1696 Ait
1009 1665 1169 1706 praetor:
1195 1660 1270 1706 ‘qui

183 1704 364 1739 ‘adversus
388 1704 501 1739 bonos
524 1714 641 1740 mores
665 1704 862 1740 convicium
888 1706 946 1742 cui
973 1706 1101 1742 fecisse
1123 1705 1269 1742 cuiusve

183 1753 305 1793 ‘opera
342 1748 479 1784 factum
518 1758 598 1785 esse
638 1749 792 1793 dicetur,
829 1761 899 1796 quo
945 1751 1115 1787 adversus
1153 1751 1268 1787 bonos

182 1803 311 1830 ‘mores
346 1793 543 1829 convicium
564 1795 701 1835 ¹fieret:
742 1795 781 1830 in
817 1806 898 1831 eum
939 1796 1111 1832 iudicium
1149 1795 1267 1831 dabo'.

183 1842 202 1874 3
227 1842 246 1873 4
295 1838 501 1875 Convicium
523 1836 691 1875 iniuriam
714 1850 792 1876 esse
815 1840 938 1877 Labeo
961 1841 1023 1876 ait.
1063 1840 1269 1876 convicium

181 1888 301 1920 autem
338 1883 470 1919 dicitur
498 1884 552 1919 vel
585 1894 607 1919 a
639 1885 876 1921 concitatione
905 1886 960 1922 vel
1000 1896 1022 1921 a
1055 1889 1232 1922 conventu
1242 1886 1267 1928 ⁸,

182 1929 250 1964 hoc
284 1932 340 1964 est
374 1939 397 1964 a
431 1928 623 1965 collatione
656 1940 793 1966 vocum.
843 1941 923 1966 cum
959 1931 1052 1966 enim
1085 1931 1122 1966 in
1156 1941 1268 1966 unum

181 1974 382 2020 complures
411 1984 516 2010 voces
549 1973 798 2018 conferuntur,
838 1976 1035 2011 convicium
1065 1976 1269 2022 appellatur

182 2023 200 2053 5
249 2019 351 2065 quasi
383 2020 602 2054 convocium.
651 2019 722 2055 Sed
752 2020 847 2065 quod
870 2021 1024 2056 adicitur
1047 2032 1070 2057 a
1100 2024 1267 2075 praetore

182 2063 363 2100 ‘adversus
382 2064 497 2100 bonos
518 2066 647 2100 mores’
672 2065 828 2100 ostendit
849 2076 922 2101 non
941 2077 1081 2102 omnem
1099 2077 1137 2101 in
1156 2077 1267 2101 unum

182 2109 348 2144 collatam
371 2109 660 2145 vociferationem
691 2114 892 2155 praetorem
916 2115 1058 2154 notare,
1090 2111 1155 2147 sed
1177 2121 1266 2154 eam,

182 2164 273 2199 quae
293 2154 397 2190 bonis
416 2154 576 2189 moribus
595 2154 820 2200 improbatur
840 2166 931 2201 quae
956 2166 1001 2192 ue
1021 2156 1068 2191 ad
1084 2156 1267 2191 infamiam

182 2205 202 2235 ϋ
250 2199 305 2234 vel
328 2199 494 2234 invidiam
518 2199 670 2235 alicuius
695 2203 884 2245 spectaret.
932 2167 1031 2252 hem
1054 2201 1105 2236 ait
1129 2201 1263 2237 ‘adver-

183 2247 256 2280 ‘sus
279 2244 394 2280 bonos
413 2244 542 2280 mores'
563 2244 615 2280 sic
635 2245 882 2291 accipiendum
901 2256 974 2281 non
992 2247 1068 2282 eius
1090 2246 1150 2291 qui
1170 2246 1266 2290 fecit,

181 2289 244 2325 sed
274 2289 488 2334 generaliter
518 2290 596 2324 acci
622 2289 765 2325 iendum
801 2290 973 2327 adversus
1004 2291 1119 2327 bonos
1150 2302 1266 2327 mores

182 2337 199 2368 Ἰ
246 2334 352 2370 huius
377 2334 540 2370 civitatis.
619 2335 795 2370 onvicium
819 2346 891 2371 non
913 2339 1053 2371 tantum
1075 2337 1267 2382 praesenti,

180 2389 302 2415 verum
345 2379 487 2415 absenti
528 2390 597 2424 quo
624 2390 670 2415 ue
710 2379 788 2415 fieri
829 2391 936 2426 posse
972 2381 1095 2417 Labeo
1130 2381 1266 2417 scribit.

180 2424 331 2470 proinde
362 2424 393 2460 si
424 2424 502 2469 quis
526 2424 573 2459 ad
621 2435 738 2461 omum
762 2429 861 2460 tuam
884 2426 1019 2462 venerit
1048 2430 1085 2462 te
1108 2426 1267 2469 absente,

181 2469 379 2505 convicium
402 2468 538 2504 factum
562 2479 640 2505 esse
664 2470 806 2506 dicitur.
841 2470 935 2507 idem
959 2475 995 2507 et
1017 2472 1048 2507 si
1072 2471 1119 2507 ad
1141 2472 1266 2507 statio-

181 2525 262 2550 nem
300 2515 356 2550 vel
394 2515 582 2550 tabernam
620 2519 764 2550 ventum
803 2516 867 2558 sit,
906 2516 1053 2562 probari
1090 2520 1266 2562 oportere.

182 2563 202 2596 8
249 2560 395 2595 Fecisse
434 2559 632 2595 convicium
671 2570 744 2595 non
773 2564 915 2596 tantum
949 2562 980 2597 is
1011 2561 1167 2604 videtur,
1207 2561 1268 2607 qui

180 2603 396 2641 vociferatus
418 2609 493 2648 est,
527 2615 649 2640 verum
671 2605 702 2641 is
727 2616 883 2651 quoque,
919 2607 981 2652 qui
1005 2606 1198 2642 concitavit
1221 2606 1267 2642 ad

181 2649 472 2685 vociferationem
502 2649 592 2685 alios
615 2650 672 2685 vel
696 2651 757 2695 qui
788 2651 985 2687 summissit
1007 2656 1048 2687 ut
1070 2651 1265 2687 vociferen-

182 2698 202 2730 9
249 2700 318 2730 tur.
368 2694 456 2730 ‘Cui'
486 2705 559 2730 non
582 2694 659 2731 sine
683 2705 793 2731 causa
821 2696 1000 2732 adiectum
1023 2700 1093 2732 est:
1129 2707 1212 2731 nam
1236 2696 1267 2732 si

182 2740 341 2775 incertae
363 2749 539 2784 personae
563 2740 759 2775 convicium
783 2741 856 2783 fiat,
889 2741 989 2776 nulla
1013 2741 1175 2777 executio
1200 2745 1266 2777 est.

185 2788 225 2820 10
272 2784 310 2819 Si
345 2784 522 2819 curaverit
560 2785 639 2830 quis
679 2785 876 2821 convicium
913 2787 1020 2822 alicui
1056 2786 1152 2828 fieri,
1195 2797 1267 2822 non

185 2833 223 2865 11
271 2834 391 2864 tamen
414 2828 551 2864 factum
575 2829 631 2883 sit²
660 2840 733 2865 non
756 2831 945 2866 tenebitur.
993 2831 1052 2866 Ex
1075 2831 1130 2867 his
1154 2842 1176 2867 a
1201 2841 1265 2877 pa-

181 2877 237 2910 ret
264 2884 337 2909 non
369 2883 473 2909 omne
502 2874 729 2910 maledictum
769 2876 967 2912 convicium
997 2886 1092 2912 esse:
1135 2887 1174 2912 se
1230 2876 1267 2912 id

185 2923 225 2954 12
271 2919 404 2961 solum,
436 2918 532 2963 quod
556 2930 636 2954 cum
659 2920 914 2957 vociferatione
938 2921 1072 2956 dictum
1099 2926 1169 2964 est,
1195 2921 1267 2957 sive

181 2974 274 3000 unus
298 2964 370 2999 sive
393 2963 514 3008 plures
538 2964 708 3008 dixerint,
735 2966 830 3010 quod
852 2966 890 3001 in
914 2971 1019 3002 coetu
1043 2966 1177 3002 dictum
1200 2970 1265 3011 est,

182 3009 380 3045 convicium
411 3013 484 3044 est:
518 3009 613 3054 quod
644 3013 764 3045 autem
787 3021 860 3047 non
883 3011 921 3046 in
953 3015 1057 3047 coetu
1080 3022 1147 3047 nec
1170 3012 1265 3047 voci-

180 3054 355 3090 feratione
378 3053 520 3095 dicitur,
546 3055 752 3090 convicium*
766 3066 838 3091 non
888 3057 1006 3101 roprie
1030 3056 1179 3098 dicitur,
1204 3056 1266 3092 sed

184 3102 224 3135 13
269 3098 467 3134 infamandi
498 3108 608 3134 causa
645 3100 790 3135 dictum.
845 3101 861 3122 ⁸
894 3101 907 3136 i
945 3101 1023 3146 quis
1063 3102 1264 3146 astrologus

181 3143 237 3179 vel
271 3143 333 3188 qui
367 3144 413 3179 ali
439 3153 520 3178 uam
534 3146 562 3165 ¹⁰
594 3144 754 3179 illicitam
789 3145 1040 3181 divinationem
1074 3146 1265 3191 pollicetur

182 3189 366 3225 consultus
397 3199 420 3223 a
435 3189 552 3234 iquem
581 3188 697 3224 furem
728 3189 891 3234 dixisset,
917 3191 977 3236 qui
1001 3201 1073 3226 non
1097 3195 1185 3234 erat,
1209 3192 1262 3227 in-

178 3234 350 3269 iuriarum
375 3244 456 3268 cum
485 3243 528 3269 eo
559 3234 618 3278 agi
639 3244 711 3270 non
735 3239 871 3279 potest,
903 3235 966 3271 sed
991 3236 1261 3272 constitutiones

184 3283 224 3314 14
271 3288 332 3314 eos
350 3282 483 3314 tenent.
524 3278 749 3321 Iniuriarum,
799 3290 865 3315 uae
892 3291 936 3316 ex
959 3281 1117 3317 convicio
1143 3282 1261 3317 nasci-

179 3327 256 3365 tur,
288 3323 326 3358 in
355 3323 505 3359 heredes
527 3333 601 3359 non
630 3327 684 3359 est
705 3323 769 3359 red
796 3325 905 3361 enda:
939 3325 1003 3361 sed
1031 3335 1098 3362 nec
1128 3326 1261 3362 heredi.

183 3372 223 3403 15
273 3367 334 3403 ⁹Si
357 3368 436 3421 quis
461 3368 612 3413 virgines
636 3369 871 3414 appellasset,
903 3370 934 3405 si
957 3374 1076 3406 tamen
1101 3371 1263 3407 ancillari

180 3417 276 3448 veste
297 3416 461 3455 vestitas,
492 3413 608 3448 minus
631 3423 782 3459 peccare
805 3414 959 3449 videtur:
992 3416 1104 3451 multo
1133 3416 1261 3459 minus,

180 3458 212 3494 si
232 3457 435 3494 meretricia
457 3462 555 3494 veste
577 3458 748 3502 feminae,
776 3469 849 3495 non
871 3466 1024 3495 matrum
1047 3460 1261 3496 familiarum

180 3574 219 3611 (ι)
244 3571 319 3615 hoc]
338 3571 450 3605 locum
465 3582 530 3605 scr.
624 3574 666 3609 (2)
690 3570 880 3614 prohiberis
899 3571 934 3604 F

179 3619 224 3659 (4)
248 3627 315 3659 quo
335 3617 369 3650 F
462 3618 507 3657 (t)
530 3618 647 3659 utpote
727 3614 863 3659 publica
883 3617 945 3649 del.
1045 3620 1090 3659 (ϋ)
1114 3627 1212 3650 causa
1234 3618 1270 3651 F

180 3665 224 3699 (7)
249 3660 525 3704 quinquagesimo
538 3661 709 3704 Schuteiny
796 3663 843 3701 (8)
867 3663 1030 3694 concentu
1047 3663 1262 3706 Canneya'eter

180 3707 226 3747 (9)
253 3711 270 3745 ⁵
285 3714 317 3740 u
330 3706 552 3739 collocandum
572 3713 647 3739 ante
666 3711 682 3745 5
698 3712 748 3739 18:
774 3707 889 3739 deinde
908 3714 982 3740 ante
997 3711 1012 3745 5
1028 3714 1059 3741 15
1072 3707 1260 3740 desideran-

184 3758 234 3783 ηυ-
246 3753 345 3785 verba
357 3752 454 3785 edicti
465 3751 505 3784 de
511 3751 677 3794 pudicitia
689 3758 878 3794 attemptata
965 3754 1025 3790 (10)
1050 3750 1148 3783 aliam
1161 3762 1258 3792 quam

1022 3577 1064 3611 (3)
1090 3573 1214 3615 piscare
1235 3573 1267 3605 F

1260 140 1346 189 782

1489 23 1564 111 ὲ

2142 160 2205 192 DE
2233 161 2415 194 mmmm

1336 265 1484 302 vestitae
1525 266 1687 304 fuissent.
1743 268 1773 304 si
1807 268 1917 313 igitur
1958 279 2030 304 non
2069 269 2257 306 matronali
2290 269 2415 307 habitu

1336 310 1467 346 femina
1489 311 1598 348 fuerit
1620 315 1658 349 et
1679 313 1757 358 quis
1780 324 1859 350 eam
1886 313 2079 359 appellavit
2106 314 2163 350 vel
2191 315 2225 350 ei
2254 316 2415 352 comitem

1342 359 1381 390 16
1428 355 1595 401 abduxit,
1627 357 1835 394 iniuriarum
1861 363 2012 394 tenetur.
2062 358 2230 395 comitem
2253 359 2415 406 accipere

1337 399 1505 436 debemus
1538 412 1637 444 eum,
1669 403 1730 448 qui
1761 404 1949 439 comitetur
1977 407 2015 439 et
2037 407 2208 449 sequatur
2230 409 2267 440 et
2289 408 2344 448 (ut
2365 406 2416 441 ait

1337 445 1474 489 Labeo)
1498 447 1570 482 sive
1593 447 1743 483 liberum
1767 448 1841 484 sive
1863 458 2003 484 servum
2027 449 2101 484 sive
2123 450 2321 485 masculum
2343 450 2415 486 sive

1337 490 1523 526 feminam:
1550 495 1586 527 et
1607 493 1659 527 ita
1682 492 1844 528 comitem
1863 493 1985 529 Labeo
2011 493 2135 528 definit
2157 495 2229 539 ‘qui
2251 495 2416 539 frequen-

1337 535 1449 570 ‘tandi
1487 537 1659 582 cuiusque
1699 547 1809 573 causa
1842 542 1883 573 ut
1911 543 2120 584 sequeretur
2149 538 2347 575 destinatus
2379 540 2416 575 in

1338 580 1493 625 ‘publico
1531 582 1712 626 prIvatove
1749 582 1926 618 abductus
1964 583 2095 618 fuerit'.
2149 584 2241 619 inter
2271 584 2416 620 comites

1342 628 1379 659 17
1427 626 1550 670 utique
1581 630 1617 662 et
1643 626 1840 672 paedagogi
1868 632 1983 663 erunt.
2037 628 2240 664 Abduxisse
2268 629 2415 672 videtur,

1338 674 1378 704 ut
1400 670 1522 706 Labeo
1546 672 1606 713 ait,
1636 682 1707 707 non
1731 672 1791 717 qui
1814 672 1992 708 abducere
2015 673 2179 708 comitem
2202 673 2329 719 coepit,
2353 674 2417 710 sed

1340 718 1380 750 18
1428 715 1489 760 qui
1512 716 1672 761 perfecit,
1698 720 1739 752 ut
1761 727 1879 752 comes
1900 727 1981 752 cum
2000 728 2041 754 eo
2057 719 2081 739 ¹¹
2107 728 2179 753 non
2198 723 2305 754 esset.
2341 719 2415 755 Ab·

1337 759 1482 796 duxisse
1512 765 1631 796 autem
1662 772 1735 797 non
1765 765 1906 796 tantum
1925 761 1957 798 is
1980 762 2134 805 videtur,
2167 763 2228 808 qui
2256 773 2319 808 per
2347 764 2416 798 vim

1336 805 1501 849 abduxit,
1533 816 1656 841 verum
1679 806 1710 842 is
1734 817 1894 852 quoque,
1926 806 1987 852 qui
2009 807 2187 853 persuasit
2210 808 2346 850 comiti,
2377 812 2418 844 ut

1340 853 1380 884 19
1429 860 1506 885 eam
1531 851 1719 887 desereret.
1768 851 1927 887 Tenetur
1948 852 2017 887 hoc
2040 852 2155 888 edicto
2183 863 2256 888 non
2278 856 2417 888 tantum

1337 894 1397 940 qui
1428 895 1591 931 comitem
1622 896 1789 940 abduxit,
1827 906 1949 932 verum
1986 896 2091 932 etiam
2122 897 2154 932 si
2184 898 2263 943 quis
2294 909 2416 934 eorum

1338 943 1380 974 20
1427 950 1532 985 quem
1563 941 1815 986 appellavisset
1841 941 2090 977 adsectatusve
2112 945 2176 978 est.
2225 943 2417 988 Appellare

1337 988 1392 1020 est
1424 985 1556 1021 blanda
1587 987 1746 1022 oratione
1777 987 1923 1022 alterius
1945 987 2154 1032 pudicitiam
2177 987 2294 1022 adtem
2321 992 2415 1023 tare:

1336 1030 1405 1065 hoc
1434 1030 1527 1065 enim
1558 1041 1630 1066 non
1662 1035 1717 1067 est
1744 1031 1941 1067 convicium
1955 1033 1992 1075 ¹²,
2025 1031 2088 1067 sed
2110 1031 2281 1068 adversus
2329 1043 2417 1069 onos

1337 1078 1376 1109 21
1426 1086 1543 1111 mores
1575 1076 1850 1122 adtemptare¹³.
1903 1076 1971 1121 Qui
2002 1076 2167 1129 turpibus
2200 1077 2315 1113 verbis
2347 1078 2416 1113 uti·

1335 1123 1407 1163 tur,
1432 1131 1505 1155 non
1527 1124 1680 1166 temptat
1702 1121 1920 1166 pudicitiam,
1945 1121 2008 1156 sed
2030 1122 2241 1157 iniuriarum
2263 1125 2417 1158 tenetur.

1337 1168 1380 1200 22
1428 1165 1537 1201 Aliud
1565 1169 1621 1202 est
1644 1167 1841 1212 appellare,
1873 1166 1971 1202 aliud
1994 1166 2227 1202 adsectari¹⁴:
2260 1167 2419 1212 appellat

1336 1210 1440 1253 enim,
1465 1211 1526 1263 qui
1548 1221 1709 1247 sermone
1732 1211 1939 1257 pudicitiam
1963 1211 2170 1257 adtemptat,
2199 1212 2416 1256 adsectatur,

1337 1255 1398 1300 qui
1414 1259 1547 1291 tacitus
1562 1256 1768 1301 frequenter
1784 1257 1961 1302 sequitur:
1982 1256 2132 1292 adsiduo
2145 1259 2173 1279 ¹⁵
2193 1257 2287 1292 enim
2299 1259 2326 1279 ¹⁶
2345 1257 2417 1292 fre-

1336 1303 1380 1335 23
1427 1301 1573 1345 quentia
1592 1301 1696 1346 quasi
1714 1302 1864 1347 praebet
1883 1301 2090 1338 nonnullam
2109 1301 2303 1337 infamiam.
2340 1302 2416 1338 Me-

1336 1345 1479 1380 minisse
1503 1349 1622 1382 autem
1647 1346 1827 1392 oportebit
1849 1357 1922 1381 non
1944 1356 2099 1389 omnem,
2130 1346 2192 1398 qui
2214 1347 2418 1393 adsectatus

1337 1394 1402 1434 est,
1427 1401 1494 1426 nec
1517 1401 1668 1434 omnem,
1693 1391 1755 1437 qui
1778 1391 1980 1436 appellavit,
2004 1391 2074 1427 hoc
2098 1391 2214 1427 edlcto
2239 1391 2417 1427 conveniri

1336 1445 1442 1515 posse
1465 1438 1592 1480 (neque
1616 1436 1709 1471 enim
1732 1437 1764 1472 si
1787 1436 1867 1481 quis
1891 1436 2111 1478 colludendi,
2141 1437 2172 1472 si
2202 1437 2280 1482 quis
2308 1437 2418 1472 officii

1362 1484 1485 1516 oneste
1515 1481 1670 1516 faciendi
1697 1481 1813 1526 gratia
1842 1481 1880 1516 id
1907 1481 2012 1523 facit,
2044 1481 2165 1516 statim
2194 1482 2231 1517 in
2263 1481 2414 1520 edictum

1335 1525 1461 1560 incidit
1473 1526 1532 1569 ¹⁷),
1571 1526 1634 1562 sed
1670 1526 1732 1572 qui
1769 1531 1895 1562 contra
1928 1527 2041 1562 bonos
2070 1536 2186 1562 mores
2217 1527 2286 1562 hoc
2317 1527 2416 1562 facit.

1337 1573 1380 1605 24
1426 1570 1605 1616 Sponsum
1642 1582 1784 1617 quoque
1818 1571 1865 1606 ad
1898 1571 2108 1606 iniuriarum
2144 1571 2321 1606 actionem
2354 1572 2416 1607 ad-

1335 1615 1546 1651 mittendum
1564 1620 1672 1662 puto:
1698 1617 1827 1652 etenim
1846 1619 1988 1662 spectat
2006 1616 2053 1651 ad
2072 1617 2322 1652 contumeliam
2340 1618 2416 1652 eius

1337 1663 1378 1695 25
1425 1660 1569 1703 iniuria,
1593 1671 1838 1707 quaecumque
1856 1671 2011 1708 sponsae
2027 1661 2103 1697 eius
2122 1661 2197 1698 flat.
2232 1661 2295 1696 Ait
2311 1671 2416 1707 prae-

1335 1708 1411 1742 tor:
1437 1709 1494 1741 ‘ne
1517 1705 1603 1751 quid
1624 1705 1822 1742 infamandi
1844 1716 1956 1742 causa
1977 1705 2052 1741 fiat.
2090 1706 2122 1742 si
2145 1706 2223 1752 quis
2247 1706 2417 1742 adversus

1337 1753 1392 1786 ‘ea
1414 1750 1550 1794 fecerit,
1574 1755 1684 1796 prout
1706 1761 1867 1798 quaeque
1890 1761 1948 1787 res
1971 1751 2050 1794 erit,
2073 1750 2361 1787 animadvertam’
2375 1753 2414 1786 ¹⁸.

1336 1798 1379 1831 26
1424 1795 1504 1832 Hoc
1521 1795 1676 1831 edictum
1693 1806 1954 1842 supervacuum
1970 1806 2048 1832 esse
2064 1795 2185 1832 Labeo
2200 1796 2262 1839 ait,
2286 1796 2418 1842 quippe

1336 1851 1417 1876 cum
1453 1851 1498 1877 ex
1534 1841 1691 1886 generali
1724 1842 1933 1877 iniuriarum
1964 1851 2069 1886 agere
2100 1851 2300 1886 possumus.
2354 1841 2417 1877 sed

1335 1885 1476 1922 videtur
1505 1889 1543 1921 et
1568 1885 1639 1931 ipsi
1661 1886 1822 1922 Labeoni
1851 1889 1902 1930 (et
1928 1886 1981 1922 ita
2011 1896 2050 1922 se
2072 1886 2194 1929 habet)
2216 1890 2417 1932 praetorem

1337 1931 1483 1966 eandem
1504 1941 1649 1966 causam
1669 1936 1830 1967 secutum
1848 1932 2002 1967 voluisse
2022 1931 2131 1966 etiam
2150 1931 2352 1977 specialiter
2373 1931 2417 1966 de

1337 1986 1379 2011 ea
1397 1986 1438 2012 re
1456 1976 1570 2028 loqui:
1597 1986 1639 2011 ea
1659 1976 1763 2019 enim,
1788 1987 1880 2022 quae
1899 1976 2104 2012 notabiliter
2122 1976 2224 2019 fiunt,
2248 1976 2317 2012 nisi
2335 1987 2353 2012 s
2379 1987 2416 2012 e-

1337 2024 1378 2055 27
1428 2021 1565 2056 cialiter
1591 2024 1778 2064 notentur,
1806 2022 1971 2057 videntur
2001 2021 2102 2066 quasi
2127 2021 2298 2056 neclecta.
2379 2032 2414 2056 e-

1336 2066 1503 2102 neraliter
1532 2067 1644 2102 vetuit
1671 2071 1817 2112 praetor
1846 2067 1931 2112 quid
1966 2066 2012 2101 ad
2046 2066 2228 2101 infamiam
2265 2066 2416 2102 alicuius

1334 2111 1422 2146 fieri.
1468 2111 1618 2157 proinde
1649 2112 1896 2157 quodcumque
1927 2111 2006 2157 quis
2037 2110 2164 2147 fecerit
2193 2111 2248 2146 vel
2278 2111 2415 2154 dixerit,

1335 2160 1376 2191 ut
1399 2156 1508 2192 alium
1529 2156 1688 2200 infamet,
1714 2157 1781 2192 erit
1804 2157 1898 2192 actio
1921 2156 2140 2192 iniuriarum.
2184 2156 2275 2192 haec
2298 2159 2417 2192 autem

1335 2201 1412 2237 fere
1435 2205 1535 2244 sunt,
1565 2212 1656 2247 quae
1679 2201 1726 2237 ad
1748 2201 1929 2237 infamiam
1951 2201 2102 2237 alicuius
2124 2201 2235 2237 fiunt:
2265 2205 2306 2236 ut
2327 2204 2417 2246 puta

1335 2246 1382 2281 ad
1411 2246 1579 2282 invidiam
1610 2247 1761 2283 alicuius
1791 2251 1889 2283 veste
1917 2247 2060 2292 lugubri
2086 2247 2200 2282 utitur
2222 2250 2286 2281 aut
2308 2256 2416 2291 squa-

1335 2291 1424 2334 lida,
1457 2295 1521 2326 aut
1551 2292 1582 2327 si
1612 2292 1763 2328 barbam
1786 2292 1947 2327 demittat
1967 2291 2024 2327 vel
2047 2291 2195 2337 capillos
2218 2291 2415 2334 submittat,

1335 2340 1399 2379 aut
1422 2336 1452 2371 si
1476 2346 1618 2372 carmen
1642 2337 1845 2372 conscribat
1867 2337 1922 2373 vel
1940 2340 2119 2382 proponat
2136 2336 2192 2372 vel
2211 2339 2331 2372 cantet
2350 2336 2415 2371 ali-

1336 2383 1379 2416 28
1427 2381 1540 2426 quod,
1573 2382 1669 2427 quod
1692 2381 1864 2427 pudorem
1888 2382 2039 2417 alicuius
2062 2381 2191 2417 laedat.
2239 2381 2343 2426 Quod
2365 2381 2417 2416 ait

1335 2430 1498 2471 praetor:
1532 2427 1574 2462 ‘si
1605 2427 1685 2480 quis
1709 2426 1878 2462 adversus
1902 2437 1946 2462 ea
1968 2426 2112 2469 fecerit,
2141 2430 2250 2471 prout
2272 2437 2417 2472 quaqua

1336 2476 1386 2507 ‘re
1417 2471 1485 2507 erit
1497 2471 1536 2514 ¹⁹,
1566 2471 1869 2514 ammadvertam',
1900 2472 1952 2507 sic
1975 2471 2248 2516 intellegendum
2271 2475 2342 2514 est,
2374 2475 2416 2507 ut

1334 2516 1473 2562 plenior
1509 2520 1603 2552 esset
1638 2517 1813 2562 praetoris
1849 2516 2123 2559 animadversio,
2164 2515 2202 2552 id
2241 2519 2296 2551 est
2334 2517 2415 2568 ut²⁴f

1336 2561 1583 2607 quodcumque
1612 2572 1693 2597 eum
1726 2562 1875 2597 moverit
1908 2562 1964 2597 vel
1999 2561 2035 2596 in
2066 2570 2220 2606 persona
2247 2561 2324 2596 eius
2353 2572 2415 2606 qui

1335 2607 1409 2651 agit
1435 2606 1647 2642 iniuriarum
1678 2607 1895 2646 actionem²¹
1924 2606 1979 2642 vel
2007 2606 2083 2642 eius
2113 2605 2282 2641 adversus
2311 2616 2415 2651 quem

1335 2652 1452 2696 agitur
1475 2652 1531 2687 vel
1554 2652 1660 2687 etiam
1682 2653 1719 2687 in
1738 2661 1777 2686 re
1796 2652 1887 2696 ipsa,
1910 2651 1947 2686 in
1967 2650 2138 2696 qualitate
2157 2650 2319 2694 iniuriae,
2342 2662 2415 2687 non

1336 2699 1378 2731 29
1425 2696 1549 2732 audiat
1580 2707 1661 2732 eum
1693 2697 1754 2750 qui
1783 2697 1867 2742 agit.
1914 2696 1953 2732 Si
1984 2697 2062 2741 quis
2092 2695 2211 2731 libello
2243 2695 2326 2731 dato
2359 2696 2414 2732 vel

1333 2741 1485 2787 principi
1507 2742 1563 2778 vel
1587 2742 1635 2777 ali
1659 2752 1716 2777 cm
1739 2741 1871 2777 famam
1894 2741 2045 2777 alienam
2068 2741 2262 2776 insectatus
2292 2740 2412 2783 fuerit,

1335 2790 1378 2822 30
1423 2786 1633 2822 iniuriarum
1657 2787 1724 2822 erit
1746 2787 1939 2832 agendum:
1964 2786 2183 2831 Papinianus
2206 2786 2268 2821 ait.
2314 2785 2413 2821 Idem

1335 2831 1386 2867 ait
1408 2841 1499 2875 eum,
1525 2832 1586 2885 qui
1609 2836 1771 2867 eventum
1795 2831 1992 2867 sententiae
2016 2831 2110 2866 velut
2133 2829 2280 2866 daturus
2302 2840 2413 2876 pecu-

1335 2877 1430 2912 niam
1444 2877 1612 2919 vendidit‚
1626 2877 1781 2912 fustibus
1797 2887 1819 2911 a
1833 2876 1996 2929 praeside
2014 2877 2059 2912 ob
2076 2876 2145 2911 hoc
2162 2876 2372 2920 castigatum
2382 2877 2413 2898 ²²

1334 2921 1544 2957 iniuriarum
1576 2922 1781 2957 damnatum
1810 2921 1938 2957 v1deri:
1970 2921 2093 2966 utique
2122 2924 2240 2973 autem
2262 2925 2413 3000 a‘gparet

1335 2967 1430 3002 hunc
1453 2966 1619 3002 iniuriam
1642 2967 1676 3002 ei
1698 2966 1837 3010 fecisse,
1863 2967 1965 3002 cuius
1983 2969 2191 3001 sententiam
2209 2975 2275 3000 ven
2312 2969 2409 3000 tavit.

1335 3015 1373 3046 31
1425 3011 1463 3047 Si
1487 3011 1565 3056 quis
1588 3012 1684 3047 bona
1702 3011 1854 3047 alicuius
1874 3012 1930 3047 vel
1948 3021 2023 3046 rem
2041 3020 2148 3046 unam
2166 3020 2230 3056 per
2248 3010 2412 3045 iniuriam

1335 3059 1376 3091 32
1425 3056 1662 3102 occupaverit,
1685 3056 1895 3092 iniuriarum
1918 3056 2058 3091 actione
2081 3059 2231 3091 tenetur.
2267 3055 2356 3090 Item
2380 3055 2412 3090 si

1334 3102 1412 3146 quis
1435 3102 1563 3147 pignus
1586 3102 1836 3180 proscripserit
1858 3101 2080 3143 venditurus,
2108 3105 2287 3153 tamquam
2303 3110 2333 3152 ‘a
2355 3109 2411 3152 me

1333 3147 1529 3192 acceperit,
1558 3145 1716 3181 infaman
1746 3147 1752 3153 “
1777 3146 1847 3182 mei
1871 3156 1999 3188 causa,
2024 3145 2166 3181 Servms
2189 3147 2241 3179 ait
2262 3155 2410 3180 iniuria-

1333 3194 1376 3227 33
1422 3202 1502 3227 rum
1531 3191 1590 3236 agi
1618 3201 1736 3236 posse.
1793 3191 1830 3226 Si
1863 3191 1941 3236 quis
1972 3200 2045 3225 non
2079 3189 2274 3225 debitorem
2308 3189 2412 3242 quasi

1333 3235 1524 3272 debitorem
1550 3235 1781 3281 appellaverit
1801 3236 1953 3271 iniuriae
1975 3234 2131 3270 faciendi
2156 3244 2284 3277 causa,
2315 3234 2410 3269 miu-

1333 3284 1375 3316 34
1422 3281 1556 3316 riarum
1579 3285 1731 3316 tenetur.
1779 3281 1929 3316 Praetor
1952 3280 2020 3315 ait:
2053 3279 2134 3332 ‘Qui
2160 3289 2299 3314 servum
2323 3278 2409 3332 alie·

1332 3329 1428 3361 ‘num
1451 3325 1619 3361 adversus
1643 3326 1757 3361 bonos
1780 3335 1897 3361 mores
1917 3325 2157 3360 verberavisse
2180 3323 2267 3359 deve
2289 3333 2332 3359 eo
2354 3333 2409 3358 in-

1331 3370 1443 3406 ‘iussu
1465 3370 1596 3406 domini
1620 3370 1863 3416 quaestionem
1885 3369 2053 3405 habuisse
2077 3368 2230 3411 dicetur,
2259 3368 2297 3403 in
2328 3377 2408 3403 eum

1330 3415 1510 3451 ‘iudicium
1529 3415 1634 3451 dabo.
1671 3415 1755 3450 item
1778 3416 1809 3451 si
1832 3414 1917 3467 quid
1938 3413 2036 3449 aliud
2058 3413 2193 3449 factum
2215 3422 2294 3449 esse
2312 3412 2408 3448 dice-

1331 3463 1374 3496 35
1421 3463 1510 3503 ‘tur,
1541 3470 1651 3496 causa
1675 3459 1817 3505 cognita
1838 3459 2004 3494 iudicium
2028 3458 2145 3494 dabo'.
2194 3457 2231 3492 Si
2254 3457 2332 3503 quis
2356 3457 2409 3493 sic

2049 3573 2108 3614 (12)
2132 3572 2239 3606 facere
2259 3573 2334 3605 add.
2358 3572 2408 3606 F²

1330 3573 1549 3606 Leunclam'us
1695 3573 1751 3614 (11)
1776 3582 1813 3606 ea
1831 3572 1904 3605 edd.

1330 3622 1388 3659 (18)
1411 3616 1615 3660 adtemptare
1629 3619 1688 3650 del.
1799 3619 1858 3658 (14)
1881 3617 2047 3650 adsectare
2058 3618 2092 3650 F
2189 3620 2246 3657 (15)
2270 3617 2408 3650 adsidua

1329 3663 1402 3696 edd.
1489 3664 1549 3704 (16)
1575 3663 1697 3695 etenim
1711 3662 1762 3696 F²
1848 3664 1909 3704 (17)
1934 3662 2054 3695 indicit
2064 3662 2100 3695 F
2174 3665 2233 3704 (18)
2258 3662 2406 3695 animad-

1328 3709 1436 3741 vertat
1446 3708 1480 3740 F
1587 3708 1647 3749 (19)
1670 3717 1732 3750 pro
1744 3717 1876 3749 quaqua
1888 3717 1924 3739 re
1935 3710 1974 3740 ut
1985 3707 2051 3741 erit
2065 3719 2128 3741 scr.
2241 3708 2307 3748 (2ο)
2332 3711 2366 3740 et
2379 3707 2410 3739 F

1328 3754 1388 3791 (21)
1411 3752 1542 3786 actione
1554 3754 1626 3786 edd.
1720 3753 1784 3795 (22)
1809 3753 1990 3795 castigatur
2001 3753 2036 3785 F
