2528 3918
170 129 431 174 XXVIII11

168 261 284 333 ffum-
309 248 649 329 primum-binveniat
678 258 941 330 sgocessorem,
973 250 1034 295 qui
1060 248 1176 295 possit
1197 248 1257 284 de-

211 301 286 378 tic?
295 295 632 392 ἴξῗιιὲῗυὲεῑῶνο
660 304 795 392 W
823 350 874 376 ex
898 338 1165 387 posterioribus
1186 336 1258 373 La·

170 386 294 423 boonis
339 384 406 429 Qui
428 384 541 419 filium
562 383 767 420 hbertmum
789 385 964 426 habebat,
988 383 1153 419 heredem
1177 393 1258 418 eum

169 430 385 472 instituerat,
410 428 537 465 deinde
558 428 612 465 ita
630 429 841 475 scripserat:
869 430 911 465 ‘si
927 429 1013 464 mihi
1028 428 1123 464 filius
1140 427 1258 463 nullus

170 475 260 517 ‘er-it,
283 475 345 520 qui
367 475 405 510 in
427 474 554 510 suam¹
577 474 726 510 tutelam
749 475 879 516 veniat,
904 479 981 510 tum
998 473 1115 508 Dama
1137 483 1259 508 servus

1247 124 1334 172 396

1509 0 1515 51 ἰ

1515 50 1586 147 7
1602 156 1621 161 y

1327 248 1428 284 ‘liber
1450 249 1558 285 esto’:
1592 249 1644 285 ⁸is
1675 249 1770 286 filius
1792 250 1949 297 pupillus
1971 250 2159 287 libertinus
2182 254 2278 288 erat:
2303 262 2413 298 quae-

1325 293 1486 338 rebatur,
1512 293 1544 330 si
1566 293 1683 331 Dama
1704 295 1794 331 liber
1816 300 1920 331 esset.
1967 295 2158 332 Trebatius
2180 300 2297 341 negat,
2352 298 2415 333 uia

1326 338 1390 374 filii
1412 338 1652 392 appellatione
1672 340 1860 376 libertinus
1884 351 2027 387 quoque
2052 341 2312 377 contineretur:
2329 308 2413 378 ‘lap

1327 384 1395 419 beo
1420 387 1557 427 contra,
1581 394 1666 430 qula
1689 395 1730 421 eo
1754 385 1834 421 loco
1856 395 1977 421 verum
1996 385 2107 421 filium
2124 386 2241 432 accipi
2258 391 2413 432 oportet.

1328 428 1487 464 Trebatii
1519 430 1729 465 sententiam
1752 431 1886 476 probo,
1917 431 1948 466 si
1978 434 2098 466 tamen
2129 434 2338 468 testatorem
2369 431 2415 468 de

1327 473 1397 509 hoc
1420 473 1494 510 filio
1518 473 1678 510 locutum
1701 485 1780 511 esse
1802 479 1962 522 apparet.

2029 140 2091 172 DE
2118 141 2411 174 mammo

916 1142 1095 1193 LIBER
1123 1142 1440 1194 VIGESIMUS
1469 1142 1675 1193 NONUS.

692 1283 709 1321 1
719 1281 747 1323 ⁸.

414 1348 477 1381 ms
502 1347 807 1380 TESTAMENTO
832 1347 1022 1380 M1L1'r18.

218 1415 237 1453 1
273 1414 468 1451 Uzeuws
488 1413 579 1450 libro
599 1413 878 1460 quadraqesimo
895 1414 1022 1460 quinto
1042 1412 1094 1448 ad
1107 1412 1260 1449 edictum

167 1460 344 1497 Militibus
365 1459 515 1495 liberam
533 1459 737 1494 testamenti
754 1458 947 1494 factionem
963 1458 1099 1504 primus
1119 1458 1261 1504 quidem

169 1505 271 1541 divus
293 1505 405 1540 Iulius
431 1503 564 1539 Caesar
587 1504 783 1539 concessit:
809 1503 873 1539 sed
897 1514 940 1539 ea
964 1503 1147 1539 concessio
1171 1507 1260 1538 tem-

168 1550 302 1597 poralis
326 1553 415 1585 erat.
452 1553 580 1595 postea
601 1559 684 1584 vero
708 1549 844 1595 primus
867 1548 967 1584 divus
992 1548 1095 1584 Titus
1119 1548 1259 1584 dedit⁴x

167 1600 252 1641 post
282 1595 352 1631 hoc
381 1594 627 1630 Domitianust
660 1597 788 1639 postea
818 1594 920 1630 divus
947 1593 1066 1629 Nerva
1096 1593 1260 1638 plenissi-

168 1651 262 1676 mam
299 1639 555 1684 indulgentiam
594 1639 631 1674 in
666 1639 795 1675 milites
831 1638 999 1675 contulit:
1040 1648 1190 1684 eamque
1225 1642 1262 1673 et

168 1685 347 1721 Traianus
370 1688 517 1721 secutus
541 1686 597 1719 est
617 1688 653 1719 et
670 1684 798 1720 exinde
816 1684 994 1720 mandatis
1013 1683 1122 1719 inseri
1142 1683 1262 1729 coepit

168 1735 279 1776 caput
300 1730 373 1766 tale
382 1731 408 1766 ⁶.
456 1728 575 1774 Caput
605 1739 650 1764 ex
680 1729 878 1765 mandatis:
912 1729 1013 1764 ‘Cum
1035 1729 1074 1764 in
1097 1729 1261 1764 notitiam

169 1779 296 1811 ‘meam
318 1774 524 1821 prolatum⁶
556 1774 604 1810 sit
626 1774 779 1810 subinde
801 1778 1019 1810 testamenta
1041 1784 1064 1809 a
1088 1774 1260 1809 commili-

168 1821 325 1856 ‘tonibus
347 1820 475 1856 relicta
494 1819 669 1872 proferri,
701 1829 795 1865 quae
829 1819 969 1865 possint
995 1819 1033 1854 in
1057 1823 1260 1854 controver-

170 1866 272 1901 ‘siam
295 1864 442 1907 deduci,
473 1875 505 1900 ει
536 1864 582 1899 ad
613 1864 830 1909 diligentiam
852 1865 968 1910 legum
991 1869 1203 1900 revocentur
1227 1868 1263 1899 et

170 1910 464 1945 observantiam:
506 1912 651 1944 secutus
694 1910 802 1944 animi
841 1910 910 1945 mei
949 1909 1261 1954 integritudinem⁷

168 1958 266 2000 ‘erga
300 1955 453 2000 optimos
484 1953 779 2000 fidelissimosque
809 1954 1067 1990 commilitones
1093 1954 1260 1999 simplici-

169 2000 247 2035 ‘tati
272 2009 395 2035 eorum
419 1999 675 2035 consulendum
700 1999 914 2042 existimavi,
946 2004 987 2035 ut
1011 1999 1260 2045 quoquomodo

170 2044 305 2080 ‘testati
331 2043 504 2086 fuissent,
536 2048 616 2079 rata
640 2050 735 2080 esset
758 2055 881 2080 eorum
903 2044 1077 2080 voluntas.
1124 2044 1262 2079 faciant

169 2090 288 2135 ‘igitur
310 2093 527 2125 testamenta
545 2099 616 2135 quo
633 2090 738 2126 modo
758 2090 890 2132 volent,
915 2089 1052 2125 faciant
1068 2099 1138 2142 quo
1156 2089 1262 2125 modo

168 2134 340 2181 ‘poterint
365 2134 507 2170 sufficia
547 2144 593 2169 ue
617 2134 663 2170 ad
686 2134 863 2170 bonorum
886 2144 1033 2170 suorum
1058 2134 1263 2170 dlvisionem

171 2184 187 2216 1
237 2179 452 2215 ‘faciendam
470 2190 519 2214 nu
587 2180 753 2215 voluntas
773 2180 979 2216 testatoris’.
1013 2179 1118 2215 Miles
1142 2184 1262 2215 autem

168 2225 371 2270 appellatur
401 2224 457 2260 vel
490 2234 512 2260 a
542 2224 668 2260 militia
677 2225 702 2267 ⁸,
733 2224 772 2260 id
795 2229 851 2260 est
874 2224 1025 2267 duritia,
1058 2234 1165 2270 quam
1195 2235 1261 2270 pro

167 2270 274 2307 nobis
295 2269 484 2311 sustinent,
509 2273 574 2304 aut
597 2279 620 2304 a
642 2269 878 2312 multitudine,
902 2274 966 2305 aut
989 2280 1012 2304 a
1035 2269 1141 2312 malo,
1166 2270 1262 2315 quod

169 2325 293 2351 arcere
315 2314 446 2350 milites
469 2314 604 2357 solent,
638 2319 702 2350 aut
732 2325 756 2350 a
778 2325 925 2351 numero
950 2315 1044 2350 mille
1066 2314 1261 2357 hominum,

169 2360 318 2396 ductum
341 2370 365 2395 a
388 2359 526 2395 Graeco
551 2360 679 2403 verbo,
711 2362 867 2395 tractum
895 2371 918 2396 a
940 2360 1143 2404 tagmate⁹z
1176 2370 1259 2395 nam

170 2405 300 2441 Graeci
318 2404 412 2440 mille
431 2405 615 2440 hominum
635 2404 898 2440 multitudinem
920 2403 1041 2451 τάγμα
1064 2415 1087 2440 a
1111 2405 1258 2450 pellant,

192 2450 271 2486 uasi
302 2450 549 2485 millensimum
580 2460 755 2495 quemque
786 2450 920 2486 dictum
933 2451 979 2485 ¹⁰:
1018 2461 1068 2485 un
1095 2461 1114 2486 e
1143 2451 1259 2496 ipsum

169 2461 296 2531 ducem
324 2494 509 2540 χιλίαρχον
539 2495 730 2541 appellant.
779 2495 956 2531 exercitus
987 2499 1107 2530 autem
1130 2505 1260 2531 nomen

169 2541 216 2575 ab
241 2540 495 2576 exercitatione
517 2541 638 2575 traxit.

216 2582 241 2622 2
265 2585 318 2621 Ga
324 2594 389 2621 ms
401 2585 493 2621 libro
510 2587 636 2632 quinto
652 2585 789 2622 decimo
805 2585 855 2621 ad
868 2585 1021 2622 edictum
1031 2585 1260 2632 provinciale

169 2630 225 2665 De
244 2630 364 2666 militis
381 2634 596 2666 testamento
614 2630 694 2666 ideo
714 2630 907 2676 separatim
926 2630 1120 2677 proconsul
1139 2630 1257 2672 edicit,

169 2675 267 2720 quod
297 2675 430 2720 optime
460 2676 559 2711 novit
589 2685 632 2710 ex
664 2676 979 2712 constitutionibus
1002 2675 1258 2721 principalibus

168 2719 317 2799 pfiopria
341 2724 455 2773 ‘atque
484 2720 679 2766 singularia
711 2720 793 2756 iura
822 2721 859 2756 in
890 2724 1106 2756 testamenta
1137 2730 1259 2756 eorum

170 2775 192 2800 o
220 2774 362 2800 servan.

216 2806 240 2846 3
273 2808 469 2846 Uzmms
488 2810 579 2846 libro
598 2810 755 2846 secundo
771 2809 822 2846 ad
835 2809 1009 2846 Sabinum
1045 2810 1083 2846 Si
1096 2812 1123 2832 ¹¹
1146 2811 1258 2854 miles,

167 2854 232 2900 qui
256 2853 494 2890 destinaverat
518 2855 694 2891 communi
716 2856 794 2892 iure
816 2855 952 2898 testari,
981 2859 1064 2892 ante
1088 2855 1259 2892 defecerit

169 2900 519 2980 quaffilittzstairezur?
565 2901 654 2935 Pom
680 2901 783 2981 ⁰5}OE
812 2900 962 2936 dubitat.
980 2946 988 2954 ι
1011 2901 1075 2937 sed
1099 2912 1164 2954 cur
1186 2912 1260 2982 ιιιοιέ

169 2955 208 2980 ιιι
405 2955 556 2980 1vrsum
614 2956 700 2981 roe
787 2957 811 2981 n
857 2956 903 2982 ue
934 2956 1026 2981 emm
1082 2957 1244 2982 mvom

168 2989 249 3026 iure
271 2989 451 3025 communi
474 2957 619 3032 testari),
652 2991 773 3026 statim
787 2992 814 3013 ¹²
863 2990 1010 3027 eneficio
1034 2958 1178 3027 militari
1201 3002 1258 3027 re-

169 3033 359 3076 nuntiavit,
383 3043 450 3069 nec
474 3034 671 3070 credendus
696 3041 751 3071 est
796 3036 960 3082 uisquam
999 3046 1087 3072 enus
1102 3036 1259 3072 testandi

170 3079 298 3124 eligere
320 3078 367 3114 ad
389 3079 629 3124 impugnanda
653 3090 719 3116 sua
741 3080 780 3117 iu
806 3081 892 3123 'cia‚
924 3091 964 3117 se
1018 3081 1130 3126 magis
1157 3085 1257 3118 utro·

170 3134 241 3170 que
341 3134 401 3160 ere
430 3124 584 3160 voluisse
614 3129 761 3170 propter
782 3125 951 3162 fortuitos
975 3136 1098 3162 casus:
1134 3137 1256 3172 quem-

170 3133 362 3222 admoffi
402 3168 562 3220 plerique
599 3171 729 3222 pagani
768 3171 902 3213 solent,
942 3181 1023 3207 cum
1055 3172 1257 3207 testamenti

168 3213 309 3250 famant
338 3218 637 3259 perscnpturam,
672 3215 813 3251 admere
843 3216 934 3252 velle
956 3216 1026 3252 hoc
1051 3216 1158 3253 etiam
1180 3216 1257 3252 vice

169 3258 1256 3342 fflwwzaezfsffifffflssffioffffigiemi&

169 3348 367 3429 secunduitn
405 3352 563 3385 nostram
598 3331 809 3385 senientiam
841 3352 948 3386 etiam
979 3351 1081 3387 divus
1112 3333 1256 3387 Marcus

168 3403 336 3439 rescripsi
355 3421 363 3428 .

170 3510 210 3546 (ι)
234 3506 381 3539 insulam
395 3507 430 3540 F
514 3508 559 3547 (2)
583 3506 698 3540 nullus
711 3507 778 3540 nisi
792 3509 851 3542 inc.

222 3551 266 3593 (³)
290 3550 373 3585 Sub.
386 3559 462 3587 ι...τ.
483 3559 576 3587 ο...ιι.
598 3559 641 3587 ιε.
661 3560 772 3588 ιο...ι·ι.
793 3560 910 3587 tamn.
932 3561 1051 3588 κωκυ.
1069 3561 1117 3589 ss.
1134 3561 1180 3588 ιι.
1200 3560 1254 3593 44;

169 3595 234 3629 Ed.
249 3603 278 3631 s.
298 3603 344 3630 ιι.
365 3604 412 3631 2⁹.
434 3604 556 3637 snas:
582 3596 635 3631 Pa
659 3604 726 3632 ,aa
744 3605 788 3632 u.
807 3605 851 3632 ιε.
873 3605 919 3632 27.
941 3605 989 3633 so.
1010 3606 1122 3634 simu.
1144 3606 1191 3633 43.
1213 3617 1252 3623 -

169 3640 256 3674 Bas.
270 3642 323 3679 35.
342 3649 385 3676 ιι.
405 3659 450 3667 -
473 3643 525 3687 Os.
539 3642 619 3676 [ωε.
654 3667 663 3682 ,
677 3650 725 3682 ιις
753 3643 831 3676 Cod.
845 3644 877 3682 6,
892 3650 923 3676 21
1016 3647 1059 3685 (4)
1084 3643 1261 3676 dederit?

170 3685 214 3724 (b)
239 3690 341 3728 caput
354 3687 421 3720 tale
434 3688 483 3721 δίε
496 3688 531 3721 F·
638 3689 684 3728 (⁸)
707 3687 873 3731 perlatum
887 3689 958 3721 cdd.
1077 3692 1119 3729 Π)
1145 3688 1253 3730 aegri-

170 3729 322 3763 tudinem
335 3743 398 3765 ner.
540 3733 585 3772 (8)
610 3732 740 3765 malitia
753 3733 902 3766 Muretus

1047 3735 1090 3772 (9)
1115 3733 1252 3765 ductum
1285 3747 1288 3769 ι

1375 1277 1401 1316 4
1433 1278 1541 1315 Imm
1568 1279 1661 1315 libro
1688 1280 1815 1326 primo
1850 1279 1900 1316 ad
1929 1279 2104 1317 Sabinum
2159 1281 2242 1317 Iure
2275 1281 2419 1319 militari

1329 1323 1477 1360 surdum
1512 1328 1549 1360 et
1581 1327 1718 1360 mutum
1752 1328 2005 1361 testamentum
2039 1325 2160 1362 facere
2191 1336 2300 1373 posse
2334 1332 2421 1364 ante

1330 1370 1531 1405 causariam
1555 1369 1758 1405 missionem
1779 1370 1818 1406 in
1840 1371 1997 1407 numeris
2020 1375 2223 1408 manentem
2246 1371 2379 1418 placet.

1376 1413 1401 1452 5
1433 1414 1543 1450 Ion!
1569 1415 1661 1450 libro
1693 1420 1825 1461 quarto
1855 1416 1906 1451 ad
1927 1415 2101 1452 Sabinum
2146 1416 2279 1453 Milites
2311 1417 2419 1454 etiam

1329 1460 1404 1503 his,
1437 1459 1498 1505 qui
1527 1459 1678 1495 heredes
1702 1460 1934 1504 exstiterunt,
1965 1465 2118 1506 possunt
2140 1461 2358 1498 substituere
2379 1463 2418 1498 in

1328 1504 1385 1540 his
1409 1503 1614 1548 dumtaxat,
1647 1515 1739 1550 quae
1770 1509 1854 1541 sunt
1881 1515 1925 1541 ex
1947 1509 2160 1542 testamento
2184 1516 2306 1543 eorum
2331 1518 2416 1544 con-

1329 1550 1455 1586 secuti.

1376 1593 1401 1632 6
1426 1594 1534 1630 Imm
1553 1592 1644 1631 libro
1668 1595 1795 1641 quinto
1819 1594 1869 1631 ad
1890 1593 2064 1631 Sabinum
2111 1595 2150 1631 Si
2179 1596 2281 1632 miles
2307 1607 2417 1633 unum

1330 1649 1374 1675 ex
1403 1639 1516 1675 fundo
1546 1639 1714 1675 heredem
1745 1640 1946 1685 scripserit,
1978 1640 2152 1676 creditum
2175 1645 2348 1687 quantum
2371 1642 2418 1678 ad

1329 1684 1510 1720 residuum
1531 1685 1785 1730 patrimonium
1807 1685 1998 1722 intestatus
2022 1685 2236 1722 decessisset
2247 1687 2293 1720 ¹⁴:
2317 1687 2418 1724 miles

1330 1730 1519 1810 engemtaprg
1550 1734 1655 1775 parte
1678 1733 1832 1765 testatus
1854 1733 1975 1775 potest
1997 1729 2187 1774 decedere,
2219 1742 2284 1777 pro
2314 1736 2420 1778 parte

1327 1786 1366 1810 ιιι
1403 1785 1421 1810 s
1476 1785 1500 1810 u
1523 1801 1531 1808 .

1376 1816 1401 1856 7
1425 1819 1536 1855 [neu
1553 1819 1645 1855 libro
1669 1830 1765 1855 nono
1789 1819 1840 1855 ad
1860 1818 2035 1856 Sabinum
2082 1820 2150 1866 Qui
2175 1820 2254 1856 iure
2275 1821 2418 1857 militari

1329 1867 1485 1900 testatur
1509 1864 1577 1900 etsi
1598 1864 1813 1909 ignoraverit
1835 1871 2066 1918 praegnatem
2096 1875 2245 1902 uxorem
2267 1867 2323 1902 vel
2345 1877 2418 1902 non

1327 1909 1397 1946 fuit
1419 1919 1616 1955 praegnas,
1647 1909 1718 1945 hoc
1740 1913 1860 1945 tamen
1884 1919 2001 1946 ammo
2025 1910 2105 1954 fuit,
2129 1914 2171 1947 ut
2191 1911 2298 1947 vellet
2321 1912 2417 1957 quis·

1329 1955 1408 2000 quis
1432 1955 1501 2007 sibi
1523 1957 1693 1990 nascetur
1715 1955 1924 1991 exheredem
1949 1965 2046 1999 esse,
2071 1959 2323 1992 testamentum
2346 1967 2418 1993 non

1328 2004 1614 2097 ruffplxffisswa
1621 2054 1667 2097 ας.
1682 2044 1774 2081 libro
1794 2044 1930 2080 decimo
1945 2044 2166 2098 diqestorym
2196 2045 2295 2082 Idem
2312 2051 2367 2083 est
2383 2050 2418 2083 et

1329 2100 1359 2126 si
1378 2090 1601 2135 adrogavent
1618 2090 1731 2125 filium
1752 2100 1907 2136 neposve
1925 2095 2138 2126 successerit
2154 2091 2192 2126 in
2208 2090 2327 2127 locum
2341 2092 2416 2128 filii.

1374 2133 1399 2173 9
1431 2134 1627 2171 Unpulvvs
1646 2135 1737 2171 libro
1761 2146 1857 2170 nono
1881 2135 1931 2171 ad
1948 2134 2124 2172 Sabinum
2159 2136 2327 2182 Idemque
2351 2138 2418 2173 erit

1328 2179 1518 2215 dicendum
1542 2184 1578 2215 et
1599 2179 1631 2216 si
1653 2184 1739 2216 nato
1763 2180 1836 2216 filio
1861 2180 1939 2216 vivo
1961 2189 2000 2216 se
2018 2180 2145 2216 maluit
2163 2181 2286 2217 eodem
2306 2185 2416 2218 testa-

1327 2228 1447 2260 mento
1479 2225 1632 2261 durante
1663 2225 1852 2261 decederez
1883 2235 1967 2261 nam
1997 2225 2138 2261 videtur
2166 2226 2244 2262 iure
2273 2227 2418 2263 militari

1331 2274 1344 2304 1
1394 2269 1563 2306 refecisse
1585 2273 1857 2306 testamentum:
1890 2274 1932 2305 ιιι
1962 2274 2017 2306 est
2045 2271 2258 2317 rescriptum
2289 2282 2312 2307 a
2336 2272 2417 2309 divo

1326 2315 1392 2351 Pio
1411 2315 1449 2350 in
1470 2325 1512 2351 eo
1533 2314 1605 2360 qui,
1631 2325 1710 2350 cum
1734 2319 1827 2351 esset
1849 2325 2021 2360 paganus,
2045 2315 2132 2351 fecit
2154 2320 2416 2360 testamentum,

1328 2371 1411 2396 mox
1434 2360 1586 2396 militare
1609 2361 1745 2412 coepit:
1778 2369 1861 2395 nam
1891 2360 1962 2396 hoc
1993 2370 2135 2406 quoque
2164 2361 2243 2397 iure
2272 2362 2417 2398 militari

1326 2405 1398 2440 inci
1423 2405 1472 2441 iet
1494 2405 1624 2447 valere,
1649 2415 1679 2441 si
1703 2405 1772 2440 hoc
1795 2404 1922 2440 maluit
1944 2405 2053 2440 miles.

1377 2449 1395 2487 1
1451 2449 1559 2486 IDEM
1572 2450 1664 2486 libro
1679 2450 1868 2486 undecimo
1885 2450 1935 2485 ad
1948 2449 2121 2486 Sabinum
2153 2450 2290 2486 Facere
2305 2454 2415 2487 testa·

1327 2499 1485 2531 mentum
1507 2495 1665 2531 hostium
1687 2495 1824 2541 potitus
1847 2504 1912 2531 nec
1935 2495 2012 2530 iure
2035 2495 2177 2531 militari
2200 2498 2330 2541 potest.

1378 2539 1424 2578 11
1453 2539 1562 2576 loru
1587 2540 1679 2576 libro
1710 2540 1855 2586 quadra
1881 2540 2016 2576 ensimo
2040 2541 2167 2586 quinto
2190 2540 2241 2576 ad
2262 2540 2415 2578 edictum

1327 2584 1386 2621 Ex
1401 2585 1544 2621 militari
1561 2584 1690 2621 delicto
1709 2585 1827 2631 capite
1867 2585 2020 2620 amnatis
2032 2588 2283 2621 testamentum
2296 2585 2417 2622 facere

1326 2630 1412 2666 licet
1434 2640 1544 2683 super
1566 2630 1670 2666 bonis
1695 2629 1882 2665 dumtaxat
1908 2630 2169 2666 castrensibus:
2203 2631 2265 2666 sed
2296 2635 2414 2667 utrum

1326 2675 1405 2711 iure
1420 2675 1564 2711 mihtari
1579 2685 1624 2711 an
1640 2675 1716 2710 iure
1733 2675 1922 2718 communi,
1943 2675 2134 2720 quaeritur.
2165 2676 2276 2721 magis
2295 2680 2415 2712 autem

1328 2725 1402 2763 est,
1434 2725 1476 2756 ut
1505 2721 1584 2756 iure
1606 2720 1749 2755 militari
1773 2721 1823 2756 eis
1846 2720 2051 2756 testandum
2073 2720 2139 2756 sit:
2171 2731 2254 2756 nam
2277 2731 2358 2757 cum
2382 2722 2414 2757 ei

1328 2765 1432 2846 ffliasi
1462 2765 1563 2801 militi
1593 2765 1773 2801 tribuatur
1803 2766 1859 2801 ius
1891 2765 2063 2806 testandi,
2097 2775 2318 2811 consequens
2347 2766 2414 2802 erit

1354 2811 1446 2847 'cere
1468 2811 1544 2847 iure
1566 2810 1710 2846 militari
1733 2810 1766 2846 ei
1779 2811 1807 2832 ¹⁶
1828 2810 2043 2846 testandum.
2080 2810 2176 2856 quod
2192 2810 2244 2846 ita
2257 2810 2358 2847 intell
2403 2812 2412 2819 ”

1330 2860 1345 2892 1
1395 2859 1555 2902 oportet,
1594 2856 1624 2891 si
1657 2865 1730 2891 non
1764 2856 1978 2891 sacramenti
2008 2854 2097 2891 fides
2127 2859 2235 2901 rupta
2263 2856 2320 2891 sit.
2400 2856 2412 2891 i

1327 2901 1427 2937 miles
1449 2901 1627 2944 incertus,
1650 2910 1698 2936 an
1722 2899 1778 2936 sui
1800 2900 1887 2936 iuris
1911 2900 1976 2942 sit,
1999 2903 2252 2936 testamentum
2274 2899 2412 2943 fecerit,

1326 2947 1363 2982 in
1394 2956 1438 2982 ea
1468 2945 1676 2982 condicione
1707 2949 1763 2981 est
1789 2948 2040 2981 testamentum
2072 2945 2166 2987 eius,
2206 2948 2247 2980 ut
2275 2945 2411 2981 valeat:

1327 3001 1409 3026 nam
1433 2994 1469 3027 et
1491 2992 1522 3027 si
1544 2991 1712 3030 incertus,
1738 3000 1785 3025 an
1807 2993 1912 3035 pater
1934 3000 2022 3026 suus
2044 2990 2139 3025 vivat
2150 2990 2191 3032 ¹⁸,
2217 2994 2411 3026 testamen·

1326 3039 1347 3072 2
1393 3041 1469 3072 tum
1494 3036 1638 3077 fecerit,
1670 3038 1921 3070 testamentum
1952 3034 2028 3070 eius
2059 3034 2200 3070 valebit.
2248 3034 2286 3070 Si
2316 3035 2410 3071 filius

1325 3081 1477 3117 familias
1495 3081 1663 3127 ignoraus
1681 3084 1819 3125 patrem
1838 3090 1942 3116 suum
1963 3079 2159 3115 decessisse
2175 3079 2220 3114 de
2238 3080 2411 3116 castrensi

1351 3126 1466 3162 eculio
1496 3126 1534 3161 in
1564 3125 1690 3160 militia
1719 3128 1870 3160 testatus
1901 3125 1965 3167 sit,
2000 3134 2072 3160 non
2103 3124 2333 3169 pertinebunt
2363 3125 2410 3161 ad

1325 3138 1490 3207 Eeredem
1514 3171 1589 3206 eius
1613 3170 1725 3216 patris
1749 3170 1854 3210 bona,
1878 3169 1942 3205 sed
1964 3168 2042 3204 sola
2065 3169 2281 3205 castrensia=

1374 3213 1425 3253 12
1449 3215 1695 3251 Psmmws
1723 3214 1815 3251 libro
1845 3218 1951 3250 sexto
1981 3224 2235 3260 responsorum
2281 3214 2409 3250 milites

1325 3260 1417 3297 enim
1430 3260 1680 3302 eadumtaxat‚
1720 3269 1789 3295 uae
1800 3258 1973 3294 haberent
1984 3259 2012 3281 ¹⁷
2028 3258 2182 3304 scriptis,
2194 3259 2282 3295 relin
2307 3263 2407 3295 nunt.

1374 3302 1423 3344 13
1457 3304 1652 3342 Ulmanus
1671 3305 1700 3341 12·
1741 3315 1764 3340 o
1787 3303 2066 3351 quadraqest’mo
2089 3305 2216 3351 quinto
2314 3304 2409 3341 edic-

1325 3354 1398 3386 tum
1433 3350 1531 3386 Idem
1551 3354 1617 3392 est,
1641 3349 1709 3386 etsi
1732 3348 1776 3385 de
1797 3352 2011 3384 testamento
2035 3348 2205 3385 mutando
2229 3359 2272 3385 co
2297 3349 2408 3391 'tavit‚

1325 3405 1396 3431 non
1431 3395 1516 3441 quia
1549 3395 1706 3430 adimere
1743 3393 1884 3430 volebat
1923 3394 2117 3430 castrensia
2153 3394 2250 3429 bona
2273 3359 2407 3445 ἳπᾳὶι

1324 3518 1345 3542 ι
1357 3509 1484 3541 Graeco
1496 3508 1598 3541 verbo
1610 3510 1753 3541 tractum
1766 3517 1786 3540 a
1798 3508 1945 3550 tngmate
1962 3507 2023 3540 del.
2134 3509 2193 3548 (ιο)
2217 3506 2334 3540 dicant
2343 3520 2405 3542 ser.

1325 3555 1379 3594 (ul
1403 3553 1446 3594 si]
1468 3553 1550 3595 quid
1570 3554 1599 3586 si
1618 3565 1680 3587 ser.
1853 3553 1912 3593 (12)
1937 3552 2043 3584 statin
2062 3551 2098 3585 F
2262 3554 2320 3594 (ιε)
2344 3563 2406 3586 neo

1323 3597 1500 3641 quisquam
1519 3599 1594 3632 dett.
1616 3598 1748 3642 quidam
1889 3599 1948 3637 (14)
1973 3596 2165 3630 creditur...
2178 3595 2358 3630 decessisse
2378 3597 2408 3632 S

1322 3645 1380 3684 (15)
1406 3644 1459 3676 sui
1473 3643 1528 3684 Ρ,
1549 3653 1623 3676 eum
1637 3641 1690 3676 Γ*
1782 3643 1840 3684 (16)
1865 3652 1940 3675 cum
1953 3642 1983 3675 is
1995 3642 2087 3675 vivat
2103 3642 2163 3676 ina.
2266 3644 2325 3682 (ιτ)
2350 3652 2403 3676 οι-

1321 3691 1437 3721 verent
1447 3701 1509 3722 scr.
