2528 3918
69 3637 83 3651 ⁰
151 3639 467 3684 &gamansio

142 114 361 160 XXXV1
1226 111 1311 159 502
1554 128 1627 157 &⁴

188 237 244 277 46
273 237 382 274 IDBu
415 236 507 273 libro
543 236 650 272 tertio
681 236 732 272 ad
769 235 949 273 Vitellium
1006 235 1045 273 Si
1074 236 1112 272 in
1145 235 1238 272 diem

144 283 297 328 exempli
331 281 447 328 gratia
483 281 740 317 centensimum
777 280 993 328 imperatum
1029 285 1086 318 est
1123 285 1237 317 statu-

144 330 269 371 libero,
300 332 341 363 ut
410 326 553 363 cuniam
576 326 739 369 solveret,
766 337 882 372 neque
905 327 1046 362 initium
1067 330 1138 362 tem
1166 327 1237 362 oris

147 375 224 410 eius
249 372 345 418 quod
384 375 529 407 uturum
553 375 660 414 esset,
685 371 914 417 adscriptum
928 375 994 415 est,
1018 370 1117 407 adita
1161 381 1237 406 ere·

144 419 256 454 ditate
286 417 412 453 cedere
442 416 518 452 dies
547 416 690 463 incipit,
720 417 804 470 quia
828 416 1024 451 absurdum
1045 416 1160 453 visum
1184 420 1239 451 est

144 468 228 499 ante
251 462 344 498 diem
368 461 581 508 praeterire,
606 472 713 514 quam
736 473 767 497 ιε
791 462 976 502 existeret,
1003 471 1107 506 quem
1132 472 1239 506 opor-

144 513 197 544 tet
226 508 402 553 accipere.
455 510 493 542 et
523 507 593 542 hoc
621 518 658 542 m
689 507 872 549 omnibus,
912 506 973 551 qui
1001 505 1124 541 heredi
1153 507 1238 542 dare

145 553 234 589 iussi
256 557 351 595 sunt,
377 551 565 588 dicendum
590 556 663 588 est:
689 552 797 596 igitur
821 556 857 587 et
879 551 1052 596 legatario
1076 562 1122 586 ex
1140 550 1238 586 adita

145 597 342 679 lssereditate
365 597 413 633 ad
435 596 633 643 parendum
658 596 862 632 condicioni
887 601 1028 642 tempus
1053 599 1237 641 computa-

170 644 254 679 itur.

191 685 244 725 47
271 687 512 723 Maeonios
538 686 629 723 libro
662 690 793 733 quarto
825 685 962 722 decimo
992 686 1237 733 diqestorum¹

147 734 256 769 Servo
280 733 483 768 libertatem
504 732 557 768 ita
580 732 694 767 dedit:
729 732 817 774 ‘ille,
850 732 880 767 si
907 742 1007 767 meus
1031 731 1118 774 erit,
1149 731 1240 766 liber

147 779 267 814 ‘esto'z
306 778 462 831 legatum
497 778 553 813 vel
590 777 824 812 hereditatem
857 776 933 812 sine
966 776 1175 812 condicione
1207 776 1240 811 ei

147 823 263 859 dedit:
297 823 424 859 demde
452 833 534 859 eum
557 822 735 858 alienavit.
783 821 972 857 debebitur
994 822 1136 857 domino
1162 821 1239 856 eius

147 870 301 914 legatum
339 868 395 904 vel
433 868 613 904 hereditas
652 872 687 902 et
722 867 824 903 iussu
859 867 935 902 eius
968 867 1060 902 adiri
1088 867 1237 912 poterit:

147 924 230 949 nam
253 913 290 948 id
314 913 491 959 expressit
521 913 561 948 ‘si
585 923 684 948 meus
710 912 814 948 erit’2
846 912 883 947 in
913 912 1078 948 libertate
1110 911 1237 952 danda,

147 969 218 1004 quo
249 958 411 994 futurum
443 962 521 994 erat
557 962 597 992 ut
632 957 865 1003 impediretur
895 957 1061 1000 libertas,
1101 957 1240 992 etiamsi

148 1013 355 1056 expmssum
385 1014 457 1039 non
488 1007 593 1039 esset.
641 1013 898 1048 saepenumero
930 1007 1049 1038 tamen
1081 1006 1240 1036 mutatur

146 1059 198 1085 rei
222 1048 389 1092 effectus,
413 1058 626 1094 quamquam
651 1048 688 1083 id
712 1048 927 1093 expresserit
950 1051 1119 1090 testator,
1145 1048 1240 1092 quod

147 1098 184 1130 et
206 1093 239 1130 si
260 1104 334 1130 non
356 1094 501 1130 fecisset
511 1095 535 1135 ³,
560 1094 694 1129 inesset
717 1097 847 1128 tamen.

193 1136 247 1177 48
272 1139 402 1175 leem
435 1139 525 1174 libro
558 1140 684 1191 quinto
716 1139 853 1174 decimo
885 1138 1105 1185 diqestorum
1157 1137 1240 1172 Non

172 1185 320 1220 utabam
357 1184 450 1219 diem
486 1183 751 1219 fideicommissi
785 1183 940 1225 venisse,
982 1194 1063 1218 cum
1101 1187 1240 1218 sextum

147 1196 324 1265 decimum
347 1239 480 1264 annum
503 1229 684 1273 ingressus
708 1228 853 1272 fuisset,
883 1228 942 1263 cui
965 1232 1044 1263 erat
1065 1228 1239 1270 relictum,

149 1285 231 1311 cum
253 1275 301 1310 ad
323 1284 457 1310 annum
480 1279 621 1309 sextum
645 1273 822 1309 decimum
852 1273 1090 1318 pervenisset:
1124 1277 1160 1308 et
1190 1273 1241 1308 ita

148 1320 256 1356 etiam
278 1319 471 1355 Aurelius-'³
501 1319 697 1364 imperator
719 1318 923 1354 Antoninus
953 1319 1001 1354 ad
1030 1318 1240 1364 appellatio-

148 1375 229 1401 nem
239 1376 243 1380 ’
253 1375 298 1401 ex
322 1364 514 1400 Germania
537 1363 718 1399 iudicavit.

194 1407 248 1448 49
276 1409 421 1446 census
441 1410 533 1445 libro
556 1410 723 1444 vicesimo
746 1408 905 1444 secundo
929 1409 1151 1455 diqestorum
1204 1408 1241 1444 Si

147 1455 211 1490 in⁸
233 1465 348 1490 annos
372 1454 495 1490 decem
518 1454 621 1489 heres
646 1453 733 1489 dare
756 1453 946 1489 damnatus
967 1458 1031 1490 aut
1052 1454 1131 1499 quis
1150 1454 1242 1490 liber

149 1510 228 1536 esse
249 1501 370 1536 iussus
393 1503 469 1542 est,
494 1499 685 1534 novissimo
710 1499 787 1534 eius
811 1499 981 1545 temporis
1006 1499 1064 1535 die
1086 1499 1241 1545 legatum

149 1545 338 1581 debebitur
361 1548 397 1580 et
419 1545 566 1580 libertas
591 1544 754 1589 optingit.

193 1589 272 1628 50⁷
303 1590 499 1626 ULPIANUS
518 1590 610 1625 libro
659 1591 752 1625 rimo
781 1590 826 1625 de
848 1590 975 1670 officio
999 1591 1157 1626 consulis
1202 1590 1240 1626 Si

149 1636 207 1672 cui
237 1635 385 1672 libertas
417 1635 503 1670 data
535 1635 581 1670 sit
648 1638 746 1670 recto
779 1636 847 1670 sub
897 1646 941 1670 ac
966 1635 1176 1672 condicione
1200 1635 1242 1671 ‘si

149 1681 320 1717 ‘rationes
350 1680 586 1722 reddidisset',
624 1680 798 1715 arbitrum
836 1691 859 1715 a
897 1681 1106 1716 consulibus
1140 1681 1241 1716 divus

148 1726 235 1762 Pius
260 1725 339 1762 dari
360 1725 522 1771 permisit
543 1725 599 1761 his
623 1726 758 1761 verbis:
792 1726 893 1761 ‘aditi
923 1737 945 1761 a
971 1727 1072 1762 vobis
1097 1727 1241 1771 amplis-

149 1771 241 1807 ‘simi
272 1772 437 1807 consules
469 1770 642 1806 arbitrum
675 1771 831 1814 dabunt,
863 1771 923 1817 qui
947 1772 1106 1807 excussis
1130 1772 1240 1807 ratio-

149 1817 266 1853 ‘nibus
305 1827 380 1852 non
417 1819 557 1851 tantum
597 1826 690 1868 quae
718 1816 857 1861 reliqua
888 1820 973 1852 sunt
1002 1817 1242 1862 Epaphroditi

150 1861 398 1904 ‘constituent,
427 1871 550 1897 verum
575 1864 680 1896 etiam
705 1871 795 1906 quas
819 1862 976 1897 rationes
1000 1872 1091 1907 quae
1117 1872 1162 1898 ue
1185 1862 1240 1896 in-

149 1911 361 1944 ‘strumenta
383 1906 526 1942 tradere
549 1909 613 1941 aut
637 1906 803 1942 exhibere
827 1907 981 1942 dominis
999 1907 1072 1943 suis
1118 1908 1239 1943 ebeat:

149 1953 263 1989 ‘cuius
299 1952 497 1988 sententiae
532 1962 613 1986 cum
644 1951 754 1987 fuerit
784 1952 1028 1996 satisfactum,
1067 1963 1140 1988 non
1175 1953 1240 1987 im-

150 1997 325 2044 ‘pedietur
347 1996 587 2042 Epaphroditi
610 1996 782 2032 libertas'.

194 2040 246 2080 51
274 2042 528 2078 Moossrmvs
557 2042 648 2077 libro
680 2043 806 2087 quinto
831 2042 1118 2088 differentiarum
1167 2042 1240 2078 Sub

149 2087 297 2124 diversis
318 2086 584 2123 condicionibus
603 2086 805 2122 disiunctim
825 2087 952 2132 positis
968 2088 1059 2123 liber
1073 2098 1151 2123 esse
1167 2088 1239 2123 ius-

149 2143 212 2169 sus
236 2143 314 2168 eam
338 2132 582 2168 condicionem
606 2132 734 2177 eligere
757 2135 892 2177 potest,
924 2143 1016 2177 quae
1040 2133 1108 2168 sibi
1131 2133 1242 2168 levior

150 2187 230 2214 esse
250 2177 445 2214 videbitur:
477 2177 593 2221 legato
624 2187 708 2212 vero
740 2187 782 2212 eo
813 2177 919 2213 modo
949 2178 1073 2213 relicto
1105 2178 1240 2223 legata-

154 2227 167 2258 1
217 2223 309 2258 rium
340 2222 554 2258 novissimae
586 2222 787 2258 condicioni
817 2233 946 2267 parere
968 2227 1120 2267 oportet.
1168 2223 1240 2258 He-

149 2268 227 2304 redi
249 2268 373 2304 decem
396 2267 483 2302 dare
506 2267 624 2302 iussus
642 2271 679 2302 et
697 2267 788 2303 liber
806 2278 884 2303 esse
903 2271 940 2303 et
958 2268 1098 2303 heredis
1119 2268 1241 2303 heredi

150 2313 269 2349 dando
289 2312 475 2366 perveniet
497 2312 544 2347 ad
567 2312 786 2348 libertatem:
812 2312 908 2358 quod
931 2323 1004 2348 non
1023 2313 1185 2349 similiter
1203 2314 1241 2349 in

149 2359 311 2404 legatam
334 2367 490 2404 persona
514 2357 686 2393 custodiri
709 2357 892 2393 Publicius
917 2358 1051 2394 scribit.

196 2401 277 2441 52⁸
298 2403 407 2438 Imm
430 2399 521 2438 libri)
545 2404 696 2449 septimo
720 2403 1008 2448 defferentz‘arum
1053 2403 1239 2439 Nonnum-

151 2459 258 2494 quam
282 2448 467 2492 contingit,
490 2451 530 2483 ut
553 2448 727 2493 quaedam
746 2448 954 2483 nominatim
974 2459 1144 2494 expressa
1160 2449 1239 2484 offi-

152 2495 265 2537 ciant,
297 2493 457 2539 quamvis
487 2492 618 2529 omissa
639 2493 749 2528 tacite
772 2493 929 2538 intellegi
951 2495 1151 2539 potuissent
1174 2505 1240 2530 nec

152 2542 272 2575 essent
302 2538 470 2574 offutura.
517 2538 614 2583 quod
642 2539 775 2580 evenit,
807 2539 838 2574 si
869 2539 976 2574 alicui
1003 2539 1055 2573 ita
1083 2539 1239 2584 legatur:

151 2585 258 2619 ‘Titio
288 2583 411 2619 decem
436 2583 481 2618 do
507 2583 603 2628 lego,
636 2583 668 2619 si
690 2583 851 2619 Maevius
877 2583 1091 2629 Capitolium
1114 2594 1239 2620 ascen-

151 2629 278 2664 ⁴derit’.
325 2639 407 2664 nam
431 2629 589 2673 quamvis
613 2628 652 2663 in
675 2628 822 2664 arbitrio
847 2628 978 2664 Maevii
1007 2630 1069 2671 sit,
1100 2639 1148 2664 an
1172 2630 1239 2665 Ca-

176 2674 314 2709 itolium
342 2673 514 2709 ascendat
537 2678 573 2708 et
595 2674 679 2709 velit
702 2674 861 2716 efficere,
895 2678 936 2709 ut
958 2674 1053 2710 Titio
1084 2674 1240 2719 legatum

176 2719 341 2761 ebeatur,
373 2729 446 2754 non
475 2723 595 2754 tamen
623 2719 757 2764 poterit
786 2719 864 2754 aliis
893 2719 1008 2755 verbis
1033 2719 1167 2754 utiliter
1189 2720 1239 2755 le-

150 2764 245 2809 gari:
276 2763 319 2798 ‘si
341 2763 503 2799 Maevius
525 2764 692 2806 voluerit,
723 2764 818 2799 Titio
844 2764 966 2799 decem
989 2764 1065 2800 do':
1098 2775 1181 2800 nam
1203 2766 1242 2800 in

151 2809 304 2844 alienam
316 2810 533 2844 voluntatem
555 2808 708 2844 conferri
727 2809 883 2854 legatum
903 2820 974 2844 non
993 2813 1122 2855 potest.
1159 2810 1242 2845 inde

152 2854 287 2889 dictum
303 2857 374 2889 est:
401 2863 444 2888 ex
470 2863 570 2889 ressa
582 2857 722 2897 nocent,
737 2865 810 2889 non
827 2865 997 2899 expressa
1013 2866 1085 2890 non
1098 2859 1239 2891 nocent.

198 2896 251 2936 53
275 2897 382 2934 IDEM
409 2899 438 2933 li
479 2910 500 2933 o
523 2899 705 2944 sinqulari
726 2899 770 2934 de
793 2898 1044 2935 hem-emutio&
1093 2900 1131 2935 Si
1162 2900 1241 2945 quis

152 2954 292 2980 servum
314 2943 465 2979 liberum
489 2954 567 2979 esse
589 2943 749 2986 iusserit,
782 2944 813 2979 si
835 2945 955 2980 heredi
979 2945 1136 2980 rationes
1160 2946 1239 2982 red-

153 2988 317 3030 didisset,
359 2992 555 3033 posteaque
592 2999 672 3023 eum
711 2989 869 3025 rationes
906 2990 1055 3025 reddere
1091 2991 1243 3026 vetuerit

153 3033 272 3114 quastio
277 3043 425 3114 plpgaxutia
428 3033 589 3069 facturus
614 3034 830 3076 libertatem,
863 3035 1034 3080 competit
1064 3045 1108 3070 ex
1131 3040 1241 3072 testa-

154 3089 233 3114 men
348 3089 367 3113 e
427 3089 455 3113 s.

197 3121 253 3162 54
276 3123 323 3159 IA
333 3132 502 3158 rosanus
528 3122 618 3157 libro
647 3123 804 3159 secundo
836 3135 886 3160 ex
918 3124 1040 3160 cassio
1093 3124 1131 3160 Si
1162 3126 1239 3170 quis

151 3168 289 3222 legata,
319 3167 451 3214 quibus
474 3167 549 3203 dies
574 3167 738 3212 adposita
761 3179 833 3203 non
857 3174 968 3213 esset,
1002 3180 1122 3205 annua
1146 3171 1240 3205 bima

151 3219 257 3250 trima
279 3213 337 3249 die
359 3213 439 3248 dari
460 3212 564 3248 iussit
586 3217 623 3247 et
647 3213 769 3256 alicui,
794 3225 874 3249 cum
898 3215 1013 3259 pubes
1038 3219 1146 3257 esset,
1177 3226 1239 3260 pe-

153 3259 295 3294 cuniam
317 3258 457 3303 legavit,
481 3257 518 3293 id
542 3268 681 3302 quoque
706 3259 859 3302 legatum
881 3270 1002 3295 annua
1023 3260 1117 3295 bima
1135 3261 1240 3295 trima

153 3304 210 3339 die
238 3307 323 3348 post
348 3303 577 3356 pubertatem
610 3304 862 3347 praestandum
896 3315 973 3340 esse
1001 3305 1038 3339 in
1063 3315 1239 3340 commen-

153 3347 253 3385 tariis
277 3348 358 3384 Gaii
381 3348 554 3394 scriptum
578 3351 650 3390 est,
683 3348 768 3393 quia
798 3350 908 3393 magis
939 3349 1101 3385 condicio
1133 3360 1238 3396 quam

154 3463 194 3503 (ι)
218 3462 316 3495 incer.
330 3462 391 3495 del.
407 3461 458 3495 F²

568 3462 614 3503 (2)
637 3460 665 3494 si
677 3471 769 3495 meus
782 3462 847 3494 erit
859 3463 919 3496 del.
1034 3464 1078 3505 (3)
1102 3463 1239 3497 adiecis—

152 3508 203 3539 net
213 3518 276 3540 ser.
397 3509 440 3549 (⁴)
464 3505 564 3549 idem]
577 3505 754 3539 marcellus
765 3506 799 3539 F
804 3506 818 3526 ²
940 3510 983 3549 (5)
1007 3508 1165 3541 Aurelius
1177 3509 1239 3542 del.

153 3551 200 3592 (e)
223 3551 315 3584 intra
327 3551 407 3586 Hal.
525 3553 568 3592 (τι
595 3553 637 3596 cf
650 3552 697 3585 D.
711 3553 766 3593 47,
779 3560 807 3593 ⁴,
820 3559 844 3594 ι,
859 3560 874 3586 ‘1
997 3554 1044 3596 (s)
1066 3570 1111 3582 =
1124 3553 1171 3586 D.
1184 3555 1239 3595 50,

154 3603 262 3637 Π,195
378 3598 424 3638 (9)
447 3610 483 3631 re
508 3598 574 3631 uiri
583 3597 732 3631 videntur
743 3597 846 3631 talia:
869 3597 1029 3639 Maevius,
1047 3598 1103 3631 cui
1115 3598 1239 3631 fundus

518 3643 663 3684 imaeho,
686 3651 763 3675 eum
783 3652 850 3684 quo
870 3642 1030 3685 [testator]
1051 3643 1238 3676 testamenti

153 3685 330 3720 factionem
341 3697 411 3720 non
423 3686 573 3729 habebat,
586 3687 729 3720 ducenta
740 3685 898 3729 dedisset,
918 3687 1108 3720 condicioni
1122 3698 1239 3731 parere

153 3730 250 3763 debet
261 3733 295 3764 et
306 3731 449 3766 ducenta
459 3732 536 3765 dare
546 3757 555 3774 ,
576 3736 614 3764 ut
631 3732 674 3765 ad
690 3742 765 3765 eum
776 3731 905 3775 legatus
917 3731 1040 3765 fundus
1052 3734 1237 3775 pertineat=

1482 0 1563 126 L,

1948 122 2012 154 nn
2041 115 2391 158 cosnroiomsns

1308 235 1382 272 dies
1412 236 1530 281 legato
1561 235 1703 272 adiecta
1731 238 1837 272 esset.
1884 239 2010 272 contra
2041 246 2106 282 ego
2136 237 2270 283 sentio,
2308 240 2393 286 qula

1307 281 1382 317 fere
1406 280 1482 317 dies
1504 282 1648 327 ponitur
1678 281 1726 317 ad
1747 281 1975 327 proroganda
1998 291 2059 324 ea,
2090 292 2184 328 quae
2210 283 2259 321 ad
2286 296 2392 332 prae·

1308 335 1390 361 sens
1412 329 1566 372 tempus,
1589 337 1662 363 non
1685 327 1790 362 etiam
1814 336 1906 372 quae
1929 326 1966 361 in
1984 330 2144 363 futurum
2161 328 2282 375 legata
2296 336 2391 374 sunt,

1308 371 1452 416 diesque
1486 371 1684 416 pubertatis
1718 371 1828 407 habet
1861 372 2013 417 aliquam
2047 373 2215 418 temporis
2246 375 2391 413 demon-

1312 419 1325 450 1
1376 416 1598 452 strationem.
1638 416 1790 452 Duobus
1813 416 1936 452 eadem
1959 427 2028 459 res,
2052 417 2083 452 si
2105 417 2228 454 heredi
2251 425 2393 457 centum

1307 460 1507 503 dedissent,
1539 461 1657 506 legata
1686 465 1757 497 est:
1794 461 1826 496 si
1855 462 1946 497 alter
1977 472 2020 496 ex
2051 461 2106 497 his
2137 463 2394 518 quinquaginta

1309 505 1456 548 dederit,
1481 511 1618 551 partem
1642 507 1748 551 legati
1771 510 2008 552 consequetur
2035 510 2071 542 et
2093 518 2178 552 pars
2209 519 2300 554 elus,
2332 512 2394 558 qui

1308 562 1380 585 uon
1405 550 1552 594 dederit,
1577 551 1681 587 alteri
1705 562 1785 587 cum
1810 561 1875 587 sua
1900 551 2108 587 condicione
2131 552 2318 592 adcrescit.

1353 594 1406 632 55
1431 595 1538 631 IDEM
1558 596 1648 631 libro
1669 598 1774 631 tertio
1794 597 1930 632 decimo
1949 597 2186 643 epistularum
2219 599 2393 645 Maevius,

1309 641 1366 675 cui
1387 639 1519 676 fundus
1538 641 1676 685 legatus
1697 645 1761 683 est,
1785 641 1816 676 si
1836 641 2066 684 Callimacho,
2091 652 2171 678 cum
2192 655 2262 690 quo
2282 650 2393 683 testa·

1307 685 1418 721 menti
1440 685 1632 722 factionem
1655 697 1726 723 non
1746 686 1913 729 habebat,
1938 686 2093 723 ducenta
2117 688 2256 726 dedisse
2308 701 2393 727 con·

1308 730 1439 766 dicioni
1468 740 1597 777 parere
1626 730 1733 766 debet
1761 735 1797 766 et
1828 730 1983 767 ducenta
2020 732 2124 775 dare,
2162 737 2203 769 ut
2236 745 2259 770 a
2314 746 2394 772 eum

1308 775 1445 820 legatus
1475 775 1610 812 fundus
1667 776 1836 816 ertineat,
1873 776 1956 812 licet
1988 787 2150 814 nummos
2181 789 2253 815 non
2283 780 2396 817 faciat

1309 819 1535 866 accipientis:
1567 787 1663 866 quid)
1678 821 1769 856 enim
1792 821 1957 862 interest,
1989 825 2108 858 utrum
2133 824 2197 860 tali
2219 835 2395 877 personae

1309 865 1396 901 dare
1424 865 1591 901 iubeatur
1622 876 1668 901 an
1704 866 1823 920 aliquo
1858 866 1939 902 loeo
1998 877 2105 903 onere
2137 869 2193 905 vel
2226 881 2264 906 m
2297 882 2395 907 mare

1309 910 1473 946 deicere?
1506 920 1622 957 neque
1646 911 1738 947 enim
1761 911 1861 953 illud,
1886 921 1956 956 quo
2005 911 2053 947 ad
2074 912 2182 950 talem
2204 913 2395 961 personam

1308 958 1559 1022 pervcntprum
1581 959 1646 1000 est,
1666 956 1869 992 testamenti
1888 956 2041 1000 nomine,
2061 957 2125 993 sed
2142 961 2266 997 mortis
2285 971 2395 998 causa

1310 1011 1352 1036 ea
1378 1001 1451 1036 itur
1476 1027 1486 1037 .

1352 1011 1407 1083 {6
1440 1045 1548 1082 loru
1577 1046 1667 1084 libro
1703 1050 1834 1093 quarto
1866 1047 2002 1082 decimo
2033 1048 2272 1094 epistularum
2330 1051 2395 1088 Cui

1310 1090 1440 1126 fundus
1469 1091 1608 1137 legatus
1632 1096 1705 1135 est,
1736 1092 1769 1128 si
1799 1092 1920 1127 decem
1952 1092 2103 1136 dederit,
2135 1098 2273 1139 partem
2294 1095 2397 1132 fundi

1310 1138 1480 1189 consequi
1499 1148 1570 1172 non
1589 1141 1719 1182 potest,
1738 1137 1807 1172 nisi
1827 1141 1940 1173 totam
1956 1139 2143 1183 pecuniam
2163 1145 2394 1178 numerasset.

1310 1182 1487 1218 dissimilis
1512 1187 1567 1218 est
1591 1193 1711 1226 causa,
1738 1193 1819 1218 cum
1842 1183 1982 1218 duobus
2005 1184 2129 1219 eadem
2148 1195 2206 1221 res
2223 1186 2290 1221 sub
2311 1197 2395 1222 con-

1310 1227 1449 1263 dicione
1472 1228 1590 1272 legata
1614 1232 1685 1263 est:
1717 1228 1755 1263 in
1786 1228 1860 1269 hac¹
1885 1228 1977 1263 enim
2001 1229 2209 1273 quaestione
2231 1231 2352 1267 statim
2375 1242 2398 1268 a

1309 1277 1534 1315 testamento,
1555 1284 1624 1325 quo
1646 1273 1811 1353 pluribus
1832 1273 1994 1308 condicio
2015 1273 2181 1319 adposita
2198 1279 2265 1319 est,
2285 1276 2398 1313 divisa

1311 1329 1451 1363 quoque
1481 1318 1518 1353 in
1550 1329 1652 1363 singu
1668 1329 1707 1354 as
1738 1329 1910 1363 personas
1941 1317 2052 1354 videri
2081 1324 2219 1364 potest,
2250 1324 2288 1357 et
2316 1322 2396 1359 ideo

1309 1363 1440 1408 singuli
1462 1374 1527 1408 pro
1553 1374 1619 1399 sua
1642 1367 1746 1409 parte
1769 1367 1806 1400 et
1823 1363 2023 1399 condicioni
2041 1374 2168 1410 parere
2188 1370 2223 1401 et
2241 1365 2398 1412 legatum

1310 1418 1439 1454 capere
1462 1413 1630 1454 possunt:
1664 1419 1747 1443 nam
1779 1409 1937 1454 quamvis
1962 1419 2101 1445 summa
2123 1411 2288 1448 universe
2311 1423 2397 1448 con-

1310 1454 1460 1489 dicionis
1475 1455 1503 1475 ¹⁰
1542 1455 1588 1490 sit
1623 1454 1824 1506 adscripta,
1863 1455 2128 1490 enumeratione
2164 1466 2398 1501 personarum

1309 1502 1430 1544 potest
1451 1499 1563 1534 videri
1586 1509 1664 1535 esse
1688 1499 1811 1535 dinsa.
1858 1500 1896 1535 in
1920 1509 1961 1535 eo
1985 1510 2088 1544 vero,
2146 1501 2218 1538 uod
2243 1502 2307 1537 uni
2329 1503 2396 1539 sub

1310 1544 1518 1580 condicione
1541 1545 1696 1590 legatum
1721 1549 1793 1587 est,
1824 1545 1937 1581 scindi
1967 1555 2011 1580 ex
2033 1511 2211 1583 accidenti
2235 1547 2396 1585 condicio

1310 1600 1383 1625 non
1406 1589 1529 1632 debet,
1563 1594 1599 1625 et
1622 1590 1735 1626 omnis
1759 1601 1928 1626 numerus
1953 1600 2092 1634 eorum,
2125 1593 2186 1638 qui
2213 1593 2251 1628 in
2278 1594 2397 1630 locum

1311 1635 1386 1670 eius
1404 1635 1680 1678 substituuntur,
1695 1645 1760 1680 pro
1778 1636 1947 1681 singulari
1960 1646 2114 1681 persona
2132 1641 2186 1673 est
2198 1637 2395 1675 habendus.

1357 1678 1409 1716 57
1444 1679 1673 1716 POMPONIUS
1707 1681 1798 1716 libro
1829 1692 1925 1716 nono
1957 1681 2007 1716 ad
2037 1681 2206 1724 Quintum
2236 1683 2395 1720 Mucium

1310 1725 1516 1769 Quaesitum
1548 1730 1621 1768 est,
1653 1736 1718 1768 an,
1750 1725 1781 1761 si
1811 1726 1930 1762 iussus
1961 1725 2070 1762 fuerit
2097 1737 2219 1764 servus
2243 1729 2398 1775 quinque

1311 1781 1439 1815 operas
1465 1774 1634 1806 extraneo
1658 1771 1764 1813 dare,
1788 1774 1830 1806 ut
1851 1771 1941 1807 liber
1964 1771 2029 1814 sit,
2061 1772 2222 1809 condicio
2245 1774 2328 1810 talis
2352 1775 2399 1810 sit

1310 1815 1532 1861 recipienda,
1563 1820 1621 1858 ut,
1647 1815 1943 1861 quemadmodum
1968 1817 2064 1852 circa
2086 1819 2262 1863 pecuniae
2284 1819 2396 1855 datio-

1310 1871 1390 1896 nem
1420 1861 1568 1904 dicitur,
1605 1861 1658 1896 ita
1697 1864 1733 1897 et
1771 1861 1867 1897 circa
1901 1863 2178 1907 praestationem
2209 1874 2229 1899 ο
2257 1874 2396 1901 eratum

1310 1906 1483 1942 dicamus.
1531 1906 1594 1942 sed
1621 1907 1691 1942 hoc
1722 1906 1799 1942 iure
1828 1907 1981 1950 utimur,
2010 1911 2069 1950 ut,
2102 1918 2229 1953 quema
2255 1909 2397 1946 modum

1311 1951 1444 1986 dictum
1469 1955 1532 1994 est,
1557 1951 1587 1987 si
1636 1952 1797 1987 ecuniam
1822 1962 1866 1987 ex
1887 1952 2027 1997 peculio
2048 1963 2113 1989 suo
2135 1954 2196 1989 det
2214 1958 2397 1999 extraneo,

1310 1996 1448 2048 admitti
1473 2007 1552 2032 eum
1576 1963 1632 2032 ad,
1644 1997 1856 2040 libertatem,
1879 1998 1931 2032 ita
1955 2002 2001 2040 et,
2030 1998 2061 2033 si
2085 2009 2229 2044 operam
2242 2002 2268 2022 ¹¹
2291 2010 2396 2046 prae-

1311 2045 1459 2084 stitemt,
1494 2052 1640 2078 necesse
1669 2043 1716 2077 sit
1739 2052 1819 2078 eum
1843 2042 1981 2078 admitti
2004 2043 2051 2078 ad
2074 2044 2283 2080 libertatem.
2329 2046 2396 2082 ita-

1311 2097 1378 2131 que
1403 2091 1438 2122 et
1460 2087 1497 2122 in
1519 2088 1704 2133 proposito
1729 2088 1909 2132 sapienter
1937 2088 2047 2124 faciet
2069 2089 2192 2132 heres,
2225 2091 2256 2125 si
2286 2091 2396 2137 impe-

1310 2132 1416 2167 dierit
1443 2142 1540 2175 eum,
1573 2143 1642 2178 quo
1667 2133 1782 2168 minus
1806 2137 1965 2178 praestet
1978 2135 2005 2155 ¹²
2028 2144 2048 2169 ο
2077 2144 2175 2170 eras:
2207 2136 2276 2171 hac
2305 2136 2397 2172 enim

1309 2177 1448 2230 ratione
1480 2188 1602 2214 servus
1631 2178 1813 2223 perveniet
1843 2178 1984 2224 quidem
2014 2189 2036 2214 a
2084 2180 2303 2224 libertatem,
2334 2182 2398 2217 sed

1311 2233 1430 2268 operis
1453 2223 1529 2258 eius
1553 2226 1744 2259 extraneus
1768 2234 1842 2259 non
1863 2227 1995 2259 utetur.

1356 2265 1409 2305 58
1442 2268 1548 2303 Imm
1577 2269 1667 2304 libro
1698 2269 1834 2304 decimo
1870 2279 1921 2305 ex
1954 2270 2066 2305 variis
2096 2269 2308 2307 lectionibus
2359 2271 2397 2307 Si

1310 2313 1460 2347 ancillae
1485 2313 1631 2356 alienae,
1657 2325 1738 2349 cum
1763 2324 1806 2349 ea
1828 2314 2020 2354 nubsisset,
2047 2315 2203 2359 legatum
2227 2316 2284 2358 sit,
2307 2315 2395 2352 Pro-

1311 2358 1412 2438 cmssls
1437 2359 1488 2393 ait
1510 2359 1595 2394 utile
1618 2359 1774 2404 legatum
1798 2369 1893 2402 esse,
1929 2359 2013 2405 quia
2041 2359 2156 2405 possit
2178 2361 2397 2397 manumissa

1309 2414 1358 2438 nu
1386 2413 1455 2438 ere.

1355 2445 1409 2486 59
1440 2448 1635 2484 Urpmws
1655 2448 1745 2484 libro
1770 2450 1874 2484 tertio
1897 2448 2034 2485 decimo
2057 2449 2108 2485 ad
2129 2449 2242 2497 leqem
2262 2449 2395 2487 Iuliam

1309 2497 1344 2529 et
1366 2493 1522 2540 Papiam
1567 2493 1751 2529 lntercidit
1772 2494 1947 2539 legatum,
1977 2494 2008 2530 si
2031 2505 2074 2530 ea
2095 2505 2251 2540 persona
2273 2495 2394 2532 deces-

1313 2542 1327 2573 1
1378 2539 1474 2580 serit,
1499 2539 1558 2573 cui
1581 2539 1735 2583 legatum
1760 2545 1814 2574 est
1837 2539 1904 2575 sub
1929 2539 2148 2576 condicione.
2184 2539 2277 2585 Quid
2300 2551 2395 2587 ergo,

1309 2584 1340 2619 si
1362 2594 1435 2619 non
1458 2583 1661 2626 decesserit,
1686 2584 1749 2619 sed
1770 2584 1809 2619 in
1832 2584 1973 2628 civitate
1997 2595 2075 2620 esse
2098 2585 2266 2621 desierit?
2308 2592 2396 2631 puta

1310 2629 1417 2664 alicui
1447 2629 1603 2674 legatum
1641 2629 1683 2664 ‘si
1721 2629 1847 2665 consul
1884 2629 2005 2665 fuerit'
2044 2633 2080 2666 et
2114 2630 2145 2666 is
2174 2630 2214 2665 in
2243 2631 2395 2667 insulam

1311 2675 1519 2719 deportatus
1555 2678 1627 2710 est:
1668 2674 1839 2720 numquid
1876 2685 1949 2710 non
1983 2675 2125 2710 interim
2159 2685 2221 2711 exs
2240 2676 2249 2684 '
2325 2677 2396 2712 'tur

1310 2720 1482 2764 legatum,
1515 2719 1760 2764 quiasrestitui
1783 2720 1821 2755 in
1845 2720 1988 2756 civitate
2011 2721 2154 2765 potest?
2218 2731 2263 2757 uo
2337 2733 2393 2757 ro-

1311 2768 1330 2799 2
1379 2765 1533 2800 habilius
1558 2774 1636 2800 esse
1660 2765 1825 2800 arbitror.
1872 2765 1955 2801 Non
1977 2765 2070 2800 idem
2102 2766 2169 2801 erit
2221 2766 2297 2802 'cen
2324 2778 2393 2810 um,

1311 2810 1342 2845 si
1365 2820 1408 2845 ea
1430 2819 1547 2855 poena
1569 2810 1607 2845 in
1631 2820 1709 2845 eum
1733 2813 1870 2845 statuta
1893 2810 2018 2853 fuerit,
2046 2820 2138 2856 quae
2160 2811 2297 2856 irrogat
2318 2822 2393 2848 ser-

1309 2855 1466 2897 vitutem,
1491 2855 1575 2900 quia
1598 2855 1748 2890 servitus
1772 2855 1878 2891 morti
1900 2855 2144 2892 adsimulatur.

1356 2898 1409 2938 60
1434 2900 1594 2936 PAULUS
1613 2900 1704 2936 libro
1727 2901 1877 2946 septimo
1901 2901 1951 2935 ad
1972 2900 2006 2936 le
2031 2912 2084 2936 em
2107 2900 2240 2937 Iuliam
2264 2905 2299 2937 et
2322 2901 2393 2937 Pa-

1306 2946 1408 2991 piam
1462 2946 1503 2980 In
1533 2944 1631 2981 facto
1664 2946 1897 2981 consistentes
1934 2956 2002 2981 con
2029 2946 2158 2981 'ciones
2186 2946 2392 2982 varietatem

1310 2991 1443 3026 habent
1475 2993 1511 3024 et
1541 2989 1643 3035 quasi
1667 2990 1879 3035 tripertitam
1902 2990 1975 3025 reci
2000 2991 2079 3026 iunt
2101 2990 2321 3034 divisionem,
2353 2997 2394 3027 ut

1310 3035 1394 3081 quid
1420 3034 1539 3078 detur,
1563 3038 1604 3069 ut
1627 3035 1711 3080 quid
1735 3035 1816 3077 fiat,
1845 3039 1885 3070 ut
1909 3036 1968 3080 qui
2017 3036 2195 3080 obtingat,
2221 3036 2275 3071 vel
2297 3040 2392 3073 retro

1311 3090 1353 3116 ue
1377 3080 1492 3121 detur,
1517 3089 1561 3114 ne
1582 3079 1657 3122 fiat,
1683 3091 1727 3114 ne
1751 3080 1921 3125 optingat.
1957 3090 2001 3116 ex
2021 3081 2075 3115 his
2095 3080 2203 3116 dandi
2222 3081 2392 3117 faciendi-

1309 3135 1378 3171 que
1401 3124 1628 3160 condiciones
1650 3125 1686 3159 in
1705 3136 1877 3176 personas
1899 3125 2121 3160 collocantur
2139 3131 2204 3160 aut
2222 3126 2391 3171 ipsorum,

1309 3170 1436 3216 quibus
1460 3169 1545 3214 quid
1568 3170 1789 3214 relinqmtur,
1815 3174 1879 3205 aut
1895 3170 2062 3205 aliorum:
2087 3171 2192 3205 tertia
2207 3172 2232 3192 ¹³
2256 3172 2391 3217 species

1313 3220 1325 3250 l
1375 3215 1412 3250 in
1444 3218 1570 3249 eventu
1601 3219 1763 3266 ponetur.
1811 3215 1938 3251 Fiscus
1969 3215 2091 3250 iisdem
2124 3216 2391 3252 condicionibus

1307 3259 1741 3349 355353ss³02{‘⁷p3‡¹531332‚
1754 3260 2391 3352 {iffiinsseassaqssimassuffffieqiss}

1306 3350 1422 3395 ipsum
1445 3349 1612 3385 vindicat.

1308 3472 1416 3505 neque
1435 3463 1524 3496 enim
1546 3462 1650 3505 illud,
1674 3463 1764 3506 quod
1782 3462 1826 3496 ad
1844 3462 1943 3502 talem
1962 3474 2135 3506 personam
2153 3467 2390 3508 perventurum

1307 3511 1366 3549 est,
1378 3509 1567 3541 testamenti
1580 3508 1725 3550 nomine,
1743 3508 1801 3542 sed
1818 3509 1935 3541 mortis
1954 3520 2053 3543 causa
2069 3510 2210 3553 eapitur.
2246 3510 2305 3554 [Et
2322 3511 2390 3544 sor-

1307 3555 1390 3585 tasse
1408 3553 1484 3595 quis
1503 3553 1643 3595 dixerit,
1670 3553 1732 3587 etsi
1751 3551 1975 3587 Callimachus
1994 3554 2138 3587 ducenta
2154 3565 2197 3588 ne
2215 3555 2390 3598 adquirere

1306 3596 1439 3640 quidem
1451 3598 1573 3640 potuit,
1594 3601 1703 3631 tamen
1716 3598 1794 3631 dare
1807 3598 1973 3631 Maevium
1986 3599 2127 3643 debereJ,
2144 3598 2225 3633 licet
2238 3610 2390 3633 nummos

1305 3652 1374 3675 non
1386 3642 1487 3675 saciat
1499 3643 1708 3686 accipientis:
1732 3643 1814 3686 quid
1826 3643 1916 3677 enim
1935 3645 2074 3677 interest
2156 3645 2194 3678 in
2209 3655 2300 3679 mare
2319 3645 2388 3679 dei-

1304 3697 1378 3720 oere
1469 3691 1528 3729 (ιο)
1553 3687 1744 3722 condicioni
1752 3700 1817 3723 scr.
1909 3692 1964 3731 (11)
1989 3699 2104 3732 operas
2117 3701 2181 3725 scr.
2272 3693 2331 3731 (12)
2355 3692 2389 3723 et

1305 3733 1364 3766 ins.
1379 3732 1413 3765 F
1497 3736 1555 3774 (18)
1581 3733 1696 3766 tertiat
1707 3732 1744 3767 F
