2528 3918
181 115 411 158 XXXXVI
446 118 463 156 1

184 236 296 282 patris
326 246 465 272 versum
495 237 558 280 sit,
596 241 717 283 potest
746 237 803 283 agi
834 247 915 273 cuin
944 240 1056 282 patre.
1105 237 1212 283 plane
1235 238 1265 273 si

183 281 428 326 emancipatus
460 281 621 324 solverit,
654 282 750 317 utilis
781 282 814 318 ei
837 282 931 318 actio
956 282 1100 317 debebit
1123 293 1265 327 compe·

181 331 275 362 tere:
307 326 344 361 in
401 329 554 362 otestate
584 326 691 362 etiam
714 326 872 363 manenti
903 328 1026 370 eadem
1050 326 1146 363 actio
1169 338 1264 363 com-

180 371 281 417 petit,
305 371 337 407 si
385 381 405 406 e
427 371 568 417 peculio
593 372 767 407 castrensi
789 382 855 418 pro
878 372 982 418 patre
1005 372 1159 408 solverit.

230 415 276 453 11
312 415 506 452 IULIANUS
540 416 631 453 libro
670 416 877 453 duodecimo
917 417 1139 468 diqestorum
1198 416 1265 461 Qui

183 465 309 497 contra
345 464 492 497 senatus
530 461 732 497 consultum
769 461 842 497 filio
881 461 1034 497 famlias
1065 461 1264 504 crediderit,

181 509 323 541 mortuo
345 516 388 541 eo
411 504 657 542 fideiussorem
681 517 704 542 a
726 511 829 553 patre
854 507 1016 553 accipere
1040 517 1111 542 non
1134 511 1262 552 potest,

181 550 265 596 quia
282 561 396 597 neque
414 551 550 586 civilem
568 562 683 598 neque
699 551 927 588 honorariam
945 551 1115 587 adversus
1126 556 1265 597 patrem

181 596 357 631 actionem
381 596 490 631 habet
513 606 579 632 nec
603 600 658 632 est
680 596 754 632 ulla
777 596 974 640 hereditas,
999 596 1101 633 cuius
1124 596 1265 632 nomine

181 640 408 676 fideiussores
433 641 583 686 obligari
603 643 783 688 possent¹.

229 683 280 722 12
311 685 418 722 IDEM
448 686 540 722 libro
573 687 877 733 qnadraqensimo
910 687 1014 722 tertio
1042 686 1262 733 diqestorum

179 730 291 766 Plane
309 731 385 766 eius
405 731 555 767 actionis
575 731 734 775 nomine,
759 741 850 776 quae
870 730 915 766 de
933 731 1073 776 peculio
1095 731 1265 767 adversus

179 786 259 811 eum
284 775 464 822 competit,
488 776 677 813 fideiussor
699 781 795 812 recte
819 775 1005 822 accipitur.

227 818 277 859 13
302 820 410 857 IDEM
429 821 521 857 libro
546 827 677 868 quarto
696 821 831 857 decimo
850 821 1072 868 diqestorum
1107 821 1145 857 Si
1165 831 1263 856 man-

180 866 268 902 datu
291 876 370 902 meo
394 866 490 902 Titio
514 866 636 903 decem
671 865 862 902 credideris
886 870 923 902 et
945 877 1083 903 mecum
1105 866 1265 902 mandati

180 911 302 956 egeris,
327 921 401 947 non
422 911 633 947 liberabitur
645 911 782 947 Titius:
807 910 871 947 sed
895 922 959 957 ego
982 911 1049 948 tibi
1071 922 1143 948 non
1162 912 1266 947 aliter

179 956 407 992 condemnari
430 956 579 999 debebo,
604 966 710 1002 quam
733 956 764 991 si
786 956 957 1000 actiones,
981 966 1071 1003 quas
1094 956 1263 992 adversus

179 1000 312 1037 Titium
334 1001 467 1044 habes,
499 1002 584 1037 mihi
613 1001 846 1047 praestiteris.
893 1001 978 1038 item
1001 1002 1033 1038 si
1063 1012 1145 1037 cum
1169 1002 1263 1037 Titio

178 1045 310 1127 efferis,
343 1057 408 1092 ego
440 1057 512 1082 non
542 1046 736 1089 liberabor,
769 1046 832 1082 sed
862 1047 960 1082 inid
991 1047 1177 1083 dumtaxat
1198 1046 1263 1084 tibi

181 1102 202 1128 ο
228 1091 359 1175 Hiatus
384 1102 456 1134 ero,
482 1092 577 1136 quod
601 1102 623 1126 a
646 1091 740 1127 Titio
766 1102 908 1128 servare
930 1102 1003 1128 non
1025 1091 1197 1138 potueris.

227 1135 245 1174 1
300 1136 408 1173 IDEM
428 1137 518 1172 libro
543 1137 845 1183 quadr-aqensimo
869 1138 1019 1184 septimo
1044 1137 1263 1184 diqestomm

180 1181 268 1218 Cum
295 1192 380 1218 reus
437 1181 641 1218 romittendi
664 1181 868 1218 fideiussori
897 1192 963 1218 suo
985 1182 1092 1219 heres
1115 1182 1262 1224 exstitit,

178 1227 347 1273 obligatio
372 1227 396 1262 fi
423 1226 595 1262 eiussoria
617 1227 821 1272 peremitur.
856 1227 941 1273 quid
966 1238 1048 1273 ergo
1070 1228 1149 1264 est?
1171 1230 1262 1263 tam-

178 1283 286 1318 quam
316 1282 339 1308 a
368 1282 430 1308 reo
455 1272 611 1307 debitum
634 1276 780 1317 petatur
803 1276 855 1316 et,
886 1273 917 1308 si
946 1273 1154 1319 exceptione
1177 1271 1263 1308 fide-

177 1317 308 1355 iussori
331 1321 554 1363 competente
584 1327 672 1353 usus
702 1317 829 1361 fuerit,
860 1317 899 1353 in
921 1317 1057 1354 factum
1078 1317 1264 1363 replicatio

177 1362 257 1398 dari
279 1362 423 1398 debebit
445 1366 509 1398 aut
532 1362 606 1398 doli
626 1363 711 1398 mali
731 1363 903 1408 proderit.

226 1406 275 1445 15
300 1407 407 1443 IDEM
434 1407 524 1443 libro
550 1408 874 1455 quinquagensimo
896 1409 1020 1455 primo
1045 1409 1262 1454 diqestorum

177 1453 215 1489 Si
246 1452 439 1498 stipulatus
470 1462 568 1488 esses
591 1463 614 1488 a
637 1463 693 1488 me
716 1453 792 1489 sine
821 1463 932 1489 causa
955 1457 992 1489 et
1020 1452 1263 1489 fideiussorem

177 1497 353 1534 dedissem
381 1502 418 1533 et
445 1497 575 1533 nollem
603 1508 683 1533 eum
716 1508 803 1534 exce
827 1498 926 1534 tione
954 1499 1024 1542 uti,
1058 1498 1120 1534 sed
1142 1498 1262 1544 potius

177 1544 325 1585 solvere,
349 1547 390 1578 ut
412 1553 552 1579 mecum
575 1543 733 1579 mandati
756 1543 793 1579 iu
817 1543 886 1579 icio
905 1547 1039 1590 ageret,
1063 1543 1263 1579 fideiussori

177 1589 284 1624 etiam
311 1588 422 1624 invito
453 1599 510 1624 me
541 1588 703 1634 exceptio
734 1588 812 1624 dari
844 1589 966 1626 debet:
997 1589 1147 1624 interest
1169 1588 1263 1624 enim

176 1634 252 1670 eius
283 1633 471 1679 pecuniam
504 1634 658 1669 retinere
685 1634 806 1680 potius
862 1645 945 1669 uam
973 1634 1126 1670 solutam
1150 1634 1195 1669 sti
1221 1645 1262 1670 u-

180 1683 193 1713 1
243 1678 350 1715 latori
372 1689 395 1714 a
417 1689 478 1715 reo
502 1683 674 1725 repetere.
711 1679 749 1715 Si
772 1689 817 1714 ex
866 1680 997 1724 uobus,
1022 1679 1084 1725 qui
1106 1689 1179 1725 apu
1227 1682 1263 1715 te

176 1723 427 1760 fideiusserant
447 1724 485 1759 in
527 1723 536 1732 ⁶
1183 1724 1261 1759 uin-

176 1779 246 1815 que
268 1769 334 1805 tibi
358 1768 497 1805 dederit
513 1769 567 1804 vel
589 1769 804 1822 promiserit,
829 1771 918 1805 nec2
941 1770 1032 1806 alter
1050 1770 1164 1805 libera
1190 1769 1263 1804 itur

175 1819 229 1858 et,
261 1814 293 1850 si
324 1814 369 1849 ab
399 1814 513 1850 altero
543 1814 743 1860 quindecim
774 1818 896 1860 petere
918 1814 1132 1858 institueris,
1163 1814 1263 1850 nulla

175 1860 386 1905 exceptione
409 1859 661 1896 summoveris:
693 1860 830 1905 reliqua
859 1864 979 1896 autem
1009 1860 1164 1906 quinque
1186 1859 1218 1896 si
1241 1870 1263 1895 a

175 1905 295 1952 priore
323 1904 554 1941 fideiussore³
581 1908 706 1951 petere
737 1905 955 1948 institueris,
984 1905 1058 1941 doli
1086 1905 1171 1940 mali
1201 1916 1261 1941 ex-

176 1950 340 1996 ceptione
363 1949 594 1986 submoveris.

225 1993 276 2033 16
300 1995 408 2031 IDEM
432 1995 524 2031 libro
556 1996 880 2048 quinquaqensimo
914 1997 1017 2032 tertio
1042 1995 1262 2042 diqestorum

174 2040 385 2077 Fideiussor
415 2040 567 2093 obligari
596 2051 670 2076 non
699 2045 821 2086 potest
844 2041 894 2085 ei,
926 2041 1023 2087 apud
1052 2050 1157 2086 quem
1178 2050 1261 2076 reus

176 2085 407 2134 promittendi
430 2085 608 2130 obhgatus
631 2096 704 2121 non
728 2090 792 2121 est.
830 2096 942 2132 quare
965 2087 996 2122 si
1019 2096 1141 2122 servus
1166 2096 1262 2121 com·

175 2131 294 2167 munis
312 2130 397 2167 Titii
421 2134 458 2166 et
475 2130 677 2183 Sempronii
700 2131 907 2166 nominatim
926 2131 1021 2167 Titio
1046 2131 1124 2166 dari
1147 2131 1193 2166 sti
1221 2142 1261 2165 u·-

176 2177 271 2212 latus
294 2175 406 2211 fuerit
436 2179 473 2210 et
494 2174 739 2211 fideiussorem
761 2175 814 2211 ita
835 2176 969 2212 interro
994 2176 1120 2212 averit:
1156 2180 1164 2195 ‘
1199 2175 1262 2211 itio

177 2225 252 2257 ‘aut
289 2221 369 2257 Sem
396 2220 497 2257 ronio
533 2220 571 2256 id
605 2221 691 2256 dare
724 2221 927 2267 spondes?’,
1002 2221 1086 2257 itius
1122 2220 1263 2266 quidem

175 2270 298 2320 petere
321 2277 344 2302 a
366 2232 575 2302 fideiussore
596 2266 746 2312 poterit,
780 2266 980 2312 Sempronii
1003 2277 1086 2302 vero
1109 2276 1264 2311 persona

174 2323 213 2348 in
235 2311 305 2348 hoc
334 2310 451 2348 solum
480 2310 693 2357 interposita
721 2311 915 2356 videbitur,
948 2316 989 2347 ut
1013 2311 1102 2348 solvi
1126 2311 1158 2346 ei
1181 2315 1263 2346 ante

176 2357 274 2393 litem
297 2357 556 2393 contestatam⁴
580 2360 616 2392 et
638 2356 824 2402 ignorante
847 2357 903 2393 vel
925 2357 1034 2393 invito
1060 2356 1154 2392 Titio
1177 2367 1261 2402 pos-

183 2407 192 2437 1
244 2403 301 2439 sit.
356 2401 426 2446 Qui
457 2406 556 2437 certo
588 2402 666 2437 loco
706 2401 782 2436 dari
821 2402 999 2447 promisit,
1038 2402 1262 2447 aliquatenus

176 2447 311 2484 duriori
342 2447 542 2483 condicioni
574 2447 770 2492 obligatur,
802 2458 909 2493 quam
939 2447 971 2483 si
998 2457 1088 2493 pure
1112 2447 1262 2482 interro-

176 2497 280 2539 gatus
311 2492 458 2528 fuisset:
496 2492 595 2528 nullo
618 2492 712 2527 enim
743 2493 822 2528 loco
847 2492 935 2537 alio,
969 2503 1074 2538 quam
1097 2492 1135 2527 in
1159 2502 1263 2538 quem

176 2538 354 2585 promisit,
386 2537 523 2573 solvere
545 2537 656 2573 invito
686 2537 897 2584 stipulatore
920 2543 1049 2584 potest.
1098 2547 1209 2583 quare
1232 2537 1263 2573 si

177 2593 277 2619 reum
317 2593 405 2628 pure
442 2582 706 2627 interrogavero
743 2587 780 2618 et
811 2583 1055 2619 fideiussorem
1087 2593 1168 2618 cum
1199 2582 1263 2618 ad-

176 2629 330 2665 iectione
367 2628 437 2664 loci
476 2637 666 2673 accepero,
706 2639 778 2663 non
816 2628 1032 2673 obligabitur
1060 2627 1261 2664 fideiussor.

178 2677 197 2709 2
245 2673 316 2709 Sed
339 2677 375 2709 et
397 2673 429 2709 si
451 2683 555 2715 reus,
586 2672 724 2708 Romae
748 2673 981 2716 constitutus,
1015 2673 1066 2709 Ca
1092 2683 1161 2708 uae
1185 2673 1263 2708 dari

201 2718 388 2760 romiserit,
413 2717 602 2754 fideiussor
619 2717 766 2763 Ephesi,
789 2718 936 2764 perinde
957 2729 1030 2754 non
1047 2685 1264 2770 ossligabitur

203 2764 383 2806 deiussor‚
422 2774 466 2799 ac
504 2763 535 2799 si
565 2773 649 2798 reus
685 2763 752 2799 sub
784 2763 992 2799 condicione
1029 2764 1261 2809 promisisset,

177 2809 367 2845 fideiussor
387 2813 504 2844 autem
524 2808 562 2843 in
580 2807 674 2843 diem
694 2812 828 2844 certam
846 2809 900 2844 vel
919 2819 1009 2853 pure
1027 2808 1261 2855 promisisset.

178 2857 198 2889 3
244 2853 453 2889 Fideiussor
484 2853 599 2898 accipi
621 2857 755 2899 potest,
788 2854 950 2899 quotiens
974 2858 1031 2890 est
1053 2854 1175 2899 aliqua
1198 2854 1260 2890 ob-

178 2903 199 2935 4
245 2898 367 2944 ligatio
399 2898 509 2934 civilis
531 2899 586 2934 vel
610 2899 802 2943 naturalis,
839 2899 897 2934 cui
928 2899 1137 2944 applicetur.
1187 2899 1259 2934 Na-

178 2943 313 2981 turales
334 2943 579 2995 obligationes·
592 2954 664 2979 non
685 2953 727 2979 eo
752 2944 829 2979 solo
848 2944 1092 2988 aestimantur,
1117 2944 1148 2980 si
1167 2944 1261 2980 actio

177 2989 298 3035 aliqua
327 2999 450 3024 eorum
487 2999 628 3024 nomine
659 2989 844 3034 competit,
882 3000 1004 3026 verum
1043 2989 1150 3025 etiam
1181 3000 1261 3025 cum

178 3035 309 3070 soluta'
328 3033 481 3078 pecunia
511 3033 624 3085 repeti
654 3044 725 3069 non
755 3037 893 3079 potest:
925 3044 1008 3069 nam
1039 3034 1123 3070 licet
1144 3034 1261 3070 minus

178 3079 323 3125 proprie
359 3077 490 3115 debere
526 3078 692 3113 dicantur
731 3079 914 3115 naturales
953 3079 1152 3122 debitores,
1223 3090 1262 3115 er

178 3124 386 3160 abusionem
409 3123 565 3168 intellegi
586 3128 738 3169 possunt
766 3123 943 3160 debitores
969 3130 1019 3167 et,

179 3173 198 3204 5
247 3168 436 3215 pecuniam
458 3168 650 3214 recipiunt,
683 3167 842 3204 debitum
865 3169 933 3205 sibi
956 3180 1144 3215 recepisse.
1192 3169 1260 3205 Sti-

178 3214 361 3261 pulatione
389 3214 426 3249 in
455 3213 548 3249 diem
577 3217 749 3258 concepta
779 3214 970 3251 fideiussor
992 3215 1023 3251 si
1047 3215 1113 3251 sub
1139 3214 1259 3251 condi-

179 3260 282 3295 cione
304 3263 475 3304 acceptus
498 3258 623 3301 fuerit,
655 3258 709 3293 ius
742 3259 817 3294 eius
841 3260 878 3294 in
899 3259 1068 3312 pendenti
1093 3260 1176 3303 erit,
1209 3264 1260 3302 ut,

178 3305 208 3340 si
232 3308 315 3341 ante
339 3304 429 3339 diem
459 3303 621 3339 condicio
644 3302 789 3347 impleta
818 3303 941 3346 fuerit,
976 3315 1049 3341 non
1073 3305 1260 3349 obligetur,

179 3349 209 3385 si
234 3353 464 3385 concurreret
494 3348 570 3384 dies
601 3352 637 3384 et
666 3347 827 3384 condicio
853 3349 907 3384 vel
931 3349 1037 3385 etiam
1060 3349 1150 3386 diem
1174 3361 1259 3385 con-

180 3397 200 3429 6
246 3393 339 3430 dicio
362 3399 486 3430 secuta
508 3393 627 3436 fuerit,
651 3392 835 3438 obligetur.
872 3393 960 3429 Cum
983 3394 1170 3431 fideiussor
1192 3396 1261 3431 hoc

179 3438 284 3475 modo
308 3443 479 3484 acceptus
510 3443 620 3475 esset:
654 3437 697 3473 ‘si
718 3448 801 3474 reus
826 3439 1078 3485 quadraginta,
1111 3449 1204 3485 quae
1227 3439 1260 3475 ei

179 3483 326 3520 ‘credidi
336 3485 360 3528 ⁵,
384 3494 455 3519 non
479 3483 638 3526 solverit,
669 3481 740 3518 fide
762 3486 826 3518 tua
847 3493 927 3519 esse
947 3484 1050 3520 iubes
1058 3485 1100 3527 P,
1138 3485 1259 3521 verisi-

503 1724 635 1769 mginti,
660 1724 761 1767 alter,
786 1735 831 1760 ne
851 1725 897 1760 ab
916 1735 958 1760 eo
982 1730 1134 1770 peteres,

1053 3125 1112 3177 qui
1136 3125 1182 3160 ab
1233 3124 1261 3160 ‘s

179 3600 219 3640 (1)
244 3599 372 3641 poesim
384 3599 460 3631 ΡΜ·
514 3599 559 3640 (2)
582 3608 642 3631 neo
655 3598 715 3631 del.
771 3598 816 3640 (3)
838 3597 979 3640 api-iore
992 3598 1182 3631 fideiussore
1195 3599 1257 3632 del.

181 3647 223 3685 (⁴)
248 3644 474 3677 contestamF
532 3644 576 3684 (5)
600 3642 790 3676 crediditF
844 3643 890 3683 (e)
914 3642 1030 3675 eoseF'
1077 3647 1120 3683 (7)
1145 3643 1257 3686 causa]

178 3689 320 3730 pecnnia
340 3688 490 3731 Krueqer
580 3690 626 3729 (s)
650 3691 688 3719 ut
706 3687 747 3720 ab
767 3698 806 3719 eo
823 3697 885 3729 pro
902 3697 970 3729 quo
985 3687 1190 3720 fideiusserat
1207 3699 1257 3721 re-

1247 113 1333 161 740

1492 3 1499 26 l

1499 24 1564 71 fl,

1552 73 1556 103 l

1959 133 2021 165 DE
2049 134 2414 173 anmssossmus

1333 238 1415 291 mile
1438 243 1495 275 est
1517 238 1555 275 id
1578 243 1715 284 aetum,
1740 244 1790 285 ut,
1816 252 1896 276 cum
1920 252 1966 288 ap
1992 242 2119 279 ellatus
2143 254 2226 279 reus
2248 256 2321 281 non
2343 247 2413 282 sol·

1333 287 1453 326 visset,
1477 283 1666 320 fideiussor
1682 288 1875 321 teneretur.
1910 296 1949 322 se
1998 291 2034 322 et
2055 287 2087 323 si
2109 298 2202 330 reus,
2226 293 2414 336 antequam

1335 328 1592 380 appellaretur.
1632 329 1859 373 decessisset,
1895 331 2084 368 fideiussor
2125 333 2302 379 obligatus
2337 337 2414 379 erit,

1335 383 1419 419 quia
1441 374 1511 409 hoc
1533 385 1603 419 quo
1627 385 1674 410 ue
1698 385 1784 411 casu
1802 386 1924 411 verum
1947 378 2023 412 est⁶
2045 387 2146 413 reum
2167 389 2240 414 non
2256 380 2413 416 solvisse.

1384 416 1432 455 17
1455 418 1561 454 IDEM
1581 419 1608 454 li
1629 430 1671 454 ro
1689 422 1930 466 octaqensimo
1948 432 2043 457 nono
2061 422 2279 468 diqestorum
2310 424 2413 460 Fide-

1333 463 1532 499 iussoribus
1565 464 1727 499 succurri
1757 465 1866 508 solet,
1900 470 1941 501 ut
1971 466 2162 512 stipulator
2185 469 2415 514 compellatur

1334 509 1376 550 ei,
1401 508 1462 560 qui
1482 507 1634 545 solidum
1646 509 1782 544 solvere
1798 514 1948 556 paratus
1960 516 2026 554 est,
2047 512 2199 548 vendere
2218 519 2413 550 ceterorum

1335 564 1489 589 nomina.

1382 595 1431 635 18
1456 598 1564 634 lom
1589 598 1680 634 libro
1711 602 1967 647 nonayensimo
1991 601 2211 648 diqestorum
2290 603 2326 638 ui
2356 604 2415 639 de-

1333 644 1484 679 bitorem
1515 654 1619 679 suum
1661 643 1818 689 delegat,
1879 645 2041 681 ecuniam
2074 645 2160 682 dare
2190 646 2263 683 inte
2292 648 2415 694 egitur,

1334 692 1469 733 quanta
1499 688 1532 724 ei
1564 687 1730 724 debetur:
1772 693 1809 725 et
1836 689 1849 724 i
1875 701 1917 725 eo
1947 690 1978 725 si
2009 690 2198 727 fideiussor
2221 692 2414 729 debitorem

1334 744 1438 768 suum
1469 733 1696 779 delegaverit,
1763 734 1896 770 uamvis
1929 746 2028 778 eum,
2061 735 2122 782 qui
2152 736 2319 773 solvendo
2344 749 2415 774 non

1335 783 1420 821 erat,
1447 778 1633 814 confestim
1656 789 1738 813 man
1785 779 1814 814 ti
1837 789 1942 824 agere
2012 785 2093 817 test.

1381 821 1434 862 19
1464 823 1568 859 IDEM
1598 824 1688 859 libro
1721 828 1851 870 quarto
1881 836 1931 860 ex
1996 826 2103 862 inicio
2150 825 2279 862 Servus
2303 828 2415 864 inscio

1334 868 1476 904 domino
1505 879 1571 914 pro
1604 868 1759 914 quodam
1786 868 2011 906 fideiusserat
2040 875 2077 906 et
2108 881 2150 907 eo
2182 872 2324 908 nomine
2353 883 2414 918 pe·

1334 914 1486 966 cuniam·
1506 914 1677 950 solverat:
1704 914 1960 959 quaerebatur,
1994 915 2156 952 dominus
2179 920 2346 969 possetne
2369 918 2415 953 ab

1334 969 1394 1002 eo,
1430 970 1488 995 cui
1519 959 1637 994 soluta
1660 963 1771 1002 esset,
1805 963 1978 1005 repetere.
2024 960 2226 1007 respondit:
2258 961 2415 1005 interest,

1332 1015 1403 1083 guo
1433 1004 1574 1040 nomine
1605 1003 1837 1040 fideiusserit:
1876 1015 1960 1040 nam
1982 1006 2014 1041 si
2037 1016 2082 1041 ex
2105 1015 2215 1042 causa
2245 1006 2415 1052 peculiari

1358 1049 1516 1092 deiussit,
1541 1053 1628 1084 tunc
1650 1049 1698 1091 id,
1723 1049 1819 1094 quod
1842 1060 1886 1085 ex
1907 1050 2047 1096 peculio
2071 1051 2232 1094 solverit,
2255 1056 2416 1098 repetere

1333 1094 1496 1130 dominus
1531 1104 1603 1130 nou
1639 1094 1790 1140 poterit,
1839 1095 1935 1139 quod
1980 1106 2024 1131 ex
2067 1095 2243 1132 dominica
2283 1099 2414 1133 causa⁷

1333 1140 1492 1184 solverit,
1525 1139 1779 1175 vindicabitur:
1815 1139 1844 1175 si
1875 1150 1957 1176 vero
1988 1145 2090 1176 extra
2119 1151 2264 1177 causam
2286 1141 2416 1187 peculii

1331 1184 1558 1227 fideiusserit,
1582 1184 1678 1230 quod
1696 1195 1740 1220 ex
1758 1184 1911 1229 pecunia
1932 1185 2107 1221 dominica
2126 1186 2280 1231 solverit,
2304 1197 2416 1232 aeque

1332 1229 1580 1272 vindicabitur,
1605 1230 1700 1276 quod
1725 1240 1769 1265 ex
1789 1230 1943 1275 peculio,
1967 1231 2107 1267 condici
2128 1232 2270 1277 poterit.

1379 1273 1432 1313 20
1468 1275 1515 1311 ΙΑ
1524 1285 1694 1311 νοιΕΝυε
1734 1275 1824 1311 libro
1862 1276 1966 1311 tertio
2005 1276 2143 1312 decimo
2227 1276 2414 1313 istularum

1331 1319 1403 1356 Sed
1434 1324 1471 1356 et
1500 1320 1531 1356 si
1555 1320 1646 1355 servi
1670 1319 1834 1356 dominus
1856 1321 2046 1366 pecuniam
2069 1321 2232 1365 solverit,
2255 1326 2415 1367 repetere

1332 1375 1411 1401 eain
1441 1376 1514 1402 non
1544 1365 1591 1400 ab
1623 1375 1674 1416 eo·
1695 1376 1762 1410 pro
1794 1376 1864 1410 quo
1901 1365 2090 1409 fideiussit,
2121 1366 2185 1403 sed
2214 1367 2260 1403 ab
2290 1377 2332 1403 eo
2357 1367 2414 1414 cui

1332 1411 1530 1447 numeravit
1560 1414 1710 1455 poterit,
1743 1421 1824 1445 cum
1855 1421 1976 1446 servus
2006 1410 2244 1448 fideiussionis
2275 1412 2415 1448 nomine

1333 1456 1479 1501 obligari
1509 1466 1583 1490 non
1612 1455 1737 1501 possit.
1787 1456 1948 1501 sequitur
1978 1467 2080 1509 ergo,
2112 1461 2154 1492 ut
2183 1457 2229 1492 ab
2256 1467 2317 1500 eo,
2348 1468 2414 1502 pro

1334 1512 1403 1546 quo
1434 1501 1676 1543 fideiusserat,
1708 1501 1822 1546 repeti
1844 1511 1916 1537 non
1939 1505 2069 1546 posmt,
2102 1513 2184 1537 cum
2205 1502 2304 1548 ipse⁸
2333 1512 2415 1537 aere

1333 1546 1448 1582 alieno
1482 1546 1659 1591 obligatus
1691 1545 1738 1581 sit
1769 1556 1835 1581 nec
1865 1546 2042 1582 solutione
2072 1546 2215 1583 liberari
2246 1547 2322 1583 eius
2352 1558 2413 1593 pe-

1334 1591 1460 1627 cuniae
1494 1591 1636 1627 nomine
1670 1591 1842 1636 potuerit,
1875 1591 1977 1627 cuius
2009 1591 2178 1637 obligatio
2202 1592 2249 1628 ad
2277 1602 2415 1628 servum

1331 1648 1404 1673 non
1427 1636 1611 1682 pertinuit.

1378 1680 1427 1719 21
1463 1683 1690 1717 AFRICANUS
1710 1681 1801 1716 libro
1825 1691 1863 1715 se
1893 1682 1976 1717 timo
2008 1682 2257 1727 quaestionum
2302 1682 2414 1718 Heres

1331 1738 1354 1762 a
1387 1727 1548 1763 debitore
1580 1725 1795 1761 hereditario
1827 1726 1851 1760 fi
1878 1726 2072 1762 eiussorem
2102 1727 2258 1772 accepit,
2290 1727 2416 1764 deinde

1330 1772 1564 1808 hereditatem
1588 1782 1631 1807 ex
1655 1771 1880 1807 Trebelliano
1903 1771 2075 1808 restituit:
2106 1771 2329 1808 fideiussoris
2352 1773 2415 1808 ob-

1330 1817 1534 1863 ligationem
1564 1817 1602 1852 iii
1631 1827 1696 1851 suo
1728 1820 1826 1851 statu
1854 1827 1998 1852 manere
2029 1816 2079 1852 ait
2101 1816 2265 1862 idemque
2287 1817 2325 1853 in
2347 1818 2414 1853 hac

1331 1873 1441 1898 causa
1460 1862 1684 1904 servandum,
1705 1861 1802 1907 quod
1820 1865 2032 1904 servaretur,
2055 1873 2136 1897 cum
2152 1862 2268 1905 heres,
2290 1867 2416 1898 contra

1330 1918 1435 1954 quem
1459 1907 1705 1953 emancipatus
1735 1906 1830 1942 filius
1862 1907 2037 1943 bonorum
2067 1907 2329 1960 possessionem
2354 1919 2412 1943 ac-

1331 1953 1436 1999 cepit,
1459 1952 1703 1988 fideiussorem
1727 1962 1814 1987 acce
1838 1952 1878 1987 it.
1909 1952 2060 1997 ideoque
2075 1963 2113 1988 in
2129 1957 2281 1998 utraque
2298 1953 2414 1998 specie

1334 2002 1344 2032 1
1398 2001 1586 2034 transeunt
1608 1998 1778 2033 actiones.
1851 2008 1898 2034 on
1922 2002 1977 2033 est
1998 2008 2140 2040 novum,
2164 2001 2205 2033 ut
2225 1997 2415 2034 fideiussor

1331 2043 1473 2079 duabus
1505 2042 1778 2088 obligationibus
1810 2042 1968 2078 eiusdem
1999 2043 2173 2088 pecuniae
2198 2043 2337 2079 nomine
2361 2049 2412 2079 te—

1331 2092 1474 2124 neatur:
1507 2098 1590 2123 nam
1614 2087 1645 2124 si
1667 2088 1705 2123 in
1729 2087 1820 2123 diem
1843 2093 2012 2133 acceptus
2037 2099 2120 2123 mox
2146 2098 2236 2134 pure
2259 2088 2412 2142 accipia-

1330 2138 1406 2177 tur,
1441 2144 1487 2169 ex
1515 2136 1668 2178 'utraque
1700 2133 1894 2178 obligatur,
1929 2138 1963 2168 et
1986 2133 2019 2168 si
2047 2132 2237 2169 fideiussor
2259 2133 2413 2169 contide-

1332 2182 1351 2214 2
1398 2178 1528 2214 iussori
1563 2178 1668 2214 heres
1709 2178 1903 2220 exstiterit,
1942 2178 2035 2213 idem
2072 2178 2150 2214 erit.
2204 2178 2312 2214 Servo
2351 2183 2413 2214 tuo

1357 2224 1521 2260 ecuniam
1544 2222 1694 2259 credidi:
1727 2234 1808 2258 eum
1831 2227 1871 2258 tu
1893 2223 2145 2259 manumisisti:
2178 2223 2305 2259 deinde
2327 2234 2414 2259 eun·

1331 2235 1412 2305 Sem
1433 2268 1679 2304 fideiussorem
1710 2268 1843 2313 accepi.
1892 2268 1922 2304 si
1954 2267 2095 2314 quidem
2118 2268 2155 2304 in
2179 2278 2257 2304 eain
2280 2268 2413 2314 obliga·

1330 2314 1464 2350 tionem
1486 2313 1690 2356 fideiubeat,
1716 2324 1807 2366 quae
1831 2313 1999 2349 adversus
2023 2317 2060 2349 te
2082 2313 2177 2349 intra
2199 2323 2333 2349 annum
2356 2314 2412 2357 sit,

1332 2359 1480 2404 obligari
1504 2369 1586 2394 euin
1608 2359 1676 2393 ait:
1701 2369 1757 2394 sin
1775 2369 1857 2394 vero
1881 2359 1918 2393 in
1943 2358 2141 2394 naturalem
2158 2369 2269 2402 suain,
2294 2358 2412 2405 potius

1330 2408 1373 2439 ut
1403 2404 1491 2439 nihil
1521 2408 1666 2448 agatur:
1706 2414 1779 2439 non
1811 2404 1903 2438 enim
1938 2403 2095 2448 intellegi
2117 2414 2240 2450 posse,
2271 2409 2312 2439 ut
2335 2404 2414 2450 quis

1331 2461 1397 2495 pso
1430 2460 1468 2484 se
1502 2448 1727 2484 fideiubendo
1763 2448 1948 2494 obligetur.
2004 2448 2099 2494 quod
2133 2449 2165 2484 si
2197 2449 2257 2485 hic
2291 2459 2413 2485 servus

1331 2493 1570 2530 manumissus
1609 2493 1812 2529 fideiussori
1848 2504 1912 2529 suo
1949 2493 2052 2529 heres
2092 2493 2240 2538 existat,
2285 2493 2413 2530 durare

1332 2550 1477 2575 causam
1506 2539 1744 2574 fideiussionis
1776 2539 1918 2584 putavit
1945 2542 1981 2574 et
2010 2542 2129 2575 tamen
2157 2539 2267 2575 nihilo
2297 2539 2412 2574 minus

1331 2585 1530 2620 naturalem
1555 2583 1804 2629 obligationem
1841 2593 2063 2627 mansuram,
2095 2587 2146 2627 ut,
2180 2584 2211 2619 si
2245 2584 2412 2630 obligatio

1332 2629 1443 2665 civilis
1464 2634 1607 2675 pereat,
1639 2629 1794 2665 solutum
1818 2633 1979 2675 repetere
2002 2639 2075 2664 non
2124 2629 2222 2665 ossit.
2268 2639 2335 2665 nec
2358 2629 2412 2664 his

1331 2674 1550 2711 contrarium
1581 2684 1677 2716 esse,
1710 2674 1823 2719 quod,
1857 2685 1937 2709 cum
1969 2684 2051 2710 reus
2110 2673 2282 2710 deiussori
2310 2674 2412 2710 heres

1331 2720 1473 2762 existat,
1494 2719 1719 2755 fideiussoria
1731 2719 1899 2763 obligatio
1910 2719 2068 2761 tollatur,
2089 2720 2173 2764 quia
2182 2723 2269 2755 tunc
2281 2719 2412 2765 duplex

1330 2765 1499 2811 obligatio
1525 2765 1636 2800 civilis
1668 2775 1749 2800 cum
1772 2764 1895 2800 eodem
1926 2774 2005 2800 esse
2036 2775 2108 2800 non
2138 2768 2269 2810 potest.
2315 2769 2411 2800 retro

1330 2809 2083 2899 3:¹33?53333222322225333533322
2102 2809 2410 2899 liaffi'ffl‘

2077 2881 2087 2896 D

1329 2901 1493 2936 turaliter
1520 2904 1684 2935 teneatur
1713 2910 1779 2935 nec
1809 2911 1875 2945 pro
1900 2910 1939 2935 se
1963 2899 2041 2946 quis
2069 2898 2263 2935 fideiubere
2285 2900 2408 2945 possit.

1330 2949 1349 2981 3
1398 2945 1502 2990 Quod
1525 2945 1555 2981 si
1579 2944 1768 2990 stipulator
1790 2955 1890 2980 reum
1913 2944 2079 2981 heredem
2099 2944 2310 2987 instituerit,
2335 2955 2408 2980 om-

1329 2990 1472 3026 nimodo
1496 2989 1714 3026 fideiussoris
1737 2990 1989 3035 obligationem
2010 2990 2174 3041 peremit,
2203 2989 2276 3041 siye
2299 2989 2409 3026 civilis

1330 3036 1403 3072 sive
1425 3039 1565 3071 tantum
1588 3034 1760 3070 naturalis
1784 3034 1822 3070 in
1844 3045 1944 3071 reum
1966 3034 2110 3077 fuisset,
2141 3045 2308 3080 quoniam
2332 3034 2408 3080 qui-

1330 3081 1409 3116 dem
1440 3091 1542 3116 nemo
1571 3083 1692 3125 potest
1722 3080 1818 3125 apud
1847 3079 1998 3115 eundem
2026 3090 2093 3125 pro
2123 3079 2201 3124 ipso
2232 3079 2408 3125 obligatus

1330 3136 1420 3162 esse.
1468 3124 1564 3177 quod
1587 3124 1617 3160 si
1641 3124 1734 3160 idem
1765 3125 1957 3171 stipulator
1977 3123 2221 3160 fideiussorem
2244 3123 2408 3160 heredem

1330 3171 1531 3217 scripserit,
1562 3170 1690 3215 procul
1713 3170 1821 3206 dubio
1845 3170 1959 3206 solam
1979 3169 2198 3205 fideiussoris
2223 3169 2406 3214 obligatio-

1329 3226 1410 3252 nem
1432 3214 1581 3261 peremit
1590 3215 1615 3249 ⁹.
1663 3219 1910 3260 argumentum
1931 3214 2000 3256 rei,
2032 3214 2143 3260 quod,
2175 3214 2206 3250 si
2254 3214 2407 3250 ossessio

1329 3271 1447 3296 rerum
1479 3259 1648 3296 debitoris
1681 3259 1767 3296 data
1796 3260 1844 3296 sit
1874 3258 2056 3302 creditori,
2085 3269 2199 3305 aeque
2247 3259 2407 3295 ‘cendum

1331 3309 1350 3341 4
1398 3310 1452 3340 est
1474 3304 1720 3340 fideiussorem
1741 3314 1886 3341 manere
1909 3304 2114 3350 obligatum.
2160 3304 2248 3340 Cum
2270 3309 2307 3340 et
2318 3305 2345 3326 ¹⁰
2366 3308 2407 3339 tu

1329 3354 1366 3386 et
1389 3349 1503 3386 Titius
1529 3349 1684 3386 eiusdem
1709 3350 1881 3395 pecuniae
1903 3349 1956 3385 rei
1977 3349 2115 3391 essetis,
2141 3359 2232 3391 eum,
2257 3349 2318 3395 qui
2365 3359 2406 3384 ro

1328 3399 1365 3431 te
1387 3394 1578 3436 fideiussit,
1603 3405 1710 3440 posse
1732 3398 1770 3431 et
1791 3405 1856 3440 pro
1879 3394 1974 3430 Titio
1997 3393 2191 3430 fideiubere
2212 3403 2342 3446 respon
2370 3394 2405 3436 ἐ,

1329 3439 1487 3486 quamvis
1512 3439 1659 3475 eandem
1689 3440 1875 3485 pecuniam
1899 3439 2012 3474 eidem
2036 3439 2220 3475 debiturus
2244 3443 2308 3475 sit:
2340 3449 2405 3474 nec

1329 3490 1448 3522 tamen
1486 3484 1628 3520 inanem
1669 3486 1786 3521 eam¹¹
1821 3483 1986 3520 creditori
2021 3484 2192 3520 futuram:
2227 3484 2405 3520 nonnullis

1327 3599 1373 3640 (9)
1397 3598 1479 3631 talia
1491 3598 1639 3632 videntur
1655 3598 1855 3632 desiderari:
1878 3597 1967 3639 quod
1979 3598 2008 3630 si
2020 3608 2095 3631 reus
2106 3596 2335 3640 stipulatorem
2347 3598 2402 3631 he·

1326 3642 1437 3677 rodem
1454 3642 1612 3685 instituit,
1633 3643 1713 3676 item
1731 3642 1902 3676 fideiussor
1920 3642 2099 3677 liberatur:
2123 3642 2216 3676 aliud
2228 3642 2402 3676 dicendum

1327 3689 1386 3729 eat,
1395 3687 1425 3738 si
1435 3687 1614 3730 stipulator
1625 3688 1711 3721 bona
1724 3688 1771 3720 rei
1784 3687 1864 3720 emit
1920 3689 1983 3730 (io)
2007 3689 2041 3721 et
2052 3689 2112 3722 del.
2129 3687 2184 3720 F’
2245 3689 2300 3729 (ιι)
2323 3687 2400 3720 flde-

180 3733 248 3773 peti
261 3743 327 3765 non
339 3732 442 3775 pos-it
453 3743 527 3765 cum
541 3732 621 3775 ipse]
642 3735 681 3764 ut
698 3732 726 3763 is
741 3742 802 3773 pro
814 3742 880 3772 quo
892 3731 1094 3765 fideiuucrat
1108 3733 1258 3777 Krueqer
1327 3732 1502 3765 iun-ionem
1517 3733 1576 3765 ins.
