2528 3918
178 97 298 140 VIIII
331 100 355 139 3

175 222 194 255 2
244 217 446 254 commeari.
493 215 600 252 Parvi
631 218 753 252 autem
782 217 956 253 interesse
987 215 1111 258 debet,
1151 218 1271 249 utrum

174 263 339 310 publicus
363 262 465 298 locus
497 260 546 297 sit
575 271 623 296 an
653 271 738 298 vero
769 261 949 308 privatus,
983 258 1174 296 dummodo
1189 269 1272 311 ‚per

175 319 256 344 eum
279 307 337 343 vul
362 317 382 343 o
406 306 474 342 iter
496 305 580 349 fiat,
605 307 690 351 quia
711 306 781 343 iter
802 305 1017 343 facientibus
1041 304 1269 350 prospicitur,

175 364 248 389 non
269 352 342 398 pub
360 352 423 387 'cis
445 351 511 387 viis
534 351 719 388 studetur:
744 362 884 397 semper
907 352 999 387 enim
1024 360 1068 385 ea
1090 350 1182 391 loca,
1205 359 1271 394 per

174 408 268 479 {2ss⁹
289 397 480 476 vulgetiter
498 395 590 449 solet
588 395 697 477 afleri,
723 396 871 477 eaindffi
890 393 1271 475 securiffitgmvigebegit

248 452 315 478 ere.
353 451 565 477 ceerumsi
660 452 781 478 uano
913 452 991 477 sin
1197 450 1270 474 nn

175 487 401 524 commeabat
423 490 460 522 et
481 491 569 522 tunc
593 452 769 523 dei9'ectum
794 487 854 532 qui
894 488 903 507 ¹
927 486 982 521 vel
999 484 1164 526 effusum,
1189 493 1270 520 cum

175 532 295 568 adhuc
319 535 459 568 secreta
490 531 574 568 loca
604 535 743 575 essent,
775 531 880 567 modo
915 530 1034 575 coepit
1065 528 1269 570 commeari,

175 580 195 614 3
242 587 315 613 non
339 577 446 612 debet
467 576 537 613 hoc
560 576 676 613 edicto
700 577 825 612 teneri.
874 575 988 620 Quod,
1014 585 1097 610 cum
1119 584 1269 619 suspen-

175 622 339 665 deretur,
364 621 514 665 decidit,
538 622 650 668 magis
675 622 851 658 deiectum
874 620 1003 662 videri,
1029 621 1092 655 sed
1115 622 1153 654 et
1174 618 1271 664 quod

174 677 388 720 suspensum
432 666 582 710 decidit,
649 678 690 703 ro
726 667 862 702 deiecto
897 664 1024 700 haberi
1055 664 1168 716 magis
1204 666 1269 699 est.

199 712 324 748 romde
344 715 381 748 et
397 712 430 748 si
448 712 534 758 quid
553 723 624 757 pen
651 722 712 748 ens
736 712 887 747 effusum
906 710 963 752 sit,
985 719 1145 755 quamvis
1166 718 1270 744 nemo

173 723 245 794 {oc
269 756 444 800 effuderit,
469 757 625 793 edictum
647 761 768 792 tamen
787 757 906 791 locum
925 754 1059 790 habere
1079 753 1270 790 dicendum

173 805 197 838 4
243 806 298 838 est
306 802 334 838 ².
380 802 482 838 Haec
512 803 550 837 in
580 802 718 837 factum
750 801 844 836 actio
875 801 914 835 in
944 810 1024 835 eum
1049 799 1174 842 datur,
1210 799 1271 844 qui

174 847 371 890 inhabitat,
396 858 478 883 cum
501 847 588 899 quid
611 847 811 883 deiceretur
833 845 889 881 vel
914 844 1174 887 effunderetur,
1197 855 1271 879 non

174 893 213 928 in
235 892 419 928 dominum
442 892 601 928 aedium:
628 892 736 937 culpa
759 891 852 926 enim
870 900 985 943 penes
1004 899 1086 925 eum
1106 893 1171 925 est.
1203 899 1270 924 nec

175 937 331 974 adicitur
354 937 482 983 culpae
504 937 636 973 mentio
659 936 714 972 vel
736 935 971 978 infitiationis‚
995 938 1038 970 ut
1059 934 1098 970 in
1121 934 1270 980 duplum

175 982 280 1019 detur
303 983 411 1026 actio,
459 982 595 1018 uamvis
620 981 739 1017 damni
761 981 913 1016 iniuriae
930 984 1123 1025 utrumque
1142 980 1268 1025 exiget.

175 1031 196 1064 5
244 1027 316 1064 Sed
339 1038 421 1063 cum
470 1038 550 1063 omo
573 1027 663 1062 liber
711 1026 801 1069 eriit,
827 1025 949 1061 damni
971 1024 1172 1060 aestimatio
1197 1034 1269 1060 non

174 1072 217 1108 fit
245 1073 285 1109 in
315 1072 482 1118 duplum,
517 1072 601 1118 quia
623 1072 660 1107 in
709 1071 827 1107 omine
849 1071 962 1106 libero
986 1070 1086 1106 nulla
1109 1069 1270 1115 corporis

175 1118 378 1154 aestimatio
410 1117 488 1153 fieri
545 1120 658 1161 otest,
694 1116 758 1152 sed
789 1115 1049 1162 quinquaginta
1079 1125 1270 1150 aureorum

176 1166 198 1199 6
245 1163 494 1199 condemnatio
533 1167 558 1197 t.
594 1161 695 1197 Haec
719 1164 840 1197 autem
861 1161 971 1196 verba
995 1161 1037 1196 ‘si
1059 1160 1153 1196 vivet
1168 1159 1268 1195 noci-

176 1211 336 1254 ‘tumque
376 1208 409 1243 ei
440 1218 517 1243 esse
548 1207 697 1242 dicetur'
728 1218 802 1242 non
833 1206 1014 1252 pertinent
1045 1205 1094 1241 ad
1125 1205 1268 1247 damna,

176 1263 269 1300 quae
290 1254 329 1288 in
351 1264 427 1288 rem
449 1252 600 1287 hominis
622 1251 726 1287 liberi
748 1251 848 1287 facta
870 1255 966 1294 sunt,
990 1251 1022 1287 si
1044 1250 1140 1286 forte
1162 1250 1269 1286 vesti-

176 1302 297 1334 menta
328 1298 403 1333 eius
434 1298 490 1333 vel
521 1297 606 1343 quid
629 1297 728 1332 aliud
751 1296 903 1332 scissum
927 1299 1179 1342 corruptumve
1203 1298 1269 1338 est,

178 1346 197 1378 '1
246 1343 310 1379 sed
334 1343 407 1378 ad³
431 1353 483 1385 ea,
509 1353 601 1388 quae
623 1342 661 1376 in
686 1352 817 1387 corpus
842 1342 918 1377 eius
942 1341 1190 1377 admittuntur.
1232 1339 1271 1376 Si

175 1388 270 1424 filius
300 1387 455 1423 familias
489 1387 700 1423 cenaculum
732 1387 949 1423 conductum
978 1386 1106 1422 habuit
1128 1389 1165 1421 et
1186 1384 1271 1421 inde

176 1433 350 1469 deiectum
373 1433 429 1468 vel
452 1432 604 1468 effusum
628 1432 714 1478 quid
737 1432 804 1475 sit,
837 1432 882 1467 de
904 1431 1046 1478 peculio
1068 1431 1108 1467 in
1129 1433 1271 1477 patrem

175 1489 249 1514 non
273 1478 396 1521 datur,
428 1478 512 1530 quia
543 1488 617 1513 non
648 1488 693 1513 ex
724 1480 915 1513 contractu
936 1478 1052 1513 venit:
1083 1476 1123 1512 in
1152 1476 1271 1522 ipsum

176 1525 197 1559 8
243 1523 365 1568 itaque
394 1522 507 1558 filium
537 1523 628 1558 haec
663 1522 758 1558 actio
791 1522 974 1575 competit.
1024 1521 1113 1557 Cum
1146 1531 1270 1557 servus

175 1568 359 1604 habitator
382 1571 456 1611 est,
487 1570 608 1603 utrum
639 1567 779 1604 noxalis
809 1571 905 1603 actio
938 1567 1058 1603 danda
1089 1567 1154 1609 sit,
1187 1566 1272 1612 quia

176 1624 249 1649 non
274 1617 329 1649 est
352 1613 420 1649 ex⁴
444 1613 586 1658 negotio
634 1613 737 1649 esto?
772 1623 820 1648 an
844 1612 889 1648 de
912 1612 1065 1658 peculio,
1090 1612 1175 1658 quia
1197 1622 1271 1647 non

176 1669 220 1694 ex
244 1658 371 1694 delicto
396 1658 489 1693 servi
512 1623 633 1694 venitg
668 1668 785 1711 neque
818 1658 919 1710 enim.
943 1661 1043 1694 recte
1065 1657 1158 1693 servi
1182 1656 1270 1692 dici-

175 1707 235 1739 tur
258 1713 372 1746 noxa,
405 1714 486 1739 cum
509 1713 632 1739 servus
663 1703 752 1739 nihil
775 1705 949 1739 nocuerit.
986 1702 1050 1739 sed
1082 1712 1147 1748 ego
1181 1705 1270 1748 puto

174 1748 662 1830 {impfflssmoiiiiffiiissss
676 1751 959 1839 Πὲἒηὲἒθῖἷὲῧῖἓ
991 1747 1190 1828 Ἑξωῖξιξῗ
1206 1757 1270 1827 ἕξ·

174 1843 247 1874 tem
277 1838 426 1874 dicimus
449 1839 505 1874 vel
526 1839 566 1874 in
588 1849 654 1874 suo
677 1838 733 1875 vel
755 1838 794 1874 in
817 1838 997 1874 conducto
1021 1838 1078 1874 vel
1101 1837 1269 1883 gratuito.

175 1884 306 1929 hospes
340 1884 448 1936 plane
478 1894 552 1920 non
587 1883 786 1927 tenebitur,
819 1884 904 1929 quia
934 1894 1007 1919 non
1037 1883 1089 1918 ibi
1118 1883 1270 1925 habitat,

175 1928 240 1965 sed
261 1932 438 1974 tantisper
454 1929 668 1975 hospitatur,
688 1929 753 1965 sed
770 1929 802 1965 is
819 1932 974 1971 tenetur,
999 1929 1059 1974 qui
1077 1928 1272 1973 hospitium

176 1973 329 2010 dederit:
362 1975 513 2010 multum
545 1978 666 2010 autem
695 1974 871 2010 interest⁶
900 1974 995 2009 inter
1029 1974 1271 2009 habitatorem

176 2023 214 2055 et
235 2019 429 2064 hospitem,
461 2023 633 2065 quantum
662 2019 812 2055 interest
841 2019 935 2055 inter
967 2018 1183 2055 domicilium
1205 2019 1269 2053 ha-

180 2067 221 2099 10
267 2064 410 2100 bentem
442 2068 479 2100 et
511 2065 806 2111 peregrinantem.
856 2064 894 2099 Si
924 2064 1046 2110 plures
1078 2063 1117 2099 in
1148 2063 1271 2099 eodem

176 2109 347 2145 cenaculo
370 2110 551 2153 habitent,
582 2109 679 2145 unde
710 2110 914 2146 deiectum⁶
937 2113 1012 2152 est,
1043 2109 1082 2145 in
1112 2108 1270 2155 quemvis

176 2154 266 2190 haec
289 2155 384 2191 actio
409 2155 564 2199 dabitur,

223 2197 248 2236 2
276 2199 399 2236 GAJUs
418 2200 509 2237 libro
531 2203 638 2236 sexto
661 2200 712 2236 ad
733 2199 889 2236 edictum
905 2198 1138 2246 provinciale
1184 2209 1266 2234 cum

176 2255 264 2326 ‹shane
286 2245 507 2290 impossibile
531 2249 587 2281 est
617 2245 730 2288 scire,
763 2245 844 2291 quis
877 2244 1066 2281 deiecisset
1094 2243 1151 2280 vel
1181 2243 1269 2280 effu·

214 2294 298 2329 sset,

223 2333 247 2372 3
280 2335 475 2372 ULPIANUS
495 2335 586 2372 libro
609 2335 803 2372 vicensimo
827 2335 934 2371 tertio
958 2334 1009 2371 ad
1031 2335 1187 2371 edictum
1234 2338 1271 2370 et

177 2380 318 2426 quidem
347 2381 386 2416 in
415 2380 586 2416 solidum:
626 2380 690 2416 sed
719 2380 751 2416 si
781 2385 864 2416 cum
893 2390 966 2416 uno
996 2379 1106 2416 fuerit
1136 2382 1269 2422 acm,

178 2426 288 2461 ceteri
309 2425 559 2462 liberabuntur

223 2469 249 2507 4
273 2470 330 2506 ΡΛ
338 2480 434 2507 mos
453 2470 544 2507 libro
567 2481 664 2507 nono
687 2470 825 2507 decimo
849 2470 900 2506 ad
921 2470 1076 2506 edictum
1121 2479 1269 2516 percep-

178 2514 285 2558 tione,
305 2526 379 2551 non
389 2515 462 2551 litis
476 2515 748 2559 contestatione,
767 2515 988 2568 praestaturi
998 2518 1138 2561 partem
1150 2515 1271 2551 damni

179 2560 361 2596 societatis
383 2560 515 2597 iudicio
539 2561 595 2597 vel
616 2561 697 2596 utili
719 2564 863 2597 actione
885 2561 919 2597 ei
941 2561 1003 2607 qui
1026 2560 1142 2596 solvit.

226 2604 250 2642 5
282 2604 478 2641 ULPJANUS
497 2606 588 2642 libro
611 2606 803 2643 vicensimo
829 2607 933 2641 tertio
956 2605 1008 2641 ad
1029 2605 1184 2642 edictum
1231 2604 1270 2640 Si

179 2659 262 2685 vero
285 2650 404 2695 plures
429 2650 539 2687 diviso
562 2651 656 2686 inter
685 2661 726 2687 se
756 2650 928 2687 cenaculo
958 2650 1140 2693 habitent,
1174 2651 1270 2686 actio

180 2694 219 2729 in
243 2705 323 2729 eum
352 2695 469 2730 solum
500 2695 625 2739 datur,
680 2696 719 2731 ui
748 2695 976 2732 inhabitabat
1008 2706 1088 2731 eam
1118 2699 1269 2741 partem,

183 2741 199 2774 1
249 2739 360 2792 ¹¹qu.
374 2739 525 2776 effusum
555 2745 619 2777 est.
657 2707 707 2777 (ὲί
729 2741 809 2787 quis
831 2741 1007 2786 gratifitas
1030 2740 1270 2776 habitationes

182 2783 319 2819 dederit
337 2784 474 2820 libertis
493 2788 531 2820 et
547 2786 735 2822 clientibus
753 2786 808 2822 vel
828 2785 903 2822 suis
922 2786 978 2822 vel
997 2786 1130 2828 uxoris,
1154 2786 1270 2831 ipsum

182 2838 304 2865 eorum
327 2829 468 2865 nomine
490 2831 602 2866 teneri
626 2831 816 2867 Trebatius
840 2831 909 2867 ait:
941 2830 1037 2883 quod
1057 2841 1182 2867 verum
1205 2835 1269 2867 est.

181 2874 275 2909 idem
307 2873 374 2909 erit
405 2874 592 2910 dicendum
625 2881 660 2911 et
689 2877 720 2912 si
750 2876 830 2921 quis
863 2875 988 2912 amicis
1019 2876 1094 2912 suis
1129 2876 1271 2912 modica

181 2918 375 2964 hospitiola
405 2919 633 2955 distribuerit.
670 2932 754 2956 nam
785 2924 822 2957 et
851 2921 882 2957 si
906 2921 985 2966 quis
1008 2921 1272 2957 cenaculariam

183 2973 354 3000 exercens
395 2963 472 3016 ipse
506 2965 696 3000 maximam
730 2970 869 3019 partem
905 2965 1068 3002 cenaculi
1102 2966 1237 3002 habeat
1245 2967 1271 3009 ⁷,

182 3009 282 3045 solus
299 3008 522 3045 tenebitur⁸z
546 3010 609 3045 sed
633 3011 663 3045 si
686 3022 764 3056 quis
789 3011 1055 3048 cenaculariam
1078 3012 1273 3047 exercens⁹

183 3053 363 3090 modicum
396 3053 465 3089 sibi
497 3054 691 3100 hospitium
722 3056 928 3100 retinuerit,
959 3056 1143 3092 residuum
1172 3056 1271 3092 loca-

183 3099 273 3135 verit
318 3098 476 3151 luribus,
501 3109 622 3134 omnes
646 3101 862 3137 tenebuntur
908 3101 988 3137 uasi
1010 3101 1049 3137 in
1070 3101 1141 3137 hoc
1166 3110 1271 3137 cena-

184 3146 205 3180 2
252 3154 272 3180 c
311 3143 561 3186 chabitantes,
574 3143 667 3180 unde
679 3145 855 3182 deiectum
936 3150 1131 3182 sumveest.
1156 3146 1272 3182 Inter-

185 3188 271 3224 dum
291 3192 431 3231 tamen,
456 3188 552 3234 quod
575 3189 652 3224 sine
675 3191 841 3235 captione
864 3191 998 3227 actoris
1020 3190 1103 3231 fiat.
1129 3195 1270 3233 oporte-

184 3233 238 3270 bit
259 3238 462 3280 praetorem
486 3232 665 3279 aequitate
688 3239 822 3271 motum
852 3236 890 3271 in
921 3247 1002 3272 eum
1032 3245 1152 3282 potius
1185 3243 1272 3272 aare
1303 3242 1308 3272 Ι

186 3347 226 3389 (1)
251 3349 303 3380 est
314 3348 374 3380 ins.
444 3349 488 3388 (2)
513 3346 641 3379 dietum
654 3348 716 3380 ins.
727 3348 761 3379 F
825 3350 867 3390 (3)
892 3351 934 3381 ad
948 3362 1006 3383 om.
1020 3350 1056 3383 17

186 3393 230 3434 (5)
254 3391 397 3425 multum
409 3395 522 3425 autem
531 3391 685 3432 interest]
699 3392 841 3425 interest
852 3397 964 3426 autem
976 3407 1038 3428 scr.
1143 3394 1188 3435 (8)
1213 3393 1271 3427 ad-

186 3437 311 3470 iectum
323 3437 358 3470 F
466 3438 511 3480 (τ)
534 3435 680 3469 habebat
691 3437 726 3468 F
835 3439 879 3478 (8)
905 3439 962 3471 sed
974 3442 1009 3472 et
1020 3440 1050 3472 si
1062 3438 1273 3482 hospitaculi

186 3482 310 3515 habeat
328 3481 419 3515 solus
432 3481 604 3515 tenebitur
615 3481 673 3514 sed
685 3481 803 3523 siquis
820 3483 993 3516 cenaeulia
1013 3484 1087 3527 ipse
1107 3483 1199 3516 solus
1218 3494 1272 3516 ae·

187 3537 251 3569 qne
264 3526 437 3560 tenebitur
449 3528 509 3561 im.
523 3527 558 3560 F
622 3529 666 3566 (ο)
691 3527 768 3569 quis
781 3528 1026 3561 cenaculariam
1038 3539 1195 3562 exercens
1208 3529 1271 3563 del.

188 3574 248 3613 (10)
272 3572 448 3606 maeniano
459 3574 512 3606 vir
523 3573 635 3606 doctus
646 3572 739 3615 apud
749 3572 948 3606 Dirksenum
959 3586 985 3607 s.
998 3586 1026 3607 v.
1117 3577 1172 3615 (11)
1196 3584 1274 3607 cum

187 3622 299 3650 antem
309 3617 397 3661 legis
409 3616 567 3659 Aquiliae
579 3616 711 3651 actione
723 3620 863 3660 propter
872 3617 937 3651 hoo
950 3618 1026 3660 quis
1036 3621 1181 3660 tenetur,
1204 3629 1272 3652 me-

189 3662 255 3694 rito
269 3662 312 3703 ei,
326 3663 385 3705 qni
398 3661 441 3695 ob
454 3662 517 3703 hoc
530 3661 772 3695 condemnatus
784 3664 835 3694 est
845 3674 909 3695 scr.
1044 3666 1103 3706 (12)
1128 3664 1165 3696 in
1177 3664 1272 3697 here·

188 3706 261 3739 dem
274 3707 304 3739 d.
317 3718 349 3741 n.
365 3707 479 3740 hei-edi
494 3706 728 3750 similibusque
741 3719 800 3740 om.
810 3706 848 3749 F,
862 3717 970 3749 neque
983 3707 1018 3739 in
1039 3707 1193 3741 hei-edem
1215 3708 1272 3741 sed

1130 3351 1173 3390 (4)
1198 3351 1233 3382 et
1244 3349 1279 3382 F

1271 88 1352 138 132

1841 106 1903 138 DE:
1931 107 2005 139 ms
2034 107 2113 146 QUI
2140 107 2428 141 EFFUDERmT

1340 216 1527 259 actionem,
1552 225 1597 251 ex
1621 214 1721 251 cuius
1748 215 1911 252 cubiculo
1936 217 1990 252 vel
2015 217 2146 252 exedra
2169 218 2344 254 deiectum
2361 222 2430 262 est,

1337 260 1424 297 licet
1444 260 1566 306 plures
1589 260 1627 296 in
1651 260 1774 296 eodem
1798 262 1969 298 cenaculo
1994 262 2175 298 habitent:
2210 262 2307 308 quod
2330 263 2361 299 si
2384 274 2430 299 ex

1337 304 1502 341 mediano
1516 306 1545 327 ¹⁰
1565 305 1728 341 cenaculi
1741 305 1826 351 quid
1839 307 2014 342 deiectum
2026 307 2083 350 sit,
2101 308 2219 343 verius
2240 311 2295 343 est
2305 319 2428 344 omnes

1338 353 1358 384 3
1404 350 1531 386 teneri.
1578 349 1618 386 Si
1647 349 1853 387 horrearius
1884 352 2018 397 aliquid
2049 352 2218 388 deiecerit
2249 352 2304 388 vel
2339 352 2428 389 effu·

1338 395 1430 431 derit
1452 398 1516 431 aut
1539 394 1738 431 conductor
1760 397 1957 441 apothecae
1989 397 2043 432 vel
2075 397 2136 442 qui
2165 397 2204 432 in
2233 397 2304 433 hoc
2327 398 2428 433 dum-

1337 443 1440 475 taxat
1465 440 1684 476 conductum
1706 441 1825 476 locum
1847 442 2024 485 habebat,
2056 447 2098 477 ut
2127 442 2178 478 ibi
2201 453 2292 495 opus
2316 442 2430 478 faciat

1338 485 1392 520 vel
1415 485 1556 528 doceat,
1580 485 1619 521 in
1640 484 1778 521 factum
1801 487 1935 522 actioni
1958 487 2059 523 locus
2084 490 2159 530 est,
2185 487 2323 523 etiamsi
2350 488 2428 533 quis

1339 531 1563 576 operantium
1593 530 1760 566 deiecerit
1788 531 1844 567 vel
1868 532 2032 568 effuderit
2053 532 2110 568 vel
2132 532 2164 568 si
2187 532 2266 578 quis
2290 532 2428 568 discen-

1338 578 1359 610 4
1404 575 1505 611 tium.
1553 574 1643 611 Cum
1673 579 1793 611 autem
1824 576 1910 621 legis
1933 577 2097 622 Aquiliae
2120 578 2262 613 actione
2284 581 2429 623 propter

1337 620 1407 656 hoc
1431 620 1510 666 quis
1536 620 1792 657 condemnatus
1818 626 1891 664 est,
1915 622 2041 658 merito
2067 622 2119 665 ei,
2176 622 2214 657 ui
2237 622 2283 658 ob
2306 623 2376 659 hoc
2390 624 2430 666 ¹¹,

1362 665 1435 702 uod
1464 666 1597 711 hospes
1627 665 1684 701 vel
1715 666 1793 711 quis
1825 666 1916 702 alius
1951 667 1994 702 de
2019 677 2129 703 cenac
2168 678 2190 703 ο
2214 667 2362 711 deiecit,
2393 667 2430 703 in

1354 714 1475 747 actum
1496 710 1651 746 dandam
1671 721 1749 746 esse
1760 711 1884 748 Labeo
1906 711 1992 747 dicit
2012 712 2181 747 adversus
2204 711 2429 755 deiectorem,

1338 755 1435 801 quod
1457 766 1580 791 verum
1604 759 1669 791 est.
1705 756 1814 801 plane
1837 756 1867 792 si
1890 756 2071 793 locaverat
2102 757 2290 800 deiectori,
2324 757 2431 793 etiam

1338 804 1358 836 5
1405 811 1451 836 ex
1473 801 1593 837 locato
1627 800 1774 837 habebit
1805 802 1992 837 actionem.
2040 801 2140 838 Haec
2171 805 2292 837 autem
2324 803 2431 845 actio,

1339 856 1432 891 quae
1455 845 1627 891 competit
1649 845 1694 881 de
1717 845 1839 882 effusis
1863 850 1900 882 et
1924 846 2088 890 deiectis,
2121 858 2145 892 p

1337 890 1460 926 heredi
1483 890 1672 937 competit,
1702 891 1741 927 in
1768 891 1934 927 heredem
1956 902 2040 928 vero
2072 902 2146 928 non
2202 896 2295 928 atur.
2339 903 2430 938 quae

1338 940 1460 972 autem
1491 935 1535 972 de
1567 946 1609 972 eo
1644 937 1833 981 competit,
1865 936 1962 983 quod
1991 936 2083 973 liber
2113 937 2249 983 perisse
2279 937 2430 980 dicetur,

1337 981 1433 1016 intra
1456 991 1590 1017 annum
1612 981 1802 1016 dumtaxat
1832 982 2020 1027 competit,
2052 992 2168 1028 neque
2199 982 2238 1017 in
2266 982 2430 1019 heredem

1338 1026 1446 1062 datur
1468 1037 1585 1072 neque
1606 1026 1731 1062 heredi
1754 1026 1997 1072 similibusque
2018 1027 2180 1074 personis
2194 1028 2239 1063 ¹²:
2272 1038 2355 1063 nam
2379 1031 2431 1063 est

1337 1072 1500 1152 poenalis
1524 1075 1561 1107 et
1583 1072 1786 1117 popularis:
1812 1072 2003 1108 dummodo
2027 1072 2182 1108 sciamus
2206 1082 2251 1108 ex
2294 1072 2430 1108 Iuribus

1364 1117 1624 1152 esiderantibus
1646 1117 1740 1152 hanc
1765 1117 1943 1153 actionem
1966 1117 1999 1152 ei
2046 1117 2243 1153 otissimum
2314 1118 2345 1153 ri
2369 1117 2430 1153 de-

1338 1162 1423 1197 bere
1455 1162 1557 1198 cuius
1590 1163 1739 1197 interest
1771 1162 1828 1198 vel
1862 1163 1924 1208 qui
1958 1162 2004 1198 ad
2068 1166 2143 1198 tate
2175 1163 2430 1208 cognationeve

1339 1207 1548 1243 defunctum
1572 1207 1765 1252 contingat.
1802 1207 1866 1243 sed
1889 1208 1921 1243 si
1943 1207 2056 1244 libero
2080 1208 2240 1244 nocitum
2264 1208 2329 1251 sit,
2362 1208 2431 1253 ipsi

1338 1256 1519 1333 ἓξῗὶἓέἶ
1537 1252 1758 1333 ἰῗὲῑέαῗέο
1767 1252 1884 1333 siff
1898 1253 2431 1334 ffiiffiisstiffisseffl’eifflss

1649 1324 1658 1340 9

1339 1343 1529 1388 competit,
1561 1342 1622 1388 qui
1647 1352 1693 1388 pe
1724 1342 1822 1388 quod
1850 1343 1889 1378 in
1913 1353 2064 1388 corpore
2086 1343 2198 1379 libero
2224 1342 2345 1379 damni
2368 1342 2431 1378 da-

1337 1392 1408 1431 tur,
1428 1388 1507 1424 iure
1527 1353 1742 1423 hereditario
1755 1388 1910 1423 transire
1921 1388 1969 1423 ad
1981 1398 2206 1424 successores
2224 1398 2297 1424 non
2316 1387 2431 1430 debet,

1338 1433 1442 1478 quasi
1464 1443 1537 1469 non
1560 1433 1608 1468 sit
1631 1432 1799 1468 damnum
1822 1433 2078 1478 pecuniarium,
2102 1443 2186 1469 nam
2210 1443 2254 1469 ex
2276 1434 2372 1469 bono
2398 1437 2432 1469 et

1339 1482 1359 1514 6
1407 1488 1519 1524 aequo
1534 1479 1562 1499 ¹³
1574 1478 1698 1513 oritur.
1722 1478 1875 1514 Praetor
1887 1478 1956 1514 ait:
1970 1478 2037 1514 ‘Ne
2049 1478 2432 1525 quisinsuggrunda¹⁴

1339 1526 1558 1570 ‘protectove
1580 1533 1691 1568 supra
1714 1533 1796 1559 eum
1814 1523 1945 1566 locum,
1994 1534 2040 1559 uo
2062 1524 2165 1568 vulgo
2184 1524 2253 1559 iter
2272 1523 2336 1559 fiet
2353 1524 2432 1559 inve

1339 1571 1423 1614 ‘quo
1447 1568 1675 1611 consistant,
1698 1568 1736 1603 id
1758 1568 1915 1613 positum
1938 1569 1986 1604 ha
2014 1572 2083 1611 eat,
2109 1568 2210 1604 cuius
2234 1579 2341 1604 casus
2364 1579 2430 1604 no-

1340 1616 1433 1694 :33oe
1456 1613 1675 1694 cuidpossit3
1696 1613 1758 1693 quii
1777 1613 2012 1694 affirsusdiea
2028 1613 2174 1694 fecegzss
2191 1614 2230 1649 in
2249 1624 2330 1666 eum
2349 1613 2432 1649 soli-

1376 1669 1478 1694 orum
1536 1669 1634 1694 ecem
1664 1669 1703 1693 1n
1751 1669 1794 1694 ac
1900 1670 1939 1694 iu
1978 1669 2072 1694 cium
2177 1669 2210 1695 o.
2247 1669 2278 1694 si
2310 1669 2432 1694 servus

1340 1704 1525 1740 ‘insciente
1548 1703 1691 1739 domino
1715 1702 1846 1739 fecisse
1880 1703 2037 1747 dicetur,
2074 1705 2175 1739 ¹⁵aut
2204 1714 2321 1739 noxae
2352 1703 2432 1739 dedi

1341 1752 1359 1783 7
1409 1748 1576 1784 ‘iubebo.’
1611 1748 1691 1784 Hoc
1715 1748 1869 1784 edictum
1893 1748 2086 1795 superioris
2110 1749 2226 1795 portio
2248 1752 2322 1784 est:
2347 1759 2433 1784 con-

1340 1804 1493 1840 sequens
1526 1793 1657 1829 etenim
1678 1793 1749 1828 fuit
1771 1797 1975 1839 praetorem
1999 1795 2107 1830 etiam
2129 1794 2167 1829 in
2190 1794 2287 1829 hunc
2311 1804 2434 1829 casum

1339 1839 1565 1885 prospicere,
1599 1842 1660 1882 ut,
1685 1839 1716 1874 si
1739 1839 1824 1884 quid
1846 1839 1885 1874 in
1906 1839 1962 1874 his
1986 1839 2150 1885 partibus
2174 1839 2316 1874 aedium
2339 1839 2433 1884 peri-

1341 1887 1361 1920 8
1410 1885 1533 1920 culose
1555 1884 1713 1929 positum
1738 1888 1851 1927 esset,
1884 1894 1959 1919 non
1981 1887 2138 1920 noceret.
2185 1884 2248 1919 Ait
2269 1888 2433 1930 praetor:

1341 1933 1398 1965 ‘ne
1421 1930 1501 1975 quis
1524 1930 1563 1965 in
1585 1929 1829 1974 suggrunda¹⁰
1852 1929 2085 1975 protect-ove!
2127 1929 2219 1965 haec
2242 1929 2352 1964 verba
2376 1932 2433 1965 ‘ne

1340 1975 1431 2021 quis'
1463 1974 1511 2010 ad
1541 1984 1664 2010 omnes
1696 1974 1876 2020 pertinent
1897 1974 1954 2010 vel
1975 1974 2168 2020 inquilinos
2190 1973 2247 2010 vel
2270 1973 2433 2010 dominos

1339 2019 1501 2063 aedium,
1533 2020 1608 2055 sive
1629 2019 1832 2055 inhabitent
1854 2019 1927 2055 sive
1950 2030 2042 2062 non,
2066 2019 2201 2055 habent
2223 2022 2344 2055 tamen
2368 2019 2433 2054 ali-

1339 2068 1360 2100 9
1408 2064 1495 2111 quid
1518 2065 1718 2111 expositum
1741 2064 1797 2100 his
1820 2065 1921 2100 locis.
1958 2064 2088 2110 ‘Supra
2108 2075 2189 2100 eum
2206 2064 2337 2107 locum,
2363 2074 2434 2109 qua

1340 2110 1454 2156 ‘vulgo
1478 2110 1546 2145 iter
1568 2109 1669 2145 fieret
1681 2110 1709 2131 ¹⁷
1731 2109 1812 2145 inve
1843 2120 1915 2155 quo
1947 2110 2183 2152 consistetur,
2215 2109 2254 2145 id
2277 2109 2432 2154 positum

1339 2156 1508 2191 ‘habeat'.
1544 2154 1708 2200 accipere
1731 2155 1900 2190 debemus
1930 2155 2087 2200 positum
2119 2154 2193 2190 sive
2223 2154 2262 2190 in
2292 2153 2433 2190 habita-

1338 2201 1445 2236 tionis
1468 2200 1524 2236 vel
1547 2199 1721 2242 cenaculi,
1745 2200 1819 2235 sive
1843 2200 1950 2235 etiam
1972 2200 2011 2235 in
2033 2199 2152 2235 horrei
2174 2199 2230 2235 vel
2253 2199 2356 2235 cuius
2379 2199 2432 2234 al-

1342 2249 1383 2281 10
1428 2245 1540 2281 terius
1559 2244 1713 2281 aedificii
1724 2245 1765 2280 ¹⁸.
1811 2244 1974 2280 Positum
1996 2245 2129 2280 habere
2152 2244 2259 2279 etiam
2281 2244 2312 2279 is
2335 2247 2435 2279 recte

1338 2290 1496 2333 videtur,
1520 2290 1582 2336 qui
1603 2290 1681 2335 ipse
1705 2289 1847 2335 quidem
1870 2300 1944 2325 non
1965 2289 2105 2334 posuit,
2137 2299 2259 2325 verum
2292 2289 2339 2324 ab
2363 2288 2434 2324 alio

1339 2336 1495 2381 positum
1518 2334 1673 2380 patiturz
1708 2344 1819 2387 quare
1842 2334 1874 2370 si
1906 2344 2028 2371 servus
2085 2334 2237 2377 osuerit,
2269 2333 2433 2369 dominus

1339 2384 1459 2416 autem
1507 2379 1638 2416 ositum
1659 2383 1838 2425 patiatur,
1862 2390 1935 2415 non
1958 2390 2005 2415 no
2100 2378 2232 2415 iudicio
2257 2379 2433 2421 dominus,

1342 2429 1379 2461 11
1428 2391 1504 2461 secf
1526 2435 1592 2461 suo
1628 2425 1771 2460 nomine
1803 2424 1994 2460 tenebitur.
2049 2424 2201 2460 Praetor
2231 2424 2284 2460 ait
2319 2424 2433 2459 ‘cuius

1339 2474 1458 2506 ‘casus
1482 2480 1613 2506 nocere
1661 2470 1781 2506 osset'.
1813 2480 1858 2506 ex
1876 2469 1933 2505 his
1954 2469 2070 2505 verbis
2089 2468 2341 2505 manifestatur
2359 2478 2434 2504 non

1339 2525 1444 2551 omne
1466 2481 1658 2561 quidquidp
1660 2514 1818 2561 positum
1841 2518 1906 2558 est,
1930 2514 1995 2550 sed
2012 2514 2184 2560 quidquid
2203 2514 2256 2550 sic
2275 2513 2432 2559 positum

1339 2564 1413 2604 est,
1443 2565 1486 2596 ut
1507 2570 1638 2596 nocere
1661 2560 1796 2605 possit,
1826 2559 1898 2595 hoc
1921 2560 2037 2595 solum
2059 2559 2265 2605 prospicere
2286 2562 2430 2604 praeto-

1338 2616 1432 2648 rem,
1463 2616 1509 2641 ne
1530 2605 1647 2650 possit
1668 2615 1818 2641 nocere:
1850 2614 1918 2640 nec
1950 2608 2153 2650 spectamus
2168 2604 2195 2626 ¹⁹
2218 2607 2261 2640 ut
2289 2607 2431 2646 noceat,

1338 2651 1402 2687 sed
1425 2651 1569 2686 omnino
1593 2649 1625 2685 si
1647 2660 1779 2686 nocere
1800 2649 1934 2695 possit,
1968 2649 2084 2686 edicto
2108 2649 2210 2685 locus
2233 2649 2282 2685 sit
2291 2649 2333 2684 ²⁰.
2371 2659 2431 2684 co·

1339 2699 1481 2732 ercetur
1510 2698 1651 2737 autem,
1683 2695 1746 2740 qui
1775 2694 1933 2741 positum
1961 2694 2107 2737 habuit,
2139 2694 2212 2730 sive
2241 2693 2366 2730 nocuit
2395 2692 2433 2728 id

1342 2744 1382 2776 12
1428 2740 1525 2787 quod
1546 2740 1702 2786 positum
1726 2743 1804 2775 erat
1826 2740 1900 2775 sive
1922 2750 1996 2775 non
2018 2739 2152 2774 nocuit.
2200 2737 2239 2774 Si
2268 2738 2305 2774 id
2337 2737 2434 2783 quod

1339 2786 1494 2832 positum
1520 2786 1636 2820 erat²¹
1661 2784 1834 2821 deciderit
1853 2788 1890 2821 et
1907 2784 2080 2827 nocuerit,
2104 2784 2142 2819 in
2163 2794 2244 2819 eum
2263 2783 2432 2828 competit

1340 2831 1433 2867 actio
1458 2830 1519 2876 qui
1541 2830 1672 2876 posuit,
1696 2840 1769 2866 non
1790 2830 1829 2865 in
1852 2839 1932 2865 euin
1956 2829 2016 2874 qui
2038 2829 2306 2871 habitaverit22,
2329 2827 2432 2873 quasi

1339 2877 1429 2912 haec
1452 2875 1547 2911 actio
1572 2885 1645 2911 non
1668 2874 1846 2917 sufficiat,
1878 2875 1963 2920 quia
1985 2874 2141 2919 positum
2163 2873 2334 2909 habuisse
2357 2883 2430 2908 non

1341 2921 1462 2966 utique
1484 2920 1624 2956 videtur
1647 2920 1709 2972 qui
1730 2919 1870 2965 posuit,
1902 2919 1971 2954 nisi
2001 2918 2056 2954 vel
2089 2918 2253 2954 dominus
2275 2917 2346 2954 fuit
2368 2927 2429 2953 ae-

1346 2966 1443 3002 dium
1471 2966 1529 3002 vel
1550 2964 1780 3000 inhabitator.
1817 2974 1900 2999 nam
1924 2968 1960 3000 et
1983 2975 2064 2999 cum
2086 2964 2204 3009 pictor
2225 2963 2264 2999 in
2285 2962 2433 3009 pergula

1341 3011 1386 3047 cli
1413 3021 1494 3047 eum
1515 3010 1575 3046 vel
1596 3009 1758 3045 tabulam
1851 3009 1978 3045 ositam
2010 3009 2196 3044 habuisset
2292 3017 2339 3043 ue
2368 3017 2430 3043 ex·

1341 3056 1373 3091 ci
1399 3056 1407 3064 “
1430 3058 1486 3092 set
1515 3059 1552 3091 et
1581 3054 1780 3090 transeunti
1837 3054 1933 3090 amni
1964 3053 2050 3099 quid
2081 3053 2255 3096 dedisset,
2315 3052 2431 3088 ervius

1339 3099 1525 3154 respondit
1555 3099 1603 3135 ad
1633 3099 1834 3145 exemplum
1856 3099 1962 3134 huius
1986 3098 2138 3135 actionis
2162 3098 2241 3134 dari
2263 3101 2430 3144 oportere

1340 3150 1536 3182 actionem:
1577 3145 1673 3180 hanc
1717 3144 1809 3180 enim
1842 3153 1916 3179 non
1951 3147 2152 3189 competere
2186 3143 2305 3188 palam
2340 3151 2430 3184 esse,

1341 3191 1425 3233 quia
1446 3200 1563 3231 neque
1592 3189 1631 3225 in
1662 3187 1866 3235 suggrunda
1897 3198 2014 3234 neque
2041 3188 2079 3223 in
2110 3191 2274 3233 protecto
2307 3186 2431 3223 tabula

1340 3241 1459 3272 tuerat
1481 3242 1610 3282 posita.
1644 3234 1739 3270 idem
1769 3233 1983 3270 servandum
2011 3232 2196 3279 respondit
2227 3236 2263 3268 et
2294 3232 2324 3268 si
2355 3242 2430 3267 am-

1340 3359 1402 3382 nec
1414 3348 1532 3381 heredi
1541 3347 1777 3389 similibusque
1789 3346 1943 3389 personis
1955 3346 2056 3379 datur
2069 3346 2098 3379 S
2225 3348 2282 3387 (13)
2308 3343 2429 3386 aequo]

1340 3404 1407 3436 quo
1419 3393 1454 3426 F
1563 3395 1622 3434 (14)
1648 3391 1863 3434 suggruenda
1874 3390 1911 3424 F
2018 3392 2077 3433 (15)
2104 3394 2163 3424 aut
2176 3390 2265 3423 idem
2279 3389 2352 3422 dari
2366 3390 2430 3422 ins.

1342 3440 1401 3478 (18)
1426 3438 1641 3480 suggruenda
1653 3438 1687 3470 F
1794 3439 1853 3477 (17)
1876 3435 1933 3468 flet
1944 3449 2006 3470 scr.
2118 3438 2177 3475 (18)
2202 3437 2355 3478 protecto
2367 3435 2430 3467 ins.

1341 3486 1400 3524 (19)
1425 3487 1656 3526 exspectamus
1667 3482 1839 3516 Ruckem
1908 3486 1971 3519 (2ο)
1997 3482 2057 3523 sit]
2069 3485 2120 3515 est
2131 3493 2193 3514 scr.
2275 3481 2333 3519 (2¹)
2359 3478 2430 3511 sive

1340 3539 1408 3562 non
1421 3529 1541 3561 nocuit
1553 3528 1582 3560 si
1595 3528 1630 3560 id
1643 3526 1733 3570 quod
1744 3526 1891 3568 positum
1904 3530 1975 3558 erat
1987 3526 2025 3569 S,
2039 3539 2097 3560 om.
2111 3527 2146 3559 F
2285 3530 2346 3562 (22)
2372 3523 2428 3565 qui

1340 3573 1455 3616 posuit
1467 3583 1535 3606 non
1547 3573 1583 3605 in
1597 3583 1672 3605 eum
1684 3571 1744 3614 qni
1756 3570 1974 3613 habitaverit]
1996 3572 2056 3614 qui
2075 3569 2280 3604 habitaverit
2300 3578 2367 3600 non
2391 3567 2427 3599 in

1341 3628 1416 3651 eum
1428 3618 1487 3660 qui
1497 3617 1630 3660 posuit:
1653 3616 1768 3658 itaque
1786 3615 1884 3648 utilis
1904 3617 2015 3649 danda
2028 3617 2094 3649 erit
2105 3617 2142 3649 in
2154 3625 2229 3648 eum
2241 3613 2300 3657 qui
2313 3612 2429 3656 posuit

1339 3675 1403 3697 ser.
1417 3662 1634 3706 (transposuit
1645 3661 1706 3696 illa
1723 3660 1888 3701 offacias)

2211 852 2295 883 etua
2319 851 2373 883 est
2397 852 2431 883 et
2496 862 2497 865 ¹

2520 677 2528 748 ἐ

2518 749 2528 792 i.

2519 802 2528 843 ³
