2528 3918
123 120 125 122 ,
159 84 221 115 DE
251 80 604 115 conmclomus
631 80 850 113 mswrrtm

159 192 191 228 si
209 194 400 236 antequam
419 190 593 226 nuberet¹
613 189 835 233 decessisset,
860 199 1007 226 uxorem
1026 199 1139 233 suam,
1162 189 1248 226 item

159 245 317 273 sororem
340 244 441 271 suain
465 234 661 271 substituit.
709 245 856 280 quaero,
884 245 965 271 cum
987 234 1063 270 filia
1083 234 1247 280 impubes

182 281 256 316 rior
279 279 488 322 decesserit,
513 279 642 316 deinde
664 278 777 316 frater
802 279 878 315 eius
900 279 1085 326 impubes,
1112 290 1161 316 an
1183 278 1248 315 filii

156 292 336 362 {ereditas
367 324 415 360 ad
442 334 591 360 uxorem
615 327 651 360 et
673 334 832 361 sororem
855 325 1038 361 testatoris
1059 325 1138 361 iure
1160 325 1246 361 sub-

156 369 351 407 stitutionis
365 369 552 415 pertineat.
575 369 754 423 ·respondi
772 369 968 406 secundum
988 380 1031 406 ea
1051 380 1144 416 quae
1161 380 1245 416 pro-

155 417 766 507 Ροὲἓτθῢῗὲκῃοῗίὺξέωὲίὲῗᾶἶωὶ
809 460 1058 506 quaestionum
1131 460 1247 497 ublice

155 505 417 541 tractatarum
463 504 611 540 Servum
636 514 858 541 communem
880 505 1072 541 habemus:
1127 506 1159 541 'c
1181 505 1246 541 he-

154 559 212 586 res
242 548 398 595 scriptus
430 554 485 586 est
516 553 570 593 et,
602 550 633 586 si
663 550 767 586 heres
798 560 872 586 non
903 550 969 593 sit,
1001 551 1165 587 Maevius
1195 550 1246 586 illi

154 594 371 631 substitutus
397 599 468 631 est:
493 595 641 631 alterius
663 595 765 631 iussu
789 595 1013 631 dominorum
1036 595 1125 632 adiit
1142 597 1244 631 here-

154 639 314 682 ditatem,
338 639 483 675 alterius
507 650 598 676 non:
631 641 826 686 quaeritur,
853 650 901 693 ⁹:¹²
924 641 1120 677 substituto
1143 641 1246 677 locus

153 684 201 721 sit
235 694 283 720 an
316 694 402 720 non.
458 688 494 720 et
522 685 639 721 verius
676 689 732 722 est
764 685 958 722 substituto
997 686 1116 722 locum
1155 695 1243 721 esse.

156 732 172 765 1
221 729 350 765 ‘Titius
391 730 494 766 heres
538 733 623 766 esto.
680 731 843 768 Stichum
876 731 1017 767 Maevio
1061 731 1107 768 do
1146 731 1243 776 lego:

154 773 310 810 ‘Stichus
328 774 432 811 heres
451 778 539 811 esto.
577 776 608 811 si
624 775 768 812 Stichus
783 775 888 812 heres
907 787 981 812 non
998 777 1076 820 erit,
1101 776 1244 812 Stichus

152 819 256 855 ‘liber
287 820 461 866 heresque
491 821 590 856 esto’.
637 821 675 856 in
705 818 775 857 hac
806 821 1016 867 quaestione
1049 822 1087 858 111
1121 820 1245 868 primis

152 864 395 911 quaerendum
423 869 496 909 est,
528 869 648 902 utrum
671 876 764 903 1111118
787 867 919 911 gradus
943 867 990 903 sit
1013 877 1062 903 an
1085 866 1176 910 duo,
1209 869 1246 902 et

152 920 201 946 an
233 920 345 946 causa
375 913 515 946 mutata
545 911 593 947 sit
622 911 887 948 substitutionis
923 922 971 947 an
1007 912 1130 948 eadem
1161 921 1243 965 per-

151 958 306 991 maneat.
354 959 390 991 et
421 956 563 1001 quidem
591 956 630 991 in
652 957 760 1002 pleris
786 966 832 992 ue
855 957 1057 1002 quaeritur,
1089 967 1137 993 an
1166 966 1245 1003 ipse

151 1000 221 1037 sibi
240 1000 410 1036 substitui
427 1002 554 1046 possit,
580 1005 616 1037 et
629 1012 760 1055 respon
787 1005 866 1037 etur
883 1012 996 1038 causa
1010 1001 1244 1038 institutionis

150 1048 290 1081 mutata
314 1045 484 1082 substitui
501 1056 618 1092 posse.
652 1047 759 1092 igitur
779 1047 810 1083 si
827 1047 945 1083 Titius
964 1048 1068 1084 heres
1087 1048 1244 1093 scriptus

152 1090 200 1127 sit
223 1093 270 1133 et,
295 1091 326 1127 si
348 1091 453 1127 heres
476 1102 549 1127 non
572 1092 630 1135 sit,
660 1092 753 1128 idem
776 1093 903 1129 heres³
924 1093 1044 1129 iussus
1069 1093 1126 1135 sit,
1158 1092 1243 1128 sub-

151 1135 289 1172 stitutio
313 1136 445 1172 1111111113
470 1138 640 1173 momenti
664 1138 741 1173 erit.
789 1137 854 1174 sed
884 1138 915 1174 si
941 1138 1010 1174 sub
1034 1138 1245 1174 condicione

150 1180 231 1227 quis
253 1181 359 1217 heres
383 1182 539 1228 scriptus
563 1183 628 1225 sit,
662 1193 752 1228 pure
783 1186 904 1219 autem
935 1183 1152 1220 substitutus
1177 1185 1243 1226 est,

151 1235 263 1262 causa
284 1226 503 1270 immutatur,
531 1228 700 1273 quoniam
722 1232 844 1274 potest
867 1239 912 1264 ex
934 1228 1158 1265 institutione
1181 1228 1243 1264 de-

150 1270 211 1306 fici
247 1272 409 1308 condicio
442 1276 478 1308 et
508 1273 714 1309 substitutio
749 1273 884 1319 aliquid
918 1274 1077 1310 adferre:
1114 1273 1179 1310 sed
1212 1273 1244 1309 si

150 1316 350 1352 exstiterit⁴
374 1317 558 1361 condicio,
588 1318 680 1354 duae
702 1329 817 1364 purae
840 1323 926 1355 sunt
949 1323 985 1355 et
1006 1319 1087 1355 ideo
1111 1318 1243 1355 nullius

150 1362 319 1398 momenti
350 1362 418 1398 erit
449 1363 667 1400 substitutio.
716 1367 844 1400 contra
873 1364 904 1400 si
934 1366 1048 1410 pure⁶
1078 1364 1158 1417 quis
1187 1364 1243 1400 in-

149 1406 341 1450 stituatur,
381 1407 509 1444 deinde
544 1409 610 1444 sub
648 1409 859 1445 condicione
893 1409 962 1446 sibi
992 1410 1243 1450 substituatur,

149 1451 238 1487 nihil
261 1452 373 1488 facit⁶
395 1453 603 1489 substitutio
629 1454 883 1490 condicionalis
906 1456 999 1491 nec⁷
1026 1458 1166 1491 mutata
1187 1455 1242 1490 in·

148 1497 348 1543 tellegatur‚
373 1498 505 1544 quippe
530 1510 611 1535 cum
635 1503 671 1534 et
694 1500 725 1535 si
749 1500 924 1535 exstiterit
947 1500 1123 1543 condicio,
1151 1500 1244 1537 duae

147 1552 263 1588 purae
294 1546 379 1578 sunt
404 1544 657 1580 institutiones.
705 1545 902 1581 secundum
933 1546 1025 1582 haec
1055 1545 1244 1598 proposita

171 1587 311 1624 uaestio
343 1588 610 1625 manifestetur:
642 1590 771 1626 ‘Titius
801 1591 906 1626 heres
938 1594 1025 1627 esto.
1080 1590 1244 1627 Stichum

148 1635 157 1651 ‘
225 1633 300 1669 evio
326 1633 371 1669 do
394 1634 428 1670 le
452 1644 493 1670 o:
519 1634 663 1671 Stichus
683 1636 787 1671 heres
808 1639 896 1672 esto.
931 1636 963 1672 si
978 1635 1122 1672 Stichus
1138 1636 1243 1672 heres

149 1680 234 1715 ‘non
258 1678 336 1722 erit,
361 1678 435 1714 Stic
463 1690 506 1715 us
521 1680 612 1716 liber
627 1681 803 1726 heresque
819 1682 919 1717 esto'.
957 1692 1024 1718 nos
1042 1681 1242 1724 didicimus,

171 1723 317 1759 uoniam
343 1724 466 1760 eodem
488 1728 702 1761 testamento
727 1730 763 1761 et
786 1726 820 1761 le
844 1730 926 1762 atus
957 1727 1006 1763 sit
1030 1727 1176 1763 Stichus
1207 1730 1244 1762 et

148 1734 348 1804 libertatem
372 1770 512 1815 accepit
522 1771 546 1814 ⁸,
571 1771 777 1816 praevalere
795 1771 821 1806 11
847 1775 996 1809 ertatem
1016 1775 1062 1815 et,
1086 1772 1118 1808 si
1161 1782 1240 1808 rae-

148 1813 243 1850 valet
265 1814 425 1857 libertas,
450 1826 523 1851 non
547 1815 668 1852 deberi
690 1817 846 1861 legatum
870 1820 907 1853 et
924 1817 1005 1853 ideo
1025 1817 1128 1853 iussu
1160 1827 1241 1863 ega·

147 1859 230 1894 tarii
252 1870 325 1896 non
347 1870 454 1906 posse
478 1861 577 1896 adire
600 1861 845 1904 hereditatem,
871 1872 914 1898 ac
938 1873 1004 1908 per
1026 1863 1096 1898 hoc
1119 1872 1243 1898 verum

147 1914 227 1940 esse
258 1905 421 1941 Stichum
452 1905 619 1942 heredem
649 1917 723 1943 non
755 1917 833 1943 esse
868 1911 904 1943 et
935 1918 980 1943 ex
1010 1907 1242 1953 sequentibus

146 1949 263 1985 verbis
294 1950 495 1986 libertatem
525 1951 577 1987 illi
609 1955 830 1997 competere:
872 1963 954 1989 cum
984 1963 1078 1988 unus
1107 1952 1242 1998 gradus

145 1994 286 2030 videtur
296 1996 321 2030 ⁹.
368 1996 455 2041 quid
480 2007 582 2042 ergo,
616 1997 646 2033 si
669 2007 742 2032 non
765 1997 895 2033 adierit
917 1997 1059 2033 Titius?
1095 1997 1244 2044 incipiet

147 2039 404 2076 substitutione
419 2040 564 2077 Stichus
579 2042 669 2078 liber
688 2046 724 2078 et
738 2042 843 2078 heres
859 2052 948 2080 esse.
987 2053 1095 2088 porro
1117 2053 1241 2124 01110111-

147 2084 209 2120 (1111
231 2096 305 2121 11011
329 2086 405 2122 adit
417 2087 445 2108 ¹⁰
475 2087 578 2123 iussu
608 2087 788 2132 legatarii,
820 2098 887 2124 nec
919 2098 964 2124 ex
995 2098 1107 2124 causa
1150 2088 1243 2134 egati

144 2130 245 2166 intell
290 2131 362 2166 'tur
379 2131 579 2177 legatarii²¹
600 2143 678 2168 esse
698 2132 855 2177 effectus,
877 2137 913 2169 et
930 2133 1011 2170 ideo
1032 2137 1169 2170 certum
1189 2137 1244 2170 est

145 2175 246 2211 illum
297 2176 435 2212 eredem
458 2188 531 2213 non
555 2187 652 2220 esse,
684 2188 728 2213 ac
758 2188 824 2224 per
853 2179 924 2215 hoc
955 2189 1000 2215 ex
1026 2179 1083 2215 his
1105 2179 1240 2216 verbis:

146 2220 191 2256 ‘si
214 2221 318 2257 heres
342 2232 415 2257 non
439 2222 517 2266 erit,
542 2222 686 2259 Stichus
709 2223 801 2259 liber
823 2224 999 2270 heresque
1022 2225 1123 2268 esto’,
1151 2225 1242 2261 liber

147 2269 184 2302 et
206 2266 310 2302 heres
335 2267 473 2303 existet.
521 2269 592 2304 hoc
615 2272 754 2312 autem,
785 2269 882 2315 quod
909 2269 1101 2313 sentimus,
1132 2270 1241 2306 Iulia-

147 2313 168 2346 2
215 2322 284 2347 nus
297 2312 326 2333 ¹2
357 2323 426 2357 quo
452 2323 499 2349 ue
528 2313 567 2349 111
596 2313 696 2349 libris
727 2314 802 2350 suis
833 2315 974 2360 probat.
1022 2314 1061 2351 Si
1083 2315 1241 2361 pupillus

146 2356 381 2394 substitutum
411 2368 442 2393 si
466 2358 480 2393 i
509 2368 652 2395 servum
682 2359 892 2396 alienaverit
922 2370 1076 2406 eumque
1102 2364 1242 2407 emptor

145 2401 297 2438 liberum
319 2402 557 2450 heredemque
579 2404 784 2448 instituerit,
809 2405 981 2452 numquid
1003 2406 1072 2442 iste
1093 2406 1132 2442 in
1155 2407 1240 2443 sub-

146 2446 331 2484 stitutione
353 2447 487 2484 habeat
509 2449 743 2485 substitutum
754 2451 783 2472 ¹³
814 2451 1017 2487 universum
1029 2452 1085 2487 ¹⁴?
1117 2455 1179 2495 ut,
1210 2452 1242 2488 si

147 2491 289 2544 quidem
318 2493 477 2539 pupillus
504 2494 551 2530 ad
573 2495 801 2541 pubertatem
823 2496 1043 2542 pervenerit,
1073 2507 1240 2533 necessa·

145 2547 220 2573 rius
246 2547 290 2573 ex
312 2541 527 2576 testamento
552 2540 722 2586 emptoris
742 2540 847 2577 heres
868 2541 1005 2578 exstitit
1017 2543 1058 2585 ¹⁵,
1082 2542 1138 2579 sin
1156 2552 1240 2579 vero

145 2581 242 2618 intra
264 2583 490 2628 pubertatem
513 2584 726 2629 decesserit,
753 2596 798 2622 ex
820 2586 1076 2624 substitutione
1098 2587 1241 2634 quidem

146 2627 236 2663 liber
260 2632 296 2663 et
317 2629 421 2665 heres
445 2630 493 2665 sit
516 2633 553 2666 et
574 2631 799 2667 necessarius
813 2632 911 2698 patri
926 2632 1064 2679 pupilli,
1089 2633 1241 2679 emptori

146 2675 268 2708 autem
290 2674 512 2711 voluntarius
535 2675 639 2712 heres
664 2676 801 2712 exstitit
826 2678 852 2712 ⁵.

633 2814 708 2853 VH
718 2813 760 2855 ¹⁶.

272 2878 334 2911 DE
358 2877 653 2912 GONDICIONIB
659 2879 712 2913 US
735 2879 1113 2916 INSTITUTIONUM.

197 2942 217 2980 1
256 2943 452 2982 Uimivvs
479 2944 571 2982 libro
605 2946 732 2992 quinto
765 2946 816 2982 ad
844 2945 1020 2983 Sabinum
1066 2947 1142 2984 Sub
1172 2948 1238 2984 im-

146 2988 309 3034 possibili
341 2989 550 3026 condicione
578 2991 635 3027 vel
665 2991 735 3027 alio
767 2991 895 3028 mendo
925 2991 1063 3028 factam
1093 2992 1237 3031 institu-

147 3033 281 3070 tionem
303 3035 424 3080 placet
445 3045 519 3071 non
540 3035 669 3071 vitiari.

195 3076 221 3117 2
251 3078 358 3115 IDEM
386 3080 478 3116 libro
508 3084 614 3117 seaeto
646 3081 697 3117 ad
727 3080 901 3118 Sabinum
953 3082 992 3118 Si
1021 3085 1237 3120 testamento

147 3125 444 3170 comprehensum
475 3125 538 3161 sit:
575 3126 646 3162 ‘ille
676 3137 818 3170 servus,
854 3127 885 3163 si
914 3138 1016 3164 meus
1048 3128 1126 3164 erit‘
1161 3131 1239 3172 (aut

148 3170 222 3214 ‘qui
252 3179 352 3206 meus
384 3171 475 3214 erit')
500 3173 593 3206 ‘cum
616 3171 767 3215 moriar,
798 3172 902 3209 heres
927 3173 1029 3216 esto’,
1061 3176 1238 3219 quatenus

149 3214 348 3260 accipiatur
379 3216 514 3258 ‘meus’,
548 3217 742 3261 quaeritur.
791 3220 828 3253 et
850 3218 881 3254 si
904 3218 1046 3264 quidem
1070 3219 1239 3255 alienavit

147 3259 188 3294 in
211 3269 253 3295 eo
276 3270 381 3296 usum
403 3260 572 3304 fructum,
596 3261 706 3298 nihilo
729 3262 846 3298 minus
869 3262 982 3308 ipsius
1006 3267 1078 3300 est:
1103 3265 1135 3301 si
1153 3275 1236 3300 vero

1233 65 1320 113 393

2100 71 2288 115 XXVIII
2318 75 2357 116 6.
2380 76 2404 115 7

1315 193 1456 236 partem
1478 190 1517 226 in
1540 200 1583 227 eo
1607 190 1792 234 alienavit,
1824 201 1872 228 an
1903 192 2048 229 deficiat
2073 193 2237 230 condicio
2260 193 2405 231 institu-

1315 234 1444 279 tionis,
1476 235 1670 282 quaeritur.
1718 239 1755 272 et
1785 237 1900 274 verius
1932 241 1988 274 est
2017 248 2091 275 11011
2121 238 2296 276 defecisse
2319 249 2404 276 con·

1316 279 1505 324 dicionem,
1528 280 1598 317 nisi
1617 279 1887 317 evidentissimis
1905 283 2178 328 probationibus
2195 287 2406 321 testatorem

1314 325 1470 362 voluisse
1481 326 1510 349 ¹⁷
1533 326 1743 380 apparuerit
1764 337 1830 371 pro
1854 327 1924 363 hac
1948 328 2158 366 condicione
2183 329 2274 366 haec
2296 330 2406 366 verba

1314 370 1509 407 inseruisse
1531 374 1576 407 ‘si
1588 373 1688 408 totus
1703 381 1827 407 servus
1842 372 1880 407 111
1896 372 2050 410 (1011111110
2071 374 2147 411 01113
2161 376 2404 412 remanserit':

1319 418 1334 451 1
1382 419 1470 452 tunc
1494 416 1588 452 enim
1610 419 1714 462 parte
1737 416 1892 452 alienata
1916 418 2078 455 condicio
2102 419 2233 456 deficit.
2279 419 2353 457 eod
2374 420 2406 457 si

1316 461 1388 497 duo
1428 461 1521 497 servi
1557 461 1610 497 ita
1643 461 1716 497 sint
1747 461 1897 498 heredes
1910 463 1939 484 ¹⁸
1971 463 2141 500 instituti:
2182 464 2335 502 ‘Primus
2369 469 2406 503 et

1316 506 1527 549 ‘Secundus,
1553 506 1584 542 si
1606 506 1676 542 mei
1699 510 1804 542 erunt
1830 517 1912 542 cum
1935 508 2085 551 moriar,
2117 510 2219 546 liberi
2242 514 2279 546 et
2300 510 2405 548 here-

1316 551 1391 587 ‘des
1415 551 1534 588 sunto’
1559 554 1595 587 et
1617 551 1709 587 alter
1731 561 1775 587 ex
1797 552 1854 587 his
1877 552 1925 588 sit
1947 553 2136 597 alienatus,
2160 554 2285 592 Celsus
2307 559 2407 594 recte

1314 599 1421 642 putat
1443 597 1496 633 sic
1519 596 1787 642 accipiendum,
1822 600 1930 643 atque
1960 598 1991 634 si
2023 598 2179 652 singulos
2213 602 2407 647 separatim

1314 641 1382 677 sub
1407 641 1532 677 eadem
1556 641 1767 678 condicione
1788 642 1939 679 heredes
1962 643 2187 680 instituisset.

1361 684 1386 724 3
1411 685 1573 722 PAULvs
1592 687 1685 723 libro
1700 687 1826 734 primo
1857 687 1908 724 ad
1929 687 2105 724 Sabinum
2151 689 2189 725 Si
2219 690 2272 726 ita
2301 692 2408 728 heres

1312 731 1498 767 institutus
1522 731 1600 774 sim,
1625 731 1656 767 si
1677 732 1800 768 decem
1820 732 1965 777 dedero,
1990 737 2026 768 et
2047 734 2212 780 accipere
2234 736 2324 772 nolit
2347 736 2408 773 cui

1314 776 1401 812 dare
1423 776 1543 813 iussus
1566 787 1664 824 sum,
1697 788 1763 822 pro
1794 778 1941 824 impleta
1970 778 2220 815 0011111010110ιο
2241 781 2406 818 habetur.

1360 820 1387 859 4
1418 821 1615 858 Uzpmws
1634 822 1725 858 libro
1750 826 1876 859 octavo
1900 824 1951 859 ad
1972 822 2148 859 Sabinum
2195 824 2233 861 Si
2264 827 2325 872 qui
2354 827 2408 864 ita

1313 867 1387 903 sint
1415 866 1589 902 instituti:
1633 867 1675 903 ‘si
1705 868 1795 904 socii
1824 879 1899 904 una
1928 869 2105 905 bonorum
2135 879 2294 906 meorum
2323 882 2406 917 per-

1314 911 1522 948 ‘manserint
1544 922 1658 965 usque
1681 912 1728 948 ad
1752 923 1866 949 annos
1890 914 2065 957 sedecim,
2097 913 2246 951 heredes
2275 918 2407 962 sunto’,

1312 957 1476 993 inutilem
1495 967 1574 993 esse
1591 957 1854 994 institutionem
1873 959 2070 995 secundum
2089 960 2280 997 verborum
2298 961 2406 1014 signi-

1313 1002 1518 1039 ficationem
1548 1001 1742 1039 Marcellus
1774 1004 1842 1039 ait:
1875 1004 2034 1040 Iulianus
2066 1007 2207 1049 autem,
2238 1017 2407 1053 quomam

1314 1051 1351 1084 et
1373 1051 1459 1084 ante
1481 1047 1616 1084 aditam
1638 1048 1872 1084 hereditatem
1891 1049 1973 1085 iniri
1993 1049 2147 1086 societas
2165 1053 2288 1096 potest
2306 1053 2408 1097 quasi

1312 1093 1365 1129 rei
1394 1093 1560 1136 futurae,
1598 1093 1718 1130 valere
1747 1094 2025 1138 institutionem,
2060 1095 2158 1141 quod
2189 1099 2244 1132 est
2272 1107 2406 1134 verum.

1316 1142 1332 1174 1
1381 1138 1480 1174 Idem
1495 1138 1656 1174 Iulianus
1680 1139 1805 1175 scribit
1829 1150 1920 1183 eum,
1945 1141 2007 1186 qui
2028 1140 2081 1176 ita
2099 1140 2204 1177 heres
2222 1141 2408 1179 institutus

1314 1187 1379 1227 est,
1404 1184 1436 1219 si
1459 1194 1599 1219 servum
1621 1184 1877 1220 hereditarium
1891 1196 1964 1221 11011
1981 1186 2199 1229 alienaverit,
2225 1191 2409 1224 caventem

1314 1229 1480 1265 coheredi
1501 1229 1650 1275 implere
1673 1229 1937 1266 condicionem:
1964 1235 2122 1267 ceterum
2141 1231 2173 1267 si
2188 1232 2287 1268 solus
2302 1232 2407 1269 heres

1313 1274 1469 1320 scriptus
1500 1274 1564 1317 sit,
1597 1274 1665 1310 sub
1695 1275 1907 1321 impossibili
1930 1277 2141 1313 condicione
2162 1277 2330 1314 heredem
2351 1278 2407 1314 in-

1313 1320 1479 1356 stitutum
1501 1319 1634 1356 videri:
1660 1330 1752 1366 quae
1776 1321 1954 1357 sententia
1976 1332 2062 1358 vera
2085 1325 2149 1358 est.

1359 1363 1385 1402 5
1411 1364 1572 1401 Psvws
1602 1365 1695 1402 libro
1724 1366 1883 1402 secundo
1914 1367 1965 1403 ad
1994 1366 2170 1404 Sabinum
2217 1367 2255 1403 Si
2286 1368 2408 1405 heredi

1312 1410 1434 1456 plures
1465 1410 1694 1447 condiciones
1726 1411 1944 1448 coniunctim
1976 1412 2084 1449 datae
2114 1413 2206 1457 sint,
2241 1414 2407 1451 omnibus

1311 1455 1593 1536 parenduuffibest,
1613 1456 1698 1502 quia
1712 1457 1821 1493 unius
1836 1456 1917 1493 loco
1933 1457 2131 1495 habentur:
2156 1458 2189 1495 si
2204 1458 2407 1495 disiunctim

1313 1502 1385 1537 sint
1422 1511 1442 1536 0
1471 1500 1479 1508 ”
1497 1501 1506 1509 ’
1534 1504 1579 1537 01.

1359 1528 1397 1584 6⁹
1417 1545 1613 1582 Ulmanus
1641 1546 1733 1583 libro
1764 1557 1862 1583 nono
1893 1548 1944 1583 ad
1965 1547 2141 1585 Sabinum
2188 1548 2226 1585 Si
2253 1549 2333 1595 quis
2355 1549 2408 1586 ita

1311 1591 1498 1627 institutus
1516 1591 1574 1635 sit,
1598 1591 1629 1627 si
1651 1596 1920 1628 monumentum
1941 1597 2026 1639 post
2049 1597 2199 1630 mortem
2222 1595 2407 1632 testatoris

1311 1637 1349 1672 in
1371 1636 1492 1672 triduo
1516 1637 1678 1682 proximo
1708 1637 1833 1673 mortis
1866 1638 1942 1674 eius
1972 1638 2135 1676 fecisset:
2169 1649 2250 1675 cum
2279 1650 2406 1676 11101111-

1311 1686 1471 1718 mentum
1493 1682 1532 1717 in
1554 1681 1674 1718 triduo
1701 1682 1828 1728 perfici
1858 1694 1931 1719 non
1961 1684 2093 1729 possit,
2129 1684 2317 1721 dicendum
2340 1685 2408 1722 erit

1313 1727 1559 1763 condicionem
1583 1737 1795 1764 evanescere
1819 1728 1922 1774 quasi
1944 1728 1992 1764 im
2020 1730 2209 1766 ossibilem.

1359 1770 1383 1810 7
1416 1771 1648 1808 Poupomvs
1675 1772 1766 1809 libro
1798 1774 1925 1820 quinto
1955 1786 1979 1810 a
2035 1774 2211 1812 Sabinum
2258 1774 2297 1811 Si
2327 1776 2407 1822 quis

1312 1818 1379 1854 sub
1413 1817 1623 1854 condicione
1654 1818 1803 1854 heredes
1834 1818 2066 1863 instituisset,
2102 1820 2133 1856 si
2162 1820 2314 1857 invicem
2345 1831 2406 1858 ca-

1311 1863 1447 1899 vissent
1481 1873 1521 1899 se
1554 1863 1671 1915 legata
1705 1873 1747 1900 eo
1781 1867 1996 1901 testamento
2031 1865 2157 1902 relicta
2192 1865 2405 1910 reddituros,

1337 1909 1433 1944 lacet
1470 1908 1603 1944 remitti
1643 1908 1694 1944 eis
1733 1909 1998 1953 condicionem,
2039 1910 2124 1956 quia
2161 1911 2209 1947 ad
2242 1910 2405 1950 fraudem

1327 1964 1429 1999 egum
1462 1953 1661 1999 respiceret
1670 1954 1713 1996 ²⁰,
1756 1963 1850 1999 quae
1883 1957 2046 1990 vetarent
2079 1955 2255 2001 quosdam
2289 1956 2406 2010 legata

1313 2009 1460 2045 capere:
1485 2009 1699 2044 quamquam
1716 2002 1752 2035 et
1767 1999 1799 2035 si
1818 2002 1964 2035 cautum
1985 2003 2090 2043 esset,
2113 2001 2152 2036 in
2166 2001 2250 2047 ipsa
2265 2005 2404 2040 actione

1313 2043 1525 2090 exceptione
1547 2043 1703 2080 tuendus
1727 2047 1822 2080 esset
1844 2045 2051 2090 promissor.

1359 2086 1384 2127 8
1416 2089 1613 2126 Uzmiws
1628 2089 1720 2125 libro
1737 2090 2039 2171 quinfflaqesimo
2055 2091 2105 2127 ad
2119 2091 2275 2128 edictum
2306 2091 2407 2137 Quae

1312 2135 1380 2171 sub
1405 2134 1617 2171 condicione
1638 2134 1831 2170 iurisiuran
1858 2135 1866 2143 '
1890 2136 2157 2182 relinquuntur,
2189 2146 2212 2172 a
2235 2141 2407 2190 praetore

1310 2180 1569 2227 reprobantur:
1593 2179 1749 2233 providit
1764 2180 1870 2224 enim,
1890 2191 1937 2217 ne
1950 2181 1993 2224 is,
2014 2181 2076 2227 qui
2093 2181 2159 2218 sub
2175 2182 2407 2219 iurisiurandi

1312 2225 1523 2262 condicione
1546 2225 1632 2271 quid
1655 2235 1742 2261 acce
1766 2226 1813 2268 it,
1845 2229 1910 2262 aut
1940 2227 2135 2264 omittendo
2160 2227 2406 2264 condicionem

1310 2271 1475 2317 perderet
1496 2270 1730 2306 hereditatem
1768 2274 1953 2324 egatumve
1970 2276 2034 2308 aut
2050 2275 2236 2318 cogeretur
2252 2273 2406 2319 turpiter

1311 2315 1972 2409 tssssiffffissi‘xffissssfflffgza
1992 2318 2323 2406 {gfflfflgsssiuffss
2342 2319 2405 2399 33¹2

1310 2417 1415 2453 pere,
1446 2410 1489 2442 ut
1512 2406 1661 2452 capiunt
1682 2407 1739 2450 hi,
1773 2407 1904 2454 quibus
1936 2408 2035 2443 nulla
2064 2408 2146 2444 talis
2172 2408 2404 2445 iurisiurandi

1311 2452 1474 2488 condicio
1503 2452 1690 2495 inseritur,
1723 2455 1759 2488 et
1788 2456 1906 2488 recte:
1939 2463 2020 2489 cum
2051 2454 2145 2489 enim
2174 2452 2300 2490 faciles
2333 2454 2405 2490 sint

1309 2497 1471 2534 nonnulli
1494 2497 1678 2533 hominum
1701 2497 1750 2533 ad
1771 2498 1962 2534 iurandum
1986 2501 2192 2544 contemptu
2211 2498 2403 2544 religionis,

1309 2543 1370 2578 alii
1403 2552 1576 2595 perquam
1608 2542 1723 2578 timidi
1756 2546 1855 2579 metu
1887 2543 1995 2578 divini
2024 2543 2178 2580 numinis
2209 2554 2325 2589 usque
2355 2544 2404 2581 ad

1310 2588 1618 2634 superstitionem,
1650 2598 1697 2623 ne
1719 2588 1775 2624 vel
1797 2588 1835 2624 hi
1857 2589 1912 2624 vel
1934 2588 1987 2623 illi
2009 2592 2073 2624 aut
2096 2592 2404 2635 consequerentur

1309 2637 1374 2669 aut
1389 2633 1582 2679 perderent
1597 2632 1695 2678 quod
1710 2633 1874 2669 relictum
1891 2636 1955 2676 est,
1978 2637 2125 2679 praetor
2140 2634 2404 2671 consultissime

1308 2678 1509 2714 intervenit.
1554 2678 1684 2714 etenim
1706 2678 1825 2724 potuit
1847 2678 1890 2722 is,
1915 2678 1976 2724 qui
1998 2679 2110 2715 voluit
2131 2679 2280 2723 factum,
2305 2680 2403 2733 quod

1308 2724 1490 2770 religionis
1510 2723 1719 2759 condicione
1734 2723 1922 2769 adstringit
1937 2724 2004 2760 sub
2021 2724 2232 2760 condicione
2245 2724 2403 2762 faciendi

1307 2769 1527 2814 relinquere:
1559 2768 1613 2804 ita
1642 2768 1737 2804 enim
1764 2768 1928 2805 homines
1951 2772 2016 2805 aut
2036 2769 2211 2806 facientes
2234 2770 2401 2807 admitte-

1308 2817 1434 2851 rentur
1473 2816 1537 2849 aut
1574 2823 1648 2849 non
1686 2813 1861 2850 facientes
1900 2814 2139 2851 deficerentur
2177 2815 2399 2852 condicione.

1312 2862 1326 2893 1
1376 2859 1456 2894 Hoc
1487 2858 1644 2894 edictum
1668 2859 1775 2894 etiam
1798 2858 1846 2894 ad
1867 2858 1985 2905 legata
2007 2860 2182 2906 pertinet,
2214 2870 2288 2896 non
2318 2865 2400 2897 tan-

1309 2907 1329 2939 2
1375 2907 1453 2939 tum
1476 2903 1523 2939 ad
1545 2903 1718 2940 heredum
1739 2903 2013 2941 institutionem.
2054 2905 2095 2940 In
2117 2905 2401 2943 fideicommissis

1308 2955 1451 2995 quoque
1473 2948 1654 2994 oportebit
1678 2959 1759 2992 eos,
1790 2949 1852 2995 qui
1882 2949 1928 2986 de
1949 2950 2223 2988 fideicommisso
2248 2961 2399 2997 cognos-

1309 2998 1406 3037 cunt,
1431 2993 1602 3039 subsequi
1624 2993 1802 3039 praetoris
1820 2994 1977 3032 edictum
1996 2999 2197 3042 eapropter,
2222 2996 2307 3042 quia
2322 2996 2401 3033 vice

1309 3042 1328 3075 3
1374 3039 1571 3084 legatorum
1593 3038 1803 3085 funguntur.
1849 3039 1902 3076 Et
1922 3040 1962 3076 in
1987 3041 2113 3077 mortis
2145 3052 2257 3077 causa
2287 3041 2398 3077 dona-

1306 3084 1465 3120 tionibus
1497 3083 1687 3120 dicendum
1720 3087 1776 3120 est
1806 3084 1926 3122 edicto
1956 3086 2076 3122 locum
2108 3097 2205 3129 esse,
2241 3086 2272 3122 si
2304 3086 2399 3122 forte

1307 3130 1387 3175 quis
1411 3129 1556 3171 caverit,
1587 3129 1656 3165 nisi
1678 3129 1834 3166 iurasset
1856 3140 1896 3167 se
1919 3131 2053 3177 aliquid
2075 3131 2266 3174 facturum,
2293 3130 2397 3166 resti-

1306 3178 1468 3210 tuturum
1499 3174 1597 3220 quod
1619 3175 1778 3221 accepit:
1810 3177 1990 3222 oportebit
2010 3177 2062 3212 ita
2086 3187 2133 3212 ue
2155 3175 2286 3212 remitti
2310 3185 2396 3211 cau-

1307 3223 1329 3255 4
1373 3219 1518 3255 tionem.
1567 3218 1606 3255 Si
1641 3219 1721 3272 quis
1756 3220 1823 3256 sub
1858 3221 2052 3258 iurisiuran
2121 3220 2330 3258 condicione
2361 3223 2398 3256 et

1306 3268 1493 3310 praeterea
1516 3265 1584 3300 sub
1608 3265 1680 3301 alia
1703 3265 1750 3302 sit
1771 3264 1975 3310 institutus,
2007 3267 2092 3303 huic
2121 3266 2310 3302 videndum
2342 3268 2397 3301 est

151 3372 192 3413 (1)
217 3372 370 3414 nuberet]
383 3373 508 3407 nubere
519 3378 634 3418 posset
644 3388 706 3409 scr.
768 3378 810 3418 (2)
828 3379 1010 3410 tractatum
1024 3378 1061 3411 F
1110 3381 1152 3417 (3)
1169 3389 1240 3411 esse

151 3417 210 3450 im.
226 3418 300 3450 edd.
370 3420 411 3458 (4)
436 3420 654 3453 exsisteritF
718 3423 759 3461 (5)
784 3422 931 3464 puresF
1002 3424 1046 3464 (6)
1070 3422 1241 3456 10011111ω

151 3464 193 3501 (7)
219 3460 293 3506 1100]
306 3464 345 3494 111
357 3473 458 3496 causa
468 3477 531 3497 scr.
602 3467 646 3507 (8)
671 3466 840 3508 acceperit
851 3466 903 3500 F²
973 3468 1016 3510 (9)
1041 3478 1103 3501 1108
1116 3467 1240 3501 didici-

151 3516 225 3539 mus
275 3507 399 3549 gradus
410 3508 554 3550 videtur]
564 3520 625 3543 nos
633 3510 825 3554 didicimus,
839 3510 998 3554 quonism
1010 3512 1125 3546 eodem
1138 3515 1239 3547 teste-

151 3554 266 3584 mento
289 3555 323 3584 et
345 3552 475 3595 legatus
496 3554 542 3586 sit
564 3555 700 3588 Stichus
725 3557 773 3597 [et
791 3556 887 3589 heres
908 3566 979 3590 0830
998 3557 1145 3599 11188113],
1170 3569 1238 3591 11011

153 3594 266 3629 deberi
284 3596 433 3639 legatum
452 3600 486 3631 et
504 3599 581 3632 ideo
644 3600 797 3634 heredem
814 3612 883 3634 non
900 3612 973 3635 esse
989 3605 1023 3635 et
1040 3613 1080 3635 ex
1097 3614 1239 3646 sequen-

153 3640 245 3673 tibus
264 3641 375 3675 verbis
394 3642 585 3676 libertatem
607 3644 662 3677 illi
682 3648 888 3688 competere,
913 3646 1145 3688 [1101οᾶ1101οω
1169 3659 1239 3681 11011

152 3689 366 3728 0010110101οᾹ
401 3698 476 3720 011111
510 3699 597 3721 1111118
630 3690 756 3731 gradus
786 3691 921 3725 videtur
954 3693 1140 3728 similiterve
1173 3706 1238 3728 scr.

2155 3384 2209 3419 (11)
2234 3379 2404 3421 legin-iil?

2106 3426 2162 3465 (14)
2188 3425 2394 3466 universum]

1310 3379 1370 3419 (10)
1395 3378 1518 3420 Τ111113,
1539 3379 1642 3412 etiam
1653 3378 1791 3413 Stichus
1803 3391 1870 3412 11011
1884 3379 1994 3413 adibit
2010 3381 2068 3414 ins.

1310 3424 1368 3465 (12)
1393 3424 1434 3466 cf
1450 3424 1470 3455 l.
1484 3430 1518 3457 10
1534 3428 1550 3463 5
1565 3431 1581 3458 ἰ
1595 3425 1661 3458 111.
1749 3427 1807 3467 (is)
1832 3427 1957 3458 statum
1974 3424 2026 3458 ΓΞ

1308 3468 1375 3501 sibi
1388 3478 1519 3501 servum
1529 3481 1592 3502 scr.
1686 3470 1745 3512 (15)
1771 3470 1894 3503 existat
1905 3483 1967 3504 scr.

1354 3514 1414 3555 (ie)
1439 3513 1521 3547 Sub.
1541 3521 1629 3549 i...11.
1650 3521 1694 3549 13.
1714 3522 1760 3550 14.
1779 3522 1896 3550 16...1o.
1917 3522 1973 3554 223
2000 3514 2088 3557 App.
2109 3520 2165 3552 2⁰3
2195 3512 2260 3545 Ed·
2282 3520 2326 3547 21·
2347 3518 2394 3547 28-

1308 3564 1434 3597 25...27;
1459 3558 1545 3603 Pap.
1558 3566 1602 3594 12.
1617 3566 1659 3594 15.
1674 3566 1721 3594 24.
1735 3567 1782 3595 28.
1800 3578 1846 3585 --
1861 3561 1948 3593 Bas.
1961 3560 2016 3600 35,
2028 3566 2073 3594 12.
2085 3576 2131 3583 —
2150 3557 2201 3602 Ost
2219 3556 2297 3591 God.
2310 3558 2344 3599 6,
2357 3564 2396 3593 ²5

1308 3604 1368 3645 (1¹1)
1393 3602 1538 3637 voluisse
1551 3605 1612 3638 del.
1730 3606 1789 3647 (18)
1814 3605 1909 3637 heres
1921 3605 1956 3637 F
2065 3606 2125 3645 (19)
2150 3602 2305 3636 condicio
2319 3603 2392 3636 edd.

1308 3650 1371 3688 (20)
1395 3647 1602 3691 respicerent
1617 3649 1654 3682 F
1785 3651 1844 3691 (21)
1869 3651 1927 3681 aut
1944 3647 2142 3690 accipiendo
2159 3646 2394 3680 condicionem

1307 3695 1484 3736 cogeretur
1494 3694 1642 3737 turpiter
1653 3695 1764 3728 iurare
1775 3707 1837 3728 scr.

2075 3749 2119 3781 50
