2528 3918
126 126 187 158 DE
216 126 371 159 FUNDO
402 127 572 158 DOTALI

125 236 267 272 lationis
304 235 466 272 condicio
502 236 639 272 deficit:
685 238 780 282 quod
813 237 842 272 si
877 238 1004 273 mulier
1035 239 1072 274 in
1097 240 1220 275 matri-

124 281 243 317 monio
269 281 470 323 decesserit,
497 292 541 316 ex
565 282 736 327 stipulato
761 282 849 317 fisco
876 282 970 318 dotis
994 285 1088 320 actio
1110 295 1220 330 quae-

123 331 280 362 reretur:
314 332 396 372 post
419 338 542 362 verum
567 332 686 363 autem
710 327 901 363 divortium
924 330 1103 365 renovatis
1128 342 1219 375 nup-

123 372 181 408 tiis
213 382 285 407 non
318 372 550 407 committitur
580 373 669 408 fisco
704 372 909 418 stipulatio,
941 373 1032 413 licet
1051 374 1221 410 defuncta

122 418 170 452 sit
192 417 229 452 in
253 417 478 453 matrimonio
511 417 603 460 filia,
629 419 798 463 quoniam
831 418 878 453 ad
909 419 1043 463 primas
1076 420 1220 466 nuptias

149 462 288 498 ertinet.

122 474 145 507 p
169 505 221 544 27
259 507 367 542 IDEM
404 507 495 543 libro
534 509 658 554 primo
701 508 949 553 definitionum
1020 508 1057 543 Si
1098 510 1219 545 liberis

121 553 273 589 sublatis
305 562 448 588 reversa
478 557 562 598 post
593 553 746 598 iurgium
778 564 843 599 per
876 554 1217 590 dissimulationem¹

121 598 248 633 mulier
265 598 375 634 veluti
395 599 510 633 venali
531 598 721 634 concordio
743 609 789 634 ne
810 599 933 634 dotata
951 599 998 635 sit
1019 600 1219 642 conveniat,

120 643 311 679 conventio
336 643 534 679 secundum
558 644 717 680 ordinem
740 644 793 679 rei
824 648 947 690 gestae
969 645 1129 680 moribus
1153 645 1218 680 im-

120 688 333 734 probanda2
357 692 412 724 est
421 689 446 723 ³.

167 731 220 771 28
245 733 405 769 Panes
426 734 517 770 libro
542 735 668 780 quinto
694 735 944 780 quaestionum
1000 734 1162 779 Quaeris,
1189 735 1219 770 si

119 783 229 825 pacta
261 780 307 814 sit
338 780 464 814 mulier
496 780 551 815 vel
582 783 665 815 ante
698 780 842 825 nuptias
875 780 932 815 vel
954 784 1038 825 post
1061 781 1216 825 nuptias,

120 829 161 860 ut
185 835 228 860 ex
252 824 354 859 fundi
377 824 556 860 fructibus
581 835 687 870 quem
719 825 817 860 dedit
846 825 884 859 in
918 825 1038 861 dotem
1063 825 1219 861 creditor

119 870 274 905 mulieris
300 870 508 913 dimittatur,
533 881 580 905 an
603 870 722 906 valeat
744 871 917 915 pactum?
954 870 1053 913 dico,
1080 871 1111 906 si
1135 874 1218 906 ante

120 916 263 960 nuptias
299 915 336 950 id
372 916 596 958 convenerit,
632 915 751 951 valere
786 919 932 960 pactum
966 926 1079 962 eoque
1110 916 1216 952 modo

119 961 291 996 minorem
315 960 433 997 dotem
458 962 707 997 constitutam:
740 965 823 1006 post
857 962 1002 1006 nuptias
1027 972 1108 997 vero
1135 972 1216 997 cum

117 1016 230 1041 onera
253 1006 468 1042 matrimonii
491 1006 632 1042 fructus
648 1006 841 1041 relevaturi
863 1012 959 1049 sunt,
985 1008 1056 1041 iam
1081 1007 1124 1042 de
1149 1017 1215 1043 suo

118 1051 266 1132 &maritus
283 1051 479 1096 paciscitur
498 1056 538 1087 ut
556 1052 712 1087 dimittat
731 1052 953 1094 creditorem,
976 1056 1011 1087 et
1032 1053 1098 1088 erit
1118 1062 1216 1087 mera

145 1097 279 1132 onatio.

164 1140 218 1180 29
243 1141 448 1178 SCAEVOLA
488 1142 578 1178 libro
610 1142 768 1178 secundo
807 1153 867 1177 res
895 1153 1066 1178 onsorum
1127 1143 1215 1178 Cum

117 1187 279 1231 maritus,
306 1188 366 1233 qui
390 1187 579 1223 aestimata
609 1187 758 1233 praedia
787 1187 826 1223 in
860 1154 979 1223 Kotem
1011 1192 1214 1234 acceperat,

116 1236 284 1269 manente
327 1233 552 1268 matrimonio
596 1236 725 1278 pactus
769 1236 824 1268 est
868 1233 1216 1269 circumscribendae

116 1278 274 1314 mulieris
296 1278 423 1323 gratia,
448 1282 489 1313 ut
511 1278 660 1323 praedia
682 1278 908 1314 inaestimata
928 1282 1059 1322 essent,
1080 1282 1121 1314 ut
1138 1279 1215 1315 sine

116 1324 275 1370 periculo
301 1334 366 1359 suo
393 1333 435 1359 ea
460 1323 638 1359 deteriora
659 1323 815 1359 faceret:
849 1325 1050 1370 quaesitum
1074 1327 1140 1367 est,
1165 1335 1213 1360 an

115 1369 313 1404 secundum
336 1369 475 1414 priores
507 1368 645 1404 dotales
676 1369 820 1404 tabulas
852 1369 1001 1415 praedia
1025 1370 1215 1405 aestimata

115 1418 343 1450 remanerent
362 1418 397 1449 et
416 1414 613 1459 periculum
626 1425 748 1449 eorum
770 1414 817 1449 ad
829 1415 996 1450 maritum
1007 1415 1212 1461 pertineret.

114 1459 283 1505 respondi
314 1470 387 1495 non
425 1459 583 1495 idcirco⁴
615 1464 762 1504 pactum
795 1460 839 1496 de
870 1471 941 1506 quo
982 1464 1215 1506 quaereretur

114 1504 288 1550 impediri,
315 1504 410 1550 quod
433 1505 469 1540 in
493 1505 719 1541 matrimonio
744 1505 882 1540 factum
914 1511 1027 1548 esset,
1061 1506 1091 1541 si
1116 1506 1213 1542 dete-

114 1550 210 1586 riore
240 1550 320 1586 1000
354 1550 419 1586 dos
451 1561 525 1586 non
557 1554 670 1586 esset:
707 1550 839 1586 ⁵nihilo
881 1552 997 1587 minus
1031 1561 1073 1587 eo
1104 1555 1212 1597 pacto

114 1595 283 1638 admisso,
305 1595 335 1631 si
355 1595 533 1631 deteriora
552 1596 701 1641 praedia
720 1596 869 1639 faceret,
888 1607 929 1632 eo
945 1597 1051 1632 etiam
1071 1597 1214 1633 nomine

117 1645 129 1676 1
183 1641 277 1677 dotis
303 1651 383 1676 eum
408 1641 551 1677 actione
574 1642 698 1677 teneri.
747 1641 864 1677 Titius
887 1642 1044 1677 mulieris
1069 1643 1213 1678 nomine

113 1686 234 1722 dotem
258 1686 356 1721 dedit
379 1690 414 1722 et
438 1686 630 1731 stipulatus
663 1690 718 1723 est
740 1686 778 1722 in
802 1697 926 1723 casum
950 1688 1075 1723 mortis
1101 1691 1136 1723 et
1160 1688 1212 1723 di-

113 1732 236 1767 vortii:
270 1732 419 1768 divortio
445 1735 568 1768 secuto
600 1743 673 1768 11011
703 1732 857 1778 repetita
888 1733 971 1768 dote
1003 1733 1119 1769 Titius
1151 1733 1211 1768 de-

113 1777 239 1813 cessit:
273 1777 399 1813 mulier
419 1787 463 1812 ex
485 1777 670 1814 voluntate
692 1777 835 1814 heredis
859 1778 935 1814 eius
960 1778 1099 1814 redinte
1141 1779 1214 1814 avit

113 1823 395 1858 matrimonium:
429 1823 630 1868 quaesitum
654 1826 720 1866 est,
744 1833 793 1859 an
817 1833 861 1858 ex
892 1824 1067 1869 stipulatu
1117 1827 1212 1860 otem

112 1872 235 1913 petere
253 1868 378 1913 possit.
411 1869 581 1913 respondi
600 1868 768 1904 heredem
788 1868 885 1911 Titii,
907 1869 938 1904 si
959 1870 1211 1912 consensisset,

112 1917 154 1948 ut
178 1924 221 1949 ea
238 1914 432 1959 quantitas,
451 1924 559 1959 quam
580 1924 624 1949 ex
644 1914 821 1959 stipulatu
840 1915 1012 1959 consequi
1031 1918 1210 1960 potuerat,

112 1958 206 1994 dotis
230 1959 463 1994 reconciliato
489 1959 716 1995 matrimonio
740 1959 861 2002 fieret,
895 1970 1003 2004 posse
1026 1960 1125 2005 pacti
1150 1970 1209 1995 ex-

113 2007 132 2038 2
182 2004 346 2049 ceptione
369 2005 592 2040 summoveri.
640 2005 772 2040 Mulier
805 2004 849 2040 de
873 2005 955 2040 dote
980 2016 1088 2051 quam
1113 2005 1211 2041 dedit

111 2053 219 2094 pacta
244 2053 307 2092 est,
333 2053 384 2092 ut,
404 2049 435 2085 si
457 2049 496 2085 in
515 2050 739 2086 matrimonio
762 2050 985 2092 decessisset,
1007 2050 1112 2086 fratri
1135 2051 1210 2086 eius

111 2094 319 2130 redderetur
341 2095 443 2140 isque
461 2095 498 2130 in
520 2106 601 2131 eum
621 2106 745 2131 casum
765 2096 959 2142 stipulatus
984 2100 1058 2132 est:
1084 2096 1210 2131 mulier

110 2139 287 2175 decedens
312 2140 483 2186 quasdam
506 2150 564 2176 res
589 2140 727 2176 dotales
751 2140 879 2176 marito
905 2141 1036 2186 legavit
1060 2145 1096 2176 et
1119 2141 1208 2184 aliis,

109 2185 285 2230 quosdam
317 2196 361 2221 ex
392 2186 502 2221 servis
536 2186 717 2222 dotalibus
750 2186 967 2222 manumisit.
1008 2187 1209 2240 quaesitum

109 2234 176 2273 est,
202 2241 249 2266 an
272 2231 420 2267 maritus
446 2233 592 2267 earum‘³
616 2232 770 2275 nomine,
796 2242 886 2277 quas
916 2232 1049 2278 legavit
1070 2232 1208 2275 mulier,

109 2279 148 2311 et
171 2286 365 2319 servorum,
390 2287 480 2321 quos
501 2277 716 2318 manumisit,
736 2277 841 2312 fratri
860 2281 1013 2313 tenetur.
1038 2288 1096 2314 res
1125 2277 1209 2313 ondi

110 2321 198 2356 nihil
220 2322 384 2367 proponi,
411 2332 475 2357 cur
498 2333 571 2357 non
594 2326 787 2365 teneretur,
814 2333 896 2358 cum
921 2324 980 2359 et⁷
1009 2323 1081 2358 iam
1132 2333 1207 2358 ere-

109 2366 174 2402 des
199 2366 393 2402 defunctae
424 2371 499 2402 tam
531 2368 713 2413 legatariis
745 2378 852 2413 quam
882 2368 1110 2404 libertatibus
1143 2369 1206 2404 ob-

109 2411 208 2448 noxii
231 2412 312 2447 sint.

156 2454 209 2495 30
237 2457 487 2493 TRYFONINUS
507 2458 597 2493 libro
623 2458 759 2494 decimo
780 2458 1067 2505 disputationum
1113 2459 1207 2496 Bae-

109 2502 190 2538 bius
214 2502 409 2538 Marcellus
433 2503 568 2538 Baebio
593 2503 748 2539 Marullo
786 2504 879 2540 dotis
911 2504 1008 2540 ffliae
1030 2515 1119 2541 suae
1142 2516 1206 2541 no-

109 2548 203 2583 mine
228 2552 380 2584 centena
402 2549 617 2593 promiserat
642 2553 677 2585 et
701 2554 919 2585 convenerat
942 2550 1037 2586 inter
1061 2561 1133 2593 eos,
1161 2560 1207 2586 ne

108 2603 153 2629 ea
177 2593 242 2629 dos
268 2597 457 2629 constante
473 2594 697 2630 matrimonio
722 2596 944 2640 peteretur⁷‘‚
968 2596 1048 2631 vel⁸
1071 2596 1101 2632 si
1124 2599 1208 2641 post

108 2642 258 2674 mortem
281 2639 395 2684 patris
418 2639 456 2673 in
481 2640 705 2676 matrimonio
730 2640 807 2675 sine
838 2641 959 2676 liberis
983 2640 1058 2677 filia
1082 2641 1205 2677 deces-

107 2684 225 2727 sisset,
249 2688 291 2720 ut
315 2684 460 2719 dimidia
484 2684 549 2720 dos
574 2685 671 2730 apud
694 2685 890 2722 Marullum
914 2690 1126 2729 remaneret,
1152 2686 1205 2722 di-

108 2729 216 2764 midia
246 2729 351 2765 fratri
382 2730 537 2765 mulieris
579 2731 844 2767 restitueretur:
886 2742 928 2768 ea
952 2742 999 2767 ue
1030 2732 1137 2768 etiam
1168 2733 1206 2767 in

108 2774 374 2820 stipulationem
406 2775 561 2811 deducta
592 2780 705 2811 erant.
738 2781 879 2813 mortuo
956 2778 1106 2820 arceHo,
1131 2777 1204 2812 filio

108 2824 144 2855 et
170 2819 241 2855 filia
265 2820 536 2866 superstitibus,
569 2821 653 2857 dote
685 2821 852 2858 universa
882 2822 977 2858 fili-ae
1025 2823 1206 2867 raelegata

107 2865 284 2901 MaruHus
315 2869 403 2901 nata
435 2866 510 2901 filia
549 2866 740 2902 diverterat
775 2870 811 2903 et
844 2868 972 2903 mulier
999 2834 1205 2903 {decesserat

107 2909 219 2946 fratre
239 2921 303 2947 suo
327 2915 362 2946 et
381 2911 455 2946 filia
475 2922 518 2946 ex
536 2912 701 2957 partibus
714 2913 837 2958 aequis
857 2913 1046 2949 heredibus
1059 2913 1202 2948 relictis.

106 2955 206 3000 apud
240 2956 446 2991 Petronium
480 2957 652 3002 Magnum
698 2962 903 3003 praetorem
937 2958 1114 2993 Marullus
1157 2958 1202 2992 ab

107 3000 239 3036 herede
261 3001 333 3036 filio
357 3002 521 3037 Marcelli
546 3013 589 3037 ex
614 3003 705 3038 dotis
736 3003 972 3049 promissione
1003 3003 1204 3038 universam

107 3045 227 3081 dotem
250 3047 398 3092 petebat
419 3047 481 3082 illa
506 3048 730 3091 coniectura,
763 3049 865 3094 quasi
895 3049 988 3084 iuter
1012 3048 1102 3084 duos
1126 3048 1202 3093 pla-

107 3091 242 3127 cuisset
265 3092 362 3127 nullo
387 3091 542 3128 filiorum
574 3096 737 3129 exstante
767 3098 911 3129 mortua
942 3094 1089 3129 muliere
1119 3103 1202 3138 par-

107 3138 180 3171 tem
193 3135 286 3172 dotis
306 3147 491 3173 remanere
514 3138 610 3183 apud
630 3139 809 3181 maritum,
830 3138 940 3184 magis
955 3138 1204 3174 convenisset⁹

108 3181 231 3227 utique
254 3185 367 3218 totam
392 3184 467 3218 eius
500 3194 578 3219 esse
602 3183 737 3226 dotem,
762 3184 792 3220 si
817 3184 928 3219 filium
961 3183 1113 3219 filiamve
1136 3183 1200 3218 ha-

107 3225 255 3262 buisset.
301 3237 346 3263 ex
377 3227 514 3264 diverso
553 3229 839 3274 respondebatur
854 3230 882 3250 ¹⁰
924 3229 1022 3274 pacti
1061 3228 1202 3274 quidem

107 3271 261 3317 vulgaris
275 3273 303 3294 ¹¹
335 3274 578 3318 exceptionem
610 3274 718 3309 etiam
749 3273 872 3309 heredi
903 3274 1097 3319 proficere:
1139 3273 1203 3308 sed

106 3315 144 3351 in
167 3318 297 3362 specie,
322 3328 414 3363 quae
437 3319 660 3364 proponitur,
684 3330 758 3355 non
782 3319 886 3364 quasi
915 3319 1020 3355 heres
1044 3318 1201 3354 mulieris

106 3431 148 3472 (1)
162 3441 223 3472 pro
236 3430 506 3464 dissimulatione
518 3444 580 3465 scr.
637 3433 680 3474 (2)
695 3432 886 3474 improbata
898 3445 960 3465 scr.
1032 3434 1075 3473 (3)
1090 3432 1134 3464 sit
1147 3430 1200 3464 ΡΞ

106 3475 150 3515 (4)
176 3475 212 3507 id
225 3477 286 3508 ins.
299 3475 352 3508 F²
469 3478 511 3518 (5)
537 3477 594 3509 sed
608 3478 667 3511 ins.
682 3478 837 3521 Krueyer
937 3479 981 3518 (6)
1007 3487 1118 3508 rerum
1139 3478 1198 3509 ins.

111 3521 187 3553 dett.
305 3521 348 3561 (ἵ)
373 3524 407 3553 et
428 3522 489 3554 del.
584 3523 642 3564 (Τ)
656 3525 791 3564 petetur
803 3522 837 3554 F
924 3523 969 3563 (8)
994 3522 1059 3562 vel]
1083 3525 1116 3554 et
1137 3534 1199 3554 scr.

111 3565 156 3606 (9)
183 3565 279 3607 quasi
293 3566 383 3597 inter
396 3576 478 3608 quos
491 3566 676 3608 placuisset
697 3591 704 3598 .
716 3592 725 3601 .
739 3592 745 3599 .
759 3567 867 3609 magis
888 3567 1124 3599 convenissent
1136 3578 1198 3599 scr.

106 3609 168 3650 (10)
194 3620 270 3642 cum
283 3611 494 3643 convenisset
505 3614 638 3644 mortua
648 3613 684 3644 in
694 3612 910 3644 matrimonio
919 3611 1059 3644 muliere
1068 3614 1199 3654 partem

107 3653 198 3687 dotis
209 3655 368 3687 maritum
379 3654 583 3696 habiturum,
597 3656 686 3689 nihil
700 3667 774 3688 eum
787 3656 912 3689 lucrari
925 3655 1045 3689 debere
1057 3655 1199 3698 repudio

108 3697 220 3732 misso.
246 3699 318 3731 dixi
329 3712 391 3733 sec.
406 3700 442 3733 B
455 3701 514 3734 ins.
644 3703 699 3743 (11)
724 3701 887 3743 vulgaris]
901 3701 1039 3743 vulgare
1052 3712 1122 3734 esse
1135 3713 1196 3734 scr.

106 3743 167 3780 (12)
194 3745 423 3784 quaestionem
435 3745 470 3778 F
577 3747 639 3790 (13)
664 3746 948 3788 praestitueretF

1211 113 1295 162 309

2132 129 2282 171 XXIII
2297 134 2335 173 4.
2352 134 2376 172 5

1293 250 1336 275 ex
1360 251 1514 293 persona
1547 242 1737 278 defunctae
1769 255 1807 279 se
1841 248 2048 292 exceptione
2106 251 2178 285 acti
2211 252 2379 295 tuebitur,

1292 285 1355 320 sed
1378 296 1455 331 ipse
1478 291 1556 322 erat
1578 287 1653 330 ille,
1687 290 1746 334 qui
1779 291 1883 325 etiam
1915 293 1992 327 viva
2016 305 2074 329 mu
2089 295 2181 338 iere,
2214 296 2244 331 si
2268 297 2313 331 ab
2338 306 2380 332 eo

1292 331 1355 366 dos
1373 335 1565 376 peteretur,
1586 333 1762 377 potuisset
1783 345 1824 369 ea
1845 339 2052 382 exceptione
2071 340 2276 383 Marullum,
2322 342 2381 377 uia

1292 375 1481 427 divortium
1501 376 1639 429 iactum
1659 382 1746 421 erat,
1768 389 1997 425 summovere,
2019 385 2236 431 eandemque
2258 353 2379 422 (101011-

1291 430 1427 472 510110111
1463 425 1570 474 etiam
1604 427 1688 468 post
1722 428 1870 460 mortem
1906 429 2036 464 sororis
2073 441 2159 466 suae
2193 431 2377 467 retinebat.

1290 470 1412 511 itaque
1435 467 1572 512 placuit
1596 478 1677 503 eum
1709 469 1754 504 ab
1788 480 1829 504 ea
1860 473 2030 516 petitione
2054 475 2188 511 absolvi
2213 477 2312 511 nulla
2335 487 2379 512 ex

1290 511 1357 545 hac
1371 513 1548 547 sententia
1567 512 1666 548 facta
1688 513 1914 559 derogatione
1932 518 2191 556 fideicommissi
2230 522 2379 564 etitioni,

1290 566 1398 601 quam
1418 558 1494 592 iure
1514 558 1729 594 hereditario
1743 570 1807 604 per
1826 561 1933 596 filiam
1954 563 2056 599 heres
2069 566 2190 602 uxoris
2245 567 2378 602 arullus

1289 601 1327 635 in
1377 606 1454 637 arte
1479 602 1623 638 dimidia
1647 604 1815 640 habebat.

1313 692 1320 698 ¹
1368 645 1386 683 1
1415 646 1619 683 SOAEVOLA
1646 649 1738 684 libro
1764 652 1867 686 tertio
1893 655 2180 697 quaestz'onum¹²
2227 656 2264 692 Si
2287 658 2380 692 inter

1289 703 1402 726 virum
1435 696 1471 727 et
1501 704 1648 728 uxorem
1681 696 1862 738 convenit,
1895 701 1935 731 ut
1967 701 2111 735 extremi
2142 702 2225 736 anni
2256 703 2378 738 matri-

1290 737 1398 789 monii
1421 737 1562 773 fructus
1587 740 1744 774 nondum
1775 743 1936 787 percepti
1968 744 2121 780 mulieris
2153 747 2252 782 lucro
2277 747 2378 790 fiant,

1288 782 1490 818 huiusmodi
1513 788 1659 828 pactum
1681 786 1785 820 valet.

1335 825 1388 865 32
1413 828 1460 863 IA
1469 838 1640 865 VOLENUS
1650 830 1740 865 libro
1752 835 1857 867 sexto
1871 843 1920 868 ex
1925 836 2190 879 posterioribus
2202 836 2378 872 Labeonis

1288 872 1387 908 Uxor
1410 874 1484 908 viro
1509 874 1658 910 fundum
1683 876 1908 911 aestimatum
1942 883 2081 914 centum
2114 881 2151 915 in
2175 880 2292 917 dotem
2317 882 2376 917 de-

1288 918 1408 970 derat,
1443 919 1570 955 deinde
1602 931 1682 955 cum
1712 921 1787 957 viro
1819 927 1966 967 pactum
1998 930 2208 960 conventum
2232 926 2378 970 fecerat,

1288 969 1328 998 ut
1363 963 1513 1000 divortio
1545 965 1643 1000 facto
1681 966 1805 1001 eodem
1848 969 1962 1012 pretio
1999 971 2103 1004 uxori
2144 971 2196 1005 vir
2230 971 2378 1007 fundum

1286 1009 1549 1045 restitueret¹³:
1583 1015 1711 1056 postea
1734 1012 1874 1048 volente
1898 1024 2010 1049 uxore
2041 1015 2094 1049 vir
2119 1026 2197 1050 eum
2230 1016 2379 1052 fundum

1288 1054 1522 1090 ducentorum
1558 1056 1784 1100 vendiderat,
1821 1062 1857 1092 et
1892 1058 2080 1095 divortium
2123 1065 2198 1096 erat
2231 1061 2377 1097 factum.

1286 1099 1409 1135 Labeo
1434 1104 1540 1146 putat
1563 1101 1637 1136 viro
1662 1105 1878 1147 potestatem
1899 1104 1976 1138 fieri
1996 1105 2135 1148 debere,
2157 1110 2275 1141 utrum
2299 1107 2380 1142 velit

1287 1144 1443 1181 ducenta
1466 1146 1520 1181 vel
1543 1146 1694 1182 fundum
1718 1148 1884 1191 reddere,
1910 1159 2024 1195 neque
2057 1151 2088 1185 ei
2119 1155 2263 1195 pactum
2296 1162 2378 1187 0011-

1285 1194 1430 1225 ventum
1453 1192 1585 1227 remitti
1609 1196 1784 1237 oportere.
1816 1193 1949 1230 idcirco
1975 1199 2061 1240 puto
2086 1196 2155 1231 hoc
2178 1196 2380 1232 Labeonem

1285 1236 1523 1281 respondisse,
1537 1238 1705 1282 quoniam
1728 1239 1912 1275 voluntate
1924 1241 2079 1276 mulieris
2100 1240 2233 1277 fundus
2254 1241 2378 1277 veniit:

1289 1284 1303 1315 1
1354 1281 1512 1326 alioquin
1543 1283 1745 1319 omnimodo
1777 1283 1910 1320 fundus
1937 1290 2016 1320 erat
2040 1286 2294 1322 restituendus.
2342 1286 2378 1325 Si

1284 1330 1389 1371 pater
1412 1326 1506 1362 filiae
1539 1328 1681 1363 nomine
1715 1333 1849 1365 certam
1873 1332 2062 1375 pecuniam
2093 1331 2129 1366 in
2155 1331 2273 1367 dotem
2296 1343 2378 1378 pro-

1285 1372 1431 1407 miserat
1456 1377 1491 1407 et
1513 1377 1643 1417 pactus
1668 1378 1732 1416 est,
1759 1385 1804 1410 ne
1827 1375 1956 1411 invitus
1983 1386 2060 1411 eam
2084 1377 2255 1412 solveret:
2293 1377 2380 1413 m'hil

1285 1417 1331 1452 ab
1357 1428 1398 1453 eo
1424 1418 1633 1462 exigendum
1667 1423 1778 1464 puto,
1816 1421 1899 1465 quia
1933 1421 1989 1464 id,
2025 1422 2120 1467 quod
2151 1426 2259 1467 pacto
2293 1433 2378 1458 con·
2413 1446 2415 1448 -

1284 1466 1389 1498 vento
1415 1474 1460 1499 ne
1482 1464 1613 1499 invitus
1639 1465 1836 1510 exigeretur
1861 1468 2083 1510 convenerit,
2108 1467 2144 1502 in
2169 1467 2260 1503 dotis
2293 1478 2377 1503 cau·

1284 1518 1361 1543 sam
1386 1518 1464 1544 esse
1488 1519 1561 1544 non
1586 1509 1763 1545 videretur

1786 1648 1819 1686 V
1830 1648 1871 1688 ¹⁴.

1610 1715 1670 1746 DE
1696 1714 1849 1747 FUNDO
1873 1715 2052 1749 DOTALI.

1332 1778 1351 1816 1
1380 1779 1541 1816 Panos
1557 1781 1648 1816 libro
1674 1782 1724 1816 tri
1749 1782 1857 1816 esimo
1877 1785 1982 1816 sexto
2003 1781 2052 1816 ad
2072 1781 2225 1817 edietum
2261 1782 2374 1817 Inter·

1283 1825 1368 1860 dum
1391 1826 1449 1860 lex
1461 1826 1553 1861 Iulia
1577 1826 1621 1861 de
1643 1825 1708 1861 fun
1735 1837 1755 1861 0
1777 1826 1888 1862 dotali
1913 1830 2047 1861 cessat:
2082 1827 2112 1861 si
2137 1827 2182 1862 ob
2206 1826 2252 1867 id,
2279 1826 2375 1872 quod

1282 1870 1432 1905 maritus
1457 1870 1577 1906 damni
1601 1871 1725 1906 infecti
1743 1882 1816 1907 non
1837 1872 1994 1912 cavebat,
2018 1872 2147 1907 missus
2172 1872 2217 1907 sit
2240 1872 2374 1908 vicinus

1281 1916 1319 1950 in
1350 1916 1613 1961 possessionem
1646 1916 1775 1952 dotalis
1806 1916 1960 1962 praedii,
2005 1917 2132 1952 deinde
2171 1917 2289 1952 iussus
2329 1917 2375 1953 sit

1281 1961 1483 2006 possidere:
1517 1962 1575 1996 hic
1601 1962 1692 1996 enim
1717 1962 1880 1997 dominus
1911 1962 2047 1997 vicinus
2079 1962 2138 2004 fit,
2172 1962 2255 2007 quia
2284 1962 2374 1997 haec

1284 2010 1299 2040 1
1350 2007 1516 2042 alienatio
1541 2017 1615 2042 non
1639 2011 1693 2042 est
1716 2007 1928 2042 voluntaria.
1977 2007 2048 2042 Sed
2081 2011 2116 2042 et
2148 2018 2213 2052 per
2236 2007 2373 2042 univer·

1281 2052 1423 2087 sitatem
1437 2053 1464 2073 ’⁵
1487 2052 1618 2087 transit
1641 2052 1838 2098 praedium,
1863 2052 2060 2087 secundum
2085 2052 2180 2097 quod
2203 2052 2373 2097 possibile

1281 2100 1346 2139 est,
1371 2097 1417 2132 ad
1441 2097 1611 2140 alterum,
1645 2098 1753 2133 veluti
1784 2098 1831 2132 ad
1861 2097 2026 2132 heredem
2051 2098 2179 2140 mariti,
2205 2108 2284 2132 cum
2308 2108 2372 2133 suo

1280 2145 1399 2177 tamen
1423 2142 1511 2185 iure,
1536 2146 1578 2177 ut
1601 2142 1749 2178 alienari
1773 2153 1846 2178 11011
1869 2142 1993 2187 possit.

1328 2184 1353 2223 2
1386 2186 1581 2223 ULPJANUS
1599 2188 1690 2223 libro
1715 2188 1841 2233 quinto
1866 2188 1910 2223 de
1929 2187 2118 2222 adulteriis
2164 2186 2202 2222 Si
2224 2187 2371 2222 maritus

1279 2232 1388 2268 fuerit
1418 2232 1456 2267 in
1487 2232 1693 2268 servitutem
1724 2233 1910 2275 redactus,
1946 2243 1993 2267 an
2025 2232 2185 2267 dominus
2218 2232 2372 2266 alienare

1279 2278 1377 2313 hunc
1412 2277 1564 2313 fundum
1600 2289 1672 2313 non
1706 2278 1847 2323 possit?
1881 2277 1977 2323 quod
2011 2281 2098 2323 puto
2135 2287 2212 2328 esse
2242 2277 2368 2312 verius.

1303 2332 1392 2358 uare
1417 2327 1452 2358 et
1476 2323 1507 2358 si
1531 2323 1577 2358 ad
1601 2324 1727 2359 fiscum
1750 2323 1968 2368 pervenerit,
2002 2322 2111 2357 nihilo
2145 2332 2260 2356 mmus
2284 2332 2367 2356 ven-

1278 2334 1366 2403 ditio
1391 2367 1494 2404 fundi
1516 2368 1719 2414 impeditur,
1769 2368 1903 2403 uamvis
1928 2368 2036 2402 fiscus
2061 2377 2199 2411 semper
2222 2366 2367 2401 idoneus

1278 2423 1467 2449 successor
1492 2414 1539 2449 sit
1562 2417 1598 2449 et
1622 2381 1802 2449 solvendo.

1325 2456 1349 2496 3
1375 2458 1536 2494 Panos
1557 2459 1647 2495 libro
1673 2459 1855 2505 triyesimo
1879 2461 1984 2492 sexto
2009 2457 2058 2491 ad
2080 2456 2233 2491 edictum
2268 2455 2366 2491 Fun·

1278 2504 1345 2540 dus
1370 2504 1524 2540 (101011ιεῖ
1548 2514 1649 2540 servo
1673 2504 1812 2549 legatus
1844 2502 1891 2537 ad
1922 2503 2034 2546 legem
2058 2501 2182 2536 Iuliam
2215 2501 2367 2552 pertinet

1280 2552 1295 2584 1
1371 2550 1450 2585 uasi
1474 2549 1614 2585 dotalis.
1663 2549 1808 2585 Totiens
1832 2551 1951 2582 autem
1982 2557 2054 2581 non
2078 2549 2197 2591 potest
2220 2545 2365 2580 alienari

1276 2593 1342 2630 fun
1368 2605 1422 2637 us,
1448 2594 1611 2640 quotiens
1635 2594 1771 2629 mulieri
1803 2593 1897 2628 actio
1931 2592 1973 2626 de
2005 2591 2087 2626 dote
2111 2591 2280 2635 competit
2303 2596 2366 2626 aut

1277 2640 1479 2676 omnimodo
1505 2640 1740 2685 competitura
1764 2642 1827 2673 est.

1322 2683 1348 2722 4
1376 2684 1500 2721 (ἔκυσε
1531 2685 1622 2720 libro
1657 2684 1843 2719 undecimo
1879 2682 1928 2717 ad
1959 2681 2112 2717 edictum
2137 2681 2365 2726 provinciale

1274 2730 1355 2765 Lex
1384 2730 1494 2773 Iulia,
1528 2740 1619 2775 quae
1651 2729 1694 2765 de
1726 2727 1835 2764 dotali
1867 2726 2013 2772 praedio
2046 2726 2229 2771 prospexit
2260 2736 2305 2761 ne
2328 2726 2363 2760 id

1275 2774 1402 2811 marito
1437 2775 1545 2810 liceat
1579 2775 1737 2827 obligare
1771 2776 1835 2808 aut
1871 2772 2045 2813 alienare,
2081 2771 2231 2823 plenius·
2255 2771 2362 2805 inter-

1274 2820 1450 2866 pretanda
1474 2823 1538 2862 est,
1563 2823 1603 2855 ut
1624 2824 1730 2855 etiam
1754 2818 1798 2854 de
1821 2828 1952 2862 sponso
1976 2817 2070 2851 idem
2094 2826 2180 2850 lurls
2204 2819 2251 2851 sit
2270 2816 2363 2860 quod

1275 2866 1319 2901 de
1342 2866 1481 2901 marito.

1321 2908 1345 2946 5
1378 2909 1573 2946 ULPIANUS
1588 2909 1677 2944 libro
1697 2907 1855 2943 secundo
1875 2907 1919 2942 de
1938 2907 2102 2942 omnibus
2124 2905 2362 2941 tribunalibus

1274 2955 1432 2990 Iulianus
1456 2955 1547 2989 libro
1573 2957 1672 2989 sexto
1693 2952 1830 2988 decimo
1856 2952 2071 3003 digestorum
2092 2951 2235 3002 scripsit
2249 2960 2361 3001 neque

1274 3000 1460 3036 servitutes
1492 2999 1604 3034 fundo
1638 2998 1775 3033 debitas
1806 3007 1914 3043 posse
1944 3000 2110 3031 mantum
2143 2996 2355 3030 remittere¹¹

1273 3056 1317 3081 ne
1343 3055 1387 3080 ue
1412 3045 1443 3079 ei
1467 3044 1555 3079 alias
1579 3043 1772 3088 imponere.
2270 3084 2275 3090 .

1319 3056 1344 3128 g
1368 3090 1477 3125 IDEM
1499 3089 1589 3124 libro
1614 3089 1739 3133 quinto
1764 3087 1809 3123 de
1831 3086 2020 3122 adulteriis
2073 3085 2142 3137 Sed
2166 3095 2230 3120 nec
2254 3084 2356 3134 liber-

1272 3140 1329 3171 tas
1352 3134 1530 3170 servitutis
1554 3133 1691 3168 urbano
1716 3132 1863 3178 praedio
1888 3132 1998 3167 dotali
2020 3131 2159 3165 debitae
2180 3132 2356 3172 competit,

1273 3192 1317 3217 ne
1343 3191 1406 3225 per
1430 3180 1499 3214 hoc
1523 3178 1677 3214 deterior
1701 3177 1862 3213 condicio
1873 3177 2024 3256 &praedii
2048 3176 2119 3227 fiat.
2347 3216 2353 3222 ,

1320 3224 1342 3262 7
1378 3224 1574 3260 IULIANUS
1605 3223 1696 3259 libro
1731 3226 1836 3258 sexto
1898 3223 2008 3257 ecimo
2044 3221 2258 3271 dtyc’stormn
2318 3215 2355 3250 Si

1272 3271 1420 3306 maritus
1452 3268 1603 3304 fundum
1627 3268 1712 3303 Titii
1742 3268 1952 3303 servientem
1984 3265 2092 3300 dotali
2122 3260 2352 3311 11100010.οᾱ-

1272 3315 1442 3362 quisierit,
1467 3313 1618 3349 servitus
1649 3312 1880 3349 confunditur
1903 3316 1938 3346 et
1960 3312 2028 3345 hoc
2052 3319 2137 3343 casu
2152 3309 2178 3328 ¹⁸
2203 3310 2349 3340 marltus

1317 3427 1753 3469 (14)Sab.1...9.11...14.18;
1769 3426 1853 3468 Pap.
1869 3433 1911 3457 ιο.
1928 3430 2090 3456 15...17.——
2103 3419 2253 3468 B‹1s.29.‚
2269 3424 2294 3450 s.
2306 3435 2349 3440 —

1273 3473 1323 3517 Cs-
1342 3473 1418 3506 Cod·
1432 3474 1465 3513 5,
1479 3479 1514 3506 23
1650 3473 1708 3512 (15)
1734 3471 1954 3502 univertatem
1968 3468 2001 3498 F
2132 3466 2261 3513 (16)·s1c
2274 3463 2347 3493 deu.

1270 3531 1337 3551 cum
1351 3518 1396 3558 B,
1411 3516 1534 3549 dotalis
1547 3518 1582 3549 F
1653 3519 1709 3556 (17)
1734 3517 1790 3548 sic.
1804 3527 1864 3546 see.
1881 3514 1925 3552 B,
1940 3512 2069 3543 mittere
2079 3509 2132 3546 F¹‚
2144 3513 2293 3557 amittere
2306 3504 2350 3536 F2

1271 3565 1329 3603 (18)
1345 3563 1533 3595 exciderunt
1542 3562 1723 3604 taliasere:
1737 3559 1893 3601 quoniam
1905 3567 1962 3597 per
1974 3555 2126 3603 maritum
2138 3563 2207 3582 01115
2218 3550 2346 3591 praedii

1269 3609 1321 3640 ius
1334 3607 1481 3639 deterius
1493 3606 1619 3638 factum
1632 3609 1692 3644 est,
1707 3603 1734 3637 si
1747 3603 1842 3635 fundi
1857 3600 1983 3632 Titiani
1998 3601 2149 3647 dominus
2165 3595 2270 3626 adhuc
2285 3603 2347 3631 est,

1268 3663 1344 3685 cum
1366 3651 1426 3684 dos
1447 3651 1649 3689 restituitur,
1672 3649 1839 3690 obligatus
1854 3645 1917 3676 erit
1930 3647 1968 3675 ut
1987 3643 2015 3674 ei
2031 3646 2219 3691 servit-utem
2235 3639 2344 3690 denuo

1267 3696 1398 3738 imponi
1408 3696 1567 3738 patiatur.
1582 3696 1611 3727 si
1621 3694 1755 3727 interim
1767 3690 1905 3723 fundum
1917 3697 2030 3720 rursus
2043 3685 2227 3718 vendiderit
2237 3683 2343 3715 eidem

1268 3742 1370 3782 Titio,
1395 3741 1458 3774 hoc
1471 3751 1551 3773 casu
