2528 3918
188 124 229 168 H
263 127 392 167 10.11
1275 117 1331 164 24

188 244 348 282 missoris
380 247 417 279 et
438 242 632 289 promissor
657 242 739 278 dolo
763 242 983 288 stipulatoris
1005 242 1195 288 impeditus
1218 242 1275 277 fu-

191 291 262 327 erit
285 299 356 335 quo
387 288 505 323 minus
536 287 584 322 ad
614 286 785 322 iudicium
813 287 966 322 veniret:
1003 287 1121 323 neutri
1154 297 1276 322 eorum

189 338 337 382 praetor
359 342 569 369 succurrere
592 331 754 375 debebit,
791 332 836 367 ab
873 335 1023 377 utraque
1057 334 1161 377 parte
1194 331 1275 367 dolo

189 384 211 416 4
260 376 536 424 compensando.
585 376 622 412 Si
654 386 677 412 a
699 375 909 412 fideiussore
932 377 1190 422 quinquaginta
1212 376 1275 412 sti-

188 424 336 471 pulatus
359 422 475 465 fuero,
499 421 530 457 si
552 421 591 457 in
612 421 785 457 iudicium
807 431 891 457 reus
914 432 987 457 non
1009 421 1145 456 venerit
1185 421 1276 467 peti-

188 474 293 504 turus
316 478 339 503 a
361 477 423 503 reo
448 469 611 509 centum,
636 469 673 502 et
695 465 776 502 dolo
800 467 895 501 malo
921 465 1120 510 Sempronii
1141 447 1278 501 factum

188 513 315 555 fuerit,
348 522 395 547 ne
423 511 461 546 in
490 510 662 547 iudicium
690 521 774 547 reus
797 511 932 546 veniat:
967 514 1110 546 centum
1133 520 1156 546 a
1179 509 1276 546 Sem-

187 558 315 604 pronio
349 566 560 602 consequar.
606 555 700 591 tanti
731 555 824 591 enim
854 565 933 591 mea
954 555 1160 591 interfuisse
1181 554 1276 591 vide-

188 606 258 645 tur,
281 601 378 648 quia,
402 601 434 637 si
454 601 612 637 venisset
632 600 670 636 in
691 600 882 642 iudicium,
907 600 1001 635 actio
1025 600 1111 635 mihi
1135 603 1278 636 centum

189 647 360 683 adversus
394 656 496 681 reum
527 646 582 682 vel
613 645 783 681 adversus
807 645 972 680 heredem
997 644 1072 680 eius
1096 648 1276 690 compete-

188 692 264 735 bat,
282 691 368 728 licet
385 690 574 727 fideiussor
593 691 764 726 minorem
783 689 1053 725 summammihi
1064 689 1275 735 promiserit.

687 783 743 821 XI
756 782 779 821 ¹.

225 850 267 883 SI
291 849 396 886 QUIS
421 847 723 881 CAUTIONLBUS
748 848 799 879 IN
823 846 997 879 IUDIGIO
1024 847 1236 880 SISTENDI

306 893 450 927 CAUSA
473 892 631 926 FAG'rls
655 893 750 924 NON
775 891 1127 924 OBTEMPERABIT
1138 890 1163 925 ².

239 959 259 997 1
290 959 414 996 GAJUs
442 959 533 995 libro
552 959 676 1005 primo
700 957 751 993 ad
771 957 926 993 edictum
975 957 1171 994 rovinciale
1214 956 1277 992 Vi-

190 1015 281 1041 cena
303 1004 401 1040 milia
420 1014 592 1049 passuum
611 1003 649 1038 in
668 1002 825 1047 singulos
846 1002 921 1038 dies
941 968 1157 1038 &numerari
1174 1012 1278 1047 prae-

188 1053 248 1086 tor
270 1049 371 1085 iubet
391 1051 534 1094 praeter
558 1058 639 1083 eum
663 1047 764 1090 diem,
790 1058 859 1092 quo
885 1050 1030 1083 cautum
1048 1047 1278 1093 promittitur,

190 1098 227 1131 et
247 1094 287 1130 in
311 1104 415 1147 quem
447 1093 572 1128 sistere
602 1092 639 1127 in
669 1092 841 1128 iudicium
874 1095 1027 1137 oportet.
1076 1102 1159 1127 nam
1191 1102 1279 1128 sane

189 1139 272 1175 talis
292 1138 427 1174 itineris
441 1137 675 1173 dinumeratio
688 1137 807 1172 neutri
819 1137 1037 1182 litigatorum
1048 1147 1200 1173 onerosa
1212 1140 1277 1173 est.

235 1182 262 1221 2
293 1183 487 1220 Uipziiws
502 1182 594 1218 libro
612 1192 651 1217 se
679 1183 903 1228 tuaqensimo
923 1185 1054 1228 quarto
1066 1181 1116 1217 ad
1126 1181 1279 1218 edictum

189 1228 273 1265 Non
343 1228 351 1236 ⁶
378 1229 385 1236 '
425 1238 467 1263 us
484 1237 584 1262 reum
604 1226 642 1261 iu
670 1227 735 1262 'cio
756 1227 844 1269 sisti,
869 1226 901 1262 si
919 1226 1108 1271 negotium,
1133 1230 1281 1272 propter

190 1273 288 1319 quod
319 1273 356 1309 iu
383 1272 449 1308 ’cio
480 1272 558 1307 sisti
614 1271 768 1314 romisit,
800 1271 909 1306 fuerit
938 1274 1179 1307 transactum:
1216 1271 1280 1306 sed

189 1319 260 1355 hoc
282 1318 352 1361 ita,
378 1317 432 1353 si⁸
454 1317 554 1362 prius
578 1316 589 1350 i
636 1316 817 1361 negotium
839 1319 1062 1352 transactum
1084 1316 1148 1358 sit,
1173 1326 1279 1362 quam

190 1364 269 1399 sisti
300 1366 492 1415 oporteret.
537 1364 695 1396 ceterum
730 1361 760 1396 si
793 1364 921 1406 postea
954 1364 1178 1396 transactum
1213 1364 1277 1404 est,

191 1411 353 1453 exceptio
387 1407 459 1442 doli
490 1405 647 1451 opponi⁴
683 1406 806 1441 debet:
843 1406 921 1451 quis
958 1406 1051 1441 enim
1085 1406 1129 1441 de
1163 1416 1280 1451 poena

189 1453 365 1498 promissa
398 1452 540 1487 laborat
574 1453 657 1495 post
691 1450 872 1496 negotium
904 1451 1152 1486 transactum?
1199 1462 1279 1486 cum

191 1498 298 1533 etiam
329 1496 505 1532 transacti
539 1495 671 1540 negotii
708 1496 953 1540 exceptionem
987 1496 1166 1541 putaverit
1200 1496 1279 1541 quis

190 1551 340 1584 nocere,
374 1541 477 1586 quasi
508 1540 614 1576 etiam
646 1540 690 1575 de
720 1550 838 1586 poena
861 1543 1084 1576 transactum
1107 1540 1173 1583 sit,
1210 1540 1279 1576 nisi

192 1590 208 1622 1
260 1586 477 1622 contrarium
500 1585 701 1630 specialiter
723 1585 888 1630 partibus
910 1585 1096 1631 placuerit.
1145 1584 1183 1620 Si
1201 1585 1279 1637 quis

189 1631 413 1676 municipalis
444 1630 599 1665 muneris
632 1639 744 1665 causa
775 1630 852 1666 sine
882 1640 947 1666 suo
979 1630 1061 1665 dolo
1095 1630 1189 1665 malo
1213 1641 1279 1664 im-

189 1676 331 1722 peditus
354 1676 392 1710 in
414 1675 544 1710 iudicio
570 1674 765 1710 secundum
789 1685 892 1710 suam
914 1674 1184 1720 promissionem
1207 1685 1279 1710 non

190 1723 211 1756 2
258 1720 368 1763 stetit,
393 1719 646 1765 aequissimum
669 1723 724 1754 est
745 1719 856 1754 tribui
879 1719 912 1755 ei
932 1719 1186 1765 exceptionem.
1224 1719 1278 1754 Si-

189 1765 264 1801 mili
286 1765 391 1801 modo
418 1768 454 1800 et
476 1765 507 1800 si
530 1764 577 1799 ad
600 1764 840 1800 testimonium
864 1764 1086 1800 desideratus
1110 1764 1157 1799 ad
1187 1764 1278 1799 iudi-

190 1811 285 1846 cium
318 1819 508 1846 occurrere
541 1819 613 1844 non
647 1809 783 1854 potuit,
820 1809 887 1844 erit
920 1809 953 1844 ei
988 1809 1276 1844 subveniendum.

190 1858 210 1891 3
259 1854 297 1890 si
327 1855 405 1900 quis
435 1854 567 1889 iudicio
600 1863 639 1889 se
669 1853 747 1888 sisti
777 1854 979 1898 promiserit
1010 1857 1046 1888 et
1076 1853 1279 1889 valetudine

189 1900 245 1935 vel
274 1902 487 1944 tempestate
519 1898 575 1933 vel
608 1898 644 1934 vi
672 1897 828 1934 fluminis
859 1898 1060 1944 prohibitus
1091 1908 1130 1934 se
1153 1898 1278 1934 sistere

189 1956 262 1980 non
283 1944 410 1990 possit,
436 1943 644 1988 exceptione
667 1943 867 1986 adiuvatur,
893 1954 961 1979 nec
983 1943 1170 1979 immerito.
1197 1954 1278 1978 cum

190 1989 284 2025 enim
306 1989 344 2024 in
366 1988 431 2023 tali
453 1988 687 2033 promissione
709 1988 914 2032 praesentia
936 1998 1027 2033 opus
1060 1988 1124 2031 sit,
1157 1998 1277 2033 quem-

190 2033 382 2070 admodum
415 2033 533 2078 potuit
567 2043 606 2068 se
639 2033 764 2068 sistere
800 2033 860 2078 qui
896 2033 1044 2068 adversa
1077 2033 1279 2068 valetudine

189 2079 380 2123 impeditus
413 2078 494 2113 est?
529 2082 565 2113 et
594 2077 673 2113 ideo
707 2077 814 2112 etiam
844 2078 902 2114 lex
926 2077 1113 2113 duodecim
1135 2078 1277 2113 tabula-

188 2134 288 2166 rum,
324 2123 356 2158 si
384 2122 492 2157 iudex
522 2123 576 2158 vel
608 2122 779 2158 alteruter
810 2132 854 2157 ex
883 2123 1122 2167 litigatoribus
1153 2123 1277 2158 morbo

189 2168 329 2204 sontico
361 2167 592 2212 impediatur,
624 2167 723 2202 iubet
746 2167 839 2202 diem
861 2168 983 2203 iudicii
1007 2177 1085 2202 esse
1109 2167 1275 2202 diffisum.

189 2215 212 2248 4
258 2212 297 2248 Si
327 2223 400 2248 non
430 2215 578 2257 propter
610 2211 846 2247 valetudinem
875 2212 1001 2247 mulier
1032 2222 1106 2247 non
1140 2212 1279 2247 steterit

187 2257 341 2300 iudicio,
367 2256 430 2292 sed
453 2256 549 2302 quod
571 2256 716 2301 gravida
741 2260 839 2299 erat,
864 2257 1109 2301 exceptionem
1133 2256 1165 2291 ei
1188 2256 1276 2291 dan-

190 2302 298 2338 dam⁵
320 2301 442 2336 Labeo
469 2301 537 2336 ait:
571 2301 601 2336 si
632 2304 751 2336 tamen
783 2304 867 2346 post
888 2305 1031 2347 partum
1056 2301 1276 2343 decubuerit,

190 2350 210 2382 5
257 2346 481 2392 probandum
501 2346 568 2381 erit
587 2346 690 2390 quasi
707 2345 909 2381 valetudine
927 2346 1143 2390 impeditam.
1179 2345 1278 2381 Idem

191 2394 247 2427 est
269 2395 306 2427 et
328 2391 359 2426 si
381 2390 460 2436 quis
483 2389 603 2425 furere
627 2400 691 2425 coe
717 2390 800 2426 erit:
833 2401 917 2426 nam
940 2391 1001 2436 qui
1021 2390 1145 2426 furore
1166 2390 1276 2435 impe-

190 2439 212 2473 6
259 2435 365 2479 ditur,
376 2435 578 2471 valetudine
588 2435 682 2479 impe
710 2435 790 2472 ’tuin
838 2435 942 2479 Quod
954 2435 1106 2470 diximus
1115 2435 1277 2470 succurri

190 2481 298 2516 etiam
329 2481 379 2523 ei,
413 2480 475 2525 qui
505 2483 716 2524 tempestate
747 2482 812 2514 aut
841 2480 875 2515 vi
897 2479 1053 2515 fluminis
1076 2480 1276 2525 prohibitus

189 2536 264 2562 non
286 2525 393 2568 venit,
417 2528 665 2570 tempestatem
687 2524 740 2560 sic
761 2524 965 2570 intellegere
989 2525 1178 2567 debemus,
1203 2525 1277 2560 sive

189 2570 368 2606 maritima
391 2569 464 2605 sive
487 2569 666 2604 terrestris
690 2569 746 2604 sit.
794 2572 1043 2614 tempestatem
1072 2569 1275 2615 intellegere

191 2614 361 2650 debemus
395 2615 521 2657 talem,
558 2615 674 2665 quae⁶
704 2613 954 2666 impedimento
990 2614 1037 2649 sit
1069 2614 1188 2650 itineri
1221 2615 1276 2650 vel

191 2662 211 2694 Ἰ
258 2659 485 2711 navigationi.
534 2659 597 2710 Yis
627 2658 783 2711 fluminis
816 2659 924 2711 etiam
957 2659 1034 2694 sine
1064 2662 1277 2712 tempestate

189 2703 399 2800 5532&ssss
419 2703 735 2792 fflfieffieffimmto
702 2714 753 2783 ⁸15
772 2703 1129 2793 ffiiiflfflui’offii
1141 2714 1276 2784 iffi

191 2795 212 2828 8
258 2802 434 2837 navigium
454 2803 525 2827 non
546 2796 625 2827 stet.
674 2792 712 2828 Si
755 2793 810 2828 uis
830 2796 951 2828 tamen
973 2803 1053 2828 cuin
1071 2797 1194 2838 posset
1204 2804 1277 2829 non

189 2837 347 2873 incidere
369 2837 406 2872 in
429 2840 675 2882 tempestatem
698 2847 739 2873 ve
775 2838 812 2872 in
834 2837 990 2873 fluminis
1013 2838 1102 2880 vim,
1138 2838 1170 2874 si
1193 2842 1277 2874 ante

190 2881 374 2928 profectus
387 2885 482 2917 esset
492 2882 547 2917 vel
567 2885 637 2917 tem
663 2892 724 2917 ore
743 2886 945 2927 opportuno
967 2882 1178 2927 navigasset,
1198 2883 1277 2935 ipse

191 2937 231 2962 se
265 2926 453 2962 artaveritt
489 2927 635 2971 numqui
694 2927 855 2972 exceptio
894 2927 926 2962 ei
960 2927 1102 2963 minime
1134 2928 1276 2973 prosit?

191 2970 288 3017 quod
322 2970 462 3016 quidem
494 2981 604 3006 causa
635 2971 778 3016 cognita
808 2972 876 3007 erit
906 2971 1145 3007 statuendum.
1192 2982 1275 3008 nam

188 3026 306 3096 {⁰523
329 3015 756 3104 {fis‘ssssottztssssfflsffi
777 3016 893 3106 {3553
923 3016 1276 3106 ἓέθέἰῗέοὲῗέεῑὲἓῑὲ

189 3105 342 3141 veniret:
375 3114 490 3150 neque
520 3104 647 3139 iterum
670 3105 945 3150 permittendum
968 3105 1019 3149 ei,
1053 3106 1084 3141 si
1115 3106 1199 3151 quid
1229 3106 1277 3141 sit

189 3149 288 3195 quod
311 3149 344 3185 ei
366 3149 579 3229 imputetur,
604 3150 746 3185 causari
767 3153 1015 3195 tempestatem
1037 3150 1093 3186 vel
1114 3151 1184 3186 vim
1205 3150 1274 3186 flu-

189 3194 306 3230 minis.
350 3194 411 3239 qui
467 3194 559 3246 enim
591 3194 620 3228 si
652 3194 749 3245 quis,
786 3206 868 3230 cum
897 3194 1035 3231 Romae
1069 3199 1163 3230 esset
1195 3195 1274 3240 ipso

189 3242 351 3284 tempore
372 3238 615 3284 promissionis
638 3239 786 3274 sistendi
795 3240 820 3282 ⁹,
851 3240 949 3275 nulla
980 3240 1192 3275 necessitate
1215 3250 1275 3275 ur-

190 3286 322 3329 guente
342 3282 536 3328 voluptatis
560 3292 670 3318 causa
691 3283 729 3318 in
752 3284 983 3330 municipium
1001 3283 1184 3330 profectus
1204 3284 1276 3320 sit?

191 3338 312 3364 nonne
333 3327 498 3373 indignus
523 3330 594 3370 est,
627 3327 684 3363 cui
706 3328 796 3364 haec
820 3329 982 3374 exceptio
1006 3329 1276 3374 patrocinetur?

236 3486 276 3527 (1)
299 3485 367 3519 Ed.
381 3491 460 3519 1...s.
473 3491 580 3524 ¹1...1o;
601 3483 682 3517 Sub.
698 3491 813 3523 ιι...ι4;
834 3484 919 3527 Pap.
934 3492 961 3519 o.
972 3493 1015 3520 15.
1034 3504 1081 3510 -
1097 3486 1183 3519 Bas.
1199 3487 1229 3525 7,
1241 3492 1273 3520 16

190 3530 233 3570 (2)
258 3528 506 3573 obtemperabit
516 3530 583 3563 ind.
593 3527 633 3570 F,
654 3527 898 3572 obtemperavit
909 3529 972 3570 ΓΙ,
992 3529 1275 3574 obtemperaverit

189 3573 223 3606 1³·
228 3572 275 3607 ²S
419 3575 462 3615 (3)
486 3575 535 3608 sic
548 3574 623 3607 dett.
638 3585 707 3606 cum
718 3573 764 3611 B,
778 3574 888 3606 sinon
901 3574 960 3607 FS
1085 3576 1127 3617 (4)
1151 3575 1273 3618 opi-oni

191 3618 224 3651 F·
344 3619 390 3661 (5)
415 3618 559 3652 dandam
573 3619 651 3652 libra·
661 3629 729 3651 cum
742 3618 787 3660 B,
802 3628 870 3650 non
883 3618 1028 3651 dandam
1044 3619 1196 3654 accacius
1206 3621 1272 3653 obe.

192 3663 246 3702 12,
257 3670 289 3697 18
383 3664 428 3705 (θ)
452 3673 521 3696 non
533 3662 639 3703 venit,
651 3663 721 3695 sive
732 3673 776 3695 m.
790 3663 860 3696 sive
872 3665 899 3698 t.
911 3662 967 3703 ait,
980 3666 1046 3696 tem
1072 3666 1211 3697 estatem
1221 3664 1274 3696 in-

190 3707 349 3749 tellegere
362 3708 519 3741 debemus
532 3707 700 3749 talemque
713 3717 798 3749 quae
811 3720 873 3741 scr.
921 3709 963 3748 (⁷)
975 3710 1026 3739 est

1078 3709 1121 3742 al.
1170 3709 1215 3749 (8)
1229 3709 1275 3741 sit
1344 3708 1393 3741 F*

1935 135 1975 167 si
2004 135 2103 174 oms
2132 134 2427 170 enmonmus

1345 244 1409 276 aut
1432 239 1517 292 quid
1540 241 1571 276 si
1592 244 1784 288 tempestas
1807 243 1948 289 quidem
1970 243 2007 279 in
2030 244 2120 279 mari
2141 243 2221 287 fuit,
2244 247 2341 281 terra
2362 254 2425 281 au·

1343 288 1416 337 tem
1439 288 1507 320 iste
1530 286 1647 330 potuit
1668 287 1804 323 venire:
1836 288 1892 324 vel
1913 288 2046 325 flumen
2069 289 2282 325 circumire?
2315 299 2428 343 aeque

1345 329 1535 382 dicendum
1553 340 1626 366 non
1645 341 1784 384 semper
1804 332 1837 368 ei
1857 333 2101 378 exceptionem
2111 333 2299 379 prodesse:
2318 334 2388 370 nisi
2399 335 2428 356 ¹⁰

1345 377 1532 426 angustiae
1564 385 1637 411 non
1666 377 1896 421 patiebantur
1925 381 2021 414 terra
2051 378 2119 414 iter
2141 377 2258 414 metiri
2279 378 2335 414 vel
2358 379 2426 415 cir-

1346 429 1490 454 cumire.
1538 429 1620 455 cuin
1641 423 1760 457 tamen
1790 421 1846 457 vel
1875 421 2008 458 flumen
2037 423 2089 459 sic
2119 422 2357 465 abundasset,
2386 427 2428 460 ut

1344 463 1862 554 {ffififfffirssffissintssssffi’s
1885 467 1965 547 {¹11ss
1978 468 2350 548 ἶᾚῗίῗηὲοέἕέἓὲὶ
2371 468 2428 549 ἶὲῗ

1347 553 1589 598 praesentiam
1609 554 1763 591 venienti
1785 556 2022 601 periculosam
2051 556 2155 600 fecit,
2191 567 2235 592 ex
2265 557 2360 593 bono
2393 561 2430 592 et

1347 600 1368 633 9
1415 607 1529 643 aequo
1554 602 1590 634 et
1611 598 1670 635 hic
1694 601 1855 646 exceptio
1880 601 1913 636 ei
1936 601 2238 637 accommodanda
2261 605 2326 638 est.
2374 601 2428 637 Si-

1346 642 1420 677 mili
1441 642 1547 678 modo
1572 645 1733 690 exceptio
1758 645 1864 680 datur
1896 645 1945 688 ei,
1979 646 2041 691 qui
2072 656 2153 682 cuni
2183 645 2231 681 ad
2260 646 2430 682 iudicium

1346 697 1467 722 vemre
1489 687 1640 732 volebat,
1665 699 1688 724 a
1709 690 1920 735 magistratu
1942 693 2102 726 retentus
2127 693 2192 733 est,
2216 694 2252 726 et
2269 694 2428 727 retentus

1347 732 1424 767 sine
1447 731 1527 768 dolo
1550 733 1644 769 malo
1667 734 1798 786 ipsius:
1824 745 1907 769 nam
1931 735 1961 770 si
1982 735 2060 780 ipse
2081 735 2151 771 hoc
2175 735 2355 771 affectavit
2374 736 2430 772 vel

1348 786 1494 829 causam
1548 779 1718 822 raestitit‚
1750 790 1823 815 non
1848 780 1881 815 ei
1902 779 2062 824 proderit
2085 780 2264 825 exceptio:
2289 780 2353 816 sed
2374 781 2429 833 ip-

1347 831 1422 874 sius
1446 788 1589 866 quidlem
1611 823 1713 860 dolus
1738 824 1771 859 ei
1801 824 1934 867 oberit,
1971 828 2170 861 ceterorum
2200 834 2273 860 non
2304 825 2429 868 oberit,

1347 877 1408 911 qm
1431 866 1553 903 dolo¹¹
1575 867 1739 904 fecerunt
1767 873 1809 904 ut
1839 869 2062 904 retineretur.
2109 869 2175 905 sed
2207 869 2240 905 si
2269 870 2428 915 privatus

1351 922 1433 948 eum
1450 912 1652 956 detinuerit,
1676 914 1773 949 nullo
1793 913 1898 949 modo
1919 914 1951 949 ei
1970 913 2131 959 proderit
2147 914 2237 949 haec
2256 915 2429 960 exceptio,

1394 960 1418 1000 3
1443 961 1604 997 PAUzvs
1619 958 1709 995 libro
1729 959 1982 1005 seoeaqensimo
2003 969 2099 994 nono
2119 958 2170 994 ad
2179 959 2332 995 edictum
2368 959 2431 995 sed
2503 986 2505 994 .

1348 1007 1458 1059 actio·
1475 1006 1521 1086 etie
1531 1005 1638 1085 datur
1660 1003 1829 1039 adversus
1855 1013 1935 1038 eum
1959 1003 2019 1048 qui
2042 1003 2194 1039 detinuit
2215 1003 2254 1038 in
2276 1003 2314 1039 id
2335 1004 2431 1049 quod
2500 1052 2506 1059 ἦ

1349 1062 1424 1087 eius
1447 1062 1485 1086 in
1521 1061 1578 1087 res
1597 1077 1606 1086 .

1394 1095 1421 1133 4
1451 1095 1646 1132 ULPJANUs
1674 1093 1765 1129 libro
1795 1093 2084 1139 septuaqensimo
2109 1095 2239 1138 quarto
2263 1092 2315 1129 ad
2337 1092 2430 1129 edic-
2494 1091 2509 1137 3

1349 1144 1423 1176 tum
1470 1140 1540 1176 Sed
1571 1143 1607 1176 et
1637 1140 1668 1175 si
1698 1138 1776 1183 quis
1808 1138 1859 1173 rei
1883 1137 2046 1182 capitalis
2069 1140 2153 1172 ante
2176 1137 2431 1174 condemnatus
2501 1151 2505 1164 π

1347 1185 1480 1221 iudicio
1505 1185 1630 1221 sistere
1654 1193 1693 1218 se
1716 1194 1789 1219 non
1811 1183 1947 1228 potuit,
1970 1181 2095 1218 merito
2118 1181 2203 1217 huic
2224 1181 2429 1227 ignoscitur.

1348 1231 1400 1266 rei
1436 1230 1599 1275 capitalis
1635 1227 1909 1264 condemnatum
1943 1227 2108 1272 accipere
2142 1226 2329 1270 debemus,
2372 1226 2432 1273 qui

1349 1279 1461 1311 morte
1486 1275 1633 1310 exiliove
1657 1273 1831 1308 coercitus
1852 1275 1915 1307 cst.
1949 1271 2078 1306 dixerit
2097 1271 2145 1307 ali
2169 1271 2236 1314 uis,
2260 1282 2330 1317 quo
2347 1282 2430 1317 ergo

1348 1321 1439 1356 haec
1463 1319 1624 1365 exceptio
1662 1317 1855 1353 damnato?
1892 1316 1955 1352 sed
1984 1316 2161 1362 responde
2186 1316 2258 1351 itur
2287 1316 2430 1352 fideius-

1348 1365 1489 1401 soribus
1514 1365 1590 1399 eius
1614 1373 1693 1400 esse
1722 1362 1979 1398 necessariam:
2012 1364 2076 1396 aut
2106 1361 2137 1397 si
2165 1360 2260 1396 forte
2289 1361 2327 1396 in
2358 1361 2430 1397 exi·

1348 1410 1435 1445 lium
1459 1410 1557 1445 salva
1581 1408 1723 1444 civitate
1745 1407 1852 1449 abiit,
1884 1406 1947 1441 ubi
1971 1405 2147 1442 defensori
2170 1406 2246 1442 eius
2270 1406 2430 1452 exceptio

1352 1458 1365 1489 1
1415 1455 1486 1490 ista
1509 1453 1666 1499 proderit
1679 1453 1718 1487 ¹².
1765 1451 1860 1487 Illud
1881 1450 2063 1486 sciendum
2087 1454 2142 1486 est
2165 1461 2264 1493 eum,
2295 1450 2356 1496 qui
2377 1450 2431 1486 id-

1349 1500 1444 1535 circo
1468 1510 1542 1534 non
1565 1498 1682 1540 stetit,
1715 1497 1799 1541 quia
1822 1496 1950 1541 capitis
1974 1505 2056 1531 reus
2079 1495 2198 1531 factus
2222 1499 2295 1538 est,
2326 1495 2365 1531 in
2388 1505 2432 1531 ea

1349 1554 1460 1579 causa
1490 1553 1586 1586 esse,
1618 1546 1660 1578 ut
1690 1541 1898 1586 exceptione
1929 1540 1982 1575 uti
2005 1551 2078 1576 non
2099 1540 2231 1586 possit:
2264 1539 2430 1576 damnato

1348 1589 1441 1624 enim
1477 1588 1593 1623 datur.
1640 1587 1747 1632 plane
1778 1586 1808 1621 si
1838 1585 1988 1620 vinculis
2018 1585 2075 1620 vel
2106 1584 2268 1621 custodia
2288 1585 2431 1620 militari

1346 1633 1539 1679 impeditus
1563 1632 1641 1667 ideo
1665 1642 1738 1667 non
1762 1630 1878 1672 stetit,
1910 1630 1948 1664 in
1979 1639 2022 1664 ea
2046 1630 2113 1664 erit
2136 1639 2264 1672 causa,
2295 1633 2337 1665 ut
2369 1639 2430 1665 ex-

1348 1681 1368 1713 2
1417 1678 1580 1722 ceptione
1599 1679 1731 1712 utatur.
1766 1675 1958 1710 Praeterea
1969 1674 2000 1709 si
2009 1674 2135 1710 funere
2146 1674 2224 1727 quis
2236 1674 2430 1710 domestico

1349 1725 1368 1758 3
1416 1722 1604 1767 impeditus
1628 1732 1701 1756 non
1723 1720 1830 1762 venit,
1852 1719 1956 1754 debet
1976 1719 2008 1754 ei
2026 1722 2187 1764 exceptio
2208 1719 2297 1754 dari.
2343 1719 2432 1754 Item

1348 1767 1379 1802 si
1392 1767 1470 1812 quis
1483 1767 1520 1801 in
1533 1766 1702 1801 servitute
1712 1764 1869 1800 hostium
1879 1763 1988 1799 fuerit
1998 1773 2042 1799 ac
2053 1774 2117 1808 per
2131 1764 2200 1799 hoc
2211 1763 2249 1799 in
2261 1763 2431 1799 iudiciuin

1347 1815 1369 1846 4
1415 1822 1487 1847 non
1500 1811 1608 1853 stetit,
1623 1810 1728 1845 debet
1740 1809 1946 1854 exceptione
1958 1808 2127 1843 adiuvari.
2160 1809 2366 1853 Quaesitum
2378 1812 2432 1845 est

1347 1867 1395 1892 an
1413 1856 1527 1901 possit
1544 1855 1723 1891 conveniri
1734 1855 1775 1897 ¹³,
1799 1864 1845 1889 ne
1863 1853 1938 1888 ulla
1958 1853 2120 1898 exceptio
2139 1853 2178 1888 in
2197 1853 2430 1898 promissione

1348 1901 1491 1937 deserta
1512 1900 1644 1936 iudicio
1670 1898 1818 1935 sistendi
1843 1908 1953 1933 causa
1975 1897 2076 1933 facta
2098 1897 2290 1933 obiciatur:
2324 1902 2359 1933 et
2382 1898 2432 1934 ait

1346 1946 1536 1981 Atilicinus
1560 1944 1828 1981 conventionem
1850 1943 1956 1978 istam
1978 1953 2051 1978 non
2073 1943 2200 1978 valere.
2237 1942 2301 1978 sed
2315 1943 2343 1964 ¹⁴
2367 1953 2430 1987 ego
2487 1939 2491 1962 2

1347 1994 1435 2036 puto
1473 1990 1742 2025 conventionem
1776 1988 1882 2023 istam
1915 1988 1967 2023 ita
1996 1987 2130 2032 valere,
2168 1987 2199 2023 si
2233 1987 2429 2032 specialiter

1348 2045 1480 2071 causae
1504 2035 1753 2080 exceptionum
1765 2034 1794 2055 ¹⁵
1817 2042 2006 2085 expressae
2029 2032 2118 2075 sint,
2151 2032 2279 2077 quibus
2303 2042 2326 2067 a
2347 2043 2429 2085 pro-

1347 2083 1367 2115 5
1414 2080 1562 2115 missore
1586 2082 1714 2125 sponte
1735 2081 1979 2114 renuntiatum
2002 2080 2067 2112 est.
2113 2077 2203 2112 Item
2235 2080 2429 2123 quaeritur,

1347 2125 1378 2160 si
1402 2125 1491 2170 quis,
1517 2135 1598 2160 cum
1620 2123 1751 2159 iudicio
1776 2122 1924 2158 sistendi
1947 2131 2057 2157 causa
2080 2121 2254 2157 satisdare
2276 2132 2351 2157 non
2370 2121 2429 2157 de-

1346 2170 1457 2212 beret,
1482 2169 1655 2205 satisdato
1679 2168 1890 2214 promiserit,
1915 2177 1962 2202 an
1984 2166 2252 2202 fideiussoribus
2272 2166 2347 2202 eius
2369 2176 2429 2202 ex·

1347 2215 1463 2259 ceptio
1488 2214 1603 2249 detur.
1650 2217 1738 2259 puto
1760 2213 1942 2254 interesse,
1967 2215 2086 2246 utrum
2108 2221 2172 2257 per
2195 2221 2350 2247 errorem
2373 2221 2428 2247 sa-

1346 2259 1478 2294 tisdato
1491 2259 1704 2304 promissum
1724 2261 1780 2293 est
1799 2267 1846 2291 an
1865 2266 1909 2291 ex
1926 2256 2176 2291 conventione:
2199 2255 2230 2291 si
2243 2266 2313 2308 pei·
2333 2266 2428 2292 erro-

1345 2314 1440 2345 rem,
1465 2303 1620 2338 dandam
1642 2301 1910 2337 fideiussoribus
1935 2300 2197 2345 exceptionem:
2223 2310 2253 2335 si
2277 2311 2321 2336 ex
2345 2311 2429 2337 con·

1345 2348 1521 2390 ventione,
1546 2347 1687 2382 minime
1711 2345 1874 2387 dandam.
1922 2355 2006 2380 nam
2037 2348 2074 2380 et
2103 2345 2262 2380 Iulianus
2293 2345 2428 2388 scribit,

1342 2393 1378 2428 si
1410 2392 1542 2428 iudicio
1574 2391 1722 2428 sistendi
1758 2399 1869 2426 causa
1898 2389 2010 2434 pluris
2042 2399 2149 2435 quam
2180 2393 2353 2425 statutum
2377 2393 2429 2426 est

1345 2447 1410 2517 ger
1435 2436 1672 2482 ignorantiam
1697 2435 1911 2481 promissum
1940 2433 2060 2477 fuerit,
2085 2435 2329 2479 exceptionem
2352 2434 2429 2470 dari
2481 2435 2485 2453 ³

1370 2482 1492 2517 ebere:
1517 2481 1548 2517 si
1567 2484 1687 2516 autem
1707 2490 1751 2516 ex
1772 2479 2005 2515 conventione
2022 2482 2146 2515 tantae
2164 2489 2323 2516 summae
2345 2490 2428 2525 pro·
2479 2491 2485 2506 τ

1345 2526 1465 2562 missio
1487 2525 1587 2561 facta
1618 2526 1683 2568 sit,
1716 2525 1960 2570 exceptionem
1988 2523 2091 2576 pacti
2125 2525 2290 2561 conventi
2321 2524 2428 2570 repli-
2479 2536 2481 2538 ·

1346 2571 1488 2607 catione
1509 2570 1759 2606 infirmandam
1781 2569 1940 2605 Iulianus
1963 2571 2024 2604 ait.

1391 2614 1416 2653 5
1441 2615 1602 2651 PAULUs
1622 2615 1713 2651 libro
1736 2614 1989 2660 sexaqensimo
2012 2624 2108 2648 nono
2132 2613 2183 2649 ad
2203 2613 2356 2649 edictum
2391 2612 2428 2648 Si
2480 2655 2482 2657 ‚

1345 2660 1415 2696 duo
1450 2660 1502 2696 rei
1535 2659 1730 2705 stipulandi
1764 2659 1835 2694 sint
1866 2661 1902 2693 et
1932 2657 1995 2693 uni
2009 2659 2038 2679 ¹⁶
2067 2657 2206 2694 debitor
2235 2657 2366 2693 iudicio
2390 2667 2429 2694 se
2475 2687 2481 2698 2

1345 2705 1423 2741 sisti
1446 2715 1526 2741 cum
1547 2715 1665 2750 poena
1687 2703 1908 2749 promiserit,
1942 2702 2033 2737 alter
2063 2706 2182 2738 autem
2210 2702 2426 2748 impedierit:

1344 2750 1396 2785 ita
1419 2750 1558 2785 demum
1583 2749 1744 2794 exceptio
1768 2748 1938 2784 adversus
1961 2747 2111 2782 alterum
2143 2747 2261 2782 danda
2292 2750 2365 2790 est,
2397 2747 2427 2782 si

1345 2794 1434 2830 socii
1456 2794 1545 2830 sint:
1578 2804 1624 2829 ne
1654 2793 1769 2839 prosit
1791 2793 1865 2828 ei¹⁷
1897 2791 2000 2827 dolus
2030 2795 2176 2837 propter
2206 2791 2425 2827 societatem.
2471 2814 2474 2815 ν

1347 2843 1362 2874 1
1412 2839 1501 2874 Item
1525 2839 1555 2875 si
1579 2838 1650 2874 duo
1673 2838 1726 2874 rei
1747 2836 1977 2883 promittendi
1999 2836 2071 2871 sint
2094 2840 2130 2872 et
2151 2847 2244 2872 unus
2269 2836 2316 2872 ad
2334 2836 2425 2872 iudi·
2476 2845 2479 2847 ’

1345 2884 1440 2919 cium
1463 2894 1535 2920 non
1557 2883 1692 2919 venerit
1715 2885 1919 2926 contempta
1942 2891 2008 2916 sua
2030 2881 2264 2926 promissione
2295 2881 2425 2917 iudicio
2478 2912 2480 2914 .

1345 2928 1494 2964 sistendi
1517 2938 1626 2964 causa
1647 2927 1764 2970 facta,
1795 2930 1897 2962 actor
1920 2930 2039 2961 autem
2063 2926 2108 2961 ab
2133 2926 2244 2962 altero
2267 2936 2341 2961 rem
2363 2936 2424 2971 pe·
2466 2933 2471 2938 ’

1344 2977 1415 3016 tat,
1440 2973 1485 3008 ab
1510 2973 1622 3008 altero
1645 2981 1796 3017 poenam
1828 2970 2056 3006 desertionis:
2090 2971 2242 3016 petendo
2274 2981 2425 3016 poenam

1344 3020 1364 3053 2
1413 3017 1621 3062 exceptione
1640 3016 1925 3052 summovebitur.
1959 3015 2084 3061 Aeque
2106 3015 2136 3051 si
2159 3025 2182 3050 a
2203 3018 2306 3060 patre
2327 3015 2424 3050 facta

1342 3061 1453 3098 fuerit
1481 3061 1670 3107 promissio
1700 3060 1831 3096 iudicio
1865 3059 2012 3096 sistendi
2039 3060 2156 3105 gratia
2185 3070 2230 3095 ex
2252 3059 2317 3095 filii
2339 3070 2423 3095 con-

1343 3109 1485 3149 tractu,
1521 3105 1648 3142 deinde
1671 3105 1715 3141 de
1737 3116 1778 3141 re
1801 3108 1903 3141 actor
1926 3104 2035 3150 egerit
2057 3115 2140 3140 cum
2169 3104 2263 3147 filio,
2296 3114 2422 3157 excep-

1343 3151 1441 3187 tione
1471 3150 1765 3193 summovebitur,
1801 3150 1833 3186 si
1864 3160 1946 3185 cuin
1974 3152 2077 3202 patre
2108 3159 2153 3184 ex
2176 3149 2251 3184 eius
2274 3158 2423 3194 promis·

1344 3195 1444 3231 sione
1467 3198 1561 3240 agat.
1609 3199 1646 3230 et
1669 3198 1796 3231 contra
1820 3194 1914 3230 idem
1937 3197 2022 3236 erit,
2053 3194 2085 3229 si
2106 3193 2200 3231 filius
2222 3193 2424 3239 promiserit

1344 3243 1380 3275 et
1402 3243 1504 3276 actor
1527 3239 1637 3285 egerit
1659 3250 1740 3276 cum
1762 3242 1866 3285 patre
1889 3239 1933 3274 de
1953 3238 2106 3284 peculio.

1390 3282 1415 3322 6
1442 3284 1567 3320 GAms
1575 3284 1665 3321 libro
1670 3285 1795 3331 primo
1814 3283 1864 3320 ad
1881 3283 1994 3330 leqem
2014 3282 2201 3318 duodecim
2220 3282 2423 3319 tabularum

1344 3327 1383 3364 si
1404 3328 1436 3364 is
1460 3329 1521 3374 qui
1542 3329 1786 3365 fideiussorem
1810 3328 1907 3364 dedit
1927 3327 2007 3363 ideo
2038 3337 2110 3363 non
2141 3327 2295 3370 steterit,
2326 3325 2423 3372 quod

1344 3486 1496 3518 Brencm.
2178 3484 2237 3524 (io)
2262 3486 2328 3515 tem
2373 3481 2422 3514 ria

1343 3531 1404 3563 ins.
2094 3528 2153 3570 (¹2)
2178 3527 2238 3560 ubi
2250 3539 2308 3561 om.
2346 3551 2356 3569 ,
2369 3526 2420 3558 uti

1344 3574 1499 3607 defensor
1510 3575 1583 3607 eius
1596 3584 1674 3607 exce
1700 3574 1793 3607 tione
1805 3573 1871 3606 ieta
1883 3572 2010 3616 poterit
2021 3573 2225 3606 Hotomanus
2293 3571 2351 3612 (1³)
2373 3571 2422 3604 eie

1343 3619 1398 3661 F‘,
1414 3619 1593 3652 convenire
1605 3584 1698 3652 F'AE
1766 3619 1824 3660 (u)
1846 3618 1895 3651 eie
1905 3617 1943 3659 S,
1956 3617 2014 3650 sed
2027 3619 2060 3650 et
2072 3617 2107 3650 F
2187 3617 2245 3658 (15)
2269 3617 2318 3650 sic
2327 3613 2418 3654 17⁸8,

1343 3664 1573 3706 exceptionem
1585 3662 1638 3696 ΙΝ
1740 3663 1799 3704 (ιο)
1823 3662 1894 3695 sint
1905 3665 1939 3694 et
1948 3661 2008 3694 uni
2020 3660 2111 3701 F'S,
2124 3664 2204 3693 nunt
2216 3661 2287 3702 (om.
2301 3662 2335 3693 et
2345 3658 2420 3700 uni)

1488 3710 1545 3748 (¹¹1)
1570 3708 1630 3750 qui
1642 3706 1800 3750 impediit
1810 3707 1862 3740 vel
1871 3707 1991 3740 similia
2004 3706 2190 3748 exciderunt

1613 3487 1658 3527 (9)
1683 3484 1824 3518 sistendi
1836 3484 1874 3526 S,
1886 3483 2018 3517 intendi
2031 3483 2064 3515 F

1498 3531 1552 3571 (ii)
1577 3529 1654 3562 dolo
1666 3530 1701 3563 F
1707 3529 1757 3572 ¹S,
1770 3528 1859 3562 malo
1873 3527 1950 3560 dolo
1962 3526 2014 3561 F2
