2528 3918
196 138 254 167 DE
282 137 456 168 LIBERIS
488 138 544 167 ΕΤ
571 137 788 169 Pos‘rUMIS

192 246 284 281 enim
316 256 421 291 quam
452 246 640 281 ridiculum
672 248 727 281 est
757 245 940 289 dubitare,
973 256 1021 281 an
1051 246 1179 291 aliquis
1209 245 1288 282 iure

193 291 291 327 testis
323 291 502 326 adhibitus
534 291 596 332 sit,
629 291 798 336 quoniam
829 291 921 326 idem
953 295 989 326 et
1011 292 1154 327 tabulas
1178 295 1287 327 testa-

191 335 298 371 menti
321 336 512 380 scripserit.

237 377 289 417 28
313 380 568 416 MODESTINUS
588 379 679 416 libro
695 391 791 415 nono
808 381 1018 428 rcqularum
1059 381 1188 417 Servus
1204 381 1287 417 licet

190 426 325 461 alienus
361 426 460 461 iussu
496 425 679 461 testatoris
722 429 975 462 testamentum
1013 427 1171 462 scribere
1213 437 1287 462 non

214 470 406 506 rohibetur.

190 482 213 516 p
236 513 288 552 29
313 515 369 550 ΡΑ
378 525 420 550 UL
429 525 472 550 vs
492 515 583 551 libro
607 519 740 561 quarto
764 516 901 551 decimo
925 527 1181 562 responsorum
1226 517 1285 553 Ex

189 571 231 596 ea
263 561 450 606 scriptura,
483 570 575 606 quae
609 560 655 595 ad
678 563 929 596 testamentum
953 561 1156 597 faciendum
1178 573 1284 608 para-

189 606 304 648 batur,
330 605 360 641 si
383 606 480 641 nullo
505 606 581 641 iure
604 609 857 641 testamentum
880 606 1079 651 perfectum
1098 612 1203 651 esset,
1218 618 1285 643 nec

188 660 231 686 ea
278 660 346 686 uae
369 650 721 686 fideicommissorum
756 652 866 686 verba
896 652 1032 687 habent
1061 653 1136 698 peti
1165 662 1285 698 posse.

191 699 203 730 1
254 662 312 730 {lx
335 695 391 731 his
414 696 543 738 verbis,
569 706 661 741 quae
685 696 887 741 scriptura¹
910 701 1015 742 pater
1036 697 1189 734 familias
1220 698 1283 734 ad-

188 740 293 776 didit:
333 739 470 783 ταύτην
500 741 567 784 τὴν
603 739 788 783 διαθήκην
818 739 998 786 βούλομαι
1033 742 1126 777 εἶναι
1157 746 1285 790 κυρίαν

187 788 244 820 ἐπὶ
275 783 391 828 πάσης
425 785 586 825 ἐξουσίας
595 787 622 829 ²,
645 786 755 821 videri
788 797 868 822 eum
896 787 1051 823 voluisse
1079 788 1282 825 omnimodo

185 830 302 866 valere
322 841 365 866 ea
389 841 481 876 quae
503 831 657 876 reliquit,
684 832 821 867 etiamsi
843 832 1034 868 intestatus
1059 833 1281 869 decessisset.

231 873 284 914 30
309 875 416 911 IDEM
436 876 528 912 libro
553 877 657 912 tertio
681 878 940 912 sententiarum
981 878 1145 922 Singulos
1161 883 1281 922 testes,

185 921 246 967 qui
277 921 314 956 in
344 925 558 957 testamento
591 921 827 964 adhibentur,
860 924 1004 968 proprio
1046 925 1283 969 chirographo

185 966 359 1002 adnotare
394 967 580 1010 convenit,
616 967 694 1012 quis
727 971 762 1002 et
793 967 895 1003 cuius
927 972 1180 1005 testamentum
1212 971 1282 1015 sig-

185 1012 333 1047 naverit.

231 1054 281 1094 31
310 1055 418 1092 IDEM
443 1057 535 1093 libro
567 1058 692 1104 quinto
724 1059 1007 1093 sententiarum-'³
1060 1059 1150 1095 Eius
1174 1060 1281 1103 bona,

185 1102 245 1147 qui
269 1112 308 1138 se
330 1102 581 1147 imperatorem
604 1102 785 1138 facturum
809 1103 998 1139 heredem*
1023 1114 1103 1140 esse
1125 1105 1281 1141 iactave-

184 1151 251 1190 rat‚
277 1158 299 1182 a
322 1147 410 1183 fisco
436 1148 606 1193 occupari
629 1158 702 1184 non
724 1152 886 1194 possunt.

699 1286 774 1326 11⁶.

185 1353 245 1384 DE
277 1352 461 1385 LIBERIS
493 1353 554 1384 ET
586 1352 809 1385 POSTUMIS
842 1354 1107 1387 HEREDIBUS
1141 1355 1280 1388 INSTI-

361 1398 560 1430 TUENDIS
586 1398 678 1430 VEL
701 1397 1104 1434 EXHEREDAND180.

233 1462 250 1500 1
287 1462 481 1500 ULpJANUs
513 1463 603 1500 libro
632 1464 757 1510 primo
793 1464 843 1499 ad
877 1463 1051 1501 Sabinum
1111 1467 1204 1512 Quid
1234 1468 1281 1503 sit

182 1508 390 1544 nominatim
407 1509 626 1551 exheredari,
642 1509 834 1545 videamus.
868 1520 997 1546 nomen
1014 1516 1049 1546 et
1064 1522 1280 1557 praenomen

182 1557 219 1589 et
243 1564 439 1599 cognomen
463 1555 538 1589 eius
563 1554 753 1589 dicendum
778 1558 833 1590 est
856 1565 903 1590 an
927 1556 1061 1592 sufficit
1083 1557 1139 1592 vel
1168 1569 1280 1594 unum

182 1609 225 1634 ex
249 1599 330 1634 his?
362 1603 398 1634 et
422 1602 564 1635 constat
588 1599 765 1635 sufficere.

227 1641 253 1681 2
278 1643 387 1679 IDEM
413 1644 504 1680 libro
537 1648 642 1680 sexto
673 1645 885 1692 reqularum
931 1646 1149 1683 Nominatim
1174 1649 1279 1684 exhe-

180 1689 326 1724 redatus
351 1689 445 1725 filius
470 1693 504 1724 et
526 1690 578 1725 ita
600 1690 738 1725 videtur
763 1690 868 1726 ‘filius
885 1702 983 1727 meus
1010 1693 1157 1728 exheres
1182 1694 1279 1737 esto’,

181 1735 211 1770 si
235 1745 301 1770 nec
325 1745 455 1770 nomen
481 1735 556 1771 eius
580 1746 788 1788 expressum
812 1735 869 1778 sit,
894 1737 924 1772 si
940 1738 1044 1773 modo
1062 1738 1190 1774 unicus
1215 1739 1278 1774 sit:

181 1790 263 1815 nam
288 1779 319 1815 si
341 1780 462 1824 plures
486 1784 571 1816 sunt
586 1780 661 1823 filii,
678 1781 831 1825 benigna
846 1782 1144 1827 interpretatione
1160 1784 1279 1829 potius

181 1835 204 1860 a
252 1825 407 1870 lerisque
430 1826 668 1871 respondetur
690 1826 827 1862 nullum
851 1828 1106 1864 exheredatum
1131 1839 1220 1865 esse.

227 1836 251 1908 ἒ
277 1870 385 1906 IDEM
404 1870 495 1906 libro
513 1872 638 1917 primo
662 1872 712 1906 ad
734 1870 908 1907 Sabinum
963 1873 1013 1908 Et
1043 1874 1074 1908 si
1108 1884 1278 1920 peperce-

180 1916 252 1950 rit⁷
276 1915 389 1951 fflium
422 1915 558 1959 dicere,
593 1927 636 1952 ex
660 1916 742 1952 Seia
765 1921 886 1952 autem
909 1922 1033 1953 natum
1057 1919 1157 1962 dixit,
1182 1924 1279 1956 recte

181 1960 391 1996 exheredat:
426 1965 461 1996 et
486 1962 515 1996 si
540 1973 620 1997 cum
645 1962 804 1997 convicio
831 1963 960 1998 dixerit
985 1967 1068 1999 ‘non
1092 1965 1278 2000 nominan-

181 2006 270 2042 ‘dus'
295 2006 348 2041 vel
373 2010 457 2041 ‘non
482 2007 576 2042 filius
608 2008 732 2049 meus',
765 2007 898 2051 ‘latro',
933 2009 1143 2054 ‘gladiator’,
1167 2011 1278 2056 magis

179 2056 246 2094 est,
271 2055 312 2086 ut
335 2055 433 2086 recte
458 2052 692 2088 exheredatus
718 2053 774 2094 sit,
801 2057 836 2087 et
860 2054 891 2089 si
907 2064 951 2089 ex
967 2055 1128 2091 adultero
1154 2059 1278 2091 natum

184 2099 196 2131 1
248 2096 386 2132 dixerit.
442 2097 537 2133 Pure
569 2102 688 2134 autem
729 2097 840 2133 filium
880 2099 1087 2135 exheredari
1118 2100 1277 2136 Iulianus

180 2144 199 2176 2
247 2145 362 2187 putat,
388 2152 459 2186 qua
483 2143 660 2178 sententia
683 2143 827 2179 utimur.
875 2144 987 2180 Filius
1019 2145 1112 2180 inter
1142 2146 1277 2182 medias

179 2197 321 2231 quoque
351 2187 523 2222 heredum
558 2188 800 2224 institutiones
836 2194 934 2225 recte
970 2191 1208 2226 exheredatur
1243 2195 1279 2227 et

180 2232 247 2266 erit
270 2242 292 2266 a
315 2235 392 2267 toto
417 2232 529 2277 gradu
554 2237 762 2276 summotuS‚
788 2234 856 2269 nisi
880 2234 973 2271 forte
997 2236 1043 2271 ab
1068 2236 1173 2272 unius
1197 2247 1276 2282 per-

179 2287 269 2312 sona
300 2287 380 2312 eum
410 2281 562 2313 testator
594 2279 876 2314 exheredaverit:
918 2291 1001 2316 nam
1032 2281 1063 2316 si
1086 2281 1156 2317 hoc
1179 2281 1276 2325 fecit,

178 2322 306 2357 vitiosa
338 2323 405 2357 erit
437 2324 677 2360 exheredatio.
723 2325 1021 2369 quemadmodum
1056 2326 1086 2362 si
1121 2327 1172 2362 ita
1197 2337 1278 2363 eum

180 2366 446 2402 exheredaverit
470 2369 640 2414 ‘quisquis
665 2370 766 2405 heres
779 2370 793 2391 ⁸
815 2371 901 2405 mihi
933 2371 1018 2414 crit,
1050 2371 1144 2408 filius
1168 2373 1275 2408 exhe-

179 2415 247 2447 ‘res
273 2412 379 2447 esto':
412 2423 513 2456 nam,
545 2418 587 2449 ut
617 2415 776 2451 Iulianus
811 2416 955 2459 scribit,
987 2416 1190 2453 huiusmodi
1215 2428 1275 2454 ex-

177 2457 360 2492 heredatio
392 2458 521 2494 vitiosa
552 2463 618 2503 est,
644 2460 811 2506 quoniam
835 2466 918 2506 post
942 2462 1074 2497 aditam
1097 2463 1275 2498 heredita-

178 2506 249 2537 tem
284 2503 397 2538 voluit
432 2513 511 2538 eum
547 2510 762 2541 summotum
776 2532 785 2548 ,
830 2507 927 2551 quod
968 2511 1022 2543 est
1055 2508 1273 2554 inpossibile.

179 2550 197 2580 3
245 2548 340 2582 Ante
373 2549 514 2584 heredis
547 2550 805 2587 institutionem
829 2552 1066 2588 exheredatus
1090 2554 1136 2589 ab
1162 2554 1274 2589 omni-

178 2595 198 2627 4
244 2593 313 2628 bus
344 2593 512 2638 gradibus
546 2600 744 2632 summotus
777 2600 840 2631 est.
889 2598 986 2632 Inter
1018 2598 1107 2634 duos
1131 2599 1276 2634 autem⁹

176 2638 309 2681 gradus
334 2638 569 2675 exheredatus
594 2642 639 2676 ab
664 2646 817 2686 utroque
835 2647 992 2678 remotus
1010 2647 1064 2678 est
1080 2644 1274 2680 secundum

178 2686 196 2716 5
246 2682 438 2719 Scaevolae
470 2686 702 2725 sententiam,
734 2697 840 2731 quam
863 2690 951 2732 puto
975 2698 1104 2724 veram.
1153 2689 1195 2724 In
1220 2700 1273 2732 eo,

177 2727 238 2771 qui
261 2728 403 2763 miscuit
427 2729 517 2765 duos
540 2731 683 2775 gradus,
710 2732 1020 2768 exheredationem
1035 2734 1153 2770 valere
1167 2734 1272 2770 Mau-

176 2773 332 2808 ricianus
364 2777 461 2809 recte
492 2779 615 2819 putat,
647 2777 773 2812 veluti:
808 2777 958 2813 ‘Primus
991 2778 1095 2814 heres
1128 2783 1204 2815 esto
1230 2791 1274 2815 ex

177 2819 345 2853 ‘semisse
394 2819 424 2854 si
447 2819 587 2856 Primus
611 2822 713 2858 heres
737 2833 811 2858 non
836 2823 913 2866 erit,
939 2823 1124 2860 Secundus
1149 2835 1193 2860 ex
1217 2836 1271 2860 se-

177 2863 294 2898 ‘misse
317 2864 419 2899 heres
444 2868 531 2900 esto.
581 2866 722 2902 Tertius
748 2878 792 2903 ex
807 2868 877 2903 alio
895 2869 1041 2904 semisse
1056 2870 1159 2905 heres
1183 2874 1270 2906 esto.

178 2907 283 2943 ‘filius
308 2909 455 2945 exheres
480 2914 567 2947 esto.
593 2912 624 2947 si
648 2912 790 2949 Tertius
814 2914 919 2949 heres
950 2924 1023 2949 non
1056 2914 1132 2958 erit,
1158 2915 1271 2960 Quar-

177 2955 246 2988 ‘tus
270 2953 373 2989 heres
399 2955 503 2990 esto':
540 2967 622 2992 nam
654 2958 699 2993 ab
731 2962 884 3004 utroque
922 2959 1035 3004 gradu
1074 2964 1272 2996 summotus

178 3001 198 3032 6
227 3002 308 3050 ‘est
357 2998 395 3034 Si
417 2999 469 3035 ita
492 3004 645 3038 testatus
670 3003 716 3038 sit
739 3007 843 3048 pater
866 3004 1030 3046 familias,
1055 3009 1096 3040 ut
1112 3016 1134 3040 a
1157 3006 1271 3050 primo

177 3043 317 3087 quidem
340 3044 452 3088 gradu
476 3045 587 3081 filium
621 3049 849 3092 praeteriret,
875 3060 897 3084 a
927 3050 1083 3086 secundo
1109 3051 1185 3086 solo
1211 3061 1270 3086 ex-

175 3087 371 3131 heredaret,
396 3089 550 3127 Sabinus
576 3096 611 3127 et
629 3092 773 3129 Cassius
798 3098 834 3129 et
856 3094 1015 3130 Iulianus
1039 3098 1168 3140 putant
1190 3106 1270 3141 per-

177 3136 294 3185 empto
330 3135 443 3179 primo
477 3136 588 3180 gradu
611 3141 862 3175 testamentum
886 3140 931 3175 ab
957 3150 998 3176 eo
1023 3140 1136 3185 gradu
1169 3151 1270 3176 exor-

177 3177 272 3212 dium
297 3189 435 3223 capere,
460 3181 555 3217 unde
578 3182 670 3218 filius
695 3184 931 3220 exheredatus
963 3188 1034 3220 est:
1068 3196 1159 3231 quae
1190 3197 1270 3222 sen-

175 3223 286 3257 tentia
311 3226 543 3270 comprobata
568 3232 631 3262 est.

222 3266 245 3303 4
270 3268 378 3305 IDEM
410 3269 500 3306 libro
538 3274 643 3308 tertio
679 3274 728 3308 ad
763 3274 935 3309 Sabinum
981 3275 1107 3311 Placet
1131 3286 1270 3311 omnem

175 3313 371 3366 masculum
394 3325 500 3359 posse
515 3318 542 3337 ¹⁰
563 3321 768 3362 postumum
800 3320 966 3355 heredem
998 3321 1165 3363 seribere,
1199 3322 1271 3356 sive

175 3366 245 3391 iam
269 3361 416 3395 maritus
447 3360 493 3395 sit
523 3362 596 3398 sive
626 3364 784 3399 nondum
815 3375 963 3400 uxorem
995 3365 1154 3401 duxeritz
1187 3376 1269 3401 nam

176 3473 216 3511 (1)
241 3472 429 3513 scripturae
443 3475 525 3509 Hal.
620 3478 661 3518 (2)
687 3479 797 3512 idest:
823 3479 910 3511 hanc
931 3479 1138 3512 voluntatem
1158 3479 1267 3511 valere

176 3514 250 3547 volo
264 3527 472 3560 quocumque
486 3521 583 3553 modo
721 3525 764 3565 (3)
788 3540 833 3552 ==
857 3525 890 3565 5,
903 3531 949 3565 12,
961 3531 979 3558 9
1107 3527 1149 3566 (4)
1175 3525 1268 3556 here-

176 3561 249 3593 dem
263 3561 500 3602 imperatorem
512 3566 681 3600 facturum
694 3568 798 3601 Pauli
808 3569 893 3602 libri.

222 3607 264 3646 (5)
291 3607 368 3643 Sab.
384 3617 460 3642 1...4.
478 3617 721 3651 s...1·1.3o...32;
755 3612 819 3645 Ed.
835 3621 860 3646 5.
877 3620 1003 3653 18...22;
1037 3613 1122 3657 Pap.
1146 3621 1266 3648 23...29.

177 3669 219 3674 —-
245 3653 330 3686 Bas.
345 3655 399 3694 35,
414 3661 440 3687 s.
466 3672 510 3678 -
539 3654 589 3694 Of.
604 3656 684 3689 Inse.
698 3658 731 3698 2,
745 3665 795 3697 133
821 3677 864 3681 —
891 3657 969 3692 cod.
983 3660 1016 3700 6,
1030 3665 1078 3693 28.
1092 3665 1129 3692 29
1223 3659 1266 3699 (0)

173 3705 249 3738 post
260 3698 500 3730 exheredandis
514 3700 590 3732 add.
606 3700 657 3732 vel
670 3702 862 3743 praeteritis
874 3704 942 3735 ind.
958 3703 992 3735 F
1125 3706 1168 3740 (¹1)
1192 3712 1268 3746 per·

176 3743 303 3783 ceperit
320 3743 366 3775 Ρ)-
458 3746 502 3785 (8)
527 3745 621 3777 heres
635 3758 692 3778 om.
707 3747 741 3779 F
835 3749 878 3790 (9)
904 3747 962 3780 8οᾱ
975 3750 1008 3779 01
1019 3748 1110 3780 inter
1121 3747 1203 3780 duos
1216 3746 1268 3780 F2

1263 120 1350 168 373

2160 127 2347 169 XXVIII
2366 131 2400 167 1.
2421 128 2445 166 2

1357 248 1393 281 et
1415 246 1564 282 maritus
1588 246 1777 291 repudiare
1802 258 1946 283 uxorem
1970 254 2090 294 potest
2113 255 2148 285 et
2172 251 2232 295 qui
2256 261 2327 286 non
2353 251 2451 287 duxit

1356 302 1515 334 uxorem,
1540 295 1665 337 postea
1689 292 1835 327 maritus
1869 293 1973 328 effici.
2007 305 2090 330 nam
2123 300 2160 331 et
2191 306 2272 331 cum
2303 296 2451 333 maritus

1355 341 1560 381 postumum
1595 336 1760 372 heredem
1796 337 1972 381 scribit¹¹,
2008 350 2080 375 non
2116 341 2240 386 utique
2281 341 2311 376 is
2353 341 2451 376 solus

1355 385 1543 426 postumus
1574 382 1729 426 scriptus
1764 382 1922 424 videtur,
1955 385 2015 428 qui
2051 396 2095 420 ex
2130 396 2173 421 ea
2205 397 2311 431 quam
2343 386 2452 420 habet

1355 437 1503 462 uxorem
1516 427 1543 448 ’²
1566 427 1599 463 ei
1624 431 1730 462 natus
1762 431 1834 469 est,
1866 428 1920 462 vel
1951 429 1980 463 is
2005 430 2065 474 qui
2088 434 2174 467 tunc
2197 432 2236 466 in
2259 436 2361 467 utero
2387 436 2451 473 est,

1355 482 1478 507 verum
1501 473 1532 508 is
1555 482 1709 518 quoque,
1758 472 1795 507 ui
1819 481 1863 506 ex
1886 483 2109 519 quacumque
2134 487 2245 512 uxore
2269 481 2450 518 nascatur,

1402 516 1425 554 5
1451 517 1678 552 Imozmws
1707 517 1734 552 12·
1755 529 1797 552 ro
1815 518 1938 563 primo
1973 530 2022 554 ex
2049 520 2168 556 Cassio
2214 522 2367 566 ideoque
2391 522 2450 566 qui

1355 567 1559 607 postumum
1583 562 1751 597 heredem
1766 563 1921 598 instituit
1945 564 1974 598 si
1998 569 2081 608 post
2096 569 2350 602 testamentum
2373 566 2450 602 fac-

1354 612 1431 642 tum
1455 608 1604 643 mutavit
1627 608 1901 650 matrimonium,
1934 608 1965 643 is
1997 609 2181 647 institutus
2215 612 2366 654 videtur,
2391 612 2452 657 qui

1355 662 1398 687 ex
1422 653 1620 697 posteriore
1644 653 1869 689 matrimonio
1894 658 2000 689 natus
2024 659 2089 690 est.

1401 696 1426 734 6
1466 697 1661 734 ULPJANUS
1694 698 1786 734 libro
1823 700 1927 734 tertio
1962 699 2013 734 ad
2047 699 2221 736 Sabinum
2290 701 2361 737 Sed
2397 705 2452 738 est

1354 743 1566 788 quaesitum,
1592 753 1639 778 an
1662 743 1703 785 is,
1728 744 1789 788 qui
1811 754 1982 789 generare
2004 744 2111 781 facile
2134 756 2206 781 non
2218 747 2342 791 possit,
2366 757 2450 793 pos-

1353 793 1491 823 tumum
1526 788 1692 823 heredem
1722 788 1844 825 facere
1874 790 2007 835 possit,
2040 794 2076 825 et
2099 791 2224 826 scribit
2248 791 2391 827 Cassius
2416 796 2452 827 et

1352 834 1539 868 Iavolenus
1567 843 1691 878 posse:
1717 844 1800 869 nam
1825 838 1861 870 et
1879 845 2026 870 uxorem
2047 835 2178 871 ducere
2191 840 2227 871 et
2238 837 2411 882 adoptare
2424 838 2451 858 ¹³

1352 883 1488 924 potest:
1522 878 1718 924 spadonem
1742 890 1882 925 quoque
1913 891 2020 925 posse
2050 885 2254 926 postumum
2285 883 2451 918 heredem

1353 924 1510 959 scribere
1535 928 1569 959 et
1592 924 1715 960 Labeo
1741 929 1777 960 et
1801 925 1946 961 Cassius
1971 926 2151 961 scribunt:
2186 928 2354 971 quoniam
2385 938 2450 962 nec

1358 973 1368 1003 l
1420 973 1521 1005 aetas
1546 979 1612 1004 nec
1637 970 1806 1006 sterilitas
1839 971 1871 1006 ei
1905 972 1957 1006 rei
1988 971 2240 1016 impedimento
2267 976 2330 1008 est.
2380 972 2450 1008 Sed

1352 1015 1383 1050 si
1408 1018 1587 1050 castratus
1612 1015 1676 1057 sit,
1712 1015 1872 1051 Iulianus
1895 1016 2040 1051 Proculi
2071 1018 2275 1062 opinionem
2307 1022 2450 1053 secutus

1352 1070 1424 1095 non
1447 1064 1553 1105 putat
1583 1063 1788 1105 postumum
1815 1061 1982 1097 heredem
2014 1072 2119 1106 posse
2149 1063 2354 1105 instituere,
2380 1074 2449 1108 quo

1352 1108 1371 1140 2
1418 1105 1496 1141 iure
1518 1105 1661 1141 utimur.
1708 1105 2028 1152 HermaphrodItus
2052 1107 2170 1152 plane,
2195 1108 2278 1143 siin
2303 1119 2343 1144 eo
2368 1109 2449 1143 viri-

1350 1151 1399 1185 lia
1440 1151 1682 1192 raevalebunt‚
1699 1156 1904 1195 postumum
1920 1152 2085 1187 heredem
2105 1153 2292 1189 instituere
2308 1153 2449 1205 poterit.

1399 1161 1608 1233 7pPAULUs
1640 1197 1730 1232 libro
1761 1198 1884 1243 primo
1921 1198 1971 1232 ad
2004 1197 2179 1233 Sabinum
2195 1199 2221 1219 ¹⁴
2283 1198 2321 1234 Si
2355 1199 2450 1234 filius

1351 1242 1411 1287 qui
1433 1242 1472 1276 in
1495 1246 1673 1287 potestate
1698 1246 1753 1277 est
1775 1243 1990 1286 praeteritus
2023 1243 2069 1278 sit
2101 1248 2136 1278 et
2159 1244 2236 1279 vivo
2260 1248 2364 1289 patre
2389 1244 2449 1279 de-

1351 1287 1466 1329 cedat,
1490 1290 1743 1322 testamentum
1767 1298 1840 1323 non
1863 1288 1958 1323 valet
1974 1299 2040 1324 nec
2065 1289 2228 1334 superius
2252 1294 2449 1334 rumpetur,

1351 1336 1386 1368 et
1411 1343 1452 1368 eo
1476 1332 1554 1367 iure
1577 1333 1720 1367 utimur.

1409 1376 1433 1415 8
1460 1377 1688 1411 POMPONIUS
1700 1375 1792 1411 libro
1815 1377 1935 1422 primo
1960 1376 2010 1411 ad
2026 1375 2200 1411 Sabinum
2241 1377 2311 1413 Si¹⁵
2331 1377 2449 1412 Primo

1349 1422 1481 1459 herede
1522 1422 1685 1457 instituto
1728 1422 1839 1457 filium
1883 1423 2142 1459 exheredavero
2156 1450 2165 1466 ,
2217 1434 2240 1458 a
2284 1423 2448 1459 Secundo

1350 1472 1467 1504 autem
1494 1467 1686 1503 substituto
1720 1479 1793 1503 non
1825 1468 2085 1503 exheredavero
2118 1472 2171 1512 et,
2198 1468 2282 1504 dum
2306 1468 2449 1514 pendet,

1350 1524 1398 1549 an
1421 1515 1519 1559 prior
1542 1513 1703 1548 aditurus
1729 1514 1826 1556 sit¹⁶,
1850 1513 1944 1549 filius
1970 1514 2179 1557 decesserit,
2216 1516 2243 1535 ¹⁷
2253 1514 2449 1550 secundum

1349 1559 1563 1595 sententiam
1606 1569 1677 1602 qua
1711 1559 1845 1593 utimur
1886 1569 1958 1594 non
2002 1559 2069 1594 erit
2104 1558 2290 1595 Secundus
2333 1559 2448 1601 heres,

1350 1604 1454 1650 quasi
1477 1604 1522 1639 ab
1547 1603 1647 1638 initio
1672 1604 1844 1639 inutiliter
1866 1604 2063 1645 institutus,
2101 1615 2182 1639 cum
2216 1605 2261 1640 ab
2288 1615 2328 1640 eo
2353 1604 2448 1639 filius

1351 1649 1587 1685 exheredatus
1612 1660 1683 1684 non
1708 1649 1763 1684 sit.
1797 1649 1893 1694 quod
1907 1650 1933 1670 ¹⁸
1958 1649 1987 1684 si
2011 1650 2047 1684 in
2071 1654 2235 1694 postumo
2257 1650 2330 1685 filio
2355 1649 2448 1684 idem

1350 1694 1531 1736 acciderit,
1564 1698 1605 1728 111
1636 1698 1743 1729 natus
1775 1695 1852 1730 vivo
1885 1698 1990 1739 patre
2005 1696 2031 1715 ¹⁹
2063 1706 2084 1729 a
2116 1706 2185 1740 quo
2212 1695 2448 1730 exheredatus

1349 1740 1396 1776 sit
1431 1739 1625 1782 moriatur,
1661 1739 1784 1775 eadem
1830 1740 1980 1775 dicenda
2023 1744 2127 1775 erunt
2163 1741 2206 1775 de
2241 1740 2447 1782 substituto,

1349 1785 1517 1831 quoniam
1542 1795 1623 1820 cum
1648 1789 1702 1820 est
1725 1789 1831 1820 natus
1855 1785 1968 1827 filius,
2001 1785 2079 1820 loco
2105 1785 2179 1821 eius
2206 1790 2278 1828 est,
2304 1786 2365 1830 qui
2388 1796 2447 1820 su-

1349 1834 1486 1876 perstes
1511 1833 1576 1865 est.

1396 1873 1421 1913 9
1446 1875 1607 1911 Panos
1628 1874 1718 1909 libro
1735 1876 1860 1920 primo
1885 1875 1935 1910 ad
1958 1874 2133 1911 Sabinum
2174 1876 2212 1910 Si
2227 1875 2306 1920 quis
2322 1879 2447 1920 postu-

1349 1932 1437 1964 mos,
1462 1930 1552 1966 quos
1576 1930 1641 1965 per
1664 1923 1818 1954 aetatem
1843 1924 1905 1955 aut
1929 1920 2164 1955 valetudinem
2189 1921 2323 1956 habere
2355 1920 2448 1956 forte

1348 1977 1421 2002 non
1444 1969 1582 2011 potest,
1615 1964 1764 2000 heredes
1796 1965 1967 2008 instituit,
2002 1966 2166 2010 superius
2197 1969 2448 2001 testamentum

1349 2012 1536 2057 rumpitur,
1561 2010 1657 2056 quod
1680 2014 1811 2045 natura
1834 2010 1945 2055 magis
1970 2011 2007 2045 in
2030 2011 2173 2046 homine
2196 2011 2390 2056 generandi
2414 2015 2448 2046 et

1349 2055 1573 2093 consuetudo
1610 2055 1808 2101 spectanda
1851 2060 1906 2091 est
1948 2066 2054 2101 quam
2090 2056 2286 2101 temporale
2326 2056 2448 2091 vitium

1349 2106 1413 2138 aut
1435 2101 1614 2143 valetudo,
1664 2104 1787 2145 ropter
1811 2111 1918 2146 quam
1942 2101 2143 2137 abducatur
2166 2102 2271 2137 homo
2297 2111 2319 2136 a
2342 2112 2445 2146 gene⁴

1356 2153 1364 2182 1
1416 2146 1521 2182 randi
1550 2146 1611 2181 fac
1651 2149 1734 2181 tate.
1800 2145 1870 2181 Sed
1902 2146 1933 2181 si
1965 2157 2008 2181 ex
2040 2157 2101 2189 ea,
2135 2157 2226 2191 quae
2250 2147 2311 2181 alii
2334 2150 2448 2191 nupta

1349 2193 1405 2235 sit,
1429 2196 1635 2237 postumum
1659 2191 1738 2236 quis
1762 2191 1930 2227 heredem
1950 2191 2185 2234 instituerit,i
2211 2203 2250 2227 so
2274 2192 2351 2227 iure
2375 2202 2447 2227 non

1349 2242 1368 2273 2
1417 2238 1521 2279 valet,
1546 2236 1641 2282 quod
1664 2236 1780 2281 turpis
1805 2237 1851 2272 sit
1873 2237 2062 2273 institutio.
2112 2237 2149 2272 Si
2214 2238 2283 2272 'um
2301 2238 2446 2272 exhere-

1348 2283 1477 2318 davero
1503 2286 1740 2327 nepotemque
1765 2293 1808 2317 ex
1832 2292 1872 2317 eo
1898 2282 2114 2327 praeteriero
2146 2286 2182 2317 et
2213 2282 2321 2318 alium
2345 2283 2445 2316 here-

1347 2329 1427 2364 dem
1461 2328 1649 2363 instituero
1693 2331 1729 2362 et
1772 2328 2005 2372 supervixerit
2051 2328 2144 2362 filius
2179 2331 2262 2372 post
2296 2331 2447 2362 mortem

1347 2384 1474 2416 meam,
1498 2373 1582 2408 licet
1606 2376 1689 2407 ante
1713 2372 1848 2408 aditam
1871 2373 2104 2408 hereditatem
2136 2372 2348 2414 decesserit,
2373 2382 2446 2407 11011

1346 2423 1466 2454 tamen
1501 2421 1667 2463 nepotem
1701 2422 1891 2462 rupturum
1929 2422 2180 2452 testamentum
2216 2418 2374 2452 Iulianus
2411 2421 2447 2452 et

1345 2464 1566 2509 Pomponius
1590 2466 1626 2498 et
1649 2463 1843 2498 Marcellus
1868 2463 1980 2498 aiunt.
2006 2463 2251 2514 diversumque
2272 2467 2337 2505 est,
2354 2462 2386 2498 si
2408 2462 2445 2497 in

1345 2509 1503 2544 hostium
1526 2511 1704 2554 potestate
1739 2507 1834 2543 filius
1869 2509 1916 2543 sit
1952 2512 1987 2543 et
2024 2508 2215 2543 decesserit
2248 2507 2286 2542 in
2322 2508 2445 2543 eodem

1346 2558 1463 2590 statu:
1496 2554 1628 2599 rumpit
1652 2553 1745 2588 enim
1769 2553 1824 2588 his
1861 2553 2003 2588 casibus
2036 2563 2146 2597 nepos
2182 2556 2445 2595 testamentum,

1346 2599 1443 2645 quod
1465 2599 1637 2634 moriente
1661 2608 1726 2633 avo
1751 2597 1802 2632 fili
1825 2598 1880 2632 ius
1904 2598 2130 2642 pependerit,
2167 2608 2241 2633 non
2265 2598 2445 2633 abscisum

1344 2649 1386 2680 ut
1411 2644 1595 2689 superiore
1620 2654 1707 2678 casu
1731 2643 1848 2678 fuerit.
1883 2642 1945 2678 sed
1971 2647 2006 2678 et
2015 2643 2046 2663 2⁰
2070 2643 2101 2678 si
2124 2643 2228 2678 heres
2259 2643 2443 2678 institutus

1343 2690 1505 2727 omiserit
1526 2689 1779 2730 hereditatem,
1814 2687 1881 2723 erit
1914 2687 2088 2732 legitimus
2120 2688 2242 2730 heres,
2276 2689 2445 2734 quoniam

1343 2736 1433 2771 haec
1458 2735 1568 2769 verba
1590 2734 1632 2769 ‘si
1655 2734 1825 2768 intestato
1850 2733 2012 2767 moritur’
2043 2733 2090 2768 ad
2120 2733 2156 2768 id
2187 2737 2327 2778 tempus
2352 2733 2444 2769 refe-

1343 2785 1483 2822 runtur,
1509 2790 1579 2824 quo
1604 2782 1857 2813 testamentum
1882 2777 2105 2821 destituitur,
2138 2789 2211 2814 non
2243 2789 2313 2823 quo
2338 2779 2443 2814 mori-

1345 2829 1364 2861 3
1411 2830 1484 2860 tur.
1534 2823 1604 2859 Sed
1628 2824 1658 2858 si
1683 2834 1726 2858 ex
1750 2834 1803 2865 ea,
1829 2833 1935 2868 quam
1959 2824 2061 2858 nefas
2087 2824 2134 2859 sit
2154 2823 2295 2866 ducere,
2319 2828 2443 2869 postu-

1342 2882 1438 2906 mum
1462 2869 1631 2905 heredem
1654 2869 1854 2910 instituem,
1878 2879 1951 2903 non
1975 2872 2079 2914 putat
2109 2869 2227 2914 rumpi
2250 2873 2443 2904 testamen-

1342 2920 1362 2951 4
1409 2920 1486 2950 tum
1509 2914 1740 2958 Pomponius.
1790 2913 1860 2948 Sed
1892 2913 1922 2948 si
1944 2924 2009 2958 per
2033 2914 2261 2959 adoptionem
2286 2925 2442 2949 sororem

1340 2961 1474 2996 factam
1497 2960 1663 3000 habeam,
1715 2962 1812 2993 otero
1838 2961 2041 3003 postumum
2065 2969 2109 2994 ex
2134 2969 2176 2994 ea
2199 2959 2364 2994 heredem
2389 2959 2442 2993 in-

1341 3006 1507 3047 stituere,
1533 3003 1619 3050 quia
1652 3014 1673 3038 a
1700 3003 1845 3048 optione
1877 3003 1994 3039 soluta
2025 3015 2172 3049 possum
2203 3014 2282 3039 eam
2315 3004 2442 3039 ducere

1340 3061 1499 3086 uxorem.

1390 3094 1439 3133 10
1466 3095 1697 3130 Pomomvs
1718 3093 1808 3128 libro
1826 3094 1950 3139 primo
1975 3094 2025 3129 ad
2047 3094 2221 3130 Sabinum
2278 3094 2439 3129 Commo-

1341 3141 1483 3176 dissime
1506 3140 1536 3174 is
1561 3139 1621 3184 qui
1648 3138 1806 3172 nondum
1829 3142 1935 3174 natus
1961 3143 2015 3174 est
2034 3140 2085 3174 ita
2103 3139 2206 3174 heres
2223 3138 2438 3173 instituitur:

1341 3186 1425 3220 ‘sive
1456 3185 1533 3220 vivo
1566 3195 1621 3219 me
1657 3185 1733 3219 sive
1764 3186 1905 3218 mortuo
1938 3188 2044 3219 natus
2069 3184 2185 3226 fuerit,
2211 3184 2311 3218 heres
2338 3183 2438 3223 esto’,

1340 3235 1403 3265 aut
1427 3231 1532 3265 etiam
1555 3240 1643 3274 pure
1669 3228 1831 3263 neutrius
1856 3230 2025 3281 temporis
2049 3230 2172 3264 habita
2195 3229 2383 3279 mentione.
2410 3227 2439 3261 si

1340 3276 1510 3310 alteruter
1535 3285 1639 3310 casus
1665 3275 1818 3310 omissus
1843 3273 1969 3317 fuerit,
1995 3285 2036 3309 eo
2071 3285 2176 3314 casu,
2203 3284 2263 3317 qui
2287 3282 2438 3307 0111188118

1339 3321 1395 3363 811,
1421 3324 1527 3355 natus
1540 3320 1673 3371 rumpit
1695 3323 1962 3361 testamentum,
1988 3320 2071 3363 quia
2087 3319 2145 3352 hic
2163 3318 2254 3369 filius
2280 3327 2344 3351 nec
2369 3316 2437 3367 sub

1339 3365 1548 3400 condicione
1572 3365 1713 3410 quidem
1737 3364 1894 3408 scriptus
1927 3365 2028 3398 heres
2052 3363 2284 3406 intelleg1tur,
2318 3372 2377 3404 qlu
2401 3372 2437 3394 111

1340 3480 1399 3519 (10)
1425 3488 1463 3510 ex
1477 3477 1629 3519 qualibet
1642 3477 1742 3510 vidua
1755 3477 1821 3510 sibi
1836 3481 1954 3509 natum
1969 3478 2027 3508 ins.
2161 3476 2215 3514 (11)
2242 3474 2370 3505 scribat
2379 3473 2436 3505 F2‚

1339 3523 1459 3555 scribit
1482 3523 1685 3565 simpliciter
1696 3536 1757 3556 scr.
1818 3525 1877 3562 (12)
1907 3532 2007 3553 uxore
2020 3533 2084 3553 scr.
2108 3565 2115 3571 ·
2151 3521 2209 3559 (13)
2235 3517 2396 3569 aboptare
2410 3519 2437 3550 F

1338 3569 1398 3608 (14)
1424 3567 1562 3600 sabinus
1575 3569 1609 3600 F
1664 3570 1722 3609 (15)
1748 3579 1767 3599 a
1782 3570 1841 3601 ins.
1857 3568 1930 3600 edd.
2004 3566 2062 3605 (16)
2089 3575 2118 3595 81
2134 3565 2164 3595 F
2230 3569 2288 3603 (17)
2314 3563 2435 3595 demde

1337 3613 1469 3644 Primus
1483 3623 1614 3655 quoque
1627 3617 1807 3654 antequam
1821 3612 1932 3644 adiret
1944 3610 2122 3641 decesserit
2136 3610 2195 3641 ins.
2256 3609 2316 3649 (18)
2332 3608 2433 3649 quod]

1337 3657 1395 3689 sed
1408 3660 1441 3689 et
1453 3657 1506 3689 F²
1632 3659 1692 3696 (19)
1719 3658 1893 3697 moriatur,
1908 3654 2029 3688 deinde
2043 3656 2119 3685 ante
2134 3653 2317 3685 aditionem
2330 3653 2359 3685 is
2373 3653 2431 3686 im.

1337 3707 1400 3741 (20)
1427 3705 1460 3734 et
1474 3703 1536 3736 del.
1551 3703 1704 3746 Krueqer
