2528 3918
123 164 310 205 QUORUM
330 165 501 199 BONOR.
531 165 658 207 QUOD
681 166 958 199 LEGATORUM

121 282 140 314 4
189 278 328 315 sonalia
344 282 439 315 sunt.
471 279 745 317 Interdictorum
761 280 936 327 quaedam
953 281 1097 317 annalia
1113 282 1208 324 sunt,

121 324 296 370 quaedam
318 330 502 372 perpetua.

166 367 192 406 2
225 369 282 405 ΡΛ
290 379 386 406 ULUS
419 371 510 407 libro
540 371 795 418 sex‘ayensimo
827 372 932 406 tertio
968 371 1020 407 ad
1053 371 1208 407 edictum

118 414 393 451 Interdictorum
417 415 590 462 quaedam
615 415 773 462 duplicia
796 420 898 459 sunt,
924 416 1101 461 quaedam
1124 417 1207 452 sim-

119 459 238 506 plicia.
279 460 437 506 duplicia
461 461 640 506 dicuntur,
665 465 706 496 ut
728 462 782 497 uti
804 461 1007 507 possidetis,
1032 461 1208 507 simplicia

119 510 205 540 sunt
227 507 305 549 ea¹‚
330 505 438 542 veluti
461 507 673 542 exhibitoria
696 510 733 542 et
754 507 990 549 restitutoria,
1015 507 1099 542 item
1122 517 1206 552 pro-

120 551 289 586 hibitoria
318 550 362 586 de
392 551 582 587 arboribus
613 551 803 588 caedendis
828 555 864 588 et
887 552 931 588 de
953 553 1080 588 itinere
1104 556 1206 587 actu-

124 600 135 630 1
188 606 268 642 que.
321 595 517 631 Interdicta
547 600 666 632 autem
699 601 906 650 competunt
935 598 991 633 vel
1021 597 1206 633 hominum

121 652 232 676 causa
254 640 310 676 vel
333 640 441 676 divini
465 641 554 677 iuris
578 646 641 678 aut
665 642 709 678 de
732 643 920 688 rengione,
952 643 1047 679 sicut
1071 646 1126 678 est
1150 644 1206 677 ‘ne

120 686 216 732 ‘quid
238 686 276 721 in
298 686 377 722 loco
402 697 506 722 sacro
529 687 604 722 fiat’
635 688 691 723 vel
721 690 730 706 ‘
756 688 828 724 uod
857 688 994 724 factum
1023 691 1078 723 est
1100 688 1205 723 resti-

119 732 264 766 ‘tuatur'
295 735 331 766 et
359 731 404 767 de
434 736 575 768 mortuo
603 732 742 769 inferen
768 745 789 769 o
813 733 870 769 vel
892 734 1083 780 sepulchro
1108 733 1204 768 aedi-

117 776 269 812 ficando.
307 777 489 812 hominum
513 788 624 813 causa
649 783 858 824 competunt
879 779 935 814 vel
958 779 1003 814 ad
1023 778 1206 824 publicam

118 822 309 857 utilitatem
339 823 553 867 pertinentia
582 823 637 859 vel
666 824 722 859 sui
750 824 837 860 iuris
867 824 992 860 tuendi
1017 834 1128 859 causa
1150 823 1207 860 vel

118 867 227 902 officii
250 867 374 902 tuendi
399 878 510 904 causa
537 868 594 904 vel
616 869 668 904 rei
691 869 889 905 familiaris.
937 869 1107 915 publicae
1135 869 1204 904 uti-

116 912 228 948 litatis
253 922 364 948 00080
387 914 558 958 competit
575 914 803 950 interdictum
828 917 880 950 ‘ut
902 915 960 950 via
983 915 1130 959 publica
1152 914 1206 949 uti

118 957 246 993 ‘liceat’
280 962 316 993 et
347 957 504 994 ‘flumine
535 960 691 1004 publico'
724 963 761 995 et
793 962 850 996 ‘ne
881 960 967 1004 quid
996 959 1060 994 fiat
1087 960 1125 994 in
1149 959 1207 995 via

117 1003 296 1049 ‘publica’:
321 1003 410 1040 iuris
435 1004 492 1040 sui
509 1005 634 1040 tuendi
653 1015 765 1040 causa
785 1005 829 1041 de
845 1005 966 1041 liberis
985 1004 1205 1048 exhibendis,

117 1049 201 1083 item
232 1048 276 1084 de
306 1049 433 1085 liberto
464 1047 684 1086 exhibendo:
717 1050 828 1086 officii
857 1061 968 1086 causa
998 1051 1041 1086 de
1064 1051 1207 1086 homine

117 1094 229 1130 libero
268 1094 486 1130 exhibendo:
527 1095 666 1141 reliqua
704 1096 894 1131 interdicta
931 1096 984 1131 rei
1021 1096 1206 1131 familiaris

118 1142 136 1174 2
186 1149 296 1175 causa
325 1140 467 1175 dantur.
522 1140 705 1185 Quaedam
734 1141 926 1177 interdicta
956 1142 1009 1176 rei
1037 1152 1206 1187 persecu-

117 1185 247 1220 tionem
272 1185 464 1228 continent,
492 1186 602 1222 veluti
625 1186 670 1222 de
692 1187 819 1222 itinere
843 1191 999 1232 actuque
1021 1187 1205 1231 privato2:

118 1240 199 1264 nam
230 1241 295 1275 pro
323 1231 459 1266 rietatis
493 1242 640 1267 causam
672 1233 832 1268 continet
864 1232 935 1268 hoc
963 1232 1205 1268 interdictum.

117 1275 180 1311 sed
211 1280 247 1311 et
279 1276 286 1283 ⁸
316 1286 339 1311 a
366 1276 576 1319 interdicta,
616 1287 708 1322 quae
743 1277 787 1313 de
824 1277 914 1313 locis
949 1278 1063 1313 sacris
1095 1281 1132 1312 et
1163 1277 1208 1312 de

116 1320 289 1364 religiosis
329 1325 598 1374 proponuntur,
642 1323 752 1358 veluti
786 1323 1018 1367 proprietatis
1061 1333 1208 1358 causam

117 1365 310 1409 continent,
334 1369 420 1402 110111
443 1366 506 1402 illa
528 1367 573 1403 de
592 1367 712 1403 liberis
733 1367 942 1403 exhibendis
953 1368 976 1412 ³,
1003 1378 1096 1413 quae
1118 1368 1207 1403 iuris

116 1411 239 1446 tuendi
263 1421 374 1447 causa
398 1411 549 1448 diximus
575 1417 793 1459 competere,
825 1417 866 1448 ut
894 1424 968 1449 non
996 1414 1044 1449 sit
1066 1414 1208 1457 mirum,

115 1456 157 1500 si,
182 1466 274 1502 quae
292 1457 508 1494 interdicta⁴
533 1458 581 1493 ad
593 1469 669 1494 rem
682 1458 894 1494 familiarem
909 1458 1099 1504 pertinent,
1123 1470 1208 1504 pro-

116 1505 135 1536 3
183 1502 356 1547 prietatis,
380 1513 453 1538 non
476 1504 714 1549 possessionis
735 1514 882 1539 causam
901 1504 1071 1540 habeant.
1108 1505 1208 1540 Haec

115 1551 235 1582 autem
264 1547 474 1592 interdicta,
507 1560 599 1594 quae
627 1549 674 1584 ad
696 1559 772 1584 rem
794 1549 1006 1585 familiarem
1030 1554 1206 1596 spectant,

115 1596 179 1627 aut
215 1593 430 1637 apiscendae
465 1599 550 1630 sunt
586 1595 823 1640 possessionis
856 1599 921 1630 aut
951 1594 1209 1640 reciperandae

115 1641 178 1672 aut
201 1638 419 1674 retinendae.
468 1640 683 1685 apiscendae
712 1640 949 1685 possessionis
981 1644 1066 1676 sunt
1093 1641 1206 1677 inter-

115 1683 222 1725 dicta,
247 1694 338 1728 qnae
363 1689 570 1730 competunt
593 1685 660 1727 his,
688 1685 749 1729 qui
773 1690 856 1721 ante
879 1697 953 1721 non
975 1689 1061 1721 sunt
1083 1687 1207 1722 nancti

115 1730 387 1773 possessionem.
425 1734 508 1766 sunt
525 1734 645 1766 autem
668 1730 860 1766 interdicta
883 1732 1098 1776 apiscendae
1122 1743 1206 1777 pos-

115 1774 283 1810 sessionis
302 1778 465 1820 ‘quorum
484 1776 689 1811 bonorum':
715 1776 918 1811 Salvianum
936 1787 1079 1822 quoque
1097 1777 1207 1812 inter-

117 1819 264 1864 dictum,
295 1820 392 1873 quod
415 1825 469 1856 est
493 1821 537 1856 de
559 1821 784 1866 pignoribus,
814 1832 859 1857 ex
883 1822 952 1858 hoc
975 1833 1106 1867 genere
1131 1826 1205 1859 est:

115 1867 150 1899 et
174 1867 256 1910 ‘quo
280 1865 406 1901 itinere
431 1866 592 1901 venditor
616 1877 703 1902 usus
726 1870 799 1910 est,
832 1878 902 1912 quo
927 1868 1044 1904 minus
1070 1872 1208 1913 emptor

115 1914 267 1953 ‘utatur,
307 1911 376 1947 vim
413 1910 491 1946 fieri
529 1913 633 1947 veto'.
681 1912 937 1958 reciperandae
968 1914 1206 1958 possessionis

115 1965 225 1991 causa
244 1960 495 2001 proponuntur
515 1958 581 1992 sub
602 1958 748 1993 rubrica
771 1958 867 1993 unde
891 1958 941 1993 vi:
968 1958 1090 2003 aliqua
1113 1960 1206 1994 enim

114 2001 180 2036 sub
211 2000 281 2036 11οο
310 2002 416 2038 111010
448 2002 642 2038 10101111010
674 2006 770 2039 sunt.
818 2003 1026 2040 retinendae
1062 2015 1205 2049 posses-

114 2046 222 2081 sionis
247 2051 332 2082 sunt
354 2047 545 2083 interdicta
569 2048 622 2083 uti
646 2048 848 2093 possidetis.
893 2053 979 2084 sunt
1002 2049 1205 2094 interdicta,

115 2095 154 2126 ut
185 2091 356 2135 diximus,
390 2093 547 2138 duplicia
576 2097 650 2128 tam
681 2094 938 2139 reciperandae
970 2105 1077 2140 quam
1108 2095 1204 2141 apis—

115 2137 249 2172 cendae
272 2139 508 2183 possessionis
518 2141 543 2173 ⁵.

160 2180 210 2220 38
240 2182 435 2219 Ismaros
461 2184 554 2219 libro
578 2195 670 2220 sexa
698 2186 832 2220 0ηεὶΜο
858 2196 953 2221 nono
978 2186 1028 2221 ad
1050 2186 1204 2221 edictum

114 2228 154 2262 In
177 2228 377 2264 interdictis
402 2229 528 2265 exinde
552 2230 644 2265 ratio
668 2196 823 2266 liabetur
846 2230 1040 2276 fructuum,
1065 2242 1110 2268 ex
1133 2243 1204 2278 quo

115 2273 209 2308 edita
233 2278 327 2316 sunt,
352 2284 425 2309 non
449 2278 558 2310 retro.

163 2317 188 2355 4
214 2318 270 2353 ΡΑ
278 2329 321 2354 UL
329 2329 373 2355 vs
400 2319 492 2355 libro
521 2322 776 2367 seoeaqensimo
799 2322 952 2368 septimo
976 2322 1027 2357 ad
1048 2322 1203 2358 edictum

116 2364 171 2398 Ex
202 2364 332 2408 quibus
364 2365 483 2400 causis
514 2376 633 2401 annua
661 2366 852 2402 interdicta
875 2371 978 2409 sunt,
1013 2378 1056 2403 ex
1079 2368 1135 2404 his
1161 2368 1204 2403 de

114 2420 168 2452 eo,
194 2410 289 2454 quod
314 2409 359 2444 ad
384 2420 465 2445 eum
489 2421 570 2446 cum
618 2423 664 2447 uo
689 2412 807 2456 agitur
828 2413 1001 2458 pervenit,
1033 2417 1116 2459 post
1139 2424 1203 2448 an-

113 2465 198 2489 num
220 2454 390 2490 iudicium
414 2455 570 2491 dandum
594 2423 750 2493 gabinus
772 2458 970 2503 respondit.

159 2498 183 2537 5
214 2499 322 2535 lom
348 2501 439 2537 libro
471 2503 577 2537 tertio
610 2503 745 2538 decimo
778 2503 827 2538 ad
857 2503 1031 2539 Sabinum
1087 2504 1202 2539 Inter-

114 2545 209 2580 dicta
232 2545 375 2581 noxalia
400 2556 443 2581 ea
467 2551 561 2590 sunt,
611 2558 678 2583 uae
698 2548 744 2584 ob
764 2547 932 2584 delictum
953 2559 1087 2592 eorum,
1113 2560 1202 2594 quos

113 2590 148 2625 111
172 2594 350 2635 potestate
373 2591 562 2635 habemus,
613 2597 736 2635 antur,
768 2594 878 2629 veluti
903 2605 984 2629 cum
1008 2594 1043 2630 vi
1066 2594 1203 2630 deiece-

113 2639 197 2670 runt
215 2640 280 2671 aut
296 2637 329 2671 vi
347 2640 411 2671 aut
430 2637 521 2672 clam
539 2648 630 2682 opus
648 2638 820 2674 fecerunt.
854 2639 918 2675 sed
937 2639 1057 2675 officio
1075 2640 1203 2675 iudicis

113 2681 324 2725 continetur,
358 2685 399 2717 ut
428 2682 609 2718 dominum
633 2693 701 2718 sua
723 2684 873 2728 inpensa
897 2695 987 2737 opus
1012 2685 1202 2721 restituen-

113 2730 183 2761 tem
207 2726 387 2762 absolvat:
419 2728 627 2772 patientiam
650 2728 808 2765 tollendo
834 2740 933 2774 operi
983 2734 1202 2766 raestantem

113 2781 227 2806 noxae
248 2771 378 2807 dedere
395 2772 518 2808 iubeat
535 2774 594 2808 et⁷
611 2773 786 2818 absolvat,
807 2775 838 2810 si
857 2786 929 2810 non
971 2775 1066 2818 edat,
1087 2786 1201 2821 quan-

113 2821 187 2852 tum
210 2817 392 2861 impensae
415 2818 452 2852 in
475 2817 632 2854 tollendo
665 2829 773 2864 opere
803 2823 988 2865 erogatum
1012 2821 1077 2864 sit,
1109 2821 1202 2856 tanti

113 2861 341 2897 condemnet:
376 2862 406 2897 si
430 2872 545 2908 neque
569 2864 778 2909 patientiam
827 2868 963 2901 raestet
985 2876 1102 2911 neque
1124 2867 1202 2912 ipse

113 2906 226 2951 tollat,
252 2918 332 2943 cum
356 2908 481 2952 possit,
505 2909 542 2943 111
561 2913 702 2944 10111010
723 2876 946 2953 comfemnet,
970 2911 1009 2946 111
1029 2916 1201 2957 quantum

112 2952 218 2988 iudex
242 2953 491 2998 aestimaverit,
517 2957 623 2999 atque
646 2955 678 2991 si
699 2954 778 3002 ipse
801 2955 958 2993 fecisset.

618 3093 658 3132 II
666 3092 692 3132 ⁸.

437 3157 628 3196 QUORUM
650 3159 881 3195 BONORUM.

162 3222 179 3260 l
214 3222 408 3260 Uzmiws
434 3223 525 3260 libro
555 3226 810 3272 seaeaqensimo
841 3228 992 3274 septimo
1025 3227 1076 3262 ad
1104 3227 1199 3264 edic-

113 3273 186 3303 tum
231 3269 294 3304 Ait
315 3273 476 3314 praetor:
510 3269 681 3314 ‘Quorum
708 3271 885 3307 bonorum
908 3282 954 3308 ex
977 3271 1096 3308 edicto
1120 3283 1200 3309 meo

112 3313 174 3348 ‘illi
197 3314 376 3359 possessio
401 3314 485 3350 data
508 3319 573 3358 est,
599 3315 695 3360 quod
718 3315 763 3352 de
781 3316 838 3352 his
857 3317 962 3353 bonis
982 3327 1047 3362 pro
1068 3318 1200 3354 herede

112 3361 188 3393 ‘aut
218 3369 284 3404 pro
315 3370 523 3404 possessore
551 3361 715 3406 possides
745 3361 1011 3406 possideresve,
1051 3363 1082 3398 si
1113 3363 1201 3398 nihil

112 3405 338 3456 ‘usucaptum
370 3409 478 3450 esset,
511 3406 608 3451 quod
639 3405 806 3451 quidem⁹
837 3406 919 3443 dolo
949 3407 1044 3444 malo
1069 3407 1199 3452 fecisti,

115 3453 129 3483 1
180 3451 244 3484 ‘uti
277 3449 456 3486 desineres
486 3451 690 3496 possidere,
726 3450 764 3486 id
795 3451 848 3487 illi
878 3453 1071 3489 restituas'.
1120 3453 1200 3490 Hoc

110 3564 152 3605 (1)
177 3563 226 3605 ea]
240 3567 348 3597 cetera
357 3577 419 3599 scr.
430 3566 664 3606 (similiterAd.
673 3566 834 3605 Schmidt)
883 3567 926 3607 (2)
944 3566 1123 3600 reficiendo
1136 3569 1197 3601 ins.

111 3608 153 3649 (3)
178 3607 218 3640 de
229 3607 344 3641 liberis
360 3609 555 3643 exhibendis
573 3612 635 3644 del.
649 3611 732 3645 Hal.
832 3611 875 3653 (4)
901 3621 986 3653 quae
1005 3611 1197 3655 interdicta]

110 3653 144 3684 et
161 3652 341 3686 interdicta
359 3654 519 3696 quaedam
537 3665 622 3697 quae
639 3669 702 3689 scr.
797 3657 840 3697 (5)
866 3656 1060 3690 retinendae
1071 3667 1196 3701 posses-

109 3697 211 3730 sionis
221 3700 300 3731 sunt
311 3699 490 3732 interdieta
509 3702 549 3733 ut
567 3701 631 3733 ‘uti
648 3700 844 3743 possidetis’,
865 3710 950 3742 quae
967 3704 1046 3734 sunt
1057 3705 1097 3734 ut
1108 3702 1195 3735 dixi-

110 3752 182 3775 mus
203 3738 361 3785 duplicia.
398 3747 478 3777 sunt
498 3746 598 3778 etiam
615 3746 797 3779 interdicta
814 3745 964 3789 duplicia
980 3748 1049 3779 tam
1068 3747 1194 3790 recipe-

111 3787 230 3820 randae
245 3798 342 3830 quam
355 3789 547 3831 apiscendae
559 3791 772 3834 possessionis
783 3804 845 3824 scr.
893 3832 898 3836 ᾖ
953 3792 998 3834 (6)
1021 3808 1066 3821 =
1078 3792 1124 3825 D.
1139 3794 1193 3834 43,

1193 148 1273 202 681

1946 155 2183 206 XXXXIH
2215 165 2252 207 1.
2278 159 2366 207 23

1275 279 1507 316 interdictum
1544 280 1807 318 restitutorium
1848 288 1903 320 est
1944 288 1981 321 et
2019 285 2066 321 011
2104 286 2367 324 universitatem

1276 325 1465 369 bonorum,
1488 335 1563 361 non
1585 326 1633 362 ad
1655 326 1814 372 singulas
1838 340 1894 365 res
1918 330 2074 376 pertinet
2103 336 2140 367 et
2167 333 2369 379 appellatur

1278 372 1442 415 ‘quorum
1459 371 1649 408 bonorum'
1674 376 1711 408 et
1729 377 1784 409 081
1801 374 2015 419 apiscendae
2032 378 2270 422 possessionis
2287 378 2367 414 uni-

1278 426 1463 452 versorum
1487 417 1673 452 bonorum.

1323 459 1348 498 2
1374 461 1534 497 Patmos
1562 462 1653 498 libro
1677 463 1868 499 vicensimo
1893 464 1943 500 ad
1965 466 2118 502 edictum
2171 468 2367 505 Interdicto

1277 517 1430 551 quorum
1454 507 1630 543 bonorum
1655 507 1834 545 debitores
1859 509 2064 546 hereditarii
2088 511 2160 548 11011
2189 516 2367 559 tenentur,

1275 551 1339 586 sed
1362 555 1503 587 tantum
1529 563 1720 598 corporum
1743 564 1981 599 possessores.

1765 693 1826 732 ΠΙ
1838 693 1878 733 ¹⁰.

1603 758 1725 796 QUOD
1749 758 2042 793 LEGATORUM.

1325 822 1343 860 1
1380 823 1576 860 Usamus
1603 825 1695 861 libro
1725 827 1981 873 seaeaqensimo
2013 828 2164 874 septimo
2196 829 2246 864 ad
2273 830 2367 867 edic-

1281 872 1294 904 1
1346 872 1420 904 tum
1466 869 1546 906 Hoc
1563 870 1793 906 interdictum
1813 871 1915 917 volgo
1939 872 2048 916 ‘quod
2071 872 2279 918 legatorum'
2302 885 2366 921 ap-

1276 917 1297 949 2
1344 914 1511 959 pellatur.
1567 915 1636 951 Est
1668 920 1788 952 autem
1824 920 1860 952 et
1890 917 2008 962 ipsum
2039 918 2253 963 apiscendae
2283 931 2367 965 pos-

1276 960 1445 996 sessionis
1477 964 1514 996 et
1546 961 1706 997 continet
1736 963 1831 998 hanc
1865 972 2030 1005 causam,
2070 967 2129 1005 ut,
2163 964 2257 1008 quod
2288 966 2367 1010 quis

1275 1005 1473 1050 legatorum
1496 1007 1639 1042 nomine
1663 1018 1736 1042 non
1760 1018 1805 1043 ex
1828 1007 2012 1043 voluntate
2035 1008 2176 1044 heredis
2210 1020 2367 1055 occupa-

1275 1051 1336 1093 vit,
1361 1050 1398 1085 id
1421 1052 1589 1086 restituat
1610 1052 1744 1088 heredi.
1781 1053 1912 1088 etenim
1936 1053 2188 1106 aequissimum
2212 1057 2368 1099 praetori

1276 1096 1392 1131 visum
1424 1100 1479 1132 est
1510 1108 1797 1143 unumquemque
1827 1109 1901 1134 non
1932 1099 2000 1134 81111
2028 1098 2147 1143 ipsum
2169 1099 2225 1135 ius
2251 1100 2369 1137 dicere

1278 1142 1464 1186 occupatis
1489 1142 1633 1187 legatis,
1666 1143 1730 1179 sed
1753 1144 1799 1179 ab
1824 1143 1955 1179 herede
1979 1147 2119 1189 petere:
2151 1144 2278 1190 redigit
2305 1146 2367 1190 igi-

1276 1191 1337 1221 tur
1367 1187 1414 1222 ad
1442 1187 1592 1224 heredes
1621 1198 1687 1234 per
1709 1189 1779 1224 hoc
1801 1189 2031 1224 interdictum
2055 1199 2119 1232 ea,
2154 1200 2244 1234 quae
2274 1191 2368 1236 lega-

1276 1236 1396 1268 torum
1434 1233 1576 1269 nomine
1613 1234 1862 1279 possidentur,
1904 1238 1946 1270 ut
1982 1234 2167 1287 perinde¹¹
2209 1235 2370 1280 legatarii

1278 1281 1297 1312 3
1345 1279 1486 1323 possint
1516 1289 1598 1314 eum
1630 1280 1831 1316 convenire.
1878 1280 1959 1315 Hoc
1988 1280 2219 1316 interdictum
2249 1285 2285 1316 et
2307 1282 2369 1318 he-

1276 1323 1397 1358 redem
1414 1323 1555 1359 heredis
1573 1324 1820 1370 bonorumque
1837 1325 2056 1371 possessoris
2074 1326 2208 1361 habere
2223 1331 2370 1372 propter

1277 1368 1468 1404 utilitatem
1485 1369 1592 1405 huius
1606 1371 1634 1392 ²²
1653 1370 1844 1406 dicendum
1863 1374 1928 1415 est,
1946 1381 2013 1406 nec
2031 1381 2104 1406 non
2123 1374 2260 1407 ceteros
2281 1383 2369 1417 quo-

1277 1417 1299 1449 4
1346 1424 1416 1459 que
1439 1425 1676 1451 successores.
1715 1416 1808 1461 Quia
1827 1420 1948 1452 autem
1966 1427 2235 1461 nonnumquam
2254 1417 2369 1453 incer-

1276 1463 1353 1494 tum
1385 1463 1457 1504 est,
1488 1464 1608 1496 utrum
1639 1462 1718 1506 quis
1747 1472 1812 1507 pro
1845 1462 1963 1507 legato
1996 1472 2044 1497 an
2074 1472 2139 1507 pro
2163 1462 2293 1509 herede
2315 1463 2370 1498 vel

1276 1515 1344 1585 ¹pro
1363 1515 1578 1585 (possessore
1601 1507 1806 1552 possideat,
1830 1507 2023 1543 bellissime
2045 1507 2221 1542 Arrianus
2245 1508 2370 1543 scribit

1302 1561 1361 1586 ere

1277 1596 1506 1639 reddendum,
1532 1601 1582 1639 ut,
1611 1598 1685 1633 sive
1709 1598 1788 1643 quis
1812 1609 1877 1643 pro
1902 1598 2034 1633 herede
2057 1597 2114 1633 vel
2135 1609 2202 1643 pro
2226 1609 2368 1643 posses-

1277 1652 1357 1676 sore
1371 1642 1445 1676 sive
1464 1653 1531 1687 pro
1552 1642 1670 1688 legato
1687 1643 1882 1689 possideat,
1905 1644 1974 1678 hoc
1993 1643 2184 1679 interdicto
2199 1644 2226 1665 ¹³
2246 1648 2368 1680 tenea-

1275 1691 1346 1729 tur,
1368 1687 1667 1731 quemadmodum
1687 1689 1842 1724 solemus
1859 1688 1991 1731 facere,
2011 1689 2174 1734 quotiens
2194 1689 2369 1725 incertum

1275 1737 1348 1774 est,
1381 1742 1473 1777 quae
1502 1733 1623 1778 potius
1655 1734 1749 1769 actio
1780 1737 1920 1770 teneat:
1955 1744 2039 1769 nam
2070 1734 2161 1770 duas
2194 1735 2368 1771 dictamus

1275 1778 1467 1822 protestati
1490 1788 1536 1814 ex
1559 1779 1673 1815 altera
1696 1790 1762 1815 nos
1786 1779 1875 1815 velle
1896 1779 2067 1825 consequi
2084 1780 2180 1825 quod
2199 1791 2264 1815 nos
2283 1791 2368 1816 con-

1276 1827 1295 1857 5
1343 1823 1458 1868 tingit.
1508 1823 1546 1859 Si
1575 1825 1654 1870 quis
1686 1836 1731 1860 ex
1753 1825 1879 1861 mortis
1904 1834 2015 1860 causa
2039 1825 2231 1861 donatione
2253 1826 2368 1871 possi-

1277 1868 1370 1911 deat,
1396 1869 1520 1914 utique
1544 1870 1700 1905 cessabit
1712 1871 1739 1891 ¹⁴
1762 1870 2001 1914 interdictum,
2032 1870 2117 1916 quia
2140 1871 2256 1916 portio
2282 1871 2368 1917 legis

1276 1913 1462 1949 Falcidiae
1485 1915 1582 1960 apud
1605 1915 1774 1951 heredem
1796 1916 1874 1960 ipso
1897 1916 1976 1951 iure
1999 1920 2171 1959 remanet,
2198 1916 2264 1951 etsi
2289 1927 2368 1952 cor-

1276 1962 1296 1994 6
1344 1959 1516 2004 poraliter
1539 1971 1597 1996 res
1621 1961 1658 1996 in
1680 1961 1834 1997 solidum
1853 1961 2050 1997 translatae
2068 1965 2170 1997 suntt
2196 1961 2265 2006 Qui
2283 1972 2367 1998 vero

1276 2014 1320 2039 ex
1353 2015 1465 2040 causa
1495 2006 1780 2052 praeceptionis,
1820 2007 1943 2051 utique
1977 2010 2120 2042 tenetur
2154 2007 2224 2042 hoc
2259 2008 2369 2043 inter-

1276 2050 1391 2093 dicto,
1425 2050 1489 2086 sed
1519 2062 1586 2096 pro
1618 2062 1662 2087 ea
1691 2051 1828 2087 scilicet
1857 2055 1976 2097 parte,
2013 2062 2121 2097 quam
2153 2053 2231 2088 iure
2261 2052 2369 2097 legati

1275 2096 1403 2139 habet,
1434 2107 1507 2131 non
1538 2097 1646 2132 etiam
1700 2107 1741 2133 ro
1765 2108 1828 2140 ea,
1860 2107 1968 2142 quam
1991 2098 2095 2143 quasi
2119 2098 2223 2133 heres
2246 2098 2365 2139 habet.

1274 2141 1439 2186 idemque
1470 2142 1539 2177 erit
1570 2108 1759 2178 (1100030111
1790 2147 1827 2179 01
1857 2143 1888 2178 si
1918 2142 1989 2178 alio
2019 2153 2148 2187 genere
2176 2143 2208 2178 le
2233 2143 2283 2178 ati
2306 2144 2368 2179 uni

1275 2197 1321 2222 ex
1343 2186 1536 2223 heredibus
1559 2187 1716 2233 legatum
1740 2188 1804 2223 sit:
1836 2198 1920 2223 nam
1952 2191 1989 2223 et
2018 2188 2076 2224 hic
2101 2188 2204 2224 dicen
2230 2200 2289 2223 um
2313 2193 2369 2224 est

1273 2243 1340 2277 pro
1372 2242 1415 2267 ea
1445 2237 1568 2278 parte,
1605 2243 1676 2279 qua
1706 2233 1810 2270 heres
1842 2237 1915 2276 est,
1952 2243 2095 2269 cessare
2125 2234 2365 2270 interdictum.

1275 2280 1293 2312 7
1343 2277 1446 2322 Quod
1464 2277 1516 2312 ait
1531 2283 1678 2324 praetor
1698 2280 1774 2314 ‘aut
1790 2278 1873 2314 dolo
1892 2278 1997 2314 desiit
2011 2279 2217 2324 possidere’,
2237 2279 2288 2314 sic
2305 2290 2366 2315 ac-

1274 2322 1392 2367 cipere
1415 2322 1586 2359 debemus
1611 2323 1728 2360 ‘desiit
1750 2323 1959 2360 facultatem
1977 2324 2112 2360 habere
2130 2324 2364 2360 restituendi'.

1275 2371 1294 2402 8
1342 2367 1445 2403 Unde
1477 2373 1532 2404 est
1563 2369 1784 2414 quaesitum,
1822 2369 1853 2405 si
1891 2380 1979 2405 usus
2017 2369 2158 2405 fructus
2194 2369 2248 2405 vel
2280 2380 2365 2405 usus

1273 2412 1382 2448 fuerit
1413 2413 1521 2449 alicui
1552 2414 1700 2450 relictus
1739 2425 1890 2460 eumque
1926 2415 2174 2460 occupaverit,
2213 2425 2260 2450 an
2296 2415 2364 2450 hoc

1273 2458 1465 2494 interdicto
1496 2460 1685 2495 restituere
1710 2460 1757 2495 sit
1780 2460 2056 2506 compellendus.
2105 2464 2236 2504 movet,
2270 2461 2366 2505 quod

1273 2514 1389 2548 neque
1413 2515 1501 2540 usus
1526 2505 1666 2541 fructus
1689 2515 1805 2550 neque
1825 2516 1912 2541 usus
1933 2505 2147 2550 possidetur,
2173 2505 2236 2541 sed
2254 2506 2364 2550 magis

1273 2553 1432 2585 tenetur:
1458 2554 1578 2594 potest
1601 2555 1722 2586 tamen
1743 2550 1886 2586 defendi
1906 2554 2107 2595 competere
2127 2550 2363 2587 interdictum.

1272 2598 1292 2628 9
1340 2595 1434 2630 idem
1457 2595 1647 2631 dicendum
1672 2601 1727 2632 est
1750 2600 1787 2631 et
1809 2596 1847 2631 in
1870 2596 2040 2632 servitute
2062 2596 2199 2631 relicta.
2247 2595 2363 2640 Quae-

1272 2641 1379 2675 situm
1403 2643 1468 2684 est,
1494 2641 1525 2675 si
1549 2641 1628 2686 quis
1652 2641 1852 2686 legatorum
1876 2640 2130 2677 servandorum
2151 2651 2260 2677 causa
2279 2641 2362 2677 mis-

1272 2695 1334 2721 sus
1358 2686 1406 2721 sit
1427 2686 1465 2721 in
1488 2686 1770 2739 possessionem,
1805 2697 1852 2722 an
1883 2687 1952 2722 hoc
1984 2686 2174 2722 interdicto
2199 2690 2365 2722 teneatur

1272 2731 1318 2766 ad
1349 2731 1622 2767 restitutionem.
1671 2735 1788 2768 movet
1823 2732 1912 2767 illud
1948 2732 2119 2777 primum,
2160 2731 2255 2776 quod
2291 2742 2364 2767 non

1271 2776 1432 2821 possidet
1455 2776 1486 2812 is
1511 2777 1572 2822 qui
1596 2777 1726 2814 missus
1750 2781 1807 2813 est
1829 2778 1866 2812 in
1886 2777 2146 2822 possessionem
2166 2777 2362 2821 legatorum

1272 2831 1400 2866 causa,
1433 2821 1498 2857 sed
1529 2822 1650 2868 potius
1683 2823 1859 2867 custodit,
1892 2822 2020 2857 deinde
2044 2822 2139 2867 quod
2161 2826 2363 2867 praetorem

1270 2867 1381 2902 habet
1411 2867 1518 2903 huius
1549 2868 1601 2903 rei
1625 2871 1821 2904 auctorem.
1869 2867 1982 2902 tutius
2008 2871 2127 2902 tamen
2150 2867 2217 2903 erit
2241 2867 2361 2919 dicen·

1270 2912 1355 2947 dum
1387 2912 1457 2948 hoc
1487 2912 1717 2948 interdictum
1747 2916 1969 2958 competere,
2009 2912 2162 2948 maxime
2194 2912 2225 2948 si
2256 2916 2360 2947 satis·

1270 2958 1394 2992 datum
1427 2957 1475 2993 sit
1504 2957 1575 2993 iam
1603 2958 1803 3003 legatorum
1826 2958 1969 2994 nomine
1992 2968 2058 2993 nec
2081 2957 2242 2992 recedat:
2275 2960 2359 3008 tunc

1274 3006 1314 3038 10
1362 3002 1456 3038 enim
1476 3002 1582 3038 etiam
1599 3003 1783 3048 possidere
1801 3003 1951 3038 videtur.
1987 3003 2203 3047 Legatorum
2220 3011 2360 3036 nomme

1269 3058 1343 3083 non
1366 3051 1507 3083 tantum
1529 3048 1648 3093 ipsum
1670 3048 1856 3094 possidere
1885 3048 2043 3084 dicemus
2059 3049 2086 3069 ¹⁵
2116 3047 2176 3082 cui
2204 3046 2359 3090 legatum

1271 3096 1343 3136 est,
1375 3103 1498 3128 verum
1527 3093 1693 3129 heredem
1717 3103 1859 3138 quoque
1883 3093 1958 3129 eius
1983 3096 2191 3137 ceterosque
2215 3101 2358 3126 succes-

1273 3141 1310 3173 11
1360 3148 1472 3174 sores.
1508 3137 1612 3182 Quod
1628 3138 1680 3173 ait
1697 3142 1844 3184 praetor
1864 3138 2058 3174 ‘voluntate
2078 3138 2162 3179 eius,
2188 3136 2233 3171 ad
2242 3146 2358 3188 ‘quem

1270 3185 1325 3218 ‘ea
1348 3193 1405 3218 res
1455 3183 1607 3226 ertinet',
1638 3183 1690 3219 ita
1714 3184 1781 3219 erit
1802 3182 2120 3229 interpretandum,
2145 3184 2197 3234 ut,
2221 3190 2253 3215 81
2275 3183 2359 3226 post

1270 3228 1405 3263 aditam
1466 3228 1675 3264 ereditatem
1708 3229 1764 3265 vel
1794 3228 1971 3264 bonorum
2001 3235 2263 3273 possessionem
2293 3225 2357 3277 ad-

1269 3273 1403 3318 gnitam
1426 3273 1594 3309 voluntas
1617 3273 1888 3310 accommodata
1904 3276 1960 3309 est
1977 3271 2159 3317 legatario,
2183 3273 2223 3322 ut
2241 3280 2356 3315 possi-

1270 3319 1389 3360 deret,
1421 3317 1652 3354 interdictum
1684 3322 1818 3356 cesset:
1851 3317 1947 3364 quod
1975 3316 2007 3352 si
2030 3319 2113 3351 ante
2136 3315 2270 3368 aditam
2293 3314 2356 3350 he-

1268 3363 1458 3399 reditatem
1496 3363 1718 3400 bonorumve
1759 3363 2022 3409 possessionem
2065 3360 2245 3405 adgmtam
2288 3360 2357 3395 hoc

1268 3408 1406 3444 factum
1429 3411 1502 3453 est,
1533 3409 1667 3445 rectius
1692 3409 1831 3445 dicetur
1854 3418 1933 3443 eam
1954 3406 2171 3458 voluntatem
2196 3415 2268 3439 1100
2290 3414 2356 3440 no-

1273 3457 1312 3488 12
1360 3462 1440 3490 cere
1464 3453 1605 3490 debere.
1646 3454 1684 3491 Si
1708 3454 1802 3490 duae
1824 3463 1882 3489 res
1905 3452 2043 3496 legatae
2067 3454 2148 3493 sint,
2174 3450 2288 3485 altera
2312 3459 2356 3484 ex

1387 1551 1486 1586 1tatis
1502 1552 1710 1596 petitionem
1728 1552 1985 1588 instituendam
2004 1556 2040 1588 et
2060 1553 2129 1588 1100
2143 1553 2370 1589 interdictum

1269 3575 1351 3609 16,1‚
1365 3575 1401 3601 40
1493 3568 1536 3610 (τ)
1560 3567 1590 3600 si
1602 3567 1701 3600 dedat
1714 3568 1774 3600 ins.

1313 3614 1358 3653 (8)
1383 3612 1448 3645 Ed.
1458 3613 1600 3646 —Bas.
1611 3614 1665 3655 40,
1680 3620 1760 3646 9.-
1772 3611 1822 3654 Cf:
1837 3610 1912 3643 Cod.
1926 3610 1956 3650 8,
1972 3615 1987 3641 2
2043 3609 2086 3650 (9)
2112 3606 2267 3649 quodque
2277 3608 2353 3659 edd.

1312 3658 1373 3699 (10)
1397 3657 1462 3691 Ed.
1477 3676 1522 3682 -
1536 3658 1622 3691 Bas.
1639 3659 1693 3698 44,
1707 3663 1753 3690 24.
1766 3674 1811 3679 —
1828 3655 1879 3698 Cf.
1896 3654 1974 3687 Cod.
1987 3654 2019 3694 8,
2033 3659 2049 3687 s
2156 3654 2210 3703 (ιι)
2235 3651 2355 3685 demde

1266 3703 1419 3746 Krueqer
1531 3704 1590 3743 (12)
1615 3701 1715 3735 huius
1737 3700 1799 3733 del.
1923 3700 1981 3740 (13)
2005 3698 2068 3730 hoo
2089 3697 2268 3730 interdicto
2290 3697 2352 3731 del.

1265 3747 1322 3788 (14)
1346 3747 1484 3781 hocius.
1499 3747 1550 3781 F²
1642 3747 1701 3788 (15)
1726 3743 1932 3777 1110111111111Ψ2

2039 3845 2082 3878 86
