2528 3918
177 93 319 136 XVII]
349 95 428 136 23

225 217 270 256 11
307 217 500 255 Uoranus
527 215 618 251 libro
649 215 839 252 vicensimo
862 217 988 253 octavo
1012 214 1062 250 ad
1082 212 1258 250 Sabinum

177 263 279 309 Quod
302 266 421 299 autem
444 260 597 297 Sabinus
621 260 745 296 scribit
772 259 924 297 fundum
952 261 990 295 in
1021 260 1111 295 diem
1142 257 1260 293 addici

177 321 249 345 non
279 318 386 354 posse
415 316 557 348 rursus,
613 306 650 341 ui
682 306 790 342 semel
819 305 940 341 fuerat
962 305 998 340 in
1023 304 1114 339 diem
1138 303 1258 339 addic-

178 359 254 397 tus,
285 353 423 389 ratione
447 351 580 387 eiusmo
641 350 817 394 defendit,
850 351 933 402 quia
957 349 1102 395 prioris,
1134 347 1259 393 inquit,

177 398 343 444 emptoris
367 396 486 432 statim
510 395 570 439 fit,
601 396 739 432 scilicet
768 406 870 442 quasi
901 406 972 430 non
1002 393 1163 429 videatur
1187 402 1259 446 me3

178 445 245 479 lior
269 441 430 478 condicio
455 442 584 484 allata,
615 440 647 476 si
678 451 750 477 non
781 451 905 476 secure
930 439 1086 475 secundo
1112 442 1261 482 emptori

177 488 310 523 fundus
334 486 530 529 addicitur,
561 485 624 522 sed
654 486 726 521 alia
755 485 903 521 licitatio
935 484 1161 530 prospicitur.
1198 482 1261 518 sed

178 533 335 568 Iulianus
358 531 450 567 libro
475 531 599 576 quinto
623 530 759 567 decimo
785 530 1001 575 digestorum
1033 528 1177 573 scripsit
1206 527 1259 580 in-

177 583 310 613 teresse
342 576 511 619 multum,
543 575 629 622 quid
660 576 752 612 inter
783 575 1035 611 contrahentes
1060 581 1178 608 actum
1203 575 1259 615 sit,

178 632 244 658 nec
266 622 314 657 im
340 621 437 657 edire
459 621 648 668 quicquam
670 621 726 656 vel
749 621 817 655 hoc
842 620 917 664 agi,
951 623 991 654 ut
1014 618 1155 663 saepius
1178 617 1260 653 fun-

178 668 244 703 dus
268 677 310 702 co
339 670 474 710 ocetur,
498 666 582 702 dum
605 666 660 702 vel
708 666 797 701 rima
819 665 874 700 vel
898 664 1054 699 secunda
1078 663 1133 698 vel
1156 663 1263 698 tertia

183 716 195 748 ฮน
245 711 445 748 adiectione
474 722 531 748 res
563 722 586 747 a
617 722 684 747 ven
709 711 799 746 itore
830 709 1000 744 discedat.
1049 709 1136 744 Item
1167 707 1261 753 quod

178 757 332 793 Sabinus
355 757 417 800 ait,
442 756 473 792 si
495 756 610 792 tribus
633 755 866 791 vendentibus
891 755 962 789 duo
986 753 1174 799 posteriori
1199 752 1261 788 ad-

178 802 340 845 dixerint,
364 813 457 838 unus
481 812 553 838 non
578 801 758 837 admiserit
782 800 1028 841 adiectionem,
1051 799 1157 834 huius
1180 808 1262 843 par-

179 852 250 883 tem
280 847 410 893 priori,
442 847 593 882 duorum
623 846 811 892 posteriori
835 848 1008 890 emptam,
1040 844 1092 879 ita
1123 843 1263 878 demum

179 903 301 929 verum
325 896 397 935 est,
430 892 461 928 si
483 892 588 927 variis
613 891 734 936 pretiis
758 894 878 935 partes
903 898 987 925 suas
1012 889 1263 930 distraxerunt,

227 935 279 975 12
303 936 532 973 Poupomvs
561 937 651 972 libro
683 946 778 971 nono
802 935 852 970 ad
874 933 1046 970 Sabinum
1094 933 1162 969 etsi
1193 933 1262 968 dis-

179 993 283 1029 pares
307 986 428 1028 partes
451 981 677 1018 vendentium
701 980 835 1015 fuerint
848 981 869 1015 ยน.

230 1026 277 1067 13
310 1028 505 1064 ULPJAMJS
534 1027 624 1062 libro
658 1026 845 1062 vicensimo
869 1028 997 1060 octavo
1019 1024 1069 1060 ad
1091 1023 1263 1060 Sabinum

181 1073 285 1118 Quod
309 1074 338 1109 si
361 1083 434 1108 uno
458 1072 571 1117 pretio
595 1070 831 1112 vendiderint,
864 1069 1051 1105 dicendum
1075 1074 1130 1104 est
1153 1073 1265 1104 totam

183 1118 292 1164 priori
316 1122 470 1163 emptam
494 1127 656 1158 manere,
713 1115 984 1151 uemadmodum
1016 1115 1046 1150 si
1076 1114 1154 1160 quis
1178 1114 1264 1148 mihi

182 1169 297 1199 totum
319 1163 468 1199 fundum
492 1162 538 1197 ad
562 1162 653 1197 diem
674 1172 695 1196 a
722 1161 878 1202 dixisset,
902 1164 1030 1205 postea
1048 1170 1129 1195 vero
1150 1159 1264 1205 pretio

181 1209 320 1245 adiecto
345 1208 525 1243 dimidium
549 1207 609 1242 alii
632 1206 818 1241 addixerit.
868 1204 992 1240 Celsus
1013 1214 1154 1250 quoque
1174 1204 1264 1240 libro

182 1258 308 1290 octavo
334 1253 549 1305 digestorum
572 1251 682 1286 refert
704 1251 863 1286 Mucium
887 1250 1039 1285 Brutum
1062 1250 1266 1285 Labeonem

181 1299 276 1345 quod
299 1298 469 1334 Sabinum
493 1297 734 1332 existimare2:
759 1296 835 1341 ipse
859 1306 1003 1340 quoque
1026 1294 1151 1330 Celsus
1174 1294 1267 1330 idem

182 1344 311 1390 probat
341 1347 377 1378 et
408 1342 516 1378 adicit
546 1341 666 1377 mirari
699 1352 737 1376 se
761 1352 783 1376 a
806 1341 946 1376 nemine
970 1340 1266 1381 animadversum,

207 1389 276 1425 uod
300 1388 330 1424 si
352 1389 450 1433 prior
482 1392 619 1432 emptor
654 1387 705 1421 ita
737 1386 934 1428 contraxit,
970 1390 1011 1421 ut
1040 1386 1108 1421 nisi
1139 1388 1266 1427 totum,

199 1433 333 1469 undum
357 1437 512 1478 emptum
536 1432 647 1467 nollet
670 1431 811 1474 habere,
836 1442 909 1467 non
931 1431 1064 1466 habere
1087 1441 1166 1466 eum
1191 1441 1268 1466 eam

182 1483 318 1525 partem
342 1489 396 1513 em
423 1482 507 1520 tam,
533 1488 638 1523 quam
662 1487 754 1512 unus
775 1487 818 1511 ex
837 1476 943 1512 sociis
963 1476 1151 1521 posteriori
1170 1485 1267 1520 emp-

188 1528 199 1560 1
250 1524 319 1560 tori
343 1534 365 1558 a
414 1523 507 1558 icere
530 1523 654 1558 noluit.
702 1522 834 1557 Verum
859 1525 913 1557 est
936 1526 1056 1557 autem
1079 1521 1134 1556 vel
1158 1531 1268 1556 unum

182 1580 227 1605 ex
250 1568 489 1604 venditoribus
513 1578 618 1613 posse
641 1567 818 1603 meliorem
843 1566 983 1603 adferre
1006 1566 1266 1603 condicionem:

183 1624 299 1652 emere
324 1614 415 1649 enim
440 1624 520 1649 cum
544 1618 622 1648 tota
644 1623 682 1648 re
707 1613 813 1648 etiam
837 1615 996 1648 nostram
1019 1617 1160 1658 partem
1182 1622 1266 1657 pos-

183 1669 316 1695 sumus.

231 1703 282 1742 14
306 1704 465 1739 Panos
485 1703 576 1740 libro
600 1704 726 1749 quinto
751 1702 800 1738 ad
822 1702 996 1738 Sabinum
1045 1702 1083 1737 Si
1106 1701 1269 1737 venditor

183 1749 402 1785 simulaverit
413 1749 592 1784 meliorem
611 1748 757 1783 allatam
778 1747 1033 1789 condicionem,
1056 1758 1137 1783 cum
1155 1747 1268 1782 mino-

185 1795 234 1831 ris
257 1795 312 1830 vel
337 1794 442 1829 etiam
465 1793 636 1829 tantidem
660 1793 719 1828 alii
741 1792 928 1835 venderet,
953 1793 1095 1838 utrique
1119 1792 1270 1837 emptori

187 1843 198 1875 1
249 1840 286 1876 in
309 1839 460 1875 solidum
492 1839 560 1874 erit
589 1839 777 1891 obligatus.
826 1837 896 1874 Sed
927 1838 958 1873 si
989 1842 1127 1883 emptor
1160 1838 1269 1873 alium

185 1896 258 1920 non
280 1884 446 1920 idoneum
471 1884 621 1919 subiecit
646 1894 748 1928 eique
770 1883 903 1918 fundus
923 1883 1087 1918 addictus
1108 1886 1172 1925 est,
1197 1893 1270 1918 non

184 1930 305 1972 video,
329 1930 461 1982 inquit,
487 1929 780 1974 quemadmodum
804 1929 912 1974 priori
937 1929 983 1963 sit
1005 1933 1163 1974 emptus,
1189 1939 1270 1964 cum

184 1975 255 2011 alia
277 1975 431 2010 venditio
457 1978 493 2010 et
516 1985 599 2009 vera
622 1978 749 2019 postea
772 1974 966 2009 subsecuta
985 1974 1040 2009 sit.
1066 1973 1129 2009 sed
1149 1984 1270 2009 verum

184 2024 240 2056 est
261 2019 480 2055 venditorem
503 2019 690 2064 deceptum
716 2029 758 2054 ex
777 2019 918 2055 vendito
941 2019 1117 2055 actionem
1136 2019 1271 2054 habere

185 2076 264 2100 cum
332 2064 424 2100 riore
468 2069 643 2109 emptore,
688 2064 812 2109 quanti
855 2074 921 2099 sua
954 2064 1094 2099 intersit
1127 2064 1163 2098 id
1198 2074 1270 2099 non

185 2120 263 2146 esse
292 2076 448 2152 (gemm,
483 2120 547 2154 per
581 2120 687 2154 quam
718 2109 893 2144 actionem
925 2112 961 2144 et
990 2109 1148 2151 fructus,
1181 2118 1270 2154 quos

184 2155 281 2200 prior
313 2158 450 2199 emptor
481 2164 587 2199 perce
614 2154 703 2189 eritยณ
727 2160 763 2189 et
786 2165 855 2198 quo
889 2154 1043 2189 deterior
1074 2164 1131 2189 res
1164 2153 1271 2205 culpa

185 2200 240 2236 vel
264 2199 344 2235 dolo
367 2199 461 2235 malo
486 2199 560 2234 eius
600 2203 682 2234 acta
705 2200 762 2241 sit,
786 2199 933 2244 recipiet
955 2199 1127 2234 venditor.
1165 2203 1200 2234 et
1219 2203 1271 2233 ita

185 2247 205 2280 2
252 2244 414 2280 Labeoni
438 2248 474 2280 et
496 2243 635 2279 Nervae
658 2245 786 2290 placet.
835 2243 906 2280 Sed
925 2244 956 2279 si
974 2248 1102 2279 neuter
1120 2244 1271 2279 subiecit

186 2294 397 2335 emptorem,
429 2290 564 2325 maiore
594 2293 713 2325 autem
744 2289 857 2334 pretio
882 2289 1063 2324 addictum
1089 2292 1143 2324 est
1165 2299 1268 2334 prae-

186 2335 282 2371 dium
306 2336 337 2370 ei
361 2335 421 2380 qui
444 2334 612 2370 solvendo
638 2345 710 2370 non
742 2338 815 2377 est,
849 2334 983 2370 abitum
1015 2338 1069 2369 est
1100 2344 1122 2369 a
1152 2334 1270 2379 priore

186 2380 382 2425 emptione,
414 2380 498 2425 quia
530 2390 573 2415 ea
595 2380 718 2415 melior
740 2379 954 2424 intellegitur
978 2389 1085 2424 quam
1109 2379 1270 2414 venditor

186 2429 205 2461 3
254 2425 515 2470 comprobavit,
548 2425 606 2459 cui
635 2425 737 2460 licuit
760 2435 832 2459 non
855 2424 1030 2459 addicere.
1079 2423 1149 2459 Sed
1180 2428 1217 2458 et
1239 2424 1269 2458 si

187 2470 341 2515 pupillus
365 2474 492 2515 postea
515 2470 591 2505 sine
614 2470 742 2505 tutoris
767 2469 979 2508 auctoritate
1002 2469 1114 2514 pluris
1134 2468 1267 2510 emerit,

187 2515 431 2551 consentiente
464 2514 647 2549 venditore
681 2514 837 2549 abibitur
870 2524 893 2549 a
926 2514 1044 2559 priore
1079 2514 1267 2558 emptione.

185 2560 278 2595 idem
303 2564 338 2595 et
367 2559 411 2595 de
442 2569 542 2595 servo
574 2559 706 2594 alieno:
740 2559 841 2594 aliter
872 2563 979 2604 atque
1010 2559 1040 2594 si
1070 2569 1171 2594 servo
1203 2569 1268 2594 suo

186 2605 240 2639 vel
264 2605 346 2646 filio,
396 2615 474 2639 uem
497 2604 534 2639 in
558 2608 736 2649 potestate
759 2604 878 2646 habet,
903 2604 958 2639 vel
977 2603 1117 2639 domino
1135 2603 1186 2638 rei
1206 2614 1270 2648 per

188 2659 343 2684 errorem
366 2650 378 2683 i
435 2648 628 2692 addixerit,
663 2650 746 2694 quia
769 2660 841 2684 non
866 2654 921 2684 est
944 2649 1072 2694 emptio
1097 2649 1153 2684 his
1178 2649 1268 2683 casi-

187 2695 265 2729 bus.
301 2694 396 2739 quod
420 2695 450 2729 si
481 2694 596 2730 alieno
628 2704 746 2736 servo,
779 2705 881 2739 quem
913 2694 1090 2739 putaverit
1119 2694 1270 2728 liberum

189 2749 283 2781 esse,
309 2739 505 2782 addixerit,
538 2744 663 2774 contra
686 2750 724 2775 se
747 2739 893 2774 habebit
916 2743 951 2774 et
975 2739 1042 2774 erit
1064 2739 1123 2775 hic
1146 2739 1269 2774 similis

188 2787 208 2819 4
257 2784 381 2836 egenti.
428 2784 646 2829 Emptorem,
671 2785 731 2830 qui
754 2785 933 2820 meliorem
953 2784 1196 2819 condicionem
1215 2789 1269 2819 at-

191 2829 331 2871 tulerit,
363 2834 505 2874 praeter
535 2840 664 2874 corpus
695 2829 781 2865 nihil
813 2830 972 2874 sequitur
994 2829 1090 2874 quod
1112 2829 1268 2864 venierit.

191 2877 210 2909 5
258 2873 340 2908 Non
364 2879 482 2909 tamen
506 2874 597 2916 ideo,
623 2875 651 2910 si
675 2875 884 2910 tantundem
906 2874 1059 2919 pretium
1083 2873 1175 2909 alius
1199 2873 1269 2916 det,

190 2919 258 2954 hoc
281 2918 370 2963 ipso,
395 2919 490 2963 quod
508 2918 647 2954 fructus
667 2930 746 2954 eum
766 2930 837 2955 non
858 2929 896 2955 se
921 2923 1062 2961 uantur,
1087 2919 1148 2964 qui
1168 2929 1269 2954 secu-

189 2964 261 2999 turi
285 2967 403 2998 essent
424 2963 576 3008 priorem
600 2970 813 3009 emptorem,
845 2975 880 2999 m
927 2974 967 2999 or
991 2963 1151 2999 condicio
1175 2963 1270 2999 vide-

189 3013 263 3089 แผฮนฮนฮนแฝณฮฟ
271 3008 390 3051 allata,
416 3008 499 3053 quia
522 3019 594 3043 non
617 3009 653 3043 id
673 3010 789 3053 agitur
807 3009 901 3045 inter
920 3012 1112 3054 emptorem
1133 3012 1168 3044 et
1186 3019 1269 3044 ven-

265 3063 349 3089 rem.

239 3096 289 3135 15
313 3097 540 3133 Pomoms
567 3097 657 3133 libro
688 3109 782 3134 nono
806 3098 856 3134 ad
877 3097 1051 3134 Sabinum
1098 3098 1135 3134 Si
1165 3108 1269 3144 prae-

190 3141 249 3179 dio
280 3143 317 3178 in
341 3142 434 3177 diem
458 3142 599 3177 addicto
625 3147 707 3178 ante
730 3143 820 3179 diem
844 3143 1005 3179 venditor
1027 3148 1188 3179 mortuus
1211 3143 1268 3186 sit,

190 3187 263 3224 sive
285 3191 368 3233 post
391 3187 483 3222 diem
506 3187 608 3222 lieres
633 3188 664 3222 ei
688 3188 836 3224 exsistat
859 3188 931 3223 sive
955 3188 1097 3224 omnino
1117 3199 1189 3224 non
1208 3198 1268 3224 ex-

190 3233 305 3274 sistat,
354 3231 438 3268 riori
460 3232 643 3277 praedium
668 3237 820 3277 emptum
844 3237 909 3275 est,
934 3234 1018 3286 quia
1039 3232 1161 3269 melior
1185 3243 1269 3269 con-

191 3277 283 3313 dicio
308 3287 330 3312 a
379 3281 436 3319 ta,
460 3286 551 3321 quae
575 3276 716 3312 domino
742 3278 902 3322 placeat,
934 3278 1088 3322 intellegi
1111 3288 1182 3313 non
1204 3288 1269 3322 po-

191 3327 280 3365 test,
305 3332 386 3357 cum
408 3321 439 3357 is
463 3321 523 3366 qui
546 3321 675 3356 vendat
697 3332 768 3357 non
794 3323 958 3358 exsistat:
991 3322 1087 3367 quod
1117 3322 1148 3358 si
1176 3322 1271 3358 intra

192 3367 284 3405 diem
313 3365 545 3402 adiectionisโด
576 3366 680 3401 heres
712 3367 858 3410 existat,
891 3367 1013 3404 melior
1045 3367 1206 3403 condicio
1239 3367 1270 3402 ei

197 3415 208 3446 ฮน
259 3411 390 3448 adferri
420 3414 549 3457 potest.
597 3409 634 3446 Si
663 3409 794 3447 fundus
825 3412 862 3446 in
893 3412 983 3447 diem
1007 3411 1169 3447 addictus
1192 3411 1270 3447 fueฮ

191 3456 259 3491 ritโถ
280 3456 404 3502 pluris,
427 3459 468 3492 ut
490 3454 664 3501 quaedam
690 3455 721 3491 ei
740 3455 925 3497 accedant,
950 3467 1042 3502 quae
1060 3467 1132 3492 non
1148 3466 1269 3491 acces-

192 3571 232 3610 (1)
259 3570 278 3602 l.
292 3577 325 3604 12
345 3569 502 3603 collomri
519 3569 711 3611 deb-:upon
722 3567 743 3600 l.
756 3575 788 3602 ยน3
809 3571 893 3602 verb.
908 3568 997 3610 quod
1017 3569 1047 3601 si
1068 3579 1134 3601 uno
1154 3568 1268 3611 pretio

194 3613 406 3646 vendiderint
540 3615 584 3654 (2)
609 3612 815 3645 existimaret
824 3613 856 3645 F
989 3615 1031 3654 (3)
1055 3613 1206 3657 percepit
1217 3613 1252 3646 F
1259 3613 1268 3634 ยน

194 3659 235 3697 (4)
260 3658 465 3691 addictionis
476 3658 558 3692 Hae.
650 3658 693 3697 (โถ)
717 3657 832 3698 fuerit]
845 3657 989 3690 venierit
999 3670 1062 3692 scr.
1132 3659 1176 3699 (6)
1200 3667 1269 3691 non

196 3702 282 3735 valet
295 3705 354 3735 ins.
457 3707 501 3742 (7)
525 3702 655 3744 poterit
666 3702 750 3736 FยฒS
849 3702 894 3742 (8)
919 3712 1031 3734 servus
1044 3703 1229 3745 sinomptus
1241 3703 1276 3735 F

1240 64 1331 135 '236

1332 211 1444 248 serint
1465 211 1576 257 priori
1600 213 1771 258 emptori,
1801 213 1832 248 si
1863 224 1936 249 non
1965 214 2111 250 minoris
2143 215 2216 251 sint
2244 216 2315 252 hae
2344 226 2414 260 res,
2467 207 2472 217 โ

1332 267 1439 337 {iiiam
1463 268 1532 302 quo
1556 258 1669 304 pluris
1681 262 1818 311 โpostea
1848 258 1981 294 fundus
2012 260 2178 303 venierit,
2208 261 2305 306 prior
2333 272 2415 297 venฮ

1369 301 1418 337 tio
1442 302 1555 346 valet,
1590 313 1693 348 quasi
1714 303 1838 340 melior
1861 303 2022 340 condicio
2046 305 2156 340 allata
2186 316 2259 341 non
2290 306 2353 342 sit:
2386 307 2414 343 si
2468 304 2477 327 แผ

1332 347 1477 383 minoris
1502 347 1574 383 sint
1583 349 1608 383 โถ.
1643 347 1736 384 idem
1761 359 1807 384 ue
1830 348 2087 384 aestimandum
2107 354 2172 393 est,
2197 351 2227 386 si
2246 351 2320 386 dies
2340 351 2416 387 lon-

1330 392 1408 437 gior
1430 393 1537 437 pretii
1559 393 1718 428 solvendi
1766 396 1827 428 ata
1849 393 1977 437 fuerit,
2002 398 2042 429 ut
2066 399 2276 439 quaeratur,
2301 406 2413 442 quan-

1331 441 1408 472 tum
1432 447 1476 472 ex
1498 447 1608 473 usura
1631 438 1706 474 eius
1729 438 1897 483 temporis
1923 440 2003 484 capi
2024 440 2214 484 potueritโท.

1381 478 1432 519 16
1463 480 1659 518 ULPJANUS
1677 483 1768 519 libro
1790 484 1997 529 triqensimo
2017 484 2175 520 secundo
2195 484 2246 521 ad
2264 484 2416 521 edictum

1332 527 1384 561 Im
1412 530 1530 579 erator
1554 527 1703 564 Severus
1727 528 1927 573 rescripsit:
1954 528 2066 564 โSicut
2087 530 2227 565 fructus
2257 530 2294 564 in
2326 529 2417 566 diem

1333 575 1367 607 โa
1393 571 1510 607 dictae
1541 572 1686 615 domus,
1719 583 1800 608 cum
1833 573 1956 608 melior
1981 574 2141 609 condicio
2165 574 2273 610 fuerit
2296 575 2417 618 allata,

1335 616 1519 652 โvenditori
1542 617 1682 653 restitui
1705 628 1851 653 necesse
1874 622 1947 661 est,
1978 619 2030 654 ita
2060 630 2182 655 rursus
2207 630 2298 671 quae
2319 620 2416 665 prior

1333 665 1483 707 โemptor
1505 662 1619 698 medio
1643 666 1803 708 tempore
1822 664 2023 699 necessario
2038 664 2242 718 probaverit
2262 669 2416 710 erogata,

1334 707 1391 743 โde
1415 707 1533 743 reditu
1556 707 1701 743 retineri
1724 708 1789 750 vel,
1815 708 1846 743 si
1869 718 1941 743 non
1965 708 2133 752 sufficiat,
2157 709 2244 744 solvi
2267 719 2418 755 aequum

1334 753 1421 832 โest-2
1459 757 1494 788 et
1526 752 1631 789 credo
1662 753 1815 789 sensisse
1846 753 2041 799 principem
2073 754 2118 790 de
2150 755 2258 800 empti
2286 755 2419 790 venditi

1335 808 1378 833 ac
1396 808 1488 833 ione.

1383 840 1432 880 17
1457 842 1483 878 ฮ
1485 853 1651 879 ULJANUS
1667 843 1758 879 libro
1780 843 1906 889 quinto
1924 843 2060 880 decimo
2078 843 2297 891 diqestorum
2333 844 2419 880 Cum

1335 888 1405 924 duo
1441 888 1533 923 servi
1564 888 1704 924 duobus
1739 888 1931 933 separatim
1964 889 2063 924 denis
2092 888 2131 924 in
2162 889 2253 924 diem
2285 889 2417 925 addicti

1334 934 1406 969 sint
1429 937 1464 968 et
1488 933 1662 970 exstiterit
1685 933 1745 978 qui
1769 944 1833 978 pro
1858 938 2008 978 utroque
2031 934 2175 979 triginta
2199 934 2277 977 det,
2301 934 2420 977 refert,

1334 978 1439 1014 unius
1463 979 1577 1023 pretio
1603 978 1725 1014 decem
1749 989 1796 1013 an
1820 978 2038 1023 singulorum
2062 979 2170 1024 quina
2189 979 2337 1015 adiciat:
2365 990 2419 1015 se-

1336 1023 1490 1060 cundum
1514 1024 1730 1069 superiorem
1754 1023 1987 1059 adiectionem
2010 1024 2040 1059 is
2065 1034 2187 1060 servus
2219 1025 2420 1071 inemptusโธ

1336 1069 1413 1111 erit,
1440 1069 1540 1104 cuius
1586 1069 1675 1104 retio
1696 1069 1846 1104 adiectio
1867 1068 1965 1104 facta
1984 1069 2103 1112 fuerit,
2124 1069 2319 1105 secundum
2337 1080 2419 1116 pos-

1335 1114 1500 1150 teriorem
1531 1124 1553 1149 a
1577 1114 1763 1149 iectionem
1787 1118 1936 1159 uterque
1960 1114 2005 1150 ad
2027 1115 2259 1160 posteriorem
2283 1119 2417 1161 empto-

1335 1170 1409 1195 rem
1434 1160 1643 1204 pertinebit:
1669 1159 1764 1204 quod
1788 1160 1818 1194 si
1841 1159 2016 1195 incertum
2039 1160 2104 1203 sit,
2129 1160 2176 1195 ad
2198 1161 2312 1196 utrius
2335 1171 2417 1206 pre-

1335 1205 1422 1285 tiiium
1454 1204 1645 1247 addiderit,
1679 1215 1701 1239 a
1729 1205 1847 1250 priore
1879 1205 2056 1250 emptione
2086 1215 2158 1240 non
2181 1205 2319 1241 videtur
2343 1215 2420 1241 esse

1374 1260 1543 1285 scessum.

1385 1292 1435 1332 18
1459 1296 1686 1331 AFRICANUS
1713 1295 1803 1331 libro
1836 1295 1940 1330 tertio
1972 1296 2220 1341 quaestionum
2267 1295 2355 1330 Cum
2384 1295 2421 1330 in

1337 1340 1428 1376 diem
1453 1340 1592 1375 duobus
1617 1340 1723 1376 sociis
1747 1339 1878 1376 fundus
1902 1340 1949 1375 sit
1971 1340 2155 1383 addictus,
2185 1351 2258 1376 uno
2290 1351 2333 1376 ex
2364 1340 2419 1376 his

1336 1386 1489 1431 pretium
1523 1385 1698 1421 adiciente
1733 1386 1838 1421 etiam
1868 1396 1933 1430 pro
1965 1386 2077 1430 ipsius
2113 1389 2215 1430 parte
2249 1395 2271 1420 a
2304 1386 2422 1431 priore

1337 1431 1539 1467 venditione
1563 1430 1698 1466 discedi
1720 1431 1852 1466 rectius
1879 1430 2110 1466 existimatur.

1386 1473 1436 1513 19
1461 1475 1507 1511 ฮฮ
1516 1485 1687 1511 VOLENUS
1721 1476 1811 1512 libro
1842 1475 1998 1511 secundo
2030 1487 2080 1511 ex
2102 1476 2248 1511 Plautio
2294 1475 2421 1511 Fundo

1337 1522 1374 1556 in
1403 1521 1495 1556 diem
1525 1521 1667 1557 addicto
1699 1522 1731 1556 si
1761 1526 1888 1566 postea
1918 1521 2071 1566 pretium
2102 1521 2280 1556 adiectum
2310 1524 2365 1557 est
2388 1525 2422 1557 et

1337 1566 1498 1602 venditor
1528 1566 1596 1602 alio
1629 1566 1740 1602 fundo
1774 1566 1941 1611 applicito
1974 1577 2054 1601 eum
2076 1566 2191 1647 igsum
2213 1566 2317 1602 fundi
2325 1577 2421 1647 fpos-

1337 1612 1457 1648 teriori
1492 1612 1643 1657 emptori
1677 1611 1814 1647 addixit
1847 1615 1882 1646 et
1912 1611 1948 1646 id
1980 1611 2055 1647 sine
2111 1612 2167 1647 olo
2200 1612 2294 1647 malo
2342 1612 2421 1654 ecit,

1338 1657 1450 1710 priori
1474 1657 1625 1702 emptori
1649 1657 1825 1701 obligatus
1849 1667 1923 1692 non
1946 1657 2030 1692 erit:
2062 1667 2146 1692 nam
2169 1657 2327 1702 quamvis
2351 1667 2422 1692 non

1336 1702 1373 1738 id
1397 1705 1555 1750 tantum,
1589 1702 1685 1748 quod
1707 1702 1745 1737 in
1769 1702 1862 1737 diem
1893 1701 2075 1737 addictum
2106 1706 2200 1744 erat,
2234 1702 2296 1737 sed
2327 1702 2423 1737 aliud

1338 1758 1478 1793 quoque
1502 1758 1582 1783 cum
1607 1757 1648 1783 eo
1672 1747 1829 1789 venierit,
1854 1751 1994 1789 tamen,
2019 1747 2050 1782 si
2071 1747 2232 1783 venditor
2255 1747 2336 1783 dolo
2362 1757 2421 1782 ca-

1337 1796 1409 1835 ret,
1445 1793 1573 1838 prioris
1609 1792 1776 1837 emptoris
1809 1802 1920 1828 causa
1949 1792 2117 1827 absoluta
2147 1796 2218 1827 est:
2253 1792 2292 1827 id
2327 1792 2421 1827 enim

1339 1838 1453 1874 solum
1476 1837 1685 1873 intuendum
1709 1841 1781 1881 est,
1815 1847 1862 1873 an
1884 1837 2019 1882 prioriโน
2041 1837 2214 1873 venditori
2236 1837 2332 1873 bona
2353 1837 2422 1873 fide

1338 1883 1437 1919 facta
1459 1883 1506 1919 sit
1530 1883 1692 1919 adiectio.

1385 1927 1438 1966 20
1474 1927 1720 1964 PAPJNJANUS
1751 1928 1842 1964 libro
1878 1929 1982 1963 tertio
2015 1937 2267 1973 responsorum
2320 1927 2422 1963 Prior

1339 1977 1478 2019 emptor
1499 1977 1584 2019 post
1606 1974 1787 2009 meliorem
1808 1973 2052 2008 condicionem
2069 1972 2226 2007 oblatam
2246 1973 2291 2008 ob
2312 1982 2420 2017 pecu-

1339 2020 1435 2055 niam
1457 2019 1495 2054 in
1519 2019 1663 2055 exordio
1687 2018 1861 2055 venditori
1891 2018 1935 2054 de
1967 2018 2080 2063 pretio
2112 2018 2267 2053 solutam
2297 2021 2422 2053 contra

1339 2064 1536 2100 secundum
1568 2067 1761 2116 emptorem
1785 2064 1875 2099 citra
1898 2063 2151 2107 delegationem
2175 2063 2252 2098 iure
2275 2062 2420 2108 stipula-

1337 2109 1445 2145 tionis
1468 2109 1713 2154 interpositam
1737 2119 1842 2154 agere
1865 2119 1936 2144 non
1959 2111 2090 2153 potest.

1826 2203 1884 2240 III
1895 2201 1935 2240 ยนโฐ.

1605 2268 1666 2300 DE
1691 2267 1816 2300 LEGE
1843 2266 2161 2300 COMMISSORIA:

1386 2332 1405 2371 1
1448 2333 1642 2370 [Inpurus
1668 2333 1760 2369 libro
1791 2334 1980 2370 vicensimo
2012 2336 2137 2369 octavo
2168 2330 2218 2367 ad
2247 2330 2420 2367 Sabinum

1338 2379 1376 2415 Si
1397 2378 1529 2414 fundus
1562 2379 1804 2414 commissoria
1833 2378 1910 2424 lege
1939 2377 2104 2421 venierit,
2136 2377 2246 2422 magis
2278 2380 2350 2419 est,
2381 2380 2423 2412 ut

1338 2424 1404 2460 sub
1439 2423 1648 2459 condicione
1678 2424 1806 2460 resolvi
1836 2423 1967 2470 emptio
1992 2433 2099 2468 quam
2122 2423 2189 2458 sub
2214 2421 2422 2458 condicione

1338 2468 1499 2504 contrahi
1523 2468 1693 2504 videatur.

1384 2511 1409 2550 2
1433 2513 1661 2549 POMPONIUS
1682 2514 1772 2549 libro
1797 2514 2002 2560 qunsimo
2027 2513 2152 2559 quinto
2176 2511 2225 2548 ad
2246 2510 2418 2548 Sabinum

1339 2559 1427 2594 Cum
1450 2558 1611 2594 venditor
1633 2558 1736 2594 fundi
1758 2559 1796 2594 in
1818 2558 1894 2604 lege
1916 2558 1968 2593 ita
1999 2557 2151 2593 caverit:
2177 2558 2220 2592 โsi
2251 2556 2298 2592 ad
2328 2557 2418 2592 diem

1339 2604 1504 2650 โpecunia
1526 2603 1644 2639 soluta
1666 2614 1739 2640 non
1762 2604 1825 2646 sit,
1857 2607 1898 2638 ut
1919 2602 2053 2639 fundus
2076 2603 2254 2648 inemptus
2279 2602 2347 2644 sit',
2371 2602 2420 2637 ita

1338 2649 1513 2694 accipitur
1531 2649 1708 2694 inemptus
1728 2659 1806 2684 esse
1823 2648 1967 2690 fundus,
1992 2648 2023 2684 si
2044 2647 2205 2683 venditor
2227 2648 2419 2692 inemptum

1339 2705 1418 2730 eum
1449 2704 1528 2729 esse
1558 2694 1659 2737 velit,
1692 2694 1776 2746 quia
1807 2693 1844 2728 id
1866 2693 2057 2729 venditoris
2081 2703 2192 2728 causa
2215 2696 2418 2728 caveretur:

1338 2750 1420 2775 nam
1443 2739 1474 2775 si
1507 2739 1611 2774 aliter
1640 2742 1881 2784 acciperetur,
1914 2742 2039 2774 exusta
2067 2738 2150 2773 villa
2178 2737 2215 2772 in
2244 2740 2420 2783 potestate

1339 2784 1506 2829 emptoris
1517 2784 1688 2827 futurum,
1709 2788 1750 2819 ut
1761 2794 1832 2819 non
1845 2783 1962 2819 dando
1976 2785 2001 2804 ยนยน
2022 2783 2209 2828 pecuniam
2227 2782 2419 2827 inemptum

1337 2829 1474 2865 faceret
1495 2828 1657 2872 fundum,
1682 2829 1743 2874 qui
1766 2829 1840 2864 eius
1863 2828 2022 2873 periculo
2045 2827 2182 2863 fuisset.

1384 2871 1409 2912 3
1449 2873 1643 2910 ULPIANUS
1674 2874 1765 2910 libro
1800 2874 2007 2920 triqensimo
2042 2872 2091 2908 ad
2124 2872 2278 2908 edictum
2323 2871 2414 2907 Nam

1338 2919 1450 2964 legem
1474 2919 1768 2961 commissoriam,
1824 2929 1892 2953 uae
1914 2918 1950 2953 in
1973 2917 2232 2953 venditionibus
2256 2916 2418 2959 adicitur,

1339 2964 1369 3000 si
1393 2964 1487 2999 volet
1509 2963 1671 2999 venditor
1693 2973 1818 2999 exerce
1842 2963 1881 3006 it,
1906 2973 1978 2998 non
2002 2963 2108 2998 etiam
2130 2962 2271 2998 invitus.

1384 3008 1410 3046 4
1434 3008 1542 3044 IDEM
1566 3008 1657 3044 libro
1689 3009 1895 3061 trssqensimo
1926 3007 2082 3044 secundo
2112 3006 2162 3043 ad
2183 3006 2336 3042 edictum
2382 3005 2419 3042 Si

1337 3053 1472 3090 fundus
1502 3053 1578 3097 lege
1609 3053 1852 3088 commissoria
1880 3053 2044 3095 venierit,
2074 3052 2144 3088 hoc
2176 3055 2230 3087 est
2261 3055 2319 3094 ut,
2351 3051 2418 3086 nisi

1337 3099 1432 3134 intra
1456 3102 1591 3134 certum
1615 3097 1706 3133 diem
1729 3098 1882 3143 pretium
1915 3098 1962 3133 sit
1992 3097 2209 3139 exsolutum,
2240 3096 2418 3141 inemptus

1338 3143 1457 3185 fieret,
1489 3142 1686 3185 videamus,
1742 3143 2014 3178 uemadmodum
2043 3141 2203 3177 venditor
2232 3144 2315 3186 agat
2345 3145 2416 3176 tam

1339 3188 1382 3224 de
1404 3187 1515 3224 fundo
1541 3198 1646 3232 quam
1671 3155 1803 3230 deqliis,
1829 3198 1920 3233 quae
1943 3198 1987 3223 ex
2008 3187 2120 3222 fundo
2144 3189 2313 3231 percepta
2335 3186 2416 3227 sint,

1337 3233 1489 3278 itemque
1513 3232 1543 3268 si
1567 3232 1720 3268 deterior
1742 3232 1874 3269 fundus
1899 3232 2047 3268 effectus
2077 3232 2124 3267 sit
2152 3231 2250 3266 facto
2281 3234 2416 3275 empto-

1338 3278 1398 3313 ris.
1446 3281 1483 3312 et
1515 3277 1654 3322 quidem
1689 3277 1791 3312 finita
1825 3281 1880 3313 est
1913 3277 2062 3322 emptio:
2099 3276 2162 3312 sed
2195 3276 2265 3310 iam
2298 3275 2417 3310 decisa

1338 3322 1497 3368 quaestio
1523 3326 1578 3357 est
1601 3333 1644 3357 ex
1667 3322 1808 3358 vendito
1833 3322 2008 3357 actionem
2039 3332 2117 3357 com
2144 3325 2256 3363 ete-re,
2288 3324 2330 3355 ut
2360 3330 2414 3355 re-

1338 3367 1480 3412 scriptis
1504 3367 1724 3411 imperatoris
1747 3367 1919 3402 Antonini
1950 3370 1986 3401 et
2015 3366 2085 3402 divi
2136 3365 2226 3402 everi
2257 3364 2414 3400 declara-

1342 3415 1355 3446 i
1405 3415 1474 3446 tur.
1522 3411 1592 3447 Sed
1623 3411 1718 3457 quod
1741 3412 1792 3447 ait
1813 3411 1982 3447 Neratius
2012 3411 2121 3446 habet
2151 3410 2343 3452 rationem,
2376 3412 2417 3444 ut

1337 3455 1514 3491 interdum
1536 3456 1675 3492 fructus
1700 3460 1837 3502 emptor
1859 3456 2028 3498 lucretur,
2053 3467 2133 3491 cum
2150 3454 2301 3500 pretium
2321 3452 2416 3499 quod

1339 3570 1386 3607 (โน)
1409 3568 1517 3610 priori
1531 3569 1592 3602 del.

1383 3613 1442 3652 (ฮนฮฟ)
1468 3613 1547 3646 Sab.
1562 3621 1646 3655 1...5อพ
1661 3613 1748 3656 Pap.
1760 3620 1788 3646 o.
1803 3620 1838 3652 ฮนฯ
1850 3613 1938 3656 App.
1953 3620 1980 3647 s.
1994 3630 2038 3637 -
2051 3613 2136 3646 Bm.
2152 3612 2203 3652 19,
2215 3618 2232 3646 a
2301 3612 2355 3651 (ฮนฮน)
2366 3610 2415 3644 sie

1337 3657 1375 3698 S,
1389 3657 1531 3690 dandam
1544 3658 1579 3690 F

1873 102 1935 134 niz
1963 103 2084 135 LEGE
2113 103 2414 137 conmissomA
2457 96 2464 131 แผฐ

2481 1388 2522 2783 ewammmffimmfflawawwffi:wwzfflfflamwwwmt
2481 1065 2512 1374 &wammam->e
2504 1030 2509 1039 ,
2481 775 2509 826 ยณ21:
2482 524 2493 582 ฮฝ
