2528 3918
157 106 306 155 ms'r.
334 106 369 163 1,
400 103 569 160 26-—H,
603 107 623 147 1

182 235 311 272 uberes
340 243 415 271 non
442 233 596 279 possunt
623 232 762 266 tutores
792 238 878 266 suos
909 231 1097 274 suspectos
1120 230 1246 281 postu·

171 292 249 317 are:
280 279 434 333 puberes
465 280 585 313 autem
617 278 802 311 curatores
832 284 918 311 suos
941 284 987 310 ex
1010 273 1159 310 consilio
1183 283 1246 326 ne:

158 335 397 363 cessanorum
427 333 488 359 sus
516 324 615 357 ectos
646 323 799 366 possunt
829 330 994 364 arguere:
1029 323 1065 355 et
1093 319 1145 354 ita
1177 318 1247 354 divi

158 375 178 407 5
226 371 377 407 Severus
410 372 446 404 et
513 366 682 402 ntoninus
716 365 827 402 rescri
854 368 988 401 serunt.
1049 364 1246 410 Suspectus

157 420 213 454 est
235 419 374 457 autem,
406 412 467 459 qui
490 422 562 448 non
586 421 631 447 ex
652 410 724 447 fide
746 376 895 447 tutessm
918 410 1027 455 gerit,
1059 409 1143 444 licet
1175 409 1246 444 sol-

156 461 271 498 vendo
305 464 375 502 est,
408 462 449 494 ut
479 460 516 492 et
537 456 699 492 Iulianus
729 467 872 502 quoque
902 455 1055 500 scripsit.
1093 454 1158 490 sed
1188 455 1246 490 et¹

157 510 252 549 ante,
277 515 383 551 quam
406 502 556 548 incipiat
576 511 700 547 gerere
722 502 870 537 tutelam
894 504 1011 542 tutor,
1035 510 1143 545 posse
1167 510 1248 535 eum

157 552 260 598 quasi
290 551 496 594 suspectum
525 547 698 584 removeri
727 547 822 583 idem
845 546 1005 581 Iulianus
1036 545 1182 590 scripsit
1212 547 1249 580 et

158 601 178 633 6
225 595 421 632 secundum
444 603 525 629 eum
548 593 784 629 constitutum
808 595 871 628 est.
921 590 1116 635 Suspectus
1129 593 1249 626 autem

156 644 332 683 remotus,
363 639 394 675 si
417 638 559 685 quidem
589 638 636 674 ob
668 638 808 680 dolum,
839 637 999 672 famosus
1030 639 1103 671 est:
1139 635 1170 671 si
1200 635 1248 672 ob

157 690 177 722 ’1
225 686 379 731 culpam,
403 695 476 721 non
498 694 622 729 aeque.
671 683 709 719 Si
732 683 811 736 quis
835 686 955 718 autem
974 684 1163 734 suspectus
1183 691 1247 727 po-

156 731 329 774 stulatur,
361 729 482 776 quoad
506 739 549 765 co
600 728 661 764 'tio
684 729 848 770 fimatur,
880 726 1105 762 interdicitur
1128 726 1160 762 ei
1184 726 1248 762 ad-

157 780 177 814 8
224 775 456 819 ministratio,
486 777 528 810 ut
581 774 749 819 apiniano
772 774 886 809 visum
910 776 974 807 est.
1023 771 1095 807 Sed
1126 772 1157 807 si
1187 782 1247 808 su-

155 822 271 869 specti
301 820 458 866 cognitio
490 823 660 865 suscepta
690 819 799 854 fuerit
832 821 1029 863 posteaque
1063 820 1163 853 tutor
1192 817 1249 853 vel

156 870 177 904 9
226 870 371 904 curator
382 865 585 908 decesserit,
607 865 825 910 extinguitur
838 863 991 908 cognitio
1005 862 1174 908 suspecti.
1211 862 1249 898 Si

180 913 236 949 uis
259 915 360 948 tutor
383 911 524 958 copiam
547 910 603 946 sui
627 921 699 946 non
717 910 840 952 faciat,
863 913 906 944 ut
924 908 1093 943 alimenta
1112 907 1248 953 pupillo

156 924 414 1001 decernantur,
439 960 585 993 cavetur
609 956 762 1008 epistula
785 954 946 990 divorum
971 953 1091 989 Severi
1115 956 1151 988 et
1173 954 1248 988 An-

155 1003 311 1047 tonini⁸,
342 1005 385 1039 ut
413 1002 452 1039 in
483 1011 746 1047 possessionem
778 1000 954 1036 bonorum
985 998 1060 1035 eius
1091 999 1249 1045 pupillus

1256 96 1304 146 10

1902 115 1965 147 DE
1991 114 2146 148 RERUM
2174 115 2405 149 mvlsmrm

1315 227 1496 265 mittatur:
1529 230 1566 263 et
1595 237 1688 273 quae
1710 238 1812 264 mora
1835 227 2013 265 deteriora
2033 227 2158 265 futura
2180 231 2285 272 sunt,
2316 228 2402 266 dato

1316 276 1483 309 curatore
1513 271 1664 309 distrahi
1692 273 1871 310 iubentur.
1908 283 1991 319 ergo
2014 277 2057 310 ut
2078 277 2268 320 suspectus
2290 284 2406 312 remo-

1318 321 1375 371 10·
1406 318 1480 354 veri
1513 318 1645 364 poterit
1675 319 1737 364 qui
1767 330 1840 355 non
1870 321 2032 364 praestat
2054 319 2232 355 alimenta.
2280 319 2352 356 Sed
2376 320 2407 356 si

1316 374 1396 445 dms
1426 373 1598 409 praesens
1629 367 1736 409 negat
1757 367 1905 410 propter
1927 364 2084 410 inopiam
2108 365 2277 401 alimenta
2299 376 2407 411 posse

1342 409 1480 451 ecerni,
1513 408 1543 444 si
1573 408 1644 445 hoc
1666 420 1732 455 per
1754 409 1979 445 mendacium
2010 409 2124 452 dicat,
2156 410 2408 446 remittendum

1317 465 1398 490 eum
1431 464 1511 490 esse
1545 453 1592 489 ad
1626 454 1848 500 praefectum
1878 455 1978 491 urbis
2011 455 2230 500 puniendum
2260 455 2407 501 placuit,

1317 500 1411 536 sicut
1440 499 1500 535 ille
1538 499 1748 543 remittitur,
1783 499 1845 545 qui
1876 499 1962 535 data
1992 500 2146 546 pecunia
2176 500 2409 537 ministerium

1320 548 1357 580 11
1409 544 1544 580 tutelae
1574 544 1733 581 redemit.
1783 545 1974 581 ³Libertns
2031 555 2168 591 uoque,
2200 545 2231 581 si
2260 545 2408 582 fraudu-

1316 590 1432 627 lenter
1454 590 1609 635 gessisse
1631 590 1780 626 tutelam
1802 590 1957 626 filiorum
1980 601 2022 626 ve
2065 594 2236 636 nepotum
2265 591 2410 644 patroni

1317 636 1508 682 probetur,
1540 634 1587 670 ad
1610 635 1833 680 praefectum
1856 636 1954 671 urbis
1978 636 2170 672 remittitur
2193 636 2405 681 pumendus.

1320 684 1361 716 12
1407 680 1609 717 Novissime
1631 680 1815 717 sciendum
1836 684 1890 716 est
1909 691 1982 724 eos,
2007 681 2068 726 qui
2086 680 2334 717 fraudulenter
2351 685 2408 716 tu-

1317 726 1426 762 telam
1448 726 1506 762 vel
1529 736 1652 761 curam
1675 726 1945 769 administrant,
1971 726 2110 762 etiamsi
2133 726 2220 762 satis
2244 726 2408 770 offerant,

1317 771 1550 808 removendos
1575 781 1598 807 a
1619 771 1743 814 tutela,
1770 771 1877 818 ⁴quia
1900 771 2086 807 satisdatio
2110 772 2333 818 propositum
2352 776 2409 807 tu-

1316 817 1405 853 toris
1429 816 1665 852 malevolum⁵
1686 828 1759 853 non
1783 820 1909 860 mutat,
1933 817 1997 853 sed
2017 817 2149 853 diutius
2168 817 2354 862 grassandi
2372 817 2411 853 in

1321 866 1361 898 13
1408 873 1448 898 re
1489 862 1657 897 familiari
1698 861 1907 898 facultatem
1942 866 2114 908 praestat.
2174 861 2410 908 ¹¹Suspectum

1318 907 1411 943 enim
1431 918 1512 944 eum
1531 911 1712 953 putamus,
1756 908 1793 943 ui
1811 907 1970 943 moribus
1981 907 2063 943 talis
2077 911 2141 951 est,
2162 910 2203 943 ut
2222 911 2410 953 suspectus

1318 954 1383 1006 sit:
1397 953 1575 1006 enimvero
1586 956 1685 1006 tutor
1697 919 1755 989 ve}
1769 956 1914 988 curator
1925 953 2085 998 quamvis
2096 962 2235 998 pauper
2243 958 2308 996 est,
2321 952 2408 988 fide-

1317 999 1361 1036 hs
1369 1003 1490 1035 tamen
1499 1002 1535 1035 et
1542 998 1701 1044 dihgens,
1710 997 1944 1035 removendus
1954 1009 2026 1035 non
2036 1002 2091 1034 est
2099 998 2201 1044 quasi
2209 1002 2408 1044 suspectus.

1024 1463 1207 1515 LIBER
1235 1461 1549 1514 SEGUNDUS.

685 1593 728 1635 1⁷

437 1662 500 1696 DE
524 1661 688 1696 RERUM
712 1660 962 1695 DIVISIONE.

203 1730 427 1776 ⁸'Superiore
456 1729 548 1765 libro
573 1728 617 1764 de
639 1728 718 1764 iure
740 1737 976 1773 personarum
999 1726 1248 1773 exposuimus:

156 1776 272 1813 'modo
294 1775 476 1812 videamus
501 1774 545 1810 de
567 1774 685 1810 rebus.
721 1783 814 1819 quae
835 1773 891 1809 vel
913 1773 950 1809 in
982 1776 1106 1809 nostro
1138 1772 1249 1818 patri-

156 1822 284 1858 'monio
326 1821 383 1858 vel
427 1823 530 1856 extra
563 1823 727 1855 nostrum
760 1819 1015 1865 patrimonium
1047 1818 1249 1854 habentur:

157 1866 356 1913 ⁹quaedam
369 1866 463 1902 enim
479 1865 636 1901 naturali
655 1865 733 1900 iure
753 1865 955 1900 communia
973 1867 1059 1900 sunt
1078 1863 1249 1905 omnium,

156 1913 333 1959 quaedam
392 1911 530 1954 ublica,
567 1910 743 1956 quaedam
777 1909 1038 1952 universitatis,
1075 1908 1250 1954 quaedam

155 1958 307 2001 nullius,
332 1923 508 2038 Xssmque
532 1956 768 2001 singulorum,
825 1965 893 1991 uae
923 1955 1030 1991 variis
1064 1965 1109 1990 ex
1133 1953 1250 1989 causis

157 2004 285 2050 cuique
308 2013 331 2039 a
357 2002 558 2049 quiruntur,
582 2001 677 2037 sicut
700 2011 744 2036 ex
767 2011 811 2037 su
836 2000 938 2036 iectis
963 1999 1164 2046 apparebit.

160 2053 175 2085 1
269 2048 320 2084 Et
338 2047 481 2094 quidem
500 2046 656 2083 naturali
674 2046 751 2081 iure
771 2045 973 2082 communia
992 2049 1078 2081 sunt
1094 2044 1251 2081 omnium

155 2094 265 2130 haec:
290 2103 353 2130 aer
376 2096 413 2129 et
431 2102 526 2139 aqua
543 2090 726 2138 profluens
746 2094 782 2126 et
800 2101 900 2127 mare
919 2094 955 2127 et
972 2101 1038 2137 per
1056 2091 1126 2126 hoc
1145 2090 1252 2125 litora

156 2140 276 2175 maris.
312 2149 416 2175 nemo
438 2138 546 2183 igitur
568 2137 616 2173 ad
638 2137 723 2172 litus
736 2138 764 2158 ¹⁰
786 2137 894 2172 maris
926 2136 1099 2173 accedere
1154 2135 1250 2171 rohi-

155 2185 280 2228 betur,
312 2184 398 2220 dum
426 2187 549 2219 tamen
577 2182 669 2218 villis
700 2186 736 2217 et
758 2182 997 2218 monumentis
1022 2185 1058 2217 et
1081 2191 1124 2217 ae
1152 2180 1251 2215 'ficiis

157 2229 348 2272 abstineat,
372 2229 457 2274 quia
480 2239 553 2264 non
571 2231 657 2264 sunt
673 2227 762 2263 iuris
779 2227 949 2273 gentium,
973 2227 1068 2263 sicut
1087 2229 1123 2261 et
1140 2236 1250 2261 mare.

157 2278 178 2312 2
223 2274 392 2311 Flumina
425 2277 545 2310 autem
579 2273 699 2309 omnia
734 2276 771 2308 et
807 2275 933 2313 portus
967 2271 1115 2311 publica
1149 2274 1250 2307 sunt:

159 2315 313 2361 ideoque
335 2315 393 2351 ius
415 2314 580 2361 piscandi
600 2315 765 2351 omnibus
784 2323 969 2350 commune
990 2315 1045 2349 est
1063 2315 1102 2348 in
1120 2316 1247 2357 portu-

163 2364 183 2397 3
230 2362 298 2397 bus
316 2359 605 2406 fluminibusque.
640 2360 711 2396 Est
728 2363 849 2397 autem
868 2360 955 2395 litus
978 2358 1098 2400 maris,
1123 2359 1246 2403 quate-

163 2410 183 2441 4
230 2416 300 2442 nus
313 2406 486 2442 hibernus
498 2405 634 2442 fluctus
646 2406 822 2441 maximus
838 2404 1008 2440 excurrit.
1036 2405 1061 2425 ¹¹
1072 2403 1247 2448 Riparum

164 2461 305 2496 quoque
321 2461 410 2487 usus
425 2451 594 2496 publicus
610 2455 667 2487 est
681 2451 769 2486 iuris
781 2452 820 2472 ¹¹⁸
835 2451 1003 2493 gentium,
1024 2449 1120 2484 sicut
1135 2448 1248 2493 ipsius

156 2500 331 2537 fluminis:
362 2500 486 2546 itaque
515 2509 641 2535 navem
654 2500 682 2520 ¹²
706 2500 753 2534 ad
784 2508 846 2535 eas
878 2499 1057 2544 appellere
1070 2498 1115 2541 ¹³,
1146 2495 1251 2533 funes

158 2557 204 2582 ex
227 2546 417 2582 arboribus
439 2545 491 2581 ibi
514 2544 608 2580 natis
639 2544 808 2589 religare,
840 2554 931 2580 onus
963 2543 1097 2589 aliquid
1126 2543 1165 2578 in
1195 2542 1251 2578 his

158 2600 331 2637 reponere
351 2591 497 2627 cuilibet
514 2590 664 2625 liberum
685 2593 750 2633 est,
775 2589 881 2625 sicuti
899 2599 964 2634 per
981 2589 1100 2635 ipsum
1119 2587 1251 2624 flumen

158 2636 334 2682 navigare.
370 2635 434 2672 sed
456 2635 658 2681 proprietas
690 2644 813 2670 earum
842 2635 983 2670 illorum
997 2635 1023 2656 ¹⁴
1055 2638 1129 2677 est,
1161 2644 1250 2680 quo-

158 2692 239 2718 rum
262 2681 418 2727 praediis
441 2681 648 2716 haerent¹⁵:
681 2690 752 2725 qua
783 2680 827 2715 de
857 2690 969 2715 causa
992 2679 1139 2716 arbores
1162 2689 1250 2725 quo-

160 2730 179 2762 5
227 2737 298 2772 que
319 2726 358 2762 in
376 2725 489 2761 isdem
507 2729 616 2761 natae
635 2725 828 2761 eorundem
848 2728 942 2761 sunt.
979 2725 1142 2760 Litorum
1162 2734 1250 2770 quo-

159 2781 229 2818 que
250 2782 338 2808 usus
361 2771 525 2817 publicus
548 2770 636 2806 iuris
658 2770 816 2815 gentium
839 2773 905 2813 est,
931 2770 1025 2806 sicut
1041 2770 1154 2815 ipsius
1175 2780 1251 2805 ma·

160 2817 230 2853 ris:
262 2820 300 2853 et
328 2816 376 2853 ob
405 2816 444 2852 id
475 2815 694 2862 quibuslibet
715 2816 868 2851 liberum
891 2819 946 2851 est
970 2825 1091 2851 casam
1113 2815 1164 2851 ibi
1185 2814 1250 2850 im-

158 2872 305 2908 ponere,
328 2862 366 2897 in
389 2871 462 2907 qua
484 2871 524 2897 se
545 2861 731 2913 recipiant,
755 2861 850 2897 sicut
871 2861 962 2897 retia
985 2861 1124 2896 siccare
1148 2863 1185 2896 et
1207 2870 1251 2895 ex

159 2917 259 2944 mare
289 2906 476 2943 deducere.
511 2910 712 2951 proprietas
743 2910 863 2941 autem
894 2917 1017 2942 eorum
1047 2909 1167 2952 potest
1195 2905 1250 2941 in·

158 2952 278 2999 tellegi
299 2952 433 2989 nullius
457 2961 553 2993 esse,
584 2951 647 2986 sed
672 2951 827 2987 eiusdem
850 2952 936 2988 iuris
962 2961 1057 2995 esse,
1090 2951 1193 2987 cuius
1216 2954 1252 2987 et

159 3007 258 3034 mare
293 3001 330 3034 et
363 3007 456 3043 quae
489 2996 677 3032 subiacent
718 2997 827 3039 mari,
868 3000 966 3032 terra
1005 2997 1063 3032 vel
1102 2996 1249 3032 harena.

161 3045 183 3079 6
234 3042 521 3080 ¹⁶Universitatis
545 3045 648 3085 sunt,
680 3052 751 3077 non
783 3042 1002 3087 singulorum
1025 3042 1137 3079 veluti
1160 3051 1252 3088 quae

159 3088 198 3125 in
222 3088 424 3125 civitatibus
447 3090 552 3130 sunt,
583 3090 625 3122 ut
646 3086 790 3122 theatra
812 3087 930 3122 stadia
952 3091 990 3123 et
1011 3087 1140 3124 similia
1163 3091 1199 3123 et
1222 3087 1252 3123 si

161 3143 234 3180 qua
256 3133 328 3169 alia
350 3136 436 3169 sunt
457 3132 661 3168 communia
684 3131 887 3168 civitatium.

161 3182 181 3215 ‘1
273 3178 416 3215 Nullius
447 3181 567 3213 autem
598 3180 684 3213 sunt
712 3187 769 3212 res
800 3187 927 3214 sacrae
949 3181 987 3214 et
1007 3177 1194 3223 religiosae
1215 3180 1254 3213 et

161 3227 327 3262 sanctae:
352 3222 450 3269 quod
472 3223 565 3259 enim
589 3222 697 3258 divini
718 3222 806 3258 iuris
829 3227 894 3266 est,
918 3223 957 3259 id
979 3223 1110 3259 nullius
1129 3223 1167 3258 in
1185 3223 1251 3259 bo-

162 3272 184 3306 8
229 3269 285 3306 nis
308 3272 375 3305 est.
423 3267 536 3304 Sacra
565 3271 667 3312 sunt,
699 3277 791 3314 quae
820 3268 889 3304 rite
920 3272 957 3305 et
978 3278 1044 3314 per
1064 3267 1253 3315 pontifices

163 3386 203 3424 (1)
228 3384 276 3417 sie
290 3383 331 3424 θ,
344 3385 379 3416 et
390 3396 451 3418 om.
463 3383 543 3417 libri
631 3385 674 3422 (2)
703 3382 754 3426 Cf.
768 3383 849 3426 Diy.
864 3383 977 3422 26,1ο,
992 3390 1018 3423 -ι,
1033 3390 1050 3417 2
1120 3385 1163 3424 (3)
1191 3386 1207 3422 ς
1222 3389 1250 3416 11

163 3442 203 3463 ex
214 3430 286 3473 Diy
309 3429 365 3470 26,
389 3435 436 3467 10,
460 3436 478 3463 2
509 3428 604 3471 (Ulp.
620 3428 641 3462 l.
654 3435 666 3461 1
681 3428 721 3460 de
734 3429 848 3461 omnib.
862 3429 949 3470 trib.)
1067 3430 1110 3470 (4)
1136 3427 1250 3469 quia...

162 3477 313 3518 praestat
324 3486 365 3508 α·
375 3474 455 3519 Βίς.
470 3474 583 3514 26,1ο,
598 3480 615 3507 e
629 3473 790 3515 (Gallika.
805 3473 825 3506 l.
839 3480 857 3506 4
869 3474 909 3506 de
921 3473 1026 3517 cogn.)
1097 3474 1140 3514 (5)
1165 3471 1251 3505 male

163 3518 349 3552 voluntatis
361 3519 399 3553 B
486 3520 531 3559 (ο)
558 3523 574 3558 5
589 3525 621 3553 13
635 3530 674 3551 ex
685 3518 766 3562 Diq.
780 3518 835 3560 26,
847 3525 891 3558 10,
906 3524 923 3552 8
938 3518 1031 3560 (Ulp.
1046 3518 1067 3551 l.
1082 3525 1114 3551 61
1128 3519 1175 3551 ad
1187 3519 1249 3558 ed.)

210 3567 254 3606 (τ)
281 3564 332 3608 Ost
351 3563 427 3599 Gai.
441 3565 474 3606 2,
488 3570 740 3598 1..11.1ο..21.41.
753 3570 860 3597 oms.
887 3563 967 3607 Diq.
985 3564 1013 3603 1,
1028 3564 1123 3605 an,
1137 3570 1150 3597 1

165 3611 209 3647 (8)
239 3609 315 3643 Gai.
329 3610 361 3650 2,
375 3617 389 3644 1
459 3615 503 3648 (9)
526 3609 649 3650 pnfin.
666 3612 682 3647 5
697 3616 721 3642 1.
736 3616 753 3642 2
766 3620 806 3642 ex
817 3608 992 3642 Marciani
1001 3608 1022 3641 Ι.
1036 3614 1053 3642 3
1065 3608 1138 3641 inst.
1153 3607 1247 3648 (Dio.

169 3659 196 3695 1,
211 3662 241 3695 s,
252 3662 280 3690 ι.
294 3658 326 3694 4)
369 3655 433 3699 (ιο)
451 3655 501 3688 eie
511 3653 543 3687 Δ
555 3653 634 3697 Diy.
651 3653 692 3692 Θ,
706 3652 807 3686 litora
820 3654 892 3687 ΒΤ
932 3655 991 3696 (ιι)
1013 3658 1069 3695 5⁴.
1084 3662 1101 3688 s
1115 3667 1154 3687 εκ
1167 3654 1246 3688 Gai.

166 3701 188 3734 l.
198 3710 215 3734 2
228 3714 290 3733 rer.
301 3700 476 3742 con-1059.
493 3701 521 3740 1,
531 3706 559 3739 8,
568 3700 599 3740 ⁶)
643 3699 712 3739 (11¹)
725 3699 799 3730 iure
813 3699 893 3742 Diq.
942 3701 1004 3741 (12)
1016 3700 1103 3732 sicA
1112 3699 1193 3743 Diq.
1204 3699 1246 3741 θ,

167 3754 266 3778 naves
280 3745 352 3778 BT
410 3745 470 3787 (13)
487 3744 535 3777 εἰσ
547 3744 578 3776 Δ
592 3743 671 3784 Diq.
687 3743 727 3783 Θ,
740 3742 906 3786 applicare
920 3744 993 3778 BT
1053 3746 1113 3787 (u)
1134 3754 1246 3778 earum

1317 1589 1386 1626 deo
1418 1591 1631 1626 consecrata
1661 1591 1766 1632 sunt,
1800 1588 1910 1624 veluti
1940 1587 2047 1623 aedes
2079 1596 2206 1623 sacrae
2237 1591 2274 1623 et
2305 1587 2410 1630 dona,

1318 1645 1410 1682 quae
1439 1635 1508 1670 rite
1542 1634 1590 1670 ad
1624 1633 1859 1670 ministerium
1893 1633 1950 1669 dei
1985 1632 2151 1669 dedicata
2182 1636 2284 1677 sunt,
2319 1643 2412 1679 quae

1318 1681 1425 1717 etiam
1455 1690 1521 1726 per
1551 1682 1711 1716 nostram
1735 1679 2026 1715 constitutionem
2039 1678 2066 1700 ¹⁷
2090 1678 2238 1714 alienari
2262 1681 2299 1714 et
2320 1678 2410 1714 obli-

1317 1726 1394 1772 gari
1416 1725 1686 1771 prohibuimus,
1711 1728 1861 1770 excepta
1885 1733 1996 1760 causa
2018 1722 2272 1769 redemptionis
2296 1724 2410 1769 capti-

1317 1782 1453 1807 vorum.
1497 1771 1528 1806 si
1563 1771 1643 1816 quis
1674 1780 1758 1806 vero
1791 1770 2006 1806 auctoritate
2037 1779 2104 1805 sua
2134 1769 2237 1814 quasi
2268 1778 2409 1804 sacrum

1319 1817 1387 1853 sibi
1410 1817 1646 1859 constituerit,
1671 1826 1813 1851 sacrum
1836 1826 1909 1851 non
1933 1818 2004 1857 est,
2030 1813 2093 1850 sed
2116 1813 2320 1860 profanum.
2357 1814 2409 1849 lo-

1320 1872 1383 1898 cus
1396 1866 1527 1904 autem,
1547 1862 1585 1897 in
1604 1872 1674 1907 quo
1695 1870 1820 1897 sacrae
1840 1860 1946 1896 aedes
1968 1859 2178 1895 aedificatae
2189 1863 2284 1902 sunt,
2305 1859 2411 1895 etiam

1319 1908 1436 1943 diruto
1461 1906 1623 1943 aedificio
1648 1906 1766 1942 adhuc
1790 1916 1892 1942 sacer
1915 1909 2046 1948 manet,
2070 1907 2112 1940 ut
2135 1908 2171 1940 et
2191 1904 2411 1950 Papinianus

1319 1957 1340 1989 9
1387 1952 1541 1998 scripsit.
1591 1952 1844 1997 ¹¹³Religiosum
1862 1951 1981 1987 locum
2000 1949 2245 1995 unusquisque
2263 1960 2330 1986 sua
2349 1960 2410 1986 vo-

1318 1999 1458 2035 luntate
1491 1997 1600 2040 facit,
1636 1997 1721 2033 dum
1751 2000 1932 2033 mortuum
1961 1995 2070 2031 infert
2091 1995 2128 2031 in
2151 1995 2271 2031 locum
2295 2005 2409 2031 suum.

1318 2045 1356 2080 in
1389 2053 1612 2079 communem
1643 2046 1763 2078 autem
1792 2042 1912 2078 locum
1941 2052 2071 2087 purum
2101 2040 2211 2076 invito
2235 2041 2333 2076 socio
2357 2041 2410 2076 in-

1318 2090 1412 2125 ferre
1435 2100 1508 2125 non
1531 2089 1632 2124 licet:
1664 2088 1702 2123 in
1733 2097 1921 2124 commune
1950 2096 2033 2122 vero
2065 2086 2269 2132 sepulcrum
2302 2086 2410 2121 etiam

1318 2135 1437 2171 invitis
1462 2135 1587 2170 ceteris
1610 2134 1695 2170 licet
1715 2133 1859 2169 inferre.
1894 2132 1981 2168 item
2000 2131 2031 2167 si
2050 2131 2187 2168 alienus
2207 2142 2294 2167 usus
2313 2131 2410 2167 fruc-

1319 2184 1378 2216 tus
1411 2183 1484 2222 est,
1515 2179 1790 2225 proprietarium
1819 2178 1940 2224 placet
1961 2176 2030 2213 nisi
2054 2177 2300 2213 consentiente
2322 2187 2409 2212 usu-

1319 2225 1517 2261 fructuario
1548 2225 1668 2260 locum
1697 2224 1900 2276 religiosum
1931 2233 2004 2259 non
2026 2221 2158 2258 facere.
2193 2222 2232 2258 in
2255 2222 2409 2258 alienum

1318 2271 1438 2306 locum
1450 2269 1668 2306 concedente
1687 2269 1829 2305 dommo
1849 2269 1933 2304 licet
1951 2267 2100 2304 inferre:
2125 2271 2162 2303 et
2181 2267 2266 2304 licet
2284 2272 2412 2313 postea

1318 2319 1438 2352 ratum
1461 2315 1624 2351 habuerit
1636 2315 1681 2358 ¹⁹,
1714 2324 1821 2360 quam
1843 2314 1964 2349 illatus
1997 2317 2052 2349 est
2080 2316 2261 2356 mortuus,
2292 2317 2410 2348 tamen

1323 2365 1364 2397 10
1410 2360 1595 2406 religiosus
1614 2360 1715 2396 locus
1735 2360 1787 2395 fit.
1825 2359 2031 2395 2⁰'Sanctae
2049 2368 2192 2412 quoque
2209 2369 2279 2401 res,
2302 2358 2411 2394 veluti

1321 2406 1423 2442 ’mun‘
1453 2410 1489 2442 et
1522 2409 1667 2451 portae,
1704 2404 1965 2458 quodammodo
1998 2404 2107 2440 divini
2135 2404 2224 2440 iuris
2255 2407 2340 2440 sunt
2374 2407 2410 2439 et

1321 2452 1410 2487 'ideo
1431 2451 1561 2487 nullius
1579 2451 1618 2487 in
1638 2451 1742 2487 boms
1763 2452 1868 2486 sunt!
1903 2450 1983 2486 ideo
1998 2453 2118 2485 autem
2129 2459 2251 2485 muros
2264 2452 2410 2485 sanctos

1320 2497 1482 2540 dicimus,
1506 2497 1591 2542 quia
1612 2506 1731 2542 poena
1755 2495 1881 2542 capitis
1907 2496 2102 2531 constituta
2124 2495 2172 2530 sit
2193 2495 2231 2530 in
2251 2505 2324 2537 eos,
2349 2494 2410 2540 qui

1319 2542 1454 2588 aliquid
1475 2543 1514 2578 in
1538 2552 1659 2578 muros
1682 2541 1905 2587 deliquerint.
1940 2541 2020 2577 ideo
2045 2544 2082 2576 et
2103 2541 2219 2586 legum
2242 2549 2303 2576 eas
2326 2550 2410 2586 par-

1318 2592 1393 2631 tes,
1432 2588 1562 2633 quibus
1619 2597 1728 2623 oenas
1760 2586 2009 2622 constituimus
2047 2585 2217 2621 adversus
2257 2595 2320 2621 eos
2351 2585 2410 2631 qui

1320 2637 1448 2669 contra
1469 2633 1482 2668 l
1527 2642 1564 2668 es
1604 2633 1749 2675 ecerint,
1774 2632 1978 2668 sanctiones
2003 2641 2182 2667 vocamus.

1322 2682 1359 2714 11
1456 2679 1487 2700 ²¹
1524 2678 1724 2723 ingulorum
1745 2681 1865 2713 autem
1884 2677 2065 2712 hommum
2083 2676 2203 2712 multis
2222 2675 2336 2711 modis
2352 2686 2409 2711 res

1318 2723 1427 2760 fiunt:
1453 2723 1676 2769 quarundam
1701 2723 1793 2758 enim
1815 2733 1934 2758 rerum
1958 2722 2152 2758 dominium
2170 2721 2410 2757 nanciscimur

1317 2769 1396 2805 iure
1426 2769 1600 2811 naturali,
1632 2768 1747 2814 quod,
1785 2769 1880 2804 sicut
1910 2767 2081 2810 diximus,
2121 2777 2168 2812 ap
2195 2766 2324 2802 ellatur
2353 2767 2409 2802 ius

1318 2815 1496 2860 gentium,
1528 2814 1754 2860 quarundam
1776 2814 1855 2849 iure
1878 2813 1982 2849 civili.
2020 2822 2157 2848 commo
2187 2812 2239 2847 'us
2264 2816 2319 2847 est
2340 2812 2408 2847 ita-

1319 2871 1388 2906 que
1412 2870 1435 2895 a
1458 2860 1650 2895 vetustiore
1671 2859 1751 2894 iure
1771 2859 1938 2905 incipere.
1975 2857 2095 2903 palam
2130 2860 2186 2893 est
2207 2860 2327 2892 autem
2348 2867 2407 2892 ve-

1318 2905 1450 2941 tustius
1475 2915 1554 2941 esse
1576 2905 1741 2940 naturale
1762 2904 1838 2946 ius,
1863 2902 1958 2956 quod
1983 2913 2064 2938 cum
2086 2903 2164 2948 ipso
2188 2912 2318 2948 genere
2340 2902 2408 2937 hu-

1319 2961 1424 2986 mano
1449 2960 1567 2986 rerum
1591 2954 1722 2986 natura
1743 2949 1916 2995 prodidlt:
1950 2948 2066 2984 civilia
2096 2948 2188 2983 enim
2219 2948 2298 2983 iura
2320 2951 2408 2982 tunc

1320 2999 1517 3042 coeperunt
1525 2996 1575 3038 ²²,
1609 3005 1690 3031 cum
1721 2999 1758 3030 et
1788 2994 1949 3030 civitates
1981 2993 2087 3029 condi
2118 2997 2155 3029 et
2177 2992 2408 3038 magistratus

1320 3041 1434 3077 creari
1458 3045 1494 3076 et
1516 3041 1612 3086 leges
1635 3040 1744 3076 scribi
1768 3043 1974 3085 coeperunt.

1322 3089 1364 3122 12
1456 3085 1612 3122 ²³Ferae
1634 3085 1743 3131 igitur
1765 3085 1903 3121 bestiae
1926 3089 1962 3120 et
1983 3084 2145 3120 volucres
2166 3086 2203 3119 et
2244 3083 2350 3126 isces,
2370 3082 2405 3118 id

1319 3135 1376 3168 est
1397 3131 1517 3167 omnia
1540 3131 1726 3175 animalia,
1751 3141 1844 3177 quae
1865 3131 1903 3166 in
1926 3134 2024 3165 terra
2046 3129 2136 3164 mari
2159 3138 2224 3164 cae
2238 3128 2299 3164 0²⁴¹
2323 3138 2406 3164 nas-

1321 3180 1459 3220 cuntur,
1484 3176 1696 3222 simulatque
1721 3177 1767 3212 ab
1791 3176 1910 3229 aliquo
1935 3178 2043 3221 capta
2059 3174 2204 3217 fuerint,
2227 3174 2305 3209 iure
2321 3183 2406 3219 gen-

1318 3224 1408 3258 tium
1431 3223 1552 3258 statim
1570 3221 1665 3258 illius
1685 3232 1763 3258 esse
1781 3221 1974 3267 incipiunt:
1999 3219 2094 3266 quod
2112 3219 2205 3255 enim
2223 3222 2308 3254 ante
2326 3219 2406 3254 nul-

1304 3267 1389 3304 -lius
1423 3271 1497 3312 est,
1531 3267 1570 3303 id
1603 3267 1759 3304 naturali
1788 3267 1928 3303 ratione
1958 3264 2150 3311 occupanti
2185 3263 2405 3300 conceditur.

1319 3381 1468 3422 illorum]
1482 3378 1569 3421 dett„
1590 3391 1702 3413 eorum
1717 3380 1852 3413 illorum
1865 3381 1907 3422 A,
1927 3379 2063 3412 illorum
2076 3388 2189 3411 eorum
2203 3379 2249 3418 Β,
2269 3377 2404 3410 illarum

1319 3437 1433 3459 eorum
1450 3427 1485 3466 T,
1499 3426 1634 3459 illorum
1646 3427 1727 3470 Diq.
1857 3428 1915 3466 (15)
1938 3425 1987 3458 sic
1997 3424 2030 3458 A
2041 3424 2134 3468 Diffi,
2147 3423 2327 3456 adhaereat
2338 3423 2411 3457 BT

1319 3473 1379 3513 (1⁰)
1407 3476 1423 3512 ς
1440 3478 1457 3505 s
1471 3484 1511 3505 aa:
1522 3470 1696 3506 Marciani
1706 3471 1725 3504 l.
1741 3478 1758 3506 a
1770 3472 1844 3505 inst.
1857 3470 1951 3515 (Diq.
1966 3470 1996 3510 1,
2009 3476 2039 3510 s,
2052 3475 2081 3509 c,
2094 3473 2122 3509 1)
2238 3469 2297 3511 (11)
2325 3468 2403 3502 Cod.

1322 3518 1350 3559 1,
1364 3524 1392 3559 2,
1406 3523 1438 3551 21
1531 3517 1592 3558 (18)
1619 3521 1636 3556 5
1651 3523 1669 3551 s
1681 3528 1721 3549 ea.-
1732 3515 1841 3549 Marc.
1856 3516 1876 3549 l.
1891 3527 1917 3549 c.
1931 3515 2025 3559 (οῖς.
2042 3515 2072 3554 1,
2087 3520 2115 3554 s,
2130 3521 2159 3554 c,
2173 3515 2203 3554 4)
2274 3514 2334 3554 (is)
2357 3514 2406 3548 εἰσ

1316 3562 1349 3596 Δ
1362 3562 1443 3606 Diq.
1460 3562 1500 3602 Θ,
1513 3571 1581 3594 non
1594 3561 1752 3594 habuerit
1764 3561 1839 3594 BT
1916 3562 1980 3602 (20)
2009 3559 2086 3594 Gai.
2100 3560 2132 3599 2,
2147 3566 2175 3593 8.
2190 3566 2209 3593 9
2223 3559 2318 3603 (Diq.
2335 3560 2364 3600 1,
2374 3566 2403 3599 8,

1316 3614 1331 3642 1
1336 3609 1406 3651 pr.)
1533 3608 1591 3648 (21)
1619 3611 1636 3646 ς
1650 3613 1679 3641 11
1691 3607 1734 3640 in.
1748 3606 1865 3640 similis
1876 3606 1959 3650 Diq.
1969 3605 2024 3645 41,
2037 3611 2062 3645 1,
2075 3611 2089 3639 1
2097 3616 2151 3648 pr.
2166 3606 2177 3643 (
2184 3603 2260 3638 Gai.
2275 3604 2296 3638 ι.
2309 3610 2328 3638 2
2338 3615 2403 3637 ror.

1315 3654 1404 3693 cote.)
1496 3655 1560 3691 (22)
1583 3653 1768 3694 coeperunt
1779 3651 1859 3692 ΑΒ,
1872 3661 1901 3685 c.
1914 3659 1985 3684 esse
2000 3649 2039 3684 T.
2142 3650 2205 3691 (28)
2232 3653 2400 3689 §unflex

1319 3697 1396 3732 Gai.
1411 3698 1431 3731 l.
1445 3704 1463 3731 2
1474 3710 1538 3731 rer.
1551 3704 1623 3731 oon.
1638 3697 1840 3741 (Di9.41,1,
1852 3704 1876 3731 1.
1890 3703 1917 3731 s.
1932 3702 1959 3730 s.
1973 3702 1989 3730 τ
1998 3696 2067 3739 pr.)
2269 3695 2332 3734 (2⁴)
2357 3695 2404 3730 nic

1314 3740 1525 3788 A’vAPDiq„
1536 3742 1695 3785 caeloque
1706 3741 1828 3776 AlBT
