2528 3918
115 150 496 188 OBLIGATIONIBUS

163 262 215 303 76
247 264 301 300 ΡΑ
310 274 404 301 ULUS
430 265 521 301 libro
552 267 676 301 octavo
706 264 842 301 decimo
875 262 925 299 ad
953 261 1106 300 edictum
1159 263 1196 299 Si

115 309 308 355 stipulatus
331 310 458 346 fuerim
483 310 583 345 ‘illud
602 313 670 355 >aut
692 309 797 351 illud,
823 308 918 353 quod
942 317 1004 353 ego
1029 309 1195 351 voluero',

115 356 204 390 haec
232 356 356 391 electio
388 355 587 401 personalis
620 359 691 398 est,
729 359 765 390 et
796 354 875 389 ideo
909 363 1008 389 servo
1040 355 1095 390 vel
1124 353 1196 388 filio

115 401 198 435 talis
222 400 347 436 electio
372 402 554 436 cohaeret:
578 400 616 435 in
638 400 789 436 heredes
813 403 934 434 tamen
955 399 1084 434 transit
1109 399 1195 434 obli—

119 449 131 479 1
182 446 277 489 gatio
303 450 338 481 et
361 450 443 481 ante
463 446 669 481 electionem
689 449 829 480 mortuo
851 444 1071 490 stipulatore.
1109 445 1195 479 Cum

116 490 328 535 stipulamur
352 490 533 535 ‘quidquid
555 494 591 525 te
614 490 700 526 dare
723 490 841 525 facere
860 491 1022 534 oportet',
1046 490 1084 524 id
1102 489 1197 534 quod

141 536 295 571 raesenti
319 536 375 571 die
400 536 584 571 dumtaxat
609 536 758 571 debetur
786 536 822 570 in
847 533 1112 579 stipulationem
1136 534 1195 569 de-

115 547 278 623 gucitur,
308 591 380 616 non
404 585 458 624 (ut
480 581 517 615 in
540 580 693 623 iudiciis)
718 581 825 615 etiam
848 580 1025 615 futurum:
1060 583 1095 614 et
1116 578 1196 614 ideo

114 626 153 660 in
182 626 410 670 stipulatione
443 626 596 661 adicitur
624 626 769 661 verbum
800 624 1025 669 ‘oportebit’¹
1060 624 1116 659 vel
1147 625 1198 658 ita

117 673 296 715 ‘praesens
319 671 357 705 in
381 671 538 706 diemve’.
586 672 656 707 hoc
686 671 767 707 ideo
800 671 856 715 fit,
889 670 973 716 quia
1002 670 1063 714 qui
1085 670 1196 715 stipu-

114 716 210 751 latur
235 716 416 761 ‘quidquid
439 719 475 751 te
499 716 584 751 dare
608 717 758 762 oportet'
791 716 1011 751 demonstrat
1033 725 1110 750 eam
1135 725 1194 759 pe—

115 761 254 795 cuniam
273 772 364 806 quae
381 762 451 795 iam
471 761 636 797 debetur:
663 761 756 806 quod
777 762 806 797 si
825 765 936 796 totam
954 760 1197 795 demonstrare

114 806 200 847 vult,
226 806 336 840 dicit²
358 807 601 852 ‘oportebitve'
619 806 698 842 ve1³
714 807 768 842 ita
785 808 965 851 ‘praesens
983 806 1019 840 in
1039 805 1195 840 diemve'.

162 849 214 887 77
243 851 346 886 IDEM
366 852 455 887 libro
480 853 803 898 qm'nquaqensimo
828 855 951 887 octavo
976 850 1026 886 ad
1044 850 1197 886 edictum

114 896 172 931 Ad
195 896 288 931 diem
312 897 378 932 sub
403 907 519 942 poena
542 898 697 942 pecunia
718 898 895 942 promissa
924 898 959 930 et
990 899 1074 930 ante
1106 895 1198 930 diem

115 946 255 976 mortuo
280 942 495 986 promissore
520 942 758 978 committetur
782 952 916 987 poena,
949 941 1034 976 licet
1056 951 1128 976 non
1152 941 1199 976 sit

115 986 295 1022 hereditas
319 987 395 1022 eius
420 988 528 1022 adita.

163 1029 238 1069 78⁴
263 1032 368 1067 IDEM
397 1033 487 1069 libro
510 1033 762 1079 sexaqensz'mo
786 1032 943 1068 secundo
972 1031 1022 1067 ad
1044 1031 1198 1067 edictum

115 1077 153 1111 Si
183 1077 276 1112 filius
309 1077 460 1113 familias
492 1079 560 1113 sub
593 1078 800 1113 condicione
826 1077 1018 1122 stipulatus
1044 1077 1197 1111 emanci-

114 1126 219 1167 patus
251 1122 375 1165 fuerit,
410 1123 535 1158 deinde
569 1123 744 1158 exstiterit
772 1122 952 1165 condicio,
984 1123 1080 1167 patri
1104 1122 1197 1157 actio

116 1169 293 1212 competit,
320 1169 402 1213 quia
425 1169 463 1203 in
487 1169 776 1213 stipulationibus
800 1168 836 1203 id
855 1172 993 1213 tempus
1014 1171 1198 1213 spectatur

118 1216 131 1246 1
182 1224 251 1258 quo
277 1214 531 1249 contrahimus.
580 1215 669 1249 Cum
700 1213 849 1249 fundum
885 1213 1076 1258 stipulatus
1107 1223 1195 1255 sum,

114 1268 186 1293 non
205 1259 349 1293 veniunt
366 1259 516 1302 fructus,
542 1259 603 1304 qui
620 1259 859 1303 stipulationis
877 1262 1036 1303 tempore
1053 1257 1196 1293 fuerint.

161 1301 213 1340 79
245 1303 437 1339 ULPJANUS
460 1304 550 1339 libro
575 1305 864 1350 septuaqensz'mo
889 1304 938 1338 ad
960 1304 1114 1339 edictum
1161 1303 1199 1338 Si

114 1349 339 1392 procuratori
372 1349 570 1394 praesentis
602 1349 709 1384 fuerit
745 1353 908 1392 cautum,
948 1360 991 1384 ex
1027 1348 1198 1393 stipulatu

114 1394 289 1429 actionem
313 1394 435 1429 utilem
460 1394 601 1429 domino
627 1398 826 1439 competere
849 1405 951 1429 nemo
977 1394 1133 1439 ambigit.

160 1437 212 1477 80
237 1439 344 1474 IDEM
371 1440 461 1475 libro
485 1442 774 1486 septuaqensz'mo
800 1445 931 1487 quarto
966 1440 1016 1475 ad
1045 1440 1198 1475 edictum

114 1484 285 1528 Quotiens
308 1485 344 1519 in
367 1485 658 1530 stipulationibus
683 1485 848 1530 ambigua
873 1485 986 1520 oratio
1012 1488 1077 1529 est,
1103 1495 1197 1520 com-

114 1529 354 1565 modissimum
378 1531 491 1566 estid
515 1531 646 1576 accipi,
680 1541 749 1575 quo
781 1541 857 1574 res,
890 1541 962 1575 qua
994 1531 1038 1566 de
1070 1530 1197 1575 agitur,

115 1575 149 1610 in
175 1579 252 1610 tuto
277 1573 344 1611 sits

161 1619 209 1657 81
238 1620 346 1655 IDEM
371 1621 462 1656 libro
485 1621 774 1668 septuaqensz'mo
798 1622 948 1667 septimo
973 1621 1023 1656 ad
1045 1621 1198 1657 ediclmn

114 1666 283 1710 Quotiens
316 1667 394 1711 quis
427 1667 534 1701 alium
566 1666 643 1702 sisti
674 1666 849 1712 promittit
879 1677 944 1702 nec
976 1666 1086 1701 adicit
1112 1677 1197 1711 poe-

115 1722 213 1755 nam,
246 1714 335 1756 puta
365 1712 419 1747 vel
451 1722 591 1747 servum
622 1723 725 1747 suum
757 1712 813 1747 vel
836 1712 1013 1747 hominem
1037 1712 1197 1755 liberum,

114 1757 310 1801 quaeritur,
344 1767 389 1791 an
422 1757 662 1792 committatur
685 1757 880 1802 stipulatio.
929 1761 964 1792 et
989 1757 1112 1793 Celsus
1138 1758 1197 1800 ait,

116 1803 181 1837 etsi
211 1813 283 1837 non
316 1806 371 1837 est
398 1802 480 1837 huic
513 1803 732 1847 stipulationi
762 1803 921 1837 additum
946 1803 1025 1838 ‘nisi
1049 1803 1197 1846 steterit,

114 1851 277 1892 ‘poenam
301 1848 401 1890 dari’,
426 1848 487 1882 in⁵
510 1848 557 1891 id,
583 1848 707 1892 quanti
730 1848 876 1884 interest
899 1848 986 1892 sisti,
1013 1849 1197 1883 contineri.

115 1898 150 1928 et
173 1903 295 1928 verum
319 1896 390 1936 est,
423 1893 516 1937 quod
542 1893 665 1928 Celsus
697 1893 763 1927 ait:
796 1904 878 1928 nam
903 1893 964 1938 qui
988 1894 1096 1928 alium
1122 1893 1199 1928 sisti

119 1943 133 1972 l
182 1939 365 1983 promittit,
390 1939 460 1973 hoc
477 1939 651 1983 promittit
669 1938 706 1973 id
726 1948 764 1973 se
785 1942 959 1981 acturum,
985 1942 1025 1973 ut
1046 1942 1125 1974 stet.
1163 1938 1200 1974 Si

114 1987 329 2030 procurator
365 1984 443 2018 sisti
479 1984 632 2028 aliquem
663 1983 739 2019 sine
768 1994 884 2029 poena
916 1984 1108 2029 stipulatus
1141 1984 1198 2027 sit,

114 2033 232 2073 potest
256 2028 397 2064 defendi
420 2040 492 2064 non
516 2040 636 2073 suam,
669 2029 731 2063 sed
756 2030 851 2071 eius,
886 2029 987 2064 cuius
1019 2029 1199 2074 negotium

114 2074 239 2117 gessit,
272 2074 464 2109 utilitatem
494 2074 532 2109 in
563 2084 606 2109 ea
634 2085 672 2109 re
702 2074 908 2110 deduxisse:
941 2074 1047 2120 idque
1071 2075 1199 2110 fortius

115 2119 314 2162 dicendum,
339 2119 369 2155 si
393 2120 529 2165 ‘quanti
554 2130 596 2154 ea
619 2130 676 2155 res
699 2120 754 2155 sit'
777 2120 958 2164 stipulatio
976 2124 1200 2165 proponatur

114 2165 368 2209 procuratoris.

161 2207 213 2247 82
238 2209 344 2245 IDEM
373 2210 463 2245 libro
494 2221 532 2245 se
560 2211 782 2257 tuaqensz'mo
813 2213 938 2247 octavo
969 2211 1019 2246 ad
1045 2211 1199 2247 edictum

115 2255 227 2290 Nemo
252 2265 327 2289 rem
351 2266 451 2290 suam
475 2256 527 2290 uti
543 2256 609 2290 iter
633 2255 842 2300 stipulatur,
873 2256 936 2291 sed
966 2256 1119 2301 pretium
1149 2257 1201 2292 rei

115 2310 201 2335 suae
229 2311 302 2335 non
332 2301 521 2335 inutiliter:
560 2311 646 2336 sane
682 2311 759 2336 rem
796 2311 910 2336 meam
945 2302 1030 2336 mihi
1061 2301 1200 2337 restitui

118 2350 132 2379 1
182 2349 277 2381 recte
301 2346 466 2391 stipulari
488 2346 620 2381 videor.
659 2345 697 2381 Si
717 2350 799 2391 post
819 2357 953 2381 moram
973 2347 1200 2391 promissoris

118 2391 220 2427 homo
246 2391 446 2435 decesserit,
470 2395 612 2427 tenetur
635 2391 744 2427 nihilo
768 2392 896 2434 minus,
928 2392 1077 2437 proinde
1102 2403 1144 2428 ac
1169 2392 1200 2428 si

117 2439 136 2471 2
183 2436 287 2471 homo
312 2436 453 2471 viveret.
502 2437 552 2471 Et
574 2437 632 2472 hic
655 2447 791 2472 moram
814 2437 953 2473 videtur
975 2437 1115 2482 fecisse,
1141 2439 1199 2482 qui

115 2481 252 2564 litigare
276 2481 402 2516 maluit
425 2492 530 2526 quam
554 2482 751 2517 restituere.

189 2525 212 2563 3
239 2526 397 2562 Panos
425 2528 515 2562 libro
539 2529 828 2574 septuaqensz'mo
852 2528 1009 2563 secundo
1035 2527 1084 2563 ad
1106 2527 1199 2564 edic-

118 2575 190 2607 tum
247 2571 345 2606 Inter
379 2572 606 2617 stipulantem
642 2577 678 2607 et
720 2572 984 2617 promittentem
1018 2574 1199 2617 negotium

116 2617 350 2653 contrahitur.
381 2617 500 2662 itaque
520 2618 611 2652 alius
632 2628 695 2663 pro
715 2618 784 2653 alio
805 2618 1015 2662 promittens
1035 2618 1200 2654 daturum

115 2662 335 2714 facturumve
359 2672 440 2697 eum
468 2673 541 2698 non
565 2663 757 2714 obligatur:
789 2673 872 2697 nam
897 2663 939 2698 de
963 2674 1002 2699 se
1026 2674 1200 2708 quemque

116 2711 536 2797 Ρξιῗὲἓέῗθὲῗυῗιὲῗῖὲθζῐω
558 2712 685 2795 ast?
705 2708 1200 2798 ἒὲἕῃὲῑίξρὶἓέᾚωῗὶῗέἓέ

117 2808 134 2833 s
162 2797 286 2839 ondet,
323 2797 386 2832 sed
418 2802 624 2832 curaturum
649 2808 705 2840 se,
745 2802 785 2833 ut
815 2798 916 2834 dolus
948 2799 1063 2834 malus
1088 2800 1198 2834 absit:

116 2843 129 2878 i
154 2853 278 2886 emque
309 2842 347 2876 in
374 2842 443 2878 illis
475 2843 763 2887 stipulationibus
794 2844 936 2879 ‘habere
967 2844 1084 2879 licere'
1117 2844 1201 2879 item

118 2891 244 2932 ‘neque
279 2898 344 2932 per
377 2891 413 2923 te
447 2898 563 2933 neque
595 2898 658 2934 per
691 2890 858 2924 heredem
881 2892 982 2924 tuum
1006 2889 1094 2933 fieri,
1131 2901 1199 2934 quo

121 2937 135 2968 2
186 2933 312 2968 ‘minus
343 2932 429 2968 fiat'.
478 2933 516 2968 Si
545 2933 704 2969 Stichum
736 2934 926 2979 stipulatus
959 2935 1002 2970 de
1026 2935 1094 2970 alio
1120 2945 1199 2970 sen·

117 2979 214 3021 tiam,
238 2982 278 3013 tu
302 2977 345 3013 de
366 2979 446 3022 alio,
470 2978 559 3013 nihil
582 2983 699 3013 actum
718 2980 795 3014 erit.
828 2980 922 3024 quod
941 2984 977 3015 et
999 2980 1036 3014 iu
1060 2980 1200 3015 iudiciis

117 3024 238 3059 Aristo
269 3023 498 3060 existimavit:
525 3023 587 3058 sed
617 3024 676 3059 hic
698 3025 810 3070 magis
836 3029 906 3069 est,
938 3029 979 3060 ut
1008 3025 1039 3060 is
1068 3026 1199 3070 petitus

118 3068 295 3112 videatur,
332 3069 375 3103 de
406 3079 475 3114 quo
517 3072 616 3104 actor
646 3069 765 3104 sensit.
814 3081 897 3106 nam
932 3070 1116 3116 stipulatio
1157 3081 1201 3106 ex

119 3113 302 3158 utriusque
334 3124 511 3149 consensu
540 3114 651 3156 valet,
682 3115 851 3150 iudicium
882 3120 1002 3151 autem
1033 3116 1140 3151 etiam
1163 3116 1199 3151 in

117 3159 265 3194 invitum
301 3159 461 3194 redditur
500 3162 535 3194 et
569 3158 648 3194 ideo
682 3160 795 3194 actori
830 3161 948 3204 potius
985 3161 1198 3196 credendum

118 3207 191 3239 est:
231 3203 387 3248 alioquin
425 3214 564 3249 semper
602 3204 746 3248 negabit
779 3215 862 3240 reus
893 3216 932 3242 se
963 3206 1197 3241 consensisse.

120 3251 140 3283 2
187 3248 225 3284 Si
244 3249 434 3294 stipulante
452 3260 509 3284 me
529 3249 688 3284 Stichum
708 3252 770 3284 aut
786 3250 1010 3295 Pamphilum
1030 3255 1069 3285 tu
1090 3262 1199 3286 unum

120 3294 285 3329 daturum
317 3298 353 3329 te
384 3294 635 3340 spoponderis,
669 3298 809 3329 constat
839 3306 910 3331 non
939 3296 1052 3331 teneri
1075 3300 1110 3331 te
1134 3307 1199 3331 nec

121 3342 139 3373 3
188 3339 234 3373 ad
257 3339 511 3384 interrogatum
541 3349 618 3374 esse
647 3349 867 3383 responsum.
916 3341 1066 3376 Diversa
1091 3352 1200 3376 causa

121 3387 175 3419 est
198 3394 430 3427 summarum,
462 3385 568 3420 veluti
601 3384 734 3419 ‘decem
758 3388 820 3419 aut
842 3385 964 3429 viginti
989 3387 1066 3421 dari
1091 3397 1199 3430 spon-

120 3429 194 3463 ‘des
203 3429 230 3464 ‘2’
255 3429 313 3464 hic
333 3429 426 3464 enim
446 3430 512 3465 etsi
532 3430 652 3464 decem
670 3429 913 3474 spoponderis,
938 3435 1034 3466 recte
1051 3442 1197 3476 respon-

119 3483 198 3509 sum
221 3478 287 3516 est,
313 3474 395 3518 quia
417 3486 555 3520 semper
577 3475 614 3509 in
637 3475 781 3510 summis
805 3474 851 3518 id,
878 3475 972 3520 quod
993 3476 1109 3511 minus
1135 3481 1197 3520 est,

120 3522 142 3553 4
188 3518 354 3563 sponderi
376 3520 524 3555 videtur.
561 3520 650 3555 Item
675 3520 705 3555 si
729 3530 792 3564 ego
816 3519 937 3564 plures
961 3531 1018 3557 res
1039 3522 1198 3566 stipuler,

120 3563 281 3599 Stichum
316 3567 405 3609 puta
433 3568 470 3601 et
499 3565 741 3610 Pamphilum,
780 3565 864 3600 licet
892 3576 1003 3601 unum
1041 3577 1197 3612 spopon-

121 3679 160 3719 (1)
185 3678 389 3721 oportebitve
410 3678 439 3712 S
570 3679 612 3721 (2)
637 3679 740 3712 adicit
757 3692 817 3712 scr.
954 3680 996 3723 (3)
1020 3679 1072 3713 vel
1091 3693 1148 3713 om.
1171 3680 1204 3711 F

123 3724 164 3764 (4)
186 3735 237 3766 pr.
251 3724 354 3756 =D.
368 3725 580 3766 50‚17‚144‚1
696 3727 737 3766 (5)
763 3725 799 3756 in
821 3724 881 3757 del.
998 3727 1041 3766 (6)
1066 3735 1117 3758 res
1138 3727 1196 3758 ins.

123 3769 166 3811 (7)
189 3770 364 3802 revocatur
381 3770 462 3802 Hal.
578 3770 622 3811 (8)
648 3770 743 3802 Celso
760 3772 870 3802 tamen
890 3771 1006 3802 contra
1024 3770 1131 3803 visum
1152 3771 1199 3802 est

1182 136 1268 185 727

2080 144 2289 189 XXXXV
2322 148 2341 188 1

1266 262 1378 304 deris,
1403 260 1551 297 teuerIs:
1583 262 1711 298 videris
1736 264 1827 300 enim
1852 265 1896 300 ad
1921 276 2027 300 unam
2054 277 2096 301 ex
2121 267 2260 303 duabus
2286 268 2346 303 sti-

1266 312 1285 342 5
1332 307 1576 353 pulationibus
1608 310 1842 352 respondisse.
1891 311 2035 346 Sacram
2068 313 2122 347 vel
2147 314 2347 357 religiosam

1265 363 1340 387 rem
1372 353 1427 388 vel
1458 352 1581 404 usibus
1614 354 1765 396 publicis
1796 355 1832 389 in
1862 360 2070 399 perpetuum
2104 358 2261 392 relictam
2295 361 2348 400 (ut

1266 398 1384 433 forum
1409 402 1472 432 aut
1496 397 1692 440 basilicam)
1718 403 1780 433 aut
1804 400 1979 434 hominem
2003 402 2152 437 liberum
2178 403 2349 437 inutiliter

1266 443 1435 487 stipulor,
1461 443 1643 486 quamvis⁶
1674 454 1777 478 sacra
1802 445 1953 488 profana
1978 446 2052 480 fieri
2076 452 2111 481 et
2137 448 2257 482 usibus
2282 460 2345 493 pu-

1268 488 1370 523 blicis
1402 488 1526 522 relicta
1558 488 1594 522 in
1634 489 1790 532 privatos
1824 501 1908 524 usus
1943 493 2066 525 reverti
2098 497 2132 526 et
2163 504 2205 527 ex
2238 494 2347 528 libero

1267 543 1390 568 servus
1416 533 1491 567 fieri
1515 537 1643 577 potest.
1692 545 1774 569 nam
1799 539 1833 569 et
1859 546 1935 568 cum
1963 537 2038 578 quis
2063 547 2134 571 rein
2161 538 2346 581 profanam

1267 582 1329 612 aut
1361 579 1521 613 Stichum
1553 578 1630 614 dari
1652 579 1832 623 promisit,
1869 580 2057 622 liberatur,
2094 584 2122 616 si
2147 584 2221 617 sine
2252 584 2346 617 facto

1271 624 1345 658 eius
1378 633 1434 658 res
1466 633 1571 659 sacra
1595 634 1673 658 esse
1705 624 1861 668 coeperit
1885 629 1946 659 aut
1970 625 2111 660 Stichus
2137 627 2180 661 ad
2205 628 2347 662 liberta-

1266 672 1337 702 tem
1362 669 1577 713 pervenerit,
1608 679 1674 704 nec
1698 672 1932 705 revocantur⁷
1957 671 1993 704 in
2018 672 2280 715 obligationem,
2319 675 2347 707 si

1267 724 1390 748 rursus
1415 714 1492 758 lege
1510 713 1629 758 aliqua
1651 718 1688 749 et
1711 724 1768 750 res
1793 725 1896 750 sacra
1920 715 2070 760 profana
2092 727 2168 751 esse
2194 718 2349 762 coeperit

1268 762 1302 792 ct
1327 758 1470 793 Stichus
1503 769 1547 793 ex
1582 759 1694 794 libero
1727 770 1848 795 servus
1882 761 2027 795 effectus
2061 761 2114 796 sit.
2166 763 2348 806 ⁸qu0nia1u

1268 814 1339 837 uua
1376 808 1483 848 atque
1522 804 1643 839 eadem
1676 815 1786 840 causa
1819 810 1854 840 et
1892 805 2066 840 liberandi
2104 810 2139 840 et
2170 808 2349 851 obligandi

1267 852 1371 890 esset,
1398 849 1493 893 quod
1516 853 1580 884 aut
1603 850 1682 884 dari
1700 861 1771 884 non
1795 849 1910 894 possit
1934 854 1995 884 aut
2016 851 2091 884 dari
2115 853 2243 896 possit:
2270 863 2350 887 nani

1266 898 1301 928 et
1332 894 1362 928 si
1395 905 1537 937 navem,
1563 905 1669 940 quam
1700 895 1908 939 spopondit,
1945 896 2105 930 dominus
2135 897 2292 932 dissolvit
2316 905 2350 932 et

1265 939 1376 974 isdem
1406 940 1536 975 tabulis
1575 942 1806 985 compegerit,
1845 941 1928 985 quia
1960 941 2081 975 eadem
2113 942 2212 976 navis
2245 948 2347 985 esset,

1265 985 1439 1029 inciperet
1463 985 1623 1029 obligari.
1670 997 1737 1030 pro
1767 997 1836 1030 quo
1870 990 1906 1020 et
1939 985 2026 1020 illud
2056 986 2126 1021 dici
2157 998 2261 1031 posse
2285 988 2349 1022 Pe-

1266 1029 1344 1065 dius
1377 1030 1516 1065 scribit:
1553 1031 1583 1065 si
1615 1031 1806 1075 stipulatus
1844 1031 1946 1066 fuero
1985 1041 2029 1066 ex
2061 1031 2170 1066 fundo
2210 1037 2349 1067 centuni

1269 1075 1461 1120 amphoras
1491 1075 1581 1118 vini,
1618 1080 1825 1121 exspectare
1855 1077 1984 1120 debeo,
2024 1076 2135 1111 donec
2167 1082 2349 1112 nascatur:

1266 1124 1302 1155 et
1325 1121 1356 1156 si
1379 1124 1502 1155 natum
1528 1121 1602 1156 sine
1637 1123 1742 1166 culpa
1766 1122 1991 1166 promissoris
2024 1125 2270 1166 consumptum
2295 1123 2348 1158 sit.

1267 1177 1409 1201 rursum
1443 1170 1652 1211 exspectare
1681 1167 1848 1209 debeam,
1884 1167 1997 1202 donec
2028 1167 2155 1201 iterum
2186 1173 2352 1202 nascatur

1268 1216 1302 1246 et
1326 1212 1404 1246 dari
1433 1213 1563 1256 possit:
1599 1216 1633 1246 et
1657 1223 1721 1257 per
1744 1212 1809 1247 has
1843 1213 1936 1247 vices
1961 1216 2024 1246 aut
2048 1218 2267 1246 cessaturam
2293 1218 2351 1247 aut

1266 1257 1455 1291 valituram
1487 1257 1765 1302 stipulationem.
1826 1258 1888 1292 sed
1918 1258 2007 1292 haec
2038 1257 2220 1292 dissimilia
2252 1262 2350 1292 sunt:

1267 1302 1356 1338 adeo
1382 1303 1484 1346 enim,
1511 1314 1590 1337 cum
1615 1303 1705 1337 liber
1729 1303 1834 1338 homo
1859 1304 2056 1347 promissus
2082 1307 2150 1345 est,
2177 1303 2352 1338 servitutis

1267 1351 1406 1392 tempus
1439 1348 1671 1392 spectandum
1702 1359 1773 1383 non
1807 1358 1900 1390 esse,
1940 1352 1980 1382 ut
2013 1358 2057 1382 ne
2096 1348 2184 1383 haec
2216 1348 2352 1392 quidem

1268 1393 1451 1438 stipulatio
1474 1393 1517 1428 de
1538 1393 1679 1428 homine
1699 1394 1811 1429 libero
1831 1393 2019 1439 probanda
2040 1393 2102 1428 sit:
2129 1394 2248 1436 ‘illum‚
2274 1404 2351 1428 cum

1268 1441 1403 1473 ‘servus
1427 1448 1506 1473 esse
1530 1439 1703 1483 coeperit,
1731 1439 1815 1474 dare
1840 1439 1994 1483 spondes
2004 1439 2031 1473 ?’
2077 1439 2162 1473 item
2186 1443 2284 1473 ‘eum
2301 1439 2351 1474 lo-

1268 1485 1378 1526 ‘cum‚
1413 1494 1493 1518 cum
1526 1494 1569 1518 ex
1599 1494 1702 1519 sacro
1736 1484 1943 1529 religiosove
1975 1484 2145 1529 profanus
2171 1495 2247 1519 esse
2272 1494 2350 1519 coe-

1270 1530 1390 1573 ‘perit‚
1425 1529 1538 1564 dari?
1587 1530 1669 1574 quia
1700 1540 1766 1564 nec
1795 1530 1993 1574 praesentis
2025 1530 2193 1574 temporis
2220 1529 2350 1573 obliga-

1268 1575 1424 1609 tionem⁰
1447 1575 1604 1619 recipere
1627 1578 1746 1619 potest
1770 1579 1806 1610 et
1829 1585 1872 1610 ea
1892 1575 2087 1617 dumtaxat,
2114 1585 2203 1619 quae
2226 1578 2354 1609 natura

1268 1620 1324 1654 sui
1347 1619 1533 1664 possibilia
1557 1626 1651 1662 sunt,
1678 1620 1903 1656 deducuntur
1926 1621 1963 1654 in
1987 1620 2248 1664 obligationem.
2281 1621 2348 1654 vini

1268 1668 1387 1700 autem
1410 1676 1483 1700 non
1507 1666 1678 1710 speciem,
1713 1666 1775 1701 sed
1805 1676 1916 1710 genus
1949 1666 2112 1711 stipulari
2136 1666 2294 1700 videmur
2318 1671 2353 1700 et

1267 1711 1375 1745 tacite
1406 1710 1445 1746 in
1476 1721 1519 1746 ea
1556 1714 1697 1756 tempus
1737 1712 1956 1747 continetur:
1997 1712 2102 1746 homo
2133 1711 2222 1745 liber
2255 1714 2352 1745 certa

1268 1757 1386 1801 specie
1411 1756 1624 1791 continetur.
1673 1760 1709 1792 et
1743 1767 1865 1792 casum
1897 1757 2150 1800 adversamque
2174 1755 2351 1791 fortunam

1268 1801 1425 1846 spectari
1453 1801 1604 1837 hominis
1636 1802 1738 1837 liberi
1770 1812 1884 1847 neque
1915 1802 2014 1837 civile
2046 1812 2159 1846 neque
2191 1801 2353 1835 naturale

1269 1850 1340 1882 est:
1366 1857 1449 1881 nam
1473 1847 1517 1882 de
1536 1847 1592 1882 his
1616 1848 1723 1883 rebus
1743 1847 1924 1892 negotium
1947 1851 2044 1882 recte
2067 1857 2239 1890 geremus,
2265 1856 2353 1891 quae

1269 1892 1386 1927 subici
1409 1892 1534 1928 usibus
1567 1892 1793 1938 dominioque
1817 1896 1939 1928 nostro
1967 1892 2085 1927 statim
2110 1895 2270 1937 possunt.
2321 1896 2354 1925 et

1268 1938 1367 1973 navis
1393 1937 1423 1972 si
1446 1938 1515 1972 hac
1540 1941 1657 1973 mente
1688 1938 1847 1973 resoluta
1872 1942 1943 1981 est,
1977 1942 2016 1972 ut
2046 1938 2082 1971 in
2114 1937 2220 1971 alium
2251 1947 2352 1972 usum

1267 1983 1411 2018 tabulae
1436 1983 1717 2026 destinarentur,
1749 1983 1833 2018 licet
1855 1987 1993 2018 mutato
2019 1982 2165 2018 consilio
2189 1981 2351 2027 perficia-

1267 2030 1376 2071 tur¹⁰,
1410 2032 1530 2064 tamen
1561 2033 1597 2064 et
1626 2033 1812 2074 perempta
1842 2030 1941 2073 prior
1972 2028 2071 2063 navis
2102 2032 2137 2062 et
2168 2029 2256 2063 haec
2285 2028 2353 2062 alia

1269 2073 1418 2109 dicenda
1447 2077 1517 2109 est:
1558 2074 1622 2109 sed
1651 2074 1684 2109 si
1711 2074 1927 2109 reficiendae
1959 2074 2058 2108 navis
2090 2083 2200 2108 causa
2232 2082 2353 2107 omnes

1268 2119 1413 2154 tabulae
1437 2119 1569 2155 refixae
1595 2119 1682 2163 sint,
1708 2119 1865 2155 nondum
1889 2119 2110 2154 intercidisse
2134 2119 2233 2153 navis
2257 2118 2350 2153 vide-

1270 2168 1330 2199 tur
1360 2168 1396 2199 et
1428 2164 1633 2210 compositis
1664 2176 1789 2200 rursus
1815 2164 1939 2200 eadem
1968 2175 2045 2200 esse
2069 2164 2210 2208 incipit:
2250 2164 2352 2198 sicuti

1270 2210 1313 2245 de
1343 2210 1491 2245 aedibus
1516 2210 1678 2256 deposita
1702 2211 1800 2255 tigna
1824 2221 1866 2245 ea
1889 2214 2026 2252 mente,
2062 2212 2101 2244 ut
2125 2213 2351 2254 reponantur,

1270 2255 1411 2290 aedium
1442 2259 1545 2298 sunt,
1582 2255 1645 2291 sed
1677 2256 1706 2291 si
1738 2266 1851 2300 usque
1882 2255 1928 2290 ad
1960 2265 2079 2290 aream
2113 2254 2272 2298 deposita
2297 2254 2352 2293 sit.

1269 2301 1352 2336 licet
1377 2301 1500 2336 eadem
1530 2301 1678 2336 materia
1701 2302 1930 2343 restituatur,
1957 2301 2027 2335 alia
2050 2299 2126 2334 erit.
2175 2299 2232 2334 hic
2255 2302 2351 2333 trac-

1268 2350 1368 2381 tatus
1393 2347 1499 2381 etiam
1523 2346 1569 2381 ad
1592 2347 1791 2391 praetorias
1817 2346 2063 2391 stipulationes
2087 2345 2251 2390 pertinet,
2277 2344 2351 2395 qui—

1270 2392 1336 2427 bus
1370 2391 1413 2426 de
1443 2402 1482 2427 re
1511 2392 1733 2427 restituenda
1760 2396 1905 2426 cavetur
1936 2395 1971 2427 et
2001 2402 2047 2425 an
2072 2390 2191 2425 eadem
2215 2399 2271 2424 res
2297 2394 2351 2431 sit,

1270 2441 1289 2473 6
1338 2438 1531 2482 quaeritur.
1581 2437 1617 2472 Si
1641 2448 1731 2479 rem,
1763 2447 1869 2482 quam
1893 2447 1937 2472 ex
1962 2446 2071 2471 causa
2095 2435 2266 2469 lucrativa
2290 2434 2350 2469 sti-

1268 2483 1413 2528 pulatus
1439 2494 1532 2526 sum,
1570 2486 1699 2518 nactus
1723 2482 1824 2517 fuero
1851 2493 1895 2518 ex
1919 2492 2028 2517 causa
2051 2480 2239 2523 lucrativa,
2272 2489 2350 2513 eva-

1269 2528 1383 2563 nescit
1414 2528 1607 2573 stipulatio.
1664 2528 1764 2564 sed¹¹
1797 2528 1827 2563 si
1859 2529 1960 2563 heres
1998 2527 2162 2562 exstitero
2201 2524 2350 2567 domino,

1270 2573 1488 2617 extinguitur
1512 2573 1705 2618 stipulatio.
1755 2574 1784 2608 si
1809 2584 1890 2608 vero
1917 2583 1938 2607 a
1967 2583 2023 2608 me
2054 2570 2182 2606 herede
2206 2570 2350 2605 defunc-

1268 2622 1326 2653 tus
1345 2629 1422 2653 eam
1444 2619 1582 2663 legavit,
1604 2622 1724 2663 potest
1743 2619 1799 2663 agi
1819 2629 1863 2653 ex
1884 2618 2070 2663 stipulatu:
2095 2616 2256 2660 idemque
2276 2625 2351 2649 esse

1270 2668 1305 2699 et
1330 2664 1359 2699 si
1384 2664 1450 2699 sub
1477 2664 1683 2699 condicione
1707 2664 1825 2708 legata
1849 2664 1910 2706 sit,
1944 2663 2027 2708 quia
2051 2666 2103 2706 et,
2139 2662 2167 2696 si
2191 2662 2266 2705 ipse
2281 2660 2350 2711 ‘de-

1269 2709 1364 2746 bitor
1387 2720 1461 2744 rem
1486 2710 1552 2744 sub
1579 2709 1784 2744 condicione
1809 2709 1960 2753 legatam
1981 2707 2145 2749 dedisset,
2171 2717 2242 2741 non
2265 2705 2350 2756 libe-

1269 2758 1428 2790 raretur:
1477 2755 1540 2790 sed
1585 2755 1614 2790 si
1658 2754 1865 2790 condicione
1905 2754 2089 2788 deficiente
2132 2754 2350 2792 remanserit,

1270 2803 1286 2834 7
1336 2800 1461 2845 petitio
1496 2800 1744 2835 infirmabitur.
1802 2799 1979 2841 Stichum,
2019 2798 2078 2842 qui
2116 2795 2285 2847 decessit,
2322 2795 2351 2829 si

1269 2845 1428 2890 stipuler,
1455 2846 1485 2880 si
1509 2845 1649 2890 quidem
1674 2844 1812 2880 condici
1837 2844 1942 2879 etiam
1965 2846 2127 2878 mortuus
2151 2844 2276 2894 potmt,
2311 2845 2351 2873 ut

1268 2890 1359 2934 furi,
1389 2891 1525 2926 utiliter
1548 2901 1603 2925 me
1635 2890 1843 2934 stipulatum
1868 2889 2020 2923 Sabinus
2046 2888 2113 2922 ait:
2147 2897 2177 2921 sl
2199 2895 2281 2920 vero
2307 2895 2349 2919 ex

1269 2936 1347 2970 aliis
1373 2936 1508 2979 causis,
1541 2935 1730 2978 inutiliter,
1754 2934 1847 2979 'quia
1881 2938 1914 2967 et
1938 2934 1968 2968 si
1993 2933 2217 2981 deberetur&
2239 2934 2349 2964 morte

1268 2980 1465 3026 promissor
1494 2981 1675 3016 liberetur.
1729 2980 1820 3014 idem
1852 2989 1933 3023 ergo
1964 2978 2095 3013 diceret
2126 2980 2161 3011 et
2190 2986 2219 3010 ει
2250 2984 2349 3026 mora

1270 3030 1289 3061 8
1343 3026 1441 3061 facta
1479 3026 1686 3061 defunctum
1728 3024 1929 3069 stipularer.
1993 3024 2029 3058 Si
2070 3022 2145 3066 quis
2185 3019 2346 3054 anclllam

1268 3071 1393 3106 sistere
1425 3081 1463 3106 se
1486 3072 1523 3105 in
1546 3071 1664 3114 aliquo
1689 3070 1768 3105 loco
1799 3069 2015 3114 promiserit,
2051 3076 2141 3111 quae
2174 3073 2347 3109 praegnas

1268 3119 1355 3158 erat,
1381 3116 1447 3151 etsi
1471 3116 1546 3151 sine
1569 3119 1677 3160 partu
1696 3125 1774 3150 eam
1798 3114 1911 3156 sistat,
1936 3114 1973 3148 in
1996 3113 2118 3148 eadem
2143 3119 2250 3145 causa
2270 3118 2346 3142 eam

1269 3162 1394 3197 sistere
1417 3161 1643 3204 intellegitur.
2247 3199 2254 3205 .

1315 3204 1367 3244 84
1392 3206 1498 3240 IDEM
1527 3207 1616 3242 libro
1647 3205 1936 3251 septuaqensimo
1962 3199 2165 3251 quartotagl
2194 3198 2343 3233 edzclum

1268 3251 1306 3286 Si
1329 3251 1482 3286 insulam
1506 3250 1584 3285 fieri
1615 3250 1806 3296 stipulatus
1839 3249 1904 3285 sim
1935 3253 1969 3282 et
1992 3247 2170 3280 tranfflerit
2193 3247 2343 3286 tempus,

1269 3307 1339 3341 quo
1370 3295 1528 3340 potueris
1552 3295 1688 3340 facere,
1723 3295 1889 3341 quamdiu
1912 3294 2007 3327 litem
2032 3292 2251 3338 contestatus
2275 3297 2345 3338 non

1268 3342 1349 3384 sim,
1374 3351 1479 3385 posse
1503 3344 1538 3375 te
1561 3341 1751 3376 facientem
1773 3339 1917 3375 liberari
1933 3337 2073 3388 placet:
2107 3332 2253 3383 quod‘si
2277 3342 2343 3382 iam

1267 3387 1363 3421 litem
1389 3388 1610 3421 contestatus
1642 3386 1727 3428 sim,
1758 3385 1846 3420 nihil
1877 3383 1941 3417 tibi
1970 3380 2157 3426 prodesse,
2188 3387 2217 3411 si
2249 3376 2344 3410 aedi-

1266 3432 1367 3466 fices.

1314 3473 1365 3513 85
1391 3475 1497 3510 IDEM
1525 3476 1615 3511 libro
1647 3473 1933 3521 septuaqmzsimo
1967 3470 2090 3517 quinto
2115 3467 2163 3503 ad
2193 3466 2343 3501 edictum

1267 3521 1308 3555 In
1346 3521 1574 3556 exsecutione
1612 3519 1835 3564 obligationis
1874 3515 2055 3553 sciendum
2084 3516 2140 3565 est
2179 3515 2346 3556 quattuor

1268 3575 1395 3602 causas
1434 3576 1529 3602 esse:
1566 3576 1647 3600 nam
1684 3564 1860 3599 interdum
1899 3564 1954 3596 est
1984 3558 2118 3604 aliquid
2129 3559 2166 3600 ¹2,
2200 3556 2294 3602 quod
2324 3566 2347 3591 a

1917 3673 1960 3715 (9)
1985 3682 2036 3706 res
2057 3672 2117 3705 ins.
2211 3671 2269 3713 (10)
2294 3681 2343 3703 re-

1268 3680 1426 3713 similiave
1446 3680 1631 3713 exciderunt
1643 3676 1824 3718 (Cuiacius)
2112 3717 2119 3723 ,

1846 3721 1903 3761 (12)
1927 3729 2003 3751 nam
2018 3719 2066 3750 est
2077 3717 2169 3749 ahud
2182 3729 2241 3749 scr.

1268 3724 1400 3757 finiatur
1411 3738 1472 3758 scr.
1568 3726 1621 3764 (11)
1647 3724 1680 3755 et
1693 3723 1752 3755 ins.
