2528 3918
203 133 349 177 INST.
378 133 478 187 ΠΗ,
511 134 536 174 6

200 272 270 308 que
306 261 465 297 actiones
499 269 542 295 ex
574 269 641 294 sua
670 257 918 295 iurisdictione
947 259 1150 312 propositas
1181 259 1292 294 habet

226 311 357 343 raetor.
383 305 490 341 veluti
511 304 555 339 de
574 304 728 350 pecunia
748 303 954 346 constituta,
976 315 1033 339 cm
1053 304 1174 340 similis
1195 303 1290 340 vide-

200 318 308 387 gutur
338 361 420 386 rece
433 348 547 385 iticia:
577 348 639 385 sed
671 359 715 384 ex
739 352 865 385 nostra
888 349 1143 385 constitutione
1155 351 1177 392 ¹,
1210 359 1291 385 cum

201 401 255 439 et,
288 396 318 432 si
344 396 403 441 qui
451 394 591 440 plenius
614 394 792 437 habebat,
824 394 894 431 1100
924 394 960 429 111
991 394 1180 439 pecuniam
1205 404 1290 430 con-

200 442 361 477 stitutam
394 439 615 475 transfusum
648 443 721 483 est,
754 450 798 476 ea
821 439 924 485 quasi
948 450 1170 485 supervacua
1193 439 1291 475 iussa

200 491 255 522 est
286 497 366 521 cum
399 495 465 521 sua
496 484 712 521 auctoritate
743 495 766 521 a
796 484 930 521 nostris
954 484 1095 530 legibus*
1111 484 1289 520 recedere.

199 532 283 567 item
332 534 452 566 raetor
474 530 664 576 proposuit
687 530 731 566 de
754 530 894 576 peculio
918 539 1101 565 servorum
1121 529 1290 565 filiorum-

199 587 269 622 que
316 576 453 611 amilias
486 576 546 611 et²
569 585 613 611 ex
643 585 715 621 qua
745 575 947 622 quaeritur,
984 585 1031 610 an
1062 578 1165 611 actor
1194 575 1291 610 iura-

199 627 220 658 9
266 621 367 664 verit,
382 624 418 657 et
430 620 519 656 alias
533 621 745 667 complures.
792 620 849 656 De
860 620 1014 666 pecunia
1026 623 1144 656 autem
1157 620 1291 656 consti-

200 670 279 701 tuta
304 677 384 701 cum
409 665 575 702 omnibus
598 666 735 712 agitur,
769 666 983 712 quicumque
1005 665 1061 700 vel
1084 674 1149 711 pro
1174 675 1213 701 se
1235 665 1292 701 vel

199 722 264 757 pro
290 711 360 747 alio
385 711 565 747 soluturos
589 721 628 747 se
653 711 920 751 constituerint,
945 710 1044 746 nulla
1068 710 1204 746 scilicet
1228 711 1290 746 sti-

199 756 382 802 pulatione
404 756 626 809 interposita.
663 767 745 792 nam
771 756 926 801 alioquin
951 755 981 791 si
1001 756 1187 801 stipulanti
1206 766 1290 801 pro-

203 805 242 837 10
289 802 466 845 miserint,
497 812 575 838 iure
606 801 697 838 civili
728 806 905 837 tenentur.
954 801 1149 837 Actiones³
1172 805 1290 836 autem

199 848 243 883 de
273 847 413 892 peculio
444 846 525 883 ideo
556 847 725 883 adversus
758 850 896 892 patrem
936 846 1159 882 dominumve
1194 857 1289 882 com-

201 893 340 938 paravit
362 896 519 939 praetor,
545 893 628 939 quia
650 893 734 928 licet
757 902 800 927 ex
825 895 1014 927 contractu
1037 891 1191 927 filiorum
1216 901 1290 927 ser-

200 948 366 975 vorumve
384 938 463 984 ipso
485 938 562 974 iure
573 949 645 974 non
663 940 863 980 teneantur,
884 947 1037 983 aequum
1055 939 1176 973 tamen
1196 940 1292 973 esset

198 983 338 1028 peculio
370 986 494 1027 tenus,
526 983 624 1037 quod
653 982 762 1018 veluti
783 982 1036 1028 patrimonium
1060 986 1116 1018 est
1137 982 1291 1018 filiorum

202 1031 239 1064 11
289 1028 524 1074 filiarumque,
544 1032 628 1064 :tem
646 1038 838 1073 servorum,
847 1027 1078 1063 condemnari
1091 1038 1163 1064 eos.
1201 1028 1290 1063 Item

199 1074 230 1110 si
266 1074 345 1120 quis
380 1075 588 1121 postulante
623 1072 826 1109 adversario
861 1072 1032 1109 iuraverit
1066 1073 1187 1109 deberi
1222 1073 1291 1109 sibi

197 1119 387 1165 pecuniam
412 1130 520 1165 quam
542 1122 689 1165 peteret,
714 1128 830 1164 neque
853 1118 885 1153 ei
904 1118 1075 1162 solvatur,
1099 1118 1291 1155 iustissime

199 1164 449 1201 accommodat
473 1165 505 1201 ei
528 1165 635 1199 talem
659 1164 855 1206 actionem,
887 1173 954 1209 per
976 1173 1084 1210 quam
1108 1174 1180 1200 non
1203 1163 1291 1199 illud

198 1210 399 1256 quaeritur,
432 1220 479 1246 an
503 1210 536 1246 ei
558 1209 712 1255 pecunia
735 1209 926 1253 debeatur,
950 1209 1015 1245 sed
1038 1219 1086 1245 an
1108 1209 1288 1245 iuraverit.

200 1257 241 1290 12
289 1255 464 1292 Poenales
497 1265 639 1301 quoque
670 1255 829 1290 actiones
861 1254 977 1290 bene⁴
1000 1254 1131 1291 multas
1157 1264 1201 1290 ex
1224 1264 1291 1290 sua

197 1300 442 1337 iurisdictione
465 1300 680 1336 introduxit:
706 1299 814 1335 veluti
833 1299 1005 1336 adversus
1024 1310 1104 1335 eum
1124 1300 1185 1346 qui
1205 1300 1290 1346 quid

197 1356 242 1381 ex
265 1346 347 1382 albo
373 1347 448 1381 eius
480 1346 716 1391 corrupisset:
750 1349 787 1381 et
818 1345 856 1380 in
888 1355 970 1381 eum
1002 1345 1063 1391 qui
1098 1349 1290 1398 patronum

197 1392 252 1427 vel
276 1395 460 1436 parentem
482 1391 520 1426 in
543 1391 599 1426 ius
622 1393 805 1434 vocasset,
842 1401 924 1426 cum
946 1390 984 1426 id
1007 1401 1080 1427 non
1103 1393 1289 1444 impetras-

198 1440 270 1472 set:
291 1437 377 1472 item
389 1436 559 1472 adversus
573 1446 664 1478 eum,
678 1436 738 1482 qui
750 1436 784 1472 vi
805 1435 975 1472 exemerit
995 1446 1077 1472 eum
1097 1447 1159 1481 qm
1178 1437 1216 1471 in
1234 1436 1290 1471 ius

197 1486 403 1525 vocaretur,
436 1482 581 1517 cuiusve
605 1481 687 1517 dolo
712 1481 804 1517 alius
828 1481 1013 1517 exemerit:
1047 1485 1083 1517 et
1114 1482 1203 1517 alias
1235 1481 1290 1516 in-

200 1531 240 1563 13
287 1527 535 1563 numerabiles.
583 1526 860 1563 Praeiudiciales
880 1526 1041 1562 actiones
1060 1527 1098 1562 in
1116 1537 1193 1563 rem
1213 1536 1292 1562 esse

199 1572 372 1615 videntur,
397 1572 520 1618 quales
544 1576 640 1615 sunt,
663 1582 729 1617 per
752 1582 842 1617 quas
866 1572 1068 1618 quaeritur,
1092 1582 1139 1608 an
1163 1572 1290 1618 aliquis

198 1618 288 1653 liber
310 1618 366 1653 vel
389 1628 437 1652 an
467 1617 615 1653 libertus
646 1618 710 1660 sit,
746 1618 801 1653 vel
832 1617 876 1654 de
906 1621 1014 1663 partu
1121 1617 1288 1655 escendo.

198 1673 241 1698 ex
266 1663 394 1708 quibus
418 1662 494 1699 fere
517 1673 591 1698 una
613 1663 675 1698 illa
698 1662 890 1708 legitimam
915 1673 1062 1699 causam
1108 1663 1203 1707 abet,
1226 1672 1291 1716 per

198 1718 302 1753 quam
324 1709 516 1754 quaeritur,
539 1718 586 1743 an
607 1708 735 1754 aliquis
756 1708 847 1744 liber
864 1708 928 1744 sit:
955 1712 1095 1744 ceterae
1115 1719 1159 1744 ex
1177 1709 1290 1754 ipsms

201 1756 242 1788 14
287 1755 463 1799 praetoris
476 1753 720 1789 iurisdictione
731 1754 969 1790 substantiam
989 1754 1147 1800 capiunt.
1197 1753 1291 1789 ⁵'Sic

198 1799 329 1844 'itaque
363 1798 526 1835 discretis
562 1798 764 1835 actionibus
800 1802 938 1835 certum
973 1802 1028 1835 est
1069 1810 1143 1835 non
1183 1809 1291 1845 posse

199 1846 366 1880 'actorem
386 1854 461 1879 rem
481 1855 584 1880 suam
602 1845 654 1880 ita
673 1844 719 1880 ab
741 1844 860 1890 aliquo
879 1847 1002 1890 petere
1021 1844 1063 1880 ‘si
1086 1848 1190 1890 paret
1210 1854 1290 1880 eum

198 1889 306 1925 '‘dare
329 1890 526 1935 oportere’:
550 1900 618 1925 nec
642 1889 735 1926 enim
760 1889 856 1935 quod
880 1889 1013 1926 actoris
1035 1894 1088 1926 est
1104 1890 1141 1925 id
1161 1889 1194 1925 ei
1213 1889 1290 1925 dari

199 1936 368 1980 'oportet,
401 1935 485 2015 guia
515 1935 651 1971 scilicet
682 1935 760 1970 dari
792 1935 960 1981 cuiquam
991 1934 1028 1970 id
1063 1935 1289 1980 intellegitur,

198 1979 304 2025 'quod
326 1979 379 2015 ita
426 1983 518 2023 atur,
543 1984 584 2015 ut
607 1980 683 2016 eius
707 1980 782 2024 fiat,
807 1990 874 2016 nec
897 1989 954 2016 res
979 1991 1072 2026 quae
1093 1980 1164 2016 iam
1189 1983 1288 2016 acto-

198 2025 258 2061 'ris
282 2028 338 2061 est
369 2025 481 2070 magis
515 2026 591 2061 eius
622 2025 701 2061 fieri
731 2029 862 2071 potest.
906 2026 1013 2071 plane
1043 2026 1125 2062 odio
1157 2025 1288 2069 furum,

198 2072 279 2115 'quo
311 2070 423 2116 magis
454 2071 616 2116 pluribus
646 2071 848 2107 actionibus
879 2074 1088 2114 teneantur,
1125 2070 1289 2107 effectum

197 2117 280 2159 'est,
313 2120 355 2151 ut
386 2119 488 2151 extra
518 2126 671 2161 poenam
703 2116 802 2161 dupli
825 2119 889 2152 aut
912 2116 1102 2162 quadrupli
1125 2116 1176 2152 rei
1198 2117 1288 2152 reci-

198 2161 358 2206 'piendae
388 2161 530 2197 nomine
560 2161 658 2197 fures
691 2162 797 2197 etiam
828 2161 898 2197 hac
929 2162 1071 2198 actione
1100 2165 1291 2197 teneantur

198 2206 250 2242 '‘si
273 2209 377 2252 paret
408 2217 470 2242 eos
503 2207 588 2242 dare
622 2207 812 2253 oportere',
849 2207 1009 2253 quamvis
1041 2207 1089 2243 sit
1119 2207 1290 2243 adversus

198 2254 269 2287 'eos
294 2251 399 2287 etiam
422 2252 513 2288 haec
535 2253 573 2288 in
596 2263 671 2288 rem
703 2252 817 2295 actio,
848 2262 913 2298 per
944 2263 1050 2298 quam
1082 2262 1156 2288 rem
1188 2263 1290 2289 suam

202 2300 239 2331 15
289 2297 378 2343 'quis
402 2307 482 2333 esse
503 2298 605 2343 petit.
653 2297 886 2342 Appellamus
910 2302 1030 2333 autem
1053 2298 1091 2333 in
1113 2308 1189 2334 rem
1212 2298 1289 2343 qui-

198 2342 287 2377 'dem
311 2341 470 2378 actiones
493 2343 769 2379 vindicationes:
793 2343 831 2378 in
854 2353 1046 2389 personam
1068 2353 1152 2379 vero
1177 2343 1288 2379 actio-

199 2389 289 2430 'nes,
325 2387 454 2433 quibus
487 2388 574 2424 dare
607 2388 728 2424 facere
759 2393 926 2434 oportere
948 2388 1164 2431 intenditur,
1202 2399 1288 2424 con-

198 2433 392 2468 flictiones.
429 2433 617 2469 condicere
641 2434 734 2469 enim
758 2437 813 2469 est
836 2433 1045 2469 denuntiare
1068 2434 1188 2479 prisca
1219 2434 1286 2469 lin-

198 2479 295 2523 'guaz
319 2489 416 2514 nunc
439 2489 522 2514 vero
547 2479 693 2514 abusive
717 2479 867 2514 dicimus
892 2479 1153 2515 condictionem
1176 2479 1288 2514 actio-

198 2525 288 2558 ’nem
311 2523 348 2558 in
371 2534 563 2569 personam
595 2535 691 2567 esse,
725 2534 796 2570 qua
819 2528 922 2560 actor
944 2524 1097 2560 intendit
1120 2524 1199 2560 dari
1222 2524 1290 2560 sibi

198 2569 391 2648 'gpgrtefissz
417 2569 516 2604 nulla
540 2569 632 2605 enim
655 2570 724 2605 11οο
747 2573 907 2615 tempore
927 2580 969 2605 eo
991 2570 1133 2606 nomine
1153 2569 1286 2605 denun-

199 2615 205 2627 '
225 2614 259 2648 'a
276 2613 308 2649 'o
377 2615 395 2648 ,⁴

201 2661 242 2693 16
334 2658 494 2704 Sequens
517 2659 578 2694 illa
602 2659 725 2695 divisio
750 2663 823 2703 est,
857 2660 953 2705 quod
977 2660 1152 2706 quaedam
1176 2660 1288 2696 actio·

198 2713 261 2739 nes
284 2703 336 2739 rei
359 2704 626 2750 persequendae
648 2705 764 2750 gratia
788 2709 1018 2751 comparatae
1041 2709 1144 2748 sunt,
1177 2715 1287 2751 quae-

198 2749 280 2784 dam
315 2759 454 2794 poenae
487 2750 773 2795 persequendae,
816 2750 992 2796 quaedam
1026 2751 1158 2786 mixtae
1191 2754 1286 2786 sunt.

201 2797 239 2828 17
289 2793 356 2829 Rei
379 2795 647 2839 persequendae
671 2805 780 2831 causa
803 2799 1034 2841 comparatae
1057 2799 1142 2832 sunt
1165 2806 1287 2831 omnes

197 2839 235 2874 in
256 2849 331 2874 rem
355 2839 526 2875 actiones.
562 2850 685 2875 earum
707 2851 791 2877 vero
816 2842 1009 2884 actionum,
1034 2851 1127 2886 quae
1149 2841 1186 2876 in
1206 2851 1287 2887 per-

198 2894 325 2920 sonam
348 2887 452 2927 sunt,
476 2885 545 2920 hae
569 2885 710 2930 quidem
733 2896 826 2931 quae
850 2897 894 2922 ex
918 2890 1109 2922 contractu
1132 2896 1286 2922 nascun-

198 2933 259 2965 tur
290 2929 366 2965 fere
398 2940 520 2965 omnes
551 2931 604 2965 rei
635 2931 901 2976 persequendae
925 2942 1036 2967 causa
1060 2935 1288 2977 comparatae

197 2974 379 3010 videntur:
404 2975 513 3010 veluti
537 2975 665 3020 quibus
690 2981 849 3012 mutuam
871 2977 1061 3022 pecuniam
1084 2977 1139 3012 vel
1162 2977 1199 3012 111
1223 2977 1286 3012 sti-

197 3019 361 3065 pulatum
385 3019 575 3055 deductam
598 3021 689 3065 petit
712 3025 831 3065 actor,
856 3022 942 3057 item
966 3022 1200 3065 commodati,
1225 3022 1285 3057 de-

198 3065 318 3110 positi,
343 3064 512 3108 mandati,
537 3076 602 3110 pro
627 3067 743 3109 socio,
769 3076 813 3102 ex
837 3070 955 3112 empto
978 3067 1142 3110 vendito,
1166 3067 1286 3103 locato

198 3109 389 3146 conducto.
425 3110 532 3155 plane
555 3110 585 3146 si
609 3110 759 3156 depositi
783 3115 909 3157 agetur
932 3122 974 3148 eo
999 3113 1159 3155 nomine,
1191 3112 1287 3165 quod

197 3154 372 3191 tumultus
403 3155 558 3190 incendii
589 3156 714 3191 ruinae
744 3156 920 3203 naufragii
951 3167 1063 3193 causa
1086 3157 1287 3203 depositum

197 3201 255 3243 sit,
279 3201 317 3235 in
341 3200 388 3236 du
414 3200 488 3235 lum
511 3200 687 3236 actionem
710 3205 855 3246 praetor
876 3202 1004 3245 reddit,
1029 3202 1059 3238 si
1079 3201 1184 3238 modo
1206 3213 1286 3238 cum

197 3246 276 3291 ipso
300 3255 323 3280 a
348 3256 372 3281 u
422 3255 527 3291 quem
550 3245 749 3298 depositum
781 3247 826 3282 sit
857 3251 920 3283 aut
953 3258 1034 3283 cum
1057 3247 1187 3283 herede
1210 3248 1285 3283 eius

198 3300 244 3326 ex
278 3290 324 3327 do
339 3301 360 3326 ο
395 3290 510 3336 ipsius
544 3294 677 3336 agitur:
713 3302 783 3336 quo
820 3302 907 3328 casu
935 3293 1054 3329 ,mixta
1089 3296 1143 3328 est
1177 3293 1283 3328 actio.

199 3338 242 3371 18
287 3334 348 3372 Ex
377 3335 560 3371 maleficiis
591 3346 674 3372 vero
707 3336 869 3381 proditae
900 3338 1060 3374 actiones
1089 3337 1181 3374 aliae
1203 3341 1285 3373 tan-

197 3384 275 3416 tum
306 3390 444 3427 poenae
477 3381 744 3426 persequendae
780 3392 890 3417 causa
925 3386 1154 3428 comparatae
1189 3385 1284 3425 sunt,

198 3426 289 3462 aliae
320 3430 394 3461 tam
426 3435 564 3472 poenae
595 3436 701 3472 quam
732 3427 782 3462 rei
813 3428 1081 3473 persequendae
1112 3431 1148 3464 et
1179 3428 1225 3464 ob
1248 3427 1286 3462 id

197 3471 330 3507 mixtae
349 3474 443 3506 sunt.
475 3481 627 3524 poenam
645 3474 784 3507 tantum
803 3473 1028 3518 persequitur
1047 3473 1126 3518 quis
1146 3473 1286 3509 actione

197 3516 302 3552 furti:
335 3516 408 3552 sive
439 3526 532 3552 emm
554 3515 734 3552 manifesti
757 3520 885 3562 agatur
908 3517 1099 3563 quadrupli
1122 3518 1196 3555 sive
1219 3528 1285 3554 nec

198 3630 237 3668 (1)
267 3630 345 3663 cod.
358 3631 390 3670 4,
404 3637 448 3671 18,
463 3637 481 3665 2
561 3632 604 3672 (2)
628 3632 662 3663 et
673 3643 731 3664 om.
748 3630 783 3663 B
794 3630 887 3664 W²¹E
975 3634 1018 3671 (3)
1042 3629 1110 3673 τὴν
1121 3627 1160 3664 δὲ
1171 3632 1212 3664 de
1224 3642 1282 3675 pe·

197 3673 288 3706 oulio
302 3668 325 3706 ἆ
348 3671 447 3720 ωγήν
460 3676 491 3708 Θ
627 3679 670 3718 (4)
697 3674 791 3716 110110]
817 3676 880 3716 W‘¹,
894 3686 980 3718 pene
993 3676 1038 3716 B,
1052 3679 1186 3718 praetor
1198 3677 1282 3710 bene

200 3719 264 3752 PE
430 3722 472 3762 (5)
502 3720 578 3754 Gai.
592 3722 625 3763 4,
639 3728 664 3754 4.
680 3729 705 3754 5.
721 3728 754 3754 18
859 3722 903 3760 (a)
929 3721 1151 3763 quadruplum
1170 3722 1289 3755 BEW

199 3765 244 3805 (7)
270 3767 400 3797 tantum
415 3766 493 3799 libri
616 3769 659 3806 (8)
685 3766 838 3808 plurimi]
853 3766 897 3807 pl.
913 3770 946 3799 et
958 3767 1073 3809 magni
1087 3768 1189 3809 pretii
1205 3767 1284 3801 libri

1294 122 1352 177 48

2386 152 2444 183 DE

1361 258 1541 294 manifesti
1572 258 1689 305 dupli,
1722 258 1767 296 de
1797 260 1876 297 sola
1906 271 2024 307 poena
2046 260 2180 313 agitur:
2216 270 2299 296 nam
2330 261 2445 307 ipsam
2510 233 2520 254 ’Ἴ

1360 314 1435 339 rem
1458 304 1603 349 propria
1634 304 1776 342 actione
1803 305 2028 352 persequitur
2058 315 2155 351 quis,
2190 305 2229 341 id
2259 309 2314 342 est
2344 316 2445 342 suam

1360 358 1452 429 gtiisffs
1470 349 1722 431 pztffibse’twsge
1734 350 1810 431 afrlxir
1816 350 2343 432 liffsseadefflnfurpssffiffi
2360 351 2447 432 csgrvie

1363 441 1403 474 19
1450 405 1559 475 diqctio
1580 442 1635 475 est
1654 440 1716 476 rei.

1359 483 1471 520 mixta
1487 488 1552 528 est,
1577 484 1661 530 quia
1683 484 1720 521 in
1743 486 1966 539 quadruplo⁶
1988 487 2041 522 rei
2089 486 2263 522 ersecutio
2287 486 2445 522 contine-

1360 532 1437 571 tur,
1471 539 1590 575 poena
1624 534 1743 566 autem
1777 531 1874 577 triph
1904 534 1968 567 est.
2013 541 2052 567 se

1360 574 1454 610 actio
1479 574 1523 610 de
1547 574 1675 612 damno
1699 576 1810 612 mixta
1833 579 1898 619 est,
1924 586 1995 612 non
2019 576 2134 612 solum
2153 586 2184 612 si
2203 576 2374 612 adversus
2391 576 2445 612 in-

1360 619 1534 655 fitiantem
1556 620 1594 655 in
1625 620 1772 666 duplum
1803 625 1948 667 agatur,
1982 622 2045 657 sed
2075 621 2253 657 interdum
2284 625 2320 657 et
2349 621 2382 657 si
2410 622 2446 657 in

1360 665 1525 710 simplum
1558 665 1708 711 quisque
1738 666 1821 712 agit.
1857 666 1967 702 veluti
1990 667 2021 702 si
2044 666 2122 712 quis
2146 666 2324 702 hominem
2349 666 2446 702 clau-

1361 710 1444 745 dum
1468 713 1532 746 aut
1554 710 1694 747 luscum
1718 711 1898 754 occiderit,
1923 711 1985 758 qui
2007 712 2045 747 in
2069 721 2111 748 eo
2135 721 2230 748 anno
2254 712 2390 757 integer
2413 715 2448 747 et

1360 755 1478 835 1magni
1491 755 1606 808 *pretii
1628 756 1753 792 fuerit:
1777 757 1901 824 1011117.
1918 757 2014 810 enim
2034 756 2244 800 damnatur,
2269 757 2395 810 quanti
2416 757 2447 793 is

1363 811 1474 881 affl
1488 811 1715 882 1311ῗὲῑοῖῙὲΙὲ
1734 801 2058 884 Ρέἲέιῧωὲΐέἳὲι
2068 801 2355 884 δὲξῗῑῒᾶῖῗηὶῗῗ
2372 805 2447 890 ἒὶζζ

1796 452 1809 476 1
1828 444 1948 476 autem
1967 441 2143 477 bonorum
2154 444 2339 487 raptorum
2352 441 2445 478 actio
2515 436 2521 461 7

2106 534 2144 566 et
2173 531 2260 584 legis
2282 531 2447 577 Aquiliae
2517 572 2520 575 ,

1361 891 1421 936 qui
1451 891 1577 926 relicta
1609 893 1850 928 sacrosanctis
1875 892 2033 928 ecclesiis
2056 892 2112 929 vel
2135 892 2214 928 aliis
2238 892 2446 928 venerabili·
2511 913 2515 916 ⁴

1360 937 1427 972 bus
1451 936 1540 973 locis
1571 936 1679 983 legati
1701 937 1756 973 vel
1779 937 2039 974 fideicommissi
2061 937 2203 974 nomine
2226 937 2313 973 dare
2335 937 2447 973 distu-

1359 982 1464 1017 lerint
1486 992 1599 1027 usque
1622 982 1731 1026 adeo,
1762 986 1804 1018 ut
1834 982 1941 1019 etiam
1963 983 2001 1018 in
2022 982 2192 1019 iudicium
2214 986 2446 1019 vocarentur:

1359 1030 1446 1063 tunc
1478 1027 1607 1063 etenim
1630 1031 1665 1064 et
1686 1028 1803 1074 ipsam
1824 1038 1899 1064 rem
1921 1028 1977 1064 vel
1998 1028 2186 1074 pecuniam
2210 1038 2302 1074 quae
2323 1027 2447 1064 relicta

1360 1075 1415 1108 est
1437 1071 1524 1109 dare
1548 1073 1808 1119 compelluntur
1831 1077 1867 1109 et
1889 1073 1987 1109 aliud
2009 1076 2149 1109 tantum
2171 1083 2236 1119 pro
2260 1083 2388 1120 poena,
2412 1076 2449 1110 et

1358 1117 1438 1153 ideo
1462 1117 1500 1153 in
1524 1117 1672 1163 duplum
1695 1118 1771 1154 eius
1794 1117 1836 1154 fit
1859 1117 2119 1154 condemnatio.

1360 1165 1403 1199 20
1496 1162 1679 1209 Quaedam
1702 1163 1862 1199 actiones
1885 1164 2032 1199 mixtam
2052 1173 2197 1200 causam
2217 1163 2378 1209 optinere
2397 1163 2446 1199 vi-

1360 1207 1490 1244 dentur
1522 1211 1598 1244 tam
1627 1208 1666 1244 in
1696 1219 1772 1244 rem
1803 1219 1910 1255 quam
1939 1209 1978 1245 in
2000 1219 2201 1255 personam.
2273 1208 2364 1244 ualis
2394 1212 2448 1244 est

1358 1253 1516 1289 familiae
1536 1254 1767 1290 erciscundae
1786 1253 1892 1298 actio,
1912 1263 2003 1300 quae
2024 1254 2194 1300 competit
2214 1265 2256 1291 co
2284 1253 2447 1290 eredibus
2506 1246 2517 1276 3·

1360 1299 1404 1335 de
1438 1299 1627 1335 dividenda
1661 1299 1878 1336 hereditate:
1910 1300 1996 1335 item
2031 1299 2209 1336 communi
2244 1298 2448 1342 dividundo,
2505 1336 2509 1337 ⁷

1360 1355 1453 1390 quae
1475 1345 1568 1380 inter
1588 1355 1649 1380 eos
1669 1344 1840 1387 redditur,
1864 1345 1958 1381 inter
1976 1355 2066 1398 quos
2087 1344 2221 1391 aliquid
2239 1345 2450 1381 commune⁰

1361 1393 1434 1433 est,
1467 1394 1508 1426 ut
1531 1390 1567 1426 id
1591 1389 1787 1426 dividatur:
1819 1390 1904 1426 item
1927 1389 2051 1426 fimum
2187 1390 2333 1434 dorum,
2356 1399 2450 1436 quae

1358 1435 1453 1471 inter
1482 1446 1544 1472 eos
1575 1436 1692 1488 agitur
1722 1436 1783 1482 qui
1815 1434 1972 1471 confines
1996 1446 2101 1489 agros
2149 1435 2267 1472 abent.
2302 1435 2341 1471 in
2370 1435 2447 1482 qui-

1359 1481 1427 1516 bus
1459 1480 1575 1517 tribus
1606 1480 1745 1517 iudiciis
1776 1480 1993 1527 permittitur
2022 1480 2131 1517 rudici
2160 1490 2235 1517 rem
2265 1479 2374 1517 alicui
2404 1490 2449 1516 ex

1358 1526 1595 1571 litigatoribus
1619 1537 1663 1562 ex
1687 1526 1783 1562 bono
1808 1530 1845 1562 et
1862 1536 1975 1572 aequo
1997 1525 2202 1562 adiudicare
2221 1529 2269 1570 et,
2293 1525 2448 1562 sinnius

1359 1581 1444 1617 pars
1492 1571 1694 1618 raegravari
1715 1571 1910 1615 videbitur,
1943 1582 2023 1608 eum
2045 1571 2194 1608 invicem
2217 1574 2317 1608 certa
2339 1580 2447 1617 pecu-

1360 1617 1421 1652 nia
1480 1617 1547 1653 teri
1571 1616 1819 1653 condemnare.

1360 1665 1400 1698 21
1498 1661 1628 1699 Omnes
1664 1666 1784 1698 autem
1815 1662 1976 1698 actiones
2006 1663 2061 1698 vel
2091 1662 2130 1698 in
2163 1661 2327 1707 simplum
2363 1671 2446 1697 con-

1360 1710 1487 1753 ceptae
1510 1712 1595 1744 sunt
1617 1708 1673 1744 vel
1694 1708 1732 1744 in
1756 1708 1903 1754 duplum
1923 1708 1980 1744 vel
2002 1708 2040 1743 in
2063 1707 2209 1760 triplum
2227 1706 2286 1742 vel
2300 1706 2339 1742 in
2360 1716 2443 1752 qua-

1360 1755 1403 1788 22
1451 1753 1635 1799 druplum:
1649 1753 1796 1789 ulterius
1809 1757 1929 1789 autem
1941 1753 2039 1788 nulla
2051 1756 2145 1789 actio
2158 1751 2370 1788 extenditur.
2405 1752 2446 1789 Ι11

1359 1799 1526 1844 simplum
1549 1799 1667 1844 agitur
1690 1799 1798 1835 veluti
1822 1809 1867 1834 ex
1889 1799 2137 1844 stipulatione,
2169 1808 2216 1833 ex
2245 1797 2361 1833 mutui
2383 1796 2445 1832 da-

1358 1844 1475 1887 tione,
1508 1854 1553 1879 ex
1576 1847 1694 1890 empto
1716 1844 1880 1888 vendito,
1911 1844 2029 1880 locato
2055 1843 2254 1885 conducto,
2278 1842 2446 1878 mandato

1360 1891 1403 1924 23
1452 1893 1488 1924 et
1519 1889 1672 1935 denique
1704 1899 1747 1925 ex
1771 1889 1849 1925 aliis
1874 1889 2117 1935 compluribus
2141 1888 2268 1924 causis.
2314 1887 2358 1923 In
2381 1887 2440 1923 du-

1359 1934 1457 1987 plum
1482 1935 1619 1980 agimus
1650 1935 1761 1971 veluti
1791 1933 1879 1970 furti
1908 1945 1975 1970 nec
2005 1934 2204 1977 manifesti,
2239 1933 2359 1969 damni
2392 1933 2446 1968 in-

1358 1980 1472 2015 iuriae
1496 1980 1638 2025 exlege
1660 1980 1822 2026 Aquilia,
1854 1979 2007 2026 depositi
2038 1990 2082 2015 ex
2112 1978 2323 2025 quibusdam
2355 1978 2446 2014 casi-

1359 2025 1444 2060 bus:
1469 2026 1554 2061 item
1573 2025 1665 2061 servi
1685 2026 1855 2071 corrupti,
1879 2035 1971 2071 quae
1989 2025 2160 2071 competit
2176 2025 2214 2059 in
2235 2034 2324 2067 eum,
2346 2024 2447 2059 cuius

1358 2071 1505 2106 hortatu
1537 2071 1730 2107 consiliove
1761 2081 1884 2106 servus
1915 2071 2052 2106 alienus
2082 2069 2213 2116 fugerit
2235 2072 2300 2104 aut
2322 2072 2447 2121 contu-

1359 2126 1442 2151 max
1471 2115 1643 2152 adversus
1675 2115 1854 2152 dominum
1884 2115 2004 2151 factus
2028 2119 2083 2151 est
2106 2119 2170 2151 aut
2192 2114 2375 2151 luxuriose
2397 2124 2445 2149 vi-

1358 2171 1440 2197 vere
1484 2161 1641 2207 coeperit
1682 2165 1746 2197 aut
1779 2161 1930 2206 denique
1964 2160 2122 2206 quolibet
2155 2159 2260 2196 modo
2295 2159 2446 2195 deterior

1358 2207 1477 2242 factus
1501 2206 1550 2242 sit
1574 2206 1622 2249 (in
1645 2217 1717 2252 qua
1740 2207 1882 2242 actione
1905 2206 2012 2242 etiam
2036 2216 2158 2242 earum
2189 2215 2324 2248 rerum,
2358 2214 2447 2257 quas

1358 2251 1526 2297 fugiendo
1550 2262 1672 2288 servus
1695 2251 1862 2295 abstulit,
1888 2251 2086 2287 aestimatio
2111 2250 2330 2293 deducitur):
2362 2254 2445 2286 item

1359 2307 1403 2332 ex
1426 2297 1562 2342 legato,
1594 2296 1690 2342 quod
1712 2297 1973 2333 venerabilibus
1995 2296 2085 2332 locis
2108 2296 2271 2332 relictum
2294 2298 2366 2339 est,
2391 2305 2443 2330 se-

1359 2345 1402 2378 24
1449 2342 1605 2378 cundum
1639 2353 1683 2378 ea
1717 2352 1810 2388 quae
1829 2352 1940 2388 supra
1957 2339 2172 2377 diximus²⁰¹.
2200 2339 2442 2393 'tripli-vero,

1359 2399 1441 2423 cum
1459 2387 1603 2433 quidam
1623 2388 1791 2423 maiorem
1809 2397 1914 2423 verae
1934 2385 2190 2423 aestimationis
2212 2388 2446 2438 quantitatem

1358 2433 1395 2468 in
1418 2433 1537 2468 libello
1562 2433 1806 2469 conventionis
1829 2433 1990 2476 inseruit,
2013 2436 2055 2467 ut
2078 2442 2122 2467 ex
2144 2432 2214 2467 hac
2238 2440 2349 2467 causa
2371 2440 2445 2466 vra-

1358 2482 1475 2522 tores,
1498 2478 1536 2513 id
1560 2482 1615 2514 est
1638 2482 1864 2514 exsecutores
1888 2478 2020 2520 litium,
2044 2476 2248 2522 ampliorem
2271 2485 2445 2512 summam

1358 2523 1599 2569 sportularum
1633 2523 1776 2559 nomine
1810 2534 1854 2559 ex
1897 2523 2007 2558 erint:
2051 2526 2139 2558 tunc
2182 2522 2276 2558 enim
2309 2520 2405 2567 quod
2419 2521 2446 2542 ¹⁰
2507 2531 2510 2534 ’

1356 2572 2050 2659 ξ’ἆοιῖιξῖηξιοἒῖωαοῖἷῖἓᾶἒῖῃεῷᾝῗὲῖ,
2069 2566 2446 2657 ξῖεῗῖἑῖθῗὲρῖἓῗε

1358 2659 1540 2704 simplum,
1571 2659 1609 2694 in
1633 2670 1702 2704 quo
1727 2659 1895 2695 damnum
1917 2668 2046 2704 passus
2070 2662 2136 2701 est,
2161 2660 2443 2693 connumeretur.

1357 2704 1453 2749 quod
1477 2708 1602 2740 nostra
1627 2705 1835 2740 constitutio
1850 2706 1876 2726 ¹¹
1899 2703 2048 2746 induxit,
2073 2713 2166 2748 quae
2183 2702 2221 2738 in
2239 2705 2362 2738 nostro
2383 2711 2443 2737 co-

1357 2750 1435 2785 dice
1466 2749 1596 2802 fulget,
1629 2759 1673 2785 ex
1697 2760 1768 2795 qua
1781 2750 1808 2771 ¹²
1832 2749 1940 2785 dubio
1989 2749 2090 2784 rocul
2112 2750 2169 2783 est
2192 2757 2237 2783 ex
2258 2747 2335 2800 lege
2358 2757 2442 2782 con-

1357 2798 1399 2830 25
1447 2794 1627 2830 dicticiam
1640 2795 1667 2816 ¹³
1679 2805 1856 2830 emanare.
1882 2794 1961 2839 Qua
2016 2793 2079 2838 :pli
2098 2793 2205 2828 veluti
2224 2792 2312 2828 furti
2330 2792 2442 2827 mani-

1355 2840 1449 2883 festi,
1473 2840 1556 2876 item
1576 2840 1621 2876 de
1640 2850 1695 2883 eo,
1716 2839 1812 2886 quod
1829 2843 1946 2875 metus
1967 2848 2077 2891 causa
2095 2837 2232 2890 factum
2251 2837 2312 2890 sit,
2331 2837 2445 2883 deque

1356 2896 1400 2921 ea
1429 2885 1600 2931 pecunia,
1638 2895 1730 2931 quae
1759 2885 1797 2920 in
1826 2885 1896 2921 hoc
1929 2884 2014 2919 data
2037 2886 2101 2926 sit,
2137 2886 2179 2918 ut
2201 2893 2231 2918 is
2256 2893 2314 2918 0111
2338 2882 2444 2918 datur

1357 2930 1555 2966 calumniae
1587 2940 1698 2966 causa
1728 2929 1906 2975 negotium
1930 2929 2034 2964 alicui
2056 2928 2193 2963 faceret
2215 2928 2270 2964 vel
2293 2932 2365 2963 non
2388 2927 2442 2962 fa·

1357 2980 1472 3012 ceret:
1497 2976 1582 3011 item
1605 2986 1649 3012 ex
1671 2975 1749 3020 lege
1773 2974 1985 3010 condicticia
2004 2984 2027 3009 a
2047 2978 2170 3009 nostra
2189 2973 2444 3009 constitutione

1356 3022 1480 3064 oritur,
1504 3021 1541 3055 in
1565 3020 1803 3066 quadruplum
1826 3018 2155 3055 condemnationem
2178 3018 2364 3063 imponens
2387 3018 2443 3053 bis

1356 3065 1625 3102 exsecutoribus
1648 3065 1783 3109 litium,
1816 3065 1877 3111 qui
1901 3068 2027 3101 contra
2048 3068 2193 3099 nostrae
2217 3063 2440 3099 constitutio-

1356 3114 1399 3146 26
1446 3110 1500 3146 nis
1516 3111 1542 3132 ¹⁴
1574 3120 1734 3146 normam
1765 3120 1788 3146 a
1817 3109 1887 3146 reis
1918 3109 2110 3162 quicquam
2133 3108 2321 3161 exegerint.
2370 3107 2442 3143 Sed

1355 3155 1441 3191 furti
1473 3155 1614 3202 quidem
1646 3165 1712 3191 nec
1743 3155 1923 3191 manifesti
1946 3158 2040 3190 actio
2063 3156 2100 3189 et
2122 3163 2215 3190 servi
2238 3153 2398 3198 corrupti
2420 3163 2443 3188 a

1356 3201 1494 3244 ceteris,
1515 3201 1559 3236 de
1580 3201 1709 3246 quibus
1729 3200 1833 3236 simul
1850 3199 1959 3236 locuti
1977 3209 2111 3242 sumus,
2136 3209 2178 3235 eo
2197 3198 2326 3241 differt,
2346 3198 2442 3244 quod

1355 3247 1422 3282 hae
1446 3246 1604 3282 actiones
1628 3246 1830 3282 omnimodo
1854 3244 1954 3291 dupli
1983 3247 2086 3280 sunt:
2121 3247 2160 3279 at
2189 3244 2290 3287 illae,
2320 3243 2358 3279 id
2387 3247 2442 3278 est

1356 3292 1474 3327 damni
1505 3291 1656 3327 iniuriae
1687 3301 1731 3327 ex
1753 3291 1831 3336 lege
1852 3289 1996 3336 Aquilia
2018 3292 2055 3325 et
2076 3289 2254 3324 interdum
2277 3288 2440 3342 depositi,

1354 3336 1566 3372 infitiatione
1589 3336 1827 3382 duplicantur,
1850 3336 1889 3372 in
1912 3333 2138 3371 confitentem
2162 3337 2281 3369 autem
2299 3344 2337 3369 m
2357 3342 2439 3368 sim-

1354 3382 1451 3427 plum
1475 3381 1626 3417 dantur:
1659 3380 1723 3417 sed
1753 3381 1833 3424 illa,
1866 3390 1959 3427 quae
1982 3378 2026 3415 de
2050 3379 2103 3414 his
2129 3379 2316 3425 competit,
2349 3388 2441 3431 quae

1354 3427 1477 3463 relicta
1496 3426 1757 3462 venerabilibus
1776 3426 1865 3462 locis
1884 3428 1979 3468 sunt,
2002 3434 2075 3460 non
2096 3424 2210 3460 solum
2228 3423 2439 3460 infitiatione

1354 3472 1610 3517 duplicatum,
1642 3471 1706 3507 sed
1736 3475 1773 3507 et
1802 3471 1834 3507 si
1863 3469 2040 3507 distulerit
2069 3469 2185 3505 relicti
2215 3469 2437 3521 solutionem,

1353 3527 1466 3563 usque
1499 3527 1569 3564 quo
1601 3517 1702 3554 iussu
1733 3516 2001 3562 magistratuum
2024 3518 2227 3551 nostrorum
2250 3523 2435 3551 convema-

1352 3632 1396 3672 (9)
1422 3633 1609 3672 commune]
1623 3632 1657 3665 Ε
1667 3631 1713 3671 W,
1734 3641 1774 3664 ex
1795 3639 2002 3673 quacumque
2021 3639 2123 3662 causa
2142 3639 2259 3662 comm.
2281 3629 2312 3662 B
2324 3641 2392 3662 cum
2406 3628 2437 3661 Θ

1351 3678 1416 3721 (no)
1440 3677 1543 3720 quod]
1556 3677 1590 3709 id
1604 3676 1694 3720 quod
1708 3677 1785 3709 libri
1882 3676 1954 3715 (10¹)
1983 3679 1997 3714 ς
2018 3682 2048 3707 w
2134 3674 2193 3716 (11)
2221 3673 2297 3707 cod.
2312 3674 2431 3713 3,¹o,2

1353 3725 1416 3765 (¹⁸2)
1440 3734 1477 3755 ex
1491 3724 1570 3765 qual
1588 3723 1619 3754 B
1633 3722 1747 3756 Wcum
1763 3721 1804 3761 θ,
1820 3729 1919 3762 quam
1932 3719 1999 3752 PE

1353 3770 1414 3810 (u)
1443 3769 1521 3802 cod.
1535 3770 1566 3809 3,
1580 3775 1608 3809 2,
1622 3775 1638 3801 5
1707 3766 1767 3808 (15)
1791 3766 1838 3799 sic
1850 3765 1890 3805 P,
1911 3764 2125 3806 duplicantur
2138 3762 2225 3796 BE‘
2239 3762 2279 3796 W

2063 3720 2123 3761 (13)
2146 3717 2344 3751 condictioia
2357 3716 2434 3750 Itan·
