2528 3918
166 100 416 145 XXXVIIII
446 103 471 143 4

164 223 261 269 tripli
282 222 500 259 restituitur:
532 220 686 268 amplius
716 224 821 259 extra
843 221 1002 260 ordinem
1024 221 1250 269 plectuntur:

164 268 315 305 alterum
334 267 428 304 enim
443 266 583 303 utilitas
599 266 831 314 privatorum,
850 268 1002 304 alterum
1019 268 1119 313 vigor
1132 267 1250 314 publi·

165 317 185 349 6
231 322 297 350 cae
319 311 527 359 disciplinae
550 312 723 359 postulat.
768 312 906 349 Earum
936 322 1057 349 rerum
1086 312 1249 358 vectigal,

163 368 315 403 quarum
337 367 532 403 numquam
549 357 761 404 praestitum
780 361 847 400 est,
871 358 1068 403 praestat-1¹
1093 368 1166 394 non
1210 368 1250 394 o-

164 406 250 440 test:
282 402 378 456 quod
402 403 433 440 si
456 403 634 448 praestari
657 407 867 439 consuetum
890 403 926 438 in
954 403 961 410 '
980 403 987 411 “
1014 402 1110 438 entia
1131 369 1249 449 pueli-

164 451 181 483 7
230 458 312 484 cani
330 447 509 490 omiserat,
532 447 625 485 alius
644 457 814 484 exercere
833 459 905 483 non
948 458 988 484 ro
1017 448 1144 484 ‘betur.
1177 448 1250 484 Res

163 493 334 529 exercitui
356 497 504 538 paratas
527 493 763 539 praestationi
785 493 922 538 vectiga
939 493 1010 528 ‘um
1039 492 1156 529 subici
1178 504 1250 529 non

163 542 183 573 S
228 538 376 592 placuit.
421 537 552 574 Fiscus
580 538 628 575 ab
657 538 813 575 omnium
840 538 1065 583 vectigalium
1114 542 1250 574 raesta·

163 583 319 619 tiembus
333 582 499 620 immunis
516 586 581 620 est.
611 587 829 620 mercatores
845 587 976 626 autem,
994 583 1055 629 qui
1095 593 1115 619 e
1130 582 1250 620 fundis

164 628 343 664 fiscalibus
374 628 527 665 mercari
556 633 795 671 consuerunt,
827 629 961 664 nullam
991 628 1249 664 immunitatem

161 673 319 710 solvendi
342 673 478 719 publici
499 674 682 719 vectigalis
706 684 881 719 usurpare
904 678 1067 719 possunt.

208 717 261 756 10
283 717 629 755 Hemoosmws
642 720 734 755 libro
752 720 878 765 quinto
895 720 1133 766 epitomarum
1158 719 1249 754 Vec-

160 763 283 809 tigalia
318 764 395 801 sine
427 763 683 810 imperatorum
713 767 911 816 praecepto
947 774 1063 810 neque
1094 763 1250 810 praesidi

160 819 183 844 n
229 818 274 844 ue
310 809 468 846 curatori
502 820 617 855 neque
645 818 768 845 curiae
799 809 1017 845 constituere
1047 819 1114 845 nec
1145 819 1249 855 prae·

227 854 348 890 entia²
369 853 566 891 reformare
594 857 632 890 et
655 854 710 890 his
733 854 789 890 vel
813 854 945 890 addere
968 855 1025 890 vel
1047 855 1250 890 deminuere

164 902 177 934 ι
226 898 322 936 licet.
374 899 459 936 Non
492 899 618 936 solutis
648 899 874 945 vectigalium
907 900 1140 946 pensionibus
1201 899 1249 935 el-

159 944 257 981 lere⁸
291 944 527 981 conductores
561 944 714 981 necdum
749 945 855 980 etiam
894 948 1055 991 tempore
1092 910 1248 981 comine-

158 989 272 1043 tionls·
297 990 475 1036 completo
505 990 561 1026 vel
591 990 638 1026 ab
669 990 725 1026 liis
757 1000 888 1026 usuras
918 1001 964 1026 ex
986 1001 1088 1027 mora
1111 991 1251 1035 exigere

208 1078 255 1118 11
283 1079 341 1116 Pa
348 1089 444 1117 vsvs
458 1080 549 1117 libro
568 1081 694 1127 quinto
713 1081 973 1117 sententiarum
1012 1080 1134 1116 Cotem
1154 1079 1249 1115 ferro

157 1124 354 1171 subigendo
383 1125 624 1162 necessariam
654 1125 821 1162 hostibus
845 1126 1013 1171 quoque⁴
1040 1124 1249 1168 venundari,

156 1174 199 1206 ut
219 1170 354 1207 ferrum
377 1174 414 1207 et
436 1170 652 1206 frumentum
676 1174 712 1206 et
735 1171 849 1213 sales,
881 1182 954 1206 non
982 1171 1060 1206 sine
1088 1170 1249 1216 periculo

159 1218 174 1250 1
225 1216 354 1270 capitis
377 1215 473 1252 licet.
518 1216 608 1261 Agri
631 1216 783 1262 publici,
814 1216 876 1269 qui
900 1217 937 1251 in
961 1219 1173 1261 perpetuum
1196 1215 1250 1251 lo·

157 1264 305 1303 cantur,
340 1270 363 1296 a
393 1264 560 1297 curatore
589 1261 667 1297 sine
695 1265 911 1298 auctoritate
934 1261 1051 1306 princi
1077 1260 1125 1296 ali
1147 1270 1249 1296 revo-

156 1308 176 1341 2
224 1306 301 1343 cari
331 1316 405 1342 non
435 1309 598 1351 possunt.
646 1306 822 1342 Dominus
854 1306 954 1342 navis
984 1306 1014 1342 si
1039 1306 1046 1313 '
1076 1305 1160 1341 'cite
1183 1305 1248 1341 ali-

155 1350 240 1396 quid
263 1351 299 1387 in
323 1361 415 1387 nave
436 1351 491 1387 vel
513 1352 591 1397 ipse
614 1352 670 1387 vel
692 1355 853 1387 vectores
874 1351 1121 1397 imposuerint,
1146 1351 1248 1387 navis

155 1407 299 1442 quoque
321 1395 410 1432 fisco
429 1396 646 1433 vindicatur:
672 1396 769 1443 quod
793 1397 824 1432 si
847 1397 997 1433 absente
1020 1396 1163 1433 domino
1186 1395 1248 1431 id⁵

155 1451 178 1477 a
201 1441 375 1494 magistro
398 1441 454 1477 vel
475 1442 717 1488 gubernatore
740 1446 804 1477 aut
827 1446 974 1488 proreta
996 1445 1150 1478 nautave
1181 1441 1247 1477 ali-

155 1497 226 1532 quo
265 1486 302 1522 id
340 1486 477 1522 factum
512 1487 578 1530 sit,
616 1487 686 1533 ipsi
721 1487 863 1533 quidem
899 1487 1016 1540 capite
1050 1487 1248 1532 puniuntur

155 1531 353 1568 commissis
376 1532 571 1575 mercibus,
600 1532 700 1568 navis
724 1536 843 1568 autem
868 1532 1011 1568 domino
1035 1532 1245 1568 restituitur.

156 1581 175 1612 3
222 1577 432 1613 Illicitarum
462 1578 633 1614 mercium
667 1578 869 1623 persecutio
906 1577 1073 1613 heredem
1105 1587 1248 1623 quoque

154 1626 175 1657 4
222 1622 360 1668 adfligit
370 1623 395 1658 ⁶.
431 1622 523 1658 Eam
543 1633 629 1666 rem,
655 1633 748 1669 quae
772 1623 960 1659 commisso
985 1623 1164 1658 vindicata
1182 1626 1247 1664 est,

155 1666 320 1704 dominus
343 1678 461 1704 emere
482 1679 556 1704 non
579 1668 792 1714 prohibetur
822 1668 878 1704 vel
911 1678 976 1713 per
1007 1669 1070 1703 se⁷
1099 1667 1155 1704 vel
1184 1678 1248 1713 per

155 1718 173 1746 5
220 1713 312 1749 alios
328 1713 457 1758 quibus
473 1714 544 1749 hoc
560 1713 793 1749 mandaverit.
830 1713 898 1758 Qui
915 1713 1090 1749 maximos
1107 1713 1248 1749 fructus

154 1768 199 1794 ex
220 1758 467 1804 redemptione
489 1759 714 1804 vectigalium
745 1762 1030 1804 consequuntur,
1060 1758 1091 1794 si
1120 1761 1248 1804 postea

154 1806 255 1840 tanto
278 1803 391 1840 locari
415 1814 489 1840 non
510 1807 679 1850 possunt,
702 1803 773 1850 ipsi
796 1814 840 1840 ea
862 1803 1043 1850 prioribus
1067 1803 1246 1850 pensioni-

154 1849 222 1885 bus
246 1849 431 1895 suscipere
454 1859 534 1886 com
607 1852 730 1885 untur.

201 1891 253 1932 12
285 1894 483 1931 viennas
502 1894 531 1930 12·
572 1906 594 1931 o
619 1894 830 1941 triqenst‘mo
854 1898 979 1930 octavo
1012 1892 1062 1929 ad
1092 1892 1248 1929 edictum

153 1939 318 1984 Quantae
346 1939 540 1982 audaciae,
572 1943 730 1986 quantae
760 1939 971 1975 temeritatis
985 1939 998 1960 ⁸
1029 1938 1100 1974 sint
1156 1937 1248 1973 ubli-

154 1994 326 2021 canorum
356 1985 552 2028 factiones,
593 1996 698 2022 nemo
729 1988 785 2021 est
816 1985 877 2030 qui
907 1983 1058 2021 nesciat.
1111 1983 1124 2018 i
1150 1983 1246 2018 circo

155 2033 302 2076 praetor
324 2030 371 2066 ad
394 2030 690 2083 compescendam
706 2040 830 2066 eorum
850 2029 1037 2066 audaciam
1057 2029 1128 2064 hoc
1150 2028 1247 2064 edic-

159 2079 167 2109 1
220 2078 297 2111 tum
319 2076 549 2129 proposuit⁹z
576 2075 692 2120 ‘Quod
715 2074 851 2111 familia
874 2075 1148 2121 publicanorum
1171 2073 1247 2108 fur-

153 2124 241 2157 ‘tum
263 2120 392 2157 fecisse
418 2120 576 2164 dicetur,
609 2121 696 2157 item
728 2121 759 2157 si
791 2120 959 2156 damnum
990 2119 1122 2155 iniuria
1150 2118 1246 2155 fece-

154 2166 212 2202 ‘rit
235 2169 272 2202 et
294 2165 332 2201 id
356 2165 403 2201 ad
427 2176 517 2211 quos
546 2176 590 2202 ea
619 2176 677 2202 res
735 2165 864 2202 ertinet
892 2176 966 2201 non
998 2165 1187 2200 exhibetur
1201 2166 1246 2199 ¹⁰:

155 2212 203 2247 ‘in
233 2211 414 2247 dominum
443 2211 520 2248 sine
550 2221 668 2247 noxae
728 2211 883 2247 editione
919 2210 1091 2246 iudicium
1129 2209 1247 2245 dabo'.

157 2259 176 2292 2
223 2256 398 2292 Familiae
417 2260 536 2293 autem
557 2256 798 2302 appellatione
817 2256 876 2292 hic
895 2255 1056 2292 servilem
1075 2254 1248 2290 familiam

154 2302 332 2338 contineri
362 2301 544 2338 sciendum
576 2306 643 2338 est.
690 2301 755 2338 sed
786 2305 823 2337 et
854 2301 884 2337 si
916 2301 1013 2337 bona
1035 2300 1106 2336 fide
1129 2299 1248 2346 publi-

154 2358 247 2383 cano
270 2346 409 2383 alienus
433 2357 558 2383 servus
582 2347 708 2390 servit,
741 2356 856 2392 aeque
879 2345 1140 2383 continebitur:
1171 2344 1246 2380 for-

153 2392 260 2428 tassis
290 2395 327 2428 et
355 2391 451 2427 mala
479 2392 569 2435 fide,
607 2392 817 2438 plerumque
852 2392 946 2427 enim
980 2391 1059 2436 vagi
1091 2390 1182 2426 servi
1212 2393 1249 2426 et

154 2437 289 2483 fugitivi
308 2437 346 2473 in
367 2437 572 2474 huiusmodi
592 2448 613 2473 o
640 2437 711 2474 eris
729 2437 836 2473 etiam
854 2447 877 2472 a
895 2436 1090 2473 scientibus
1109 2436 1245 2471 haben-

152 2487 223 2519 tur.
260 2493 344 2528 ergo
364 2487 400 2518 et
417 2483 448 2519 si
466 2483 573 2519 homo
590 2483 616 2518 li
643 2493 683 2519 er
699 2483 841 2526 serviat,
864 2482 934 2518 hoc
953 2481 1108 2518 edictum
1127 2481 1246 2517 locum

152 2531 172 2563 3
220 2528 341 2564 habet.
377 2527 564 2564 Publicani
584 2531 704 2564 autem
724 2528 902 2571 dicuntur,
924 2527 985 2573 qui
1004 2527 1150 2573 publica
1165 2535 1245 2562 vec-

151 2573 276 2618 tigalia
297 2573 433 2610 habent
456 2573 646 2610 conducta.

201 2616 251 2655 13
281 2617 405 2655 Guvs
426 2618 519 2655 libro
544 2620 649 2655 tertio
674 2618 811 2654 decimo
843 2617 894 2654 ad
921 2617 1077 2654 edictum
1095 2617 1246 2664 provin-

152 2664 245 2699 ciale
290 2662 360 2699 Sed
384 2669 420 2698 et
444 2663 502 2708 hi,
533 2664 594 2710 qui
626 2664 760 2700 salinas
792 2666 830 2699 et
859 2662 1089 2699 cretifodinas
1114 2665 1150 2697 et
1173 2671 1246 2698 me·

158 2711 173 2743 1
221 2708 312 2744 talla
333 2708 480 2752 habeut,
533 2709 780 2746 ublicanorum
804 2709 885 2744 loco
909 2711 1004 2744 sunt.
1053 2707 1247 2743 Praeterea

155 2756 193 2789 et
214 2753 247 2789 si
270 2753 349 2798 quis
372 2754 511 2799 vectiga
548 2754 764 2790 conductum
788 2764 812 2789 a
834 2764 873 2789 re
894 2753 1039 2798 publica
1060 2752 1246 2788 cuiusdam

155 2801 175 2833 2
223 2799 404 2844 municipii
429 2800 557 2842 habet,
582 2800 651 2835 hoc
675 2800 830 2835 edictum
854 2799 974 2835 locum
997 2798 1117 2833 habet.
1165 2796 1247 2833 Sive

155 2846 274 2879 autem
298 2843 456 2879 vendidit
479 2855 618 2880 servum
641 2845 697 2881 vel
720 2844 926 2880 manumisit
947 2843 1003 2878 vel
1027 2843 1133 2878 etiam
1156 2842 1247 2887 fugit

154 2898 295 2931 servus,
331 2889 512 2925 tenebitur
540 2890 633 2926 servi
663 2890 823 2931 nomine,
860 2889 922 2934 qui
952 2892 1026 2924 tam
1054 2888 1244 2924 factiosam

154 2937 173 2968 3
221 2933 390 2969 familiam
417 2934 552 2970 habuit.
601 2935 692 2980 Quid
716 2939 854 2977 tamen,
879 2934 909 2969 si
933 2943 1056 2970 servus
1081 2933 1243 2969 decesse-

152 2979 225 3014 rit?
264 2978 471 3020 videndum,
502 2990 549 3015 an
580 2980 794 3025 publicanus
825 2982 992 3015 teneatur
1023 2978 1126 3024 quasi
1157 2977 1245 3014 facti

153 3023 211 3059 sui
243 3023 404 3059 nomine:
444 3024 506 3059 sed
563 3029 641 3069 uto,
677 3025 761 3069 quia
792 3024 1000 3061 facultatem
1033 3034 1103 3059 non
1135 3023 1246 3058 habet

154 3068 345 3105 exhibendi
381 3079 448 3104 nec
487 3069 532 3104 do
550 3081 590 3105 us
626 3070 702 3105 eius
738 3070 958 3112 intercessit,
999 3069 1129 3104 debere
1164 3078 1245 3104 eum

154 3117 173 3149 4
220 3113 377 3150 liberari.
427 3113 531 3150 Hanc
565 3115 742 3151 actionem
775 3118 982 3160 perpetuam
1013 3113 1177 3149 dabimus
1207 3116 1245 3148 et

154 3159 276 3195 heredi
301 3158 501 3204 ceterisque
524 3161 805 3196 successoribus.

203 3202 254 3242 14
294 3203 489 3241 vannos
517 3203 608 3239 libro
639 3210 764 3241 octavo
796 3205 1082 3251 disputationum
1138 3203 1243 3239 Com-

152 3249 263 3285 missa
295 3249 518 3294 vectigalium
550 3250 691 3285 nomine
723 3250 828 3285 etiam
858 3249 904 3286 ad
935 3249 1101 3286 heredem
1125 3252 1243 3284 trans-

155 3295 356 3330 mittuntur.
404 3304 486 3329 nam
511 3293 607 3339 quod
630 3296 856 3331 commissum
879 3298 944 3338 est,
969 3294 1091 3330 statim
1115 3293 1244 3330 desinit

154 3340 230 3376 eius
253 3349 333 3376 esse
357 3339 417 3392 qui
443 3339 575 3375 crimen
600 3340 778 3376 contraxit
801 3339 1066 3385 dominiumque
1089 3338 1141 3374 rei
1161 3348 1242 3374 vec-

153 3384 254 3430 tigali
277 3383 494 3430 adquiritur:
519 3388 711 3430 eapropter
731 3384 908 3420 commissi
928 3384 1130 3430 persecutio
1151 3383 1244 3419 sicut

153 3499 195 3541 (ι)
220 3496 385 3542 postulari
397 3509 459 3531 ner.
546 3501 590 3539 (2)
614 3499 790 3541 praecepta
800 3509 862 3530 ser.

154 3544 201 3584 (4)
225 3552 358 3586 quoque
373 3542 525 3576 hostibus
543 3555 605 3577 ser.
712 3543 762 3584 (a)
779 3540 815 3575 id
828 3542 890 3575 del-

154 3589 198 3629 (7)
224 3598 284 3630 pre
302 3597 336 3621 ιο
356 3587 417 3628 F',
441 3597 502 3631 per
520 3598 581 3622 iios
600 3586 652 3622 vel
668 3597 729 3631 per
747 3596 782 3620 se
801 3585 857 3620 Γ*

952 3499 996 3538 (a)
1021 3495 1246 3540 repellerer*

998 3543 1041 3584 (a)
1067 3540 1246 3575 adfleitF⁸

155 3677 227 3710 bito
244 3678 327 3711 Perr.
349 3678 498 3711 Pithoeus

154 3724 214 3764 (u)
238 3722 402 3756 deductus
414 3723 476 3757 del.

603 3682 661 3711 αἰ)
686 3676 846 3719 postu-F·

567 3729 625 3763 (15)
650 3725 823 3765 propterea
835 3721 864 3755 S
950 3726 1010 3761 (io)
1037 3723 1169 3755 usuaria
1181 3735 1242 3754 scr.

1241 96 1328 148 606

156 3636 200 3672 (9)
227 3633 425 3676 propsuitF
473 3635 533 3675 (io)
551 3636 585 3667 et
597 3633 632 3665 hi
691 3642 759 3665 uoii
771 3586 1253 3673 umbenmffisgctemffifagg’
1316 3634 1378 3670 (28)
1404 3630 1558 3673 chelynia
1577 3644 1640 3666 ser.

943 3678 1000 3715 (13)
1022 3677 1055 3707 in
1071 3676 1178 3709 insnln
1198 3676 1246 3709 F·
1316 3677 1378 3716 (²⁵)
1403 3676 1482 3708 item
1494 3686 1514 3708 a
1526 3686 1683 3719 pecorum
1696 3675 1773 3709 lana
1786 3675 1845 3717 F’,
1858 3677 1936 3709 item
1949 3676 2105 3710 arborum
2116 3676 2194 3710 lana
2206 3677 2399 3710 Pancirolus

1479 18 1550 86 Ἣ

1784 115 1846 147 ΒΕ
1875 114 2048 148 mismo.
2077 116 2136 148 m·
2162 115 2401 150 nmen..

1318 223 1488 261 adversus
1510 224 1703 280 quemlibet
1724 234 1987 272 possessorem,
2011 225 2064 262 sic
2087 229 2124 262 et
2146 225 2316 264 adver-sus
2339 227 2402 264 he-

1318 268 1438 305 redem
1461 274 1641 316 competit.
1979 315 1985 321 ³
2089 315 2098 325 ⁸

1368 312 1418 351 15
1442 315 1626 352 Arnum
1645 315 1770 352 Wiivs
1782 315 1874 353 libro
1889 318 2041 362 septimo
2056 315 2278 363 duqestoram
2314 315 2403 354 Cae-

1319 368 1380 395 sar
1408 370 1490 395 cum
1520 359 1658 397 insulae
1682 360 1811 397 Cretae
1841 360 1997 397 cotorias
2026 359 2181 404 locaret,
2210 361 2324 407 legem
2350 362 2403 398 ita

1316 403 1477 457 dixerat:
1516 407 1574 441 ‘ne
1611 406 1691 450 quis
1727 409 1870 458 praeter
1905 405 2025 441 redem
2051 409 2165 442 torem
2201 410 2285 452 post
2322 407 2403 444 idus

1320 449 1483 485 ‘Martias
1515 454 1631 485 cotem
1659 460 1703 487 ex
1733 451 1851 486 insula
1874 450 1982 487 Creta
2028 450 2124 487 odito
2148 461 2236 487 neve
2259 451 2401 488 eximito

1320 497 1418 547 {neve
1442 494 1595 548 avellito'
1608 496 1646 531 ²¹.
1685 495 1871 532 cuiusdam
1895 495 1993 531 navis
2012 498 2143 531 onusta
2161 496 2301 533 cotibus
2321 501 2404 533 ante

1319 539 1651 630 igugohrffiiifflra?
1661 544 1788 621 dgiiirdg
1806 541 1939 622 &1533
1953 540 2134 631 plblszfidffs
2150 542 2405 633 ffglrtt‘iasmgigff

1319 629 1416 682 i'ecta
1446 634 1535 684 erat.
1590 630 1859 683 consulebatur,
1896 642 1982 666 num
2017 635 2143 683 contra
2158 631 2288 685 ‚legem
2322 636 2406 678 post

1319 674 1905 773 ssssssoffifflsseffssssrfflffi
1929 680 2094 766 ζῗιιὲιῗιιο,
2133 677 2406 767 qeuiwffigffieuss

1320 768 1455 808 essent,
1492 775 1614 801 omnes
1645 776 1720 801 eius
1751 766 1890 801 insulae
1921 776 2000 802 esse
2029 765 2252 811 viderentur,
2287 770 2406 803 tamen

1320 820 1412 852 eum,
1437 810 1499 856 qui
1522 814 1606 846 ante
1628 810 1708 846 idus
1731 810 1882 846 Martias
1929 810 2088 847 refectus
2112 821 2158 847 ex
2180 815 2288 858 portu
2312 816 2407 848 esset

1321 858 1356 890 et
1376 855 1513 891 relatus
1536 859 1748 901 tempestate
1771 856 1807 890 in
1831 856 1885 891 ins
1927 866 1984 891 am
2009 856 2183 892 deductus
2196 858 2225 878 ¹⁴
2248 860 2353 899 esset,
2376 857 2407 892 si

1319 899 1402 936 inde
1430 900 1564 936 exisset
1591 911 1665 937 non
1693 901 1804 936 videri
1836 904 1963 936 contra
1990 900 2102 946 legem
2125 900 2270 946 fecisse,
2300 912 2405 948 prae-

1319 949 1418 981 terea
1431 947 1459 967 ¹³
1482 945 1579 990 quod
1601 945 1672 981 iam
1688 946 1790 981 initio
1809 950 1953 982 evectae
1970 950 2069 982 cotes
2087 945 2302 990 viderentur,
2326 957 2406 983 cum

1321 993 1357 1025 et
1379 1000 1424 1026 ex
1473 995 1555 1026 ortu
1579 991 1677 1027 navis
1727 991 1867 1026 refecta
1890 994 1984 1027 esset

1369 1033 1420 1073 16
1486 1045 1682 1072 Aisoumas
1717 1037 1794 1071 ἰὸν-ο
1817 1036 2002 1082 singulari
2021 1035 2066 1072 de
2089 1036 2310 1074 delatoribus
2347 1036 2406 1073 Iii-

1320 1080 1460 1116 terdum
1489 1091 1556 1116 nec
1585 1080 1788 1117 vendendus
1820 1084 1875 1117 est
1897 1081 1927 1117 is
1951 1091 2075 1117 servus
2099 1081 2160 1127 qui
2182 1081 2220 1117 in
2243 1082 2406 1118 commis·

1320 1136 1399 1161 sum
1423 1126 1568 1170 cecidit,
1601 1126 1663 1162 sed
1695 1136 1761 1171 pro
1786 1136 1828 1162 eo
1852 1126 2052 1162 aestimatio
2076 1136 2099 1162 a
2121 1126 2266 1164 domino
2289 1126 2408 1163 danda

1319 1174 1386 1207 est.
1435 1171 1506 1206 divi
1534 1170 1628 1207 enim
1656 1171 1808 1207 Severus
1838 1175 1876 1207 et
1898 1172 2102 1207 Antoninus
2132 1172 2406 1226 rescripserunt,

1321 1227 1402 1252 cuni
1424 1216 1455 1252 is
1479 1226 1620 1260 servus,
1653 1216 1714 1262 qui
1737 1219 1859 1252 actum
1881 1216 2015 1253 domini
2035 1216 2190 1263 gessisse
2217 1217 2407 1259 diceretur,

1319 1261 1356 1296 in
1388 1261 1615 1315 commissum
1646 1261 1849 1315 cecidisset,
1881 1261 2001 1315 venire
2030 1272 2103 1315 non
2131 1261 2314 1305 debuisse,
2338 1262 2407 1316 ‘sed

1320 1317 1385 1352 pro
1415 1316 1461 1359 eo·
1486 1317 1552 1342 viri
1582 1306 1668 1343 boni
1699 1307 1877 1342 arbitratu
1900 1310 2183 1360 aestimationem
2207 1311 2408 1361 oportiusse

1318 1355 1349 1432 :i
1380 1351 1475 1450 ‘¹5:2-
1494 1351 2110 1450 :Jsssseszfflrrrmffiartzr
2127 1362 2247 1443 {333¹}
2267 1357 2408 1433 izei-t:

1319 1452 1545 1478 commissum
1570 1442 1759 1486 cecidisse,
1790 1446 1828 1478 et
1857 1446 1922 1478 aut
1945 1452 2093 1479 uxorem
2117 1442 2322 1489 corrupisse
2344 1443 2407 1479 do-

1320 1487 1404 1522 mini
1439 1487 1580 1523 dicatur
1608 1491 1672 1523 aut
1702 1487 1802 1522 aliud
1836 1487 1923 1533 quid
1950 1488 2093 1533 gravius
2124 1487 2329 1531 admisisse,
2370 1494 2409 1524 ut

1318 1536 1522 1622 ssssffssffiss,
1534 1536 1754 1613 {zzz-32⁰1}
1773 1532 2046 1623 22:323&
2066 1533 2407 1614 323300335213·

1319 1622 1743 1721 Ξῑρέἓθῒρὲἒῑὲἓέᾞ
1758 1624 2408 1713 θὲὲωᾮῗὲεωῃὲῗᾛξὲᾞζῗὲᾙ

1319 1722 1430 1748 causa
1453 1712 1524 1749 nisi
1545 1713 1626 1755 hoc,
1650 1713 1747 1760 quod
1763 1714 1909 1767 proprio
1929 1714 2072 1749 nomine
2090 1713 2128 1749 in
2145 1723 2295 1750 causam
2312 1725 2407 1750 com·

1319 1761 1338 1793 3
1386 1758 1486 1794 missi
1504 1757 1640 1794 incidit.
1678 1758 1848 1803 Quotiens
1869 1759 1949 1804 quis
1967 1758 2146 1804 mancipia
2164 1759 2305 1795 invecta
2323 1770 2407 1806 pro-

1318 1803 1435 1839 fessus
1463 1814 1537 1839 non
1566 1802 1674 1839 fuerit
1704 1803 1777 1840 sive
1805 1804 1946 1840 venalia
1973 1803 2047 1840 sive
2069 1804 2210 1840 usualia
2221 1805 2261 1846 ¹⁸,
2292 1815 2408 1850 poena

1319 1848 1498 1885 commissi
1516 1851 1582 1891 est,
1606 1848 1639 1885 si
1661 1852 1781 1885 tamen
1804 1849 1943 1886 novicia
1966 1849 2145 1894 mancipia
2166 1849 2312 1892 fuerint,
2337 1861 2408 1886 non

1318 1893 1426 1929 etlam
1444 1896 1624 1930 veterana.
1661 1898 1748 1930 sunt
1764 1898 1884 1930 autem
1901 1897 2080 1938 veterana,
2101 1904 2194 1941 quae
2213 1905 2308 1931 anno
2322 1906 2407 1931 con-

1317 1938 1419 1975 tinuo
1442 1938 1479 1974 in
1503 1939 1593 1975 urbe
1616 1939 1821 1976 servierint:
1845 1939 1986 1976 novicia
2009 1943 2130 1976 autem
2151 1940 2333 1986 mancipia
2354 1941 2407 1976 iu-

1318 1987 1339 2019 4
1385 1984 1449 2020 tell
1542 1987 1613 2027 tur,
1632 1995 1724 2030 quae
1739 1994 1872 2020 annum
1885 1985 2044 2020 nondum
2060 1984 2256 2021 servierint.
2298 1985 2407 2029 Servi,

1318 2029 1379 2082 qui
1406 2029 1445 2064 in
1463 1995 1562 2109 ἔξω),
1594 2033 1694 2073 sunt,
1711 2030 1764 2083 ‘in
1794 2030 2028 2084 commissum·
2049 2041 2121 2066 non
2145 2030 2296 2083 cadunt,
2328 2042 2409 2084 cum

1318 2074 2408 2173 {issiffssuffisstssffiffibffiaffiss„fflffiffuffifflss

1318 2165 1406 2200 Pius
1437 2165 1644 2210 saepissime
1672 2166 1875 2211 rescripsit,
1906 2175 1969 2210 ne,
2000 2165 2132 2211 inquit,
2163 2166 2202 2201 in
2230 2170 2408 2211 potestate

1317 2220 1500 2246 servorum
1533 2211 1580 2246 sit
1609 2210 1727 2247 invitis
1751 2211 1815 2247 ·vel
1846 2211 1855 2219 '
1907 2211 2093 2247 orantibus
2124 2211 2275 2247 dominis
2302 2211 2408 2258 fugae

1317 2265 1357 2291 se
1391 2255 1566 2291 tradendo
1601 2256 1772 2301 potestati
1785 2257 1812 2278 ¹⁷
1877 2256 2074 2292 ominorum
2110 2266 2150 2293 se
2185 2257 2406 2293 subtrahere.

1318 2304 1336 2334 5
1384 2300 1488 2336 Licet
1519 2300 1598 2345 quis
1630 2311 1669 2336 se
1698 2301 1884 2354 ignorasse
1908 2301 2021 2343 dicat,
2051 2301 2164 2338 nihilo
2186 2301 2303 2338 minus
2327 2313 2408 2338 eum

1317 2345 1355 2380 iii
1383 2355 1536 2390 poenam
1567 2346 1748 2391 vectigahs
1779 2346 1937 2382 incidere
1966 2346 2069 2382 divus
2092 2346 2298 2383 Hadrianus
2322 2358 2406 2383 con-

1318 2394 1339 2426 6
1377 2390 1514 2444 stituit.
1567 2389 1651 2443 Divi
1685 2401 1827 2437 quoque
1857 2391 2005 2427 Marcus
2036 2394 2073 2427 et
2102 2390 2316 2428 Commodus
2351 2402 2407 2429 re·

1317 2438 1538 2482 scripserunt
1550 2445 1623 2471 non
1637 2436 1806 2482 imputari
1819 2436 2024 2482 publicano,
2041 2436 2137 2482 quod
2150 2447 2223 2474 non
2238 2437 2408 2473 instruxit

1316 2480 1653 2526 transgredientem:
1679 2481 1742 2517 sed
1763 2481 1853 2517 illud
1877 2481 2160 2526 custodiendum,
2184 2492 2230 2518 ne
2252 2481 2408 2528 decipiat

1318 2529 1336 2560 7
1384 2525 1546 2571 profiteri
1563 2526 1733 2563 volentes.
1772 2526 1918 2573 Species
1934 2527 2154 2572 pertinentes
2174 2527 2220 2563 ad
2237 2528 2406 2582 vectigal:

1318 2570 1598 2607 cinnamomum:
1637 2572 1674 2617 pi
1701 2582 1740 2608 er
1770 2571 1933 2617 longum:
1972 2572 2075 2618 piper
2103 2572 2242 2608 album:
2283 2572 2407 2609 folium

1317 2616 1635 2661 pentasphaerum:
1682 2617 1792 2653 olium
1815 2617 2063 2653 barbaricum:
2098 2621 2256 2654 costum:
2287 2621 2406 2654 costa-

1316 2672 1491 2697 momum:
1515 2661 1619 2697 nardi
1636 2663 1798 2708 stachys:
1824 2662 1943 2698 cassia
1959 2663 2161 2699 turiana¹⁸:
2184 2663 2406 2709 xylocassia:

1316 2717 1480 2742 smurna:
1516 2717 1714 2743 amomum:
1749 2707 1937 2753 zingiberi:
1972 2707 2252 2744 malabathrum:
2286 2718 2408 2745 aroma

1317 2751 1497 2788 Indicum:
1524 2752 1767 2789 chalbane¹⁰·:
1789 2753 1899 2788 laser:
1920 2753 2082 2789 alehem:
2106 2752 2261 2789 lucia²⁰z
2286 2763 2406 2799 sargo-

1315 2797 1470 2842 galla²¹z
1496 2808 1590 2843 onyx
1607 2798 1805 2834 Arabicus:
1831 2798 2114 2834 cardamomum:
2138 2798 2406 2844 xylocinnamo-

1316 2853 1412 2877 mum
1422 2856 1437 2894 :-
1465 2853 1556 2887 opus
1588 2843 1786 2888 byssicum:
1822 2843 1941 2897 pelles·
1963 2843 2263 2889 Babylonicae¹²z
2294 2844 2405 2889 pelles

1315 2887 1523 2968 {iiim
1547 2887 1770 2977 32341122'2‘
1771 2888 2405 2986 {ffrdffidssffifflffizyffi

1315 2979 1418 3013 thus:
1443 2977 1672 3022 smaragdus:
1698 2977 1863 3014 adamas:
1889 2978 2092 3015 saffirinus:
2117 2978 2310 3015 callainus:
2342 2979 2404 3015 be-

1315 3023 1443 3067 ryllus:
1476 3023 1660 3069 chelyniae
1670 3023 1721 3058 ²⁸:
1756 3023 1839 3068 epia
1862 3023 1987 3059 Indica
2014 3023 2069 3059 vel
2097 3023 2300 3059 adsensu:
2332 3033 2404 3060 me-

1314 3072 1416 3103 taxa:
1443 3068 1549 3103 vestis
1567 3067 1683 3103 serica
1697 3068 1751 3104 vel
1764 3068 1965 3104 subserica:
1992 3068 2070 3104 vela
2083 3068 2197 3104 tincta
2214 3069 2403 3106 carbasea:

1314 3123 1419 3148 nema
1454 3112 1625 3148 sericum:
1670 3113 1849 3158 spadones
1886 3113 2019 3149 Indici:
2060 3113 2200 3154 leones,
2239 3114 2401 3150 leaenae·

1314 3157 1436 3203 pardi:
1468 3157 1648 3237 lelopargi:
1680 3159 1894 3202 pantherae:
1916 3168 2114 3239 &hui-pura:
2132 3159 2217 3212 item
2239 3169 2403 3195 mareco-

1314 3206 1583 3284 {mfiffmgff
1604 3203 1789 3284 avasgi?
1802 3202 2405 3301 ·oe35aeutsd¹3,0:?2„3‘2111‘3.5

1313 3292 1441 3335 fuerit,
1473 3303 1545 3328 non
1577 3293 1707 3346 debere
1736 3294 1805 3329 hoc
1828 3293 2015 3330 commisso
2038 3293 2210 3329 vindicari
2234 3293 2306 3329 divi
2328 3293 2402 3329 fra-

1314 3342 1336 3373 9
1382 3341 1455 3373 tres
1479 3343 1751 3392 rescripserunt.
1795 3338 1907 3374 Divus
1929 3348 2072 3384 quoque
2095 3338 2182 3374 Pius
2205 3338 2402 3384 rescripsIt,

1315 3393 1396 3419 cum
1421 3382 1565 3427 quidam
1588 3387 1683 3419 intra
1706 3383 1896 3429 legitimam
1919 3387 2075 3419 aetatem
2098 3393 2176 3419 esse
2200 3383 2343 3419 dicebat
2365 3386 2402 3420 et

1316 3498 1374 3538 (ιτ)
1398 3498 1560 3539 potestate
1575 3498 1610 3530 F
1699 3498 1759 3537 (is)
1783 3495 1886 3528 caesia
1903 3496 2049 3540 tui-iana]
2067 3496 2170 3530 oanis
2187 3496 2305 3530 surinx
2323 3497 2400 3531 Sal-

1314 3542 1436 3575 masius
1506 3543 1578 3584 (ιβ’)
1602 3540 1815 3585 ghalbaneF
1870 3544 1931 3580 (ie)
1955 3540 2029 3576 aloe
2039 3553 2103 3576 ter.
2189 3543 2253 3582 (20)
2277 3539 2399 3594 lycium

1314 3597 1376 3620 ser.
1455 3587 1513 3626 (21)
1537 3585 1719 3621 sarcocolla
1731 3586 1772 3619 R.
1787 3586 1975 3629 Stephanus
2051 3588 2115 3629 (22)
2138 3585 2361 3631 habyaomoae
2375 3585 2409 3620 F

1753 3632 1815 3668 (24)
1840 3630 1914 3664 vela
1933 3631 2095 3672 sertam,
2115 3630 2168 3664 vel
2184 3632 2318 3676 Aoeyria
2334 3642 2399 3665 cer.
