2528 3918
186 117 298 159 1115

184 242 267 285 ‘que
291 247 373 273 cum
403 237 433 272 is
466 236 614 272 moritur
646 234 798 278 fuerint,
829 235 996 280 gesserit:
1033 235 1204 270 iudicium
1236 244 1278 270 eo

188 287 203 319 1
253 282 407 318 ‘nomine
431 281 548 317 dab0.’
595 279 695 316 Haec
718 280 830 316 verba
854 280 896 316 ‘si
919 279 1010 332 quis'
1035 280 1086 315 sic
1109 283 1195 315 sunt
1218 289 1278 315 ac-

184 326 350 374 cipienda
385 327 471 362 ‘sive
505 326 628 372 quae':
664 335 750 361 nam
786 330 822 361 et
856 325 1022 361 muheres
1058 324 1279 370 negotiorum

183 376 367 419 gestorum
402 381 507 423 agere
541 380 649 416 posse
684 374 721 406 et
759 370 940 407 conveniri
974 380 1047 405 non
1081 369 1277 405 dubitatur.

184 422 205 453 2
230 421 250 454 3
299 416 474 462 ‘Negoua‘
499 415 552 451 sic
576 414 711 461 accipe,
735 415 809 452 sive
829 426 940 451 unum
959 415 1034 451 sive
1049 415 1166 460 plura.
1204 415 1278 449 ‘Al-

184 462 321 505 terius‘,
353 461 488 507 inquit:
527 464 564 496 et
585 461 657 497 hoc
680 460 728 496 ad
750 464 941 512 utrumque
964 470 1089 495 sexum
1112 459 1277 495 refertur.

184 511 206 543 4
251 507 415 558 Pupillus
439 516 527 542 sane
551 505 582 541 si
603 506 747 559 negotia
765 509 933 552 gessent,
957 508 1040 550 post
1066 505 1278 550 rescriptum

185 552 256 588 divi
280 551 337 587 P1i
361 551 468 587 etiam
493 551 674 587 conveniri
695 555 816 597 potest
838 551 875 586 in
898 550 936 585 id
960 549 1057 595 quod
1079 549 1199 585 factus
1225 553 1280 585 est

182 597 414 642 locupletior:
438 595 576 642 agendo
601 600 722 632 autem
745 595 1061 641 conpensationem
1085 595 1161 630 eius
1182 594 1279 640 quod

182 646 203 677 5
250 642 360 686 gessit
369 642 517 694 patitur.
551 641 603 677 Et
624 642 656 677 si
673 641 799 677 furiosi
818 640 960 685 negotia
977 639 1158 685 gesserim,
1180 650 1277 692 com-

182 687 274 733 petit
297 686 384 722 miln
407 686 578 723 adversus
602 697 684 722 eum
706 686 928 732 negotiorum
950 688 1132 730 gestorum
1163 688 1277 721 act10.

183 732 343 768 curatori
373 735 494 768 autem
507 733 518 753 ¹
549 731 676 767 furiosi
709 733 764 767 vel
797 730 956 766 furiosae
991 729 1161 765 adversus
1198 740 1279 765 eum

183 781 204 813 6
252 787 374 813 eamve
397 776 554 812 dandam
577 777 757 812 actionem
769 776 892 810 Labeo
917 775 979 811 ait.
1026 774 1126 811 Haec
1149 775 1277 811 verba:

183 822 270 858 ‘sive
303 822 383 868 quis
418 822 580 868 negotia,
617 831 709 868 quae
742 821 844 856 cuius
871 830 916 855 ue
949 830 1031 855 cum
1065 819 1097 855 is
1128 820 1279 856 moritur

183 867 347 910 ‘fuerint,
369 867 540 912 gesserit’
565 866 767 912 significant
789 866 852 901 illu
900 868 973 900 tem
999 875 1062 909 us,
1094 875 1165 911 quo
1198 865 1278 911 quis

181 915 267 959 post
290 916 441 948 mortem
465 912 616 948 alicuius
640 912 782 957 negotia
803 910 933 956 gessit:
984 920 1004 946 e
1027 920 1098 955 quo
1121 909 1193 945 fuit
1215 920 1277 945 ne-

183 957 380 993 cessarium
405 957 555 1000 edicere,
581 957 749 1003 quoniam
772 965 890 1001 neque
911 955 1094 991 testatoris
1119 955 1192 990 iam
1216 955 1277 991 de-

180 1002 300 1039 functi
323 1013 439 1048 neque
461 1002 602 1038 heredis
626 1001 687 1047 qui
710 1000 869 1036 nondum
892 999 981 1036 adiit
998 1000 1179 1045 negotium
1197 1010 1276 1046 ges-

179 1048 274 1084 sisse
296 1047 448 1084 videtur.
484 1047 548 1083 sed
572 1047 602 1082 si
626 1046 710 1112 {lum
734 1045 889 1081 accessit
919 1048 1004 1091 post
1033 1049 1205 1088 mortem,
1237 1048 1279 1080 ut

182 1096 272 1140 puta
294 1096 421 1139 partus
456 1096 492 1128 et
520 1092 616 1127 fetus
665 1095 702 1127 et
730 1090 890 1133 fructus,
922 1090 979 1126 vel
1009 1090 1040 1126 si
1071 1090 1157 1136 quid
1187 1090 1279 1126 servi

183 1138 435 1192 adquisierint:
463 1138 530 1173 etsi
554 1137 609 1172 his
627 1135 745 1172 verbis
766 1147 840 1171 non
862 1135 1101 1178 continentur,
1125 1146 1192 1181 pro
1214 1135 1273 1171 ad-

183 1187 203 1219 7
250 1187 344 1219 iecto
368 1186 489 1218 tamen
514 1182 646 1218 debent
669 1181 796 1227 accipi.
843 1180 944 1216 Haec
957 1183 1078 1216 autem
1089 1181 1183 1216 actio
1197 1191 1279 1216 cum

182 1240 229 1266 ex
258 1228 400 1274 negotio
432 1231 532 1273 gesto
565 1227 718 1270 oriatur,
756 1229 792 1261 et
821 1225 945 1261 heredi
977 1228 1013 1261 et
1042 1225 1081 1260 in
1112 1225 1279 1261 heredem

183 1277 204 1310 8
251 1284 332 1310 com
359 1273 432 1309 etit.
470 1272 508 1307 Si
532 1275 721 1308 exsecutor
744 1281 767 1306 a
789 1274 956 1316 praetore
977 1271 1015 1306 in
1035 1270 1176 1315 negotio
1198 1280 1277 1306 meo

183 1319 290 1355 datus
342 1319 438 1354 olum
460 1317 547 1352 mihi
568 1317 705 1359 fecerit,
731 1316 875 1351 dabitur
898 1315 984 1351 mihi
1005 1315 1176 1351 adversus
1198 1326 1279 1351 eum

182 1367 204 1400 9
252 1364 358 1399 actio.
406 1363 589 1398 Interdum
611 1363 650 1397 in
671 1361 895 1406 negotiorum
924 1364 1106 1406 gestorum
1137 1361 1279 1397 actione

181 1409 306 1445 Labeo
332 1408 458 1444 scribit
481 1408 604 1443 dolum
628 1406 850 1443 solummodo
874 1406 1028 1441 versari:
1061 1416 1146 1441 nam
1168 1406 1201 1442 si
1223 1405 1278 1442 af-

181 1453 340 1490 fectione
364 1456 526 1495 coactus,
550 1463 598 1488 ne
620 1452 718 1488 bona
740 1461 820 1486 mea
844 1450 1103 1494 distrahantur,
1127 1451 1278 1496 negotiis

182 1503 219 1535 te
242 1499 329 1535 meis
353 1498 544 1544 optuleris,
569 1496 821 1543 aequissimum
845 1506 923 1532 esse
947 1495 1068 1532 dolum
1091 1496 1280 1532 dumtaxat

185 1546 227 1579 10
273 1547 310 1579 te
321 1547 523 1589 praestare:
537 1553 630 1589 quae
639 1542 816 1578 sententia
827 1541 939 1577 habet
947 1541 1175 1587 aequitatem.
1199 1541 1279 1577 Hac

183 1589 326 1625 actione
348 1592 493 1624 tenetur
515 1599 588 1624 non
612 1588 728 1623 solum
750 1587 782 1622 is
829 1586 867 1621 ui
890 1589 1018 1631 sponte
1043 1589 1079 1622 et
1098 1586 1197 1622 nulla
1215 1596 1277 1622 ne-

183 1635 354 1670 cessitate
378 1637 528 1678 cogente
551 1632 744 1668 immiscuit
767 1642 807 1667 se
853 1631 1003 1677 negotiis
1027 1631 1151 1667 alienis
1175 1634 1212 1666 et
1236 1641 1279 1666 ea

181 1679 314 1724 gessit,
347 1689 470 1714 verum
503 1681 538 1714 et
568 1678 599 1714 is
631 1678 693 1723 qui
724 1677 845 1722 aliqua
867 1676 1082 1712 necessitate
1104 1687 1149 1712 ur
1198 1679 1279 1712 ente

185 1727 224 1759 11
273 1724 329 1759 vel
351 1723 576 1759 necessitatis
599 1722 804 1768 suspicione
827 1721 947 1767 gessit.
994 1721 1104 1767 Apud
1121 1687 1277 1757 lifaurcel-

181 1770 256 1805 lum
276 1769 369 1805 libro
393 1768 550 1805 secundo
571 1768 787 1813 digestorum
806 1767 1002 1812 quaeritur,
1028 1767 1069 1810 si,
1094 1777 1175 1802 cum
1193 1777 1277 1812 pro-

182 1814 383 1859 posuissem
406 1813 550 1859 negotia
573 1813 659 1848 Titii
692 1822 834 1858 gerere,
865 1816 907 1847 tu
937 1811 1024 1847 mihi
1053 1811 1278 1847 mandaveris

182 1862 225 1895 ut
256 1869 396 1904 geram,
432 1869 481 1894 an
511 1861 665 1903 utraque
698 1857 840 1893 actione
873 1856 927 1892 uti
957 1856 1117 1902 possim?
1153 1860 1189 1892 et
1213 1867 1276 1902 ego

208 1907 271 1940 uto
306 1907 497 1949 utramque
527 1904 647 1939 locum
679 1903 825 1938 habere.
873 1901 1170 1947 quemadmodum
1200 1902 1279 1948 ipse

181 1915 378 1985 Blarcellus
411 1948 554 1991 scribit,
589 1948 620 1984 si
649 1947 896 1983 fideiussorem
927 1957 1101 1992 accepero
1134 1947 1279 1991 negotia

181 1997 369 2040 gesturus:
402 2004 485 2029 nam
518 1997 554 2029 et
585 1993 644 2028 hic
678 1993 766 2028 dicit
788 1992 958 2028 adversus
983 1996 1175 2038 utrumque
1200 2001 1278 2028 esse

182 2039 373 2075 actionem.

229 2082 255 2121 4
278 2083 389 2120 loru
414 2083 507 2120 libro
540 2083 847 2129 quadraqensimo
904 2083 1005 2118 uinto
1030 2082 1080 2118 ad
1101 2081 1277 2119 Sabinum

183 2129 256 2165 Sed
277 2128 480 2171 videamus,
514 2139 562 2163 an
585 2127 774 2164 fideiussor
797 2127 855 2163 hic
905 2128 1013 2163 abere
1037 2127 1192 2173 aliquam
1216 2137 1277 2163 ac-

182 2174 316 2210 tionem
348 2173 484 2219 possit:
522 2177 558 2208 et
591 2183 714 2208 verum
749 2176 804 2208 est
838 2172 1060 2217 negotiorum
1094 2175 1278 2217 gestorum

183 2229 265 2255 eum
288 2229 394 2264 agere
442 2228 534 2260 osse,
558 2217 627 2253 nisi
650 2217 808 2253 donandi
832 2218 950 2253 animo
974 2217 1161 2253 fideiussit.

228 2263 254 2302 5
278 2263 389 2299 IDEM
427 2263 504 2299 ibro
538 2262 674 2298 decimo
710 2262 760 2297 ad
790 2262 945 2298 edictum
990 2262 1082 2298 Item
1111 2262 1162 2305 si,
1196 2273 1278 2298 cum

181 2309 307 2356 putavi
338 2319 361 2344 a
390 2311 427 2344 te
458 2308 544 2343 mihi
573 2307 800 2350 mandatum,
834 2307 977 2352 negotia
1005 2307 1118 2352 gessi,
1152 2310 1188 2343 et
1219 2308 1277 2343 hic

182 2354 346 2390 nascitur
367 2354 589 2398 negotiorum
611 2356 793 2397 gestorum
816 2353 910 2388 actio
936 2356 1100 2388 cessante
1119 2352 1278 2388 mandati

183 2399 336 2435 actione.
371 2398 468 2434 idem
492 2401 547 2434 est
571 2398 695 2440 etiam,
728 2397 759 2432 si
781 2408 847 2443 pro
871 2402 908 2433 te
930 2397 1160 2440 fideiussero,
1192 2397 1278 2433 dum

186 2448 201 2479 1
251 2448 340 2490 puto
365 2443 452 2478 mihi
476 2453 499 2478 a
521 2446 558 2478 te
580 2442 791 2478 mandatum
815 2452 905 2478 esse.
954 2442 1025 2477 Sed
1049 2446 1085 2478 et
1114 2442 1164 2485 si,
1196 2453 1278 2478 cum

183 2489 307 2535 putavi
330 2488 416 2524 Titii
439 2488 582 2533 negotia
612 2498 691 2523 esse
724 2498 806 2523 cum
837 2490 957 2523 essent
980 2486 1201 2540 Sempronii,
1235 2497 1278 2523 ea

207 2535 287 2577 essi,
312 2534 411 2570 solus
424 2532 654 2578 Sempronius
678 2532 765 2567 mihi
788 2532 931 2568 actione
953 2535 1177 2577 negotlorum
1198 2542 1276 2577 ges-

183 2546 206 2615 ἓ
231 2577 284 2623 (6)
331 2582 450 2614 torum
481 2581 635 2614 tenetur.
683 2577 843 2613 Iulianus
874 2577 965 2613 libro
989 2578 1096 2613 tertio
1121 2577 1276 2623 digesto-

184 2634 264 2660 rum
287 2624 430 2666 scribit,
465 2623 496 2659 si
518 2623 645 2668 pupilli
669 2622 722 2657 tui
745 2622 889 2667 negotia
911 2632 1054 2667 gessero
1079 2633 1153 2658 non
1175 2633 1276 2658 man-

184 2669 273 2706 datu
295 2672 371 2711 tuo,
395 2668 460 2704 sed
482 2677 528 2703 ne
550 2668 685 2703 tutelae
708 2667 840 2703 iudicio
861 2668 1029 2710 tenearis,
1054 2667 1277 2712 negotiorum

183 2718 365 2759 gestorum
375 2717 412 2749 te
422 2713 563 2748 habebo
576 2712 788 2757 obligatum:
815 2712 878 2748 sed
902 2716 938 2748 et
960 2712 1146 2758 pupillum,
1170 2713 1275 2749 modo

185 2762 205 2795 3
231 2762 278 2801 (1)
327 2759 358 2794 si
380 2758 593 2803 locupletior
615 2757 725 2792 fuerit
746 2757 878 2793 factus.
925 2757 1016 2793 Item
1048 2757 1079 2793 si
1100 2767 1274 2803 procura-

184 2803 255 2840 tori
273 2807 337 2838 tuo
359 2807 519 2838 mutuam
539 2802 728 2847 pecuniam
747 2802 878 2838 dedero
898 2802 952 2838 tui
964 2803 1274 2848 contemplatione,

184 2852 227 2884 ut
249 2848 460 2884 creditorem
482 2851 583 2883 tuum
602 2847 657 2883 vel
673 2848 803 2893 pignus
822 2851 924 2883 tuum
942 2847 1080 2891 liberet,
1106 2847 1276 2884 adversus

184 2897 222 2929 te
244 2892 465 2938 negotiorum
487 2896 668 2937 gestorum
699 2893 839 2929 habebo
874 2893 1070 2935 actionem,
1105 2893 1275 2929 adversus

185 2948 266 2975 eum
291 2948 373 2973 cum
397 2948 467 2982 quo
493 2938 655 2972 contraxi
678 2937 823 2973 nullam.
860 2937 946 2983 quid
964 2941 1085 2973 tamen
1105 2938 1135 2973 si
1156 2948 1274 2984 apro-

186 2987 353 3020 curatore
374 2985 438 3017 tuo
469 2983 660 3028 stipulatus
693 2983 797 3018 sum?
830 2986 952 3027 potest
986 2982 1056 3018 dici
1088 2993 1276 3028 superesse

185 3028 271 3064 mihi
295 3027 462 3063 adversus
483 3030 519 3061 te
539 3027 761 3072 negotiorum
778 3031 960 3072 gestorum
982 3027 1170 3070 actionem,
1191 3028 1276 3074 quia

185 3076 207 3109 4
221 3075 268 3126 (2)
316 3071 570 3124 exabundanti
582 3073 675 3124 hauc
696 3072 963 3117 stipulationem
981 3072 1055 3107 inte
1099 3072 1189 3109 osui.
1238 3072 1276 3108 Si

184 3117 593 3215 ἓὲῖξηὲἕέῗῒέοῗρέιῗὲ
606 3117 712 3213 ΐιὲῒ
725 3117 1274 3214 niffidssssgoiiffmagessssffi

184 3210 371 3296 ἕῖἓῗωέἐ.
385 3207 987 3304 ἕθὲἒῒῗεῗιῖἒώἒῗὲξοῗὲγῖἑίῗ
1014 3217 1102 3288 ἓεξὶῗ
1117 3217 1276 3288 ηῖῖῗιξίἱ

187 3296 509 3342 contemplatione,
533 3295 597 3332 sed
621 3296 677 3331 sui
700 3296 791 3331 lucri
815 3307 944 3340 causa,
1012 3297 1101 3333 abeo
1133 3297 1276 3343 scripsit

187 3353 292 3378 suum
315 3352 397 3377 eum
419 3341 539 3387 potius
563 3350 670 3386 quam
694 3351 809 3376 meum
829 3343 1009 3387 negotium
1027 3342 1180 3388 gessisse
1202 3342 1277 3388 (qui

188 3387 280 3423 enim
304 3385 546 3432 depraedandi
569 3395 679 3420 causa
703 3386 850 3428 accedit,
876 3397 941 3422 suo
965 3387 1079 3430 lucro,
1103 3397 1177 3422 non
1197 3397 1274 3423 meo

188 3431 372 3468 commodo
397 3430 548 3473 studet):
581 3429 645 3465 sed
667 3430 776 3466 nihilo
800 3432 934 3474 minus,
966 3432 1073 3467 immo
1105 3431 1217 3477 magis
1241 3435 1277 3467 et

187 3478 217 3512 is
240 3477 422 3512 tenebitur
444 3475 665 3521 negotiorum
675 3479 868 3554 dgestorum
889 3477 1042 3512 actione.
1067 3477 1144 3522 ipse
1155 3481 1276 3513 tamen

187 3522 218 3558 si
243 3522 339 3557 circa
362 3532 419 3556 res
443 3530 539 3556 meas
564 3519 673 3565 aliqui
717 3520 937 3564 impenderit,
962 3531 1036 3556 non
1058 3521 1096 3556 in
1119 3521 1156 3556 id
1179 3521 1276 3567 quod

548 3678 591 3719 (2)
616 3679 651 3710 et
662 3676 750 3710 fetus
764 3677 800 3720 S,
816 3677 954 3710 effectus
966 3677 1002 3709 F

524 3723 567 3763 (5)
593 3724 736 3763 utraque
750 3722 784 3754 F
870 3723 915 3763 (s)
939 3721 1014 3754 fltui
1029 3722 1063 3754 F

189 3679 230 3720 (1)
254 3678 335 3711 item
347 3690 409 3711 ser.

189 3723 234 3763 (4)
259 3722 347 3761 cuod
360 3733 403 3763 go
416 3723 450 3755 F

1134 3679 1178 3720 (s)
1204 3677 1234 3710 ιι
1247 3677 1282 3710 r

1149 3723 1193 3763 (τ)
1218 3722 1275 3764 asi

1294 110 1351 157 44

2136 129 2198 160 DE
2226 129 2438 163 memus

1348 236 1381 271 ei
1404 236 1518 279 abest,
1545 237 1629 282 quia
1651 237 1812 283 improbe
1835 236 1883 273 ad
1906 238 2049 284 negotia
2071 245 2152 273 mea
2175 239 2349 282 accessit,
2373 240 2438 276 sed

1346 280 1385 316 in
1417 281 1514 327 quod
1545 281 1635 326 ego⁴
1667 281 1880 328 locupletior
1909 281 2030 318 factus
2061 292 2141 318 sum
2171 283 2282 319 habet
2312 287 2439 320 contra

1346 328 1368 362 6
1383 328 1430 369 (4)
1477 336 1535 362 me
1570 326 1757 362 actionem.
1806 327 1844 363 Si
1866 328 1946 374 quis
1968 328 2022 363 ita
2044 327 2253 374 simpliciter
2274 332 2438 365 versatus

1348 374 1414 414 est,
1437 374 1480 407 ut
1501 382 1606 407 suum
1626 372 1804 417 negotium
1822 372 1860 407 in
1879 372 1954 408 suis
1974 373 2079 409 bonis
2099 373 2203 418 quasi
2222 383 2338 409 meum
2359 383 2439 419 ges-

1348 416 1445 459 serit,
1466 416 1567 452 nulla
1579 419 1812 470 exutroque⁵
1834 417 1947 454 latere
1959 418 2121 454 nascitur
2140 418 2248 462 actio,
2269 418 2355 464 quia
2373 428 2440 455 nec

1347 460 1436 497 fides
1456 461 1554 497 bona
1571 460 1643 497 hoc
1661 466 1809 507 patitur.
1843 462 1940 508 quod
1950 463 1982 499 si
1994 466 2031 498 et
2043 473 2148 498 suum
2161 467 2196 498 et
2207 473 2325 499 meum
2337 464 2440 509 quasi

1348 516 1466 542 meum
1476 506 1635 552 gesserit,
1647 506 1686 542 in
1697 517 1815 543 meum
1826 508 2005 543 tenebitur
2017 521 2026 543 ε
2039 518 2124 543 nam
2136 511 2172 543 et
2183 508 2215 543 si
2227 508 2286 543 cui
2293 508 2440 544 manda·

1347 562 1445 594 vero,
1469 555 1510 587 ut
1533 561 1651 587 meum
1667 552 1847 598 negotium
1865 557 1977 598 gerat,
2002 553 2099 598 quod
2117 553 2204 588 mihi
2223 556 2342 589 tecum
2364 557 2442 589 erat

1349 607 1548 639 commune,
1573 596 1763 633 dicendum
1788 606 1867 633 esse
1889 597 2012 633 Labeo
2037 598 2100 640 ait,
2124 597 2156 633 si
2179 601 2216 633 et
2237 601 2340 633 tuum
2363 608 2440 643 ges·

1349 645 1367 676 7
1383 644 1431 694 (ᾇ)
1476 642 1524 677 sit
1531 641 1660 694 sciens,
1668 642 1891 687 negotiorum
1899 646 2080 694 gestorum
2089 652 2170 678 eum
2177 643 2244 678 tibi
2253 643 2378 695 teneri.
2404 643 2442 679 Si

1348 696 1697 768 {susssstqffiissffi}
1717 691 2018 784 &gffiffeffissff
2039 691 2442 778 fffflusseffeeisslzossuuffi

1349 779 1368 812 8
1384 780 1431 820 (6)
1478 780 1659 822 gestorum
1691 777 1798 830 actio.
1847 743 1918 813 ἕω
1960 787 1992 813 s1
2023 787 2087 822 ego
2119 777 2174 812 tui
2204 776 2269 812 filii
2301 779 2443 830 negotia

1346 832 1490 867 gessero
1522 821 1579 858 vel
1609 832 1721 866 servi,
1755 821 1959 865 videamus,
1991 831 2039 857 an
2070 825 2191 858 tecum
2221 827 2442 868 negotiorum

1347 870 1532 912 gestorum
1554 867 1708 903 habeam
1731 867 1922 903 actionem.
1959 870 1996 902 et
2026 866 2113 902 mihi
2144 866 2286 903 videtur
2307 879 2442 911 verum,

1348 911 1446 957 quod
1468 912 1592 949 Labeo
1623 912 1810 965 distinguit
1833 915 1870 947 et
1890 912 2111 958 Pomponius
2136 911 2227 964 libro
2251 912 2442 949 vicensimo

1348 961 1450 993 sexto
1474 957 1617 1002 probat,
1640 961 1692 1001 ut,
1716 967 1748 993 ει
1771 956 1915 1003 quidem
1939 957 2242 1002 contemplauone
2258 957 2314 993 tui
2332 968 2441 1011 nego-

1347 1002 1399 1038 tia
1446 1002 1516 1038 essi
1537 1002 1747 1055 peculiaria,
1771 1006 1812 1038 tu
1835 1001 1922 1037 mihi
1943 1002 2118 1038 tenearis:
2143 1001 2241 1048 quod
2262 1002 2294 1038 si
2318 1004 2442 1039 amici-

1347 1048 1399 1094 tia
1462 1047 1482 1055 ‘'
1507 1048 1585 1083 tu1⁶
1606 1047 1663 1084 vel
1687 1047 1790 1090 servi,
1815 1047 1871 1083 vel
1894 1057 2017 1083 eorum
2041 1047 2353 1093 contemplatione,
2377 1047 2442 1084 ad-

1346 1102 1471 1128 versus
1489 1096 1629 1139 patrem
1646 1093 1703 1129 vel
1723 1092 1906 1128 dominum
1926 1092 1971 1128 de
1990 1092 2131 1138 peculio
2152 1092 2340 1128 dumtaxat
2353 1092 2442 1129 dan-

1348 1137 1431 1173 dam
1463 1137 1652 1174 actionem.
1686 1137 1851 1183 idemque
1876 1140 1930 1173 est
1954 1140 1990 1172 et
2013 1137 2044 1174 si
2068 1136 2124 1173 sui
2146 1136 2234 1173 iuris
2266 1148 2348 1174 esse
2381 1148 2443 1174 eos

1373 1183 1482 1218 utavi.
1517 1192 1603 1218 nam
1633 1185 1670 1219 et
1699 1183 1731 1218 si
1763 1192 1905 1219 servum
1939 1192 2012 1218 non
2043 1182 2286 1218 necessarium
2322 1193 2440 1220 emero

1389 1228 1420 1263 'o
1444 1231 1508 1264 tuo
1533 1231 1570 1264 et
1591 1230 1633 1263 tu
1655 1230 1774 1263 ratum
1796 1227 1987 1270 habueris,
2020 1227 2110 1263 nihil
2141 1227 2283 1273 agitur⁷
2305 1228 2442 1264 ratiha-

1347 1273 1482 1309 bitione
1517 1272 1642 1309 eodem
1670 1272 1752 1309 loco
1775 1272 1997 1325 Pomponius
2029 1271 2155 1308 scribit
2183 1273 2255 1309 hoc
2287 1273 2441 1316 adiecto,

1348 1318 1446 1364 quod
1467 1321 1599 1398 (putat,
1638 1318 1707 1354 etsi
1729 1317 1819 1354 nihil
1841 1321 1889 1353 sit
1911 1317 1949 1353 in
1972 1317 2134 1363 peculio,
2167 1317 2336 1363 quoniam
2359 1318 2441 1365 plus

1347 1362 1444 1408 patri
1491 1363 1655 1399 ominove
1678 1362 1841 1405 debetur,
1865 1365 1903 1398 et
1924 1362 1963 1398 in
1985 1366 2126 1408 patrem
2149 1362 2305 1399 dandam
2328 1363 2441 1400 actio·

1347 1418 1441 1452 nem,
1465 1408 1504 1443 in
1528 1411 1703 1453 quantum
1726 1407 1942 1454 locupletior
1965 1417 2010 1443 ex
2032 1418 2113 1443 mea
2136 1407 2442 1444 administratione

1348 1455 1369 1489 9
1383 1455 1430 1497 (7)
1476 1452 1597 1489 factus
1615 1453 1672 1489 sit.
1721 1452 1793 1489 Sed
1815 1452 1847 1488 si
1869 1452 2024 1489 hominis
2048 1452 2151 1488 liberi
2174 1452 2235 1498 qui
2257 1453 2323 1488 tibi
2346 1454 2444 1489 bona

1347 1498 1420 1534 fide
1442 1498 1620 1534 serviebat
1641 1498 1786 1543 negotia
1807 1507 1970 1543 gessero:
1995 1497 2026 1534 si
2039 1497 2181 1543 quidem
2193 1501 2326 1543 putans
2338 1502 2440 1534 tuum

1348 1553 1428 1579 esse
1450 1553 1592 1579 servum
1614 1544 1727 1589 gessi,
1758 1543 1980 1589 Pomponius
2014 1542 2140 1579 scribit
2169 1553 2292 1578 earum
2322 1553 2453 1580 rerum*
2519 1536 2528 1565 ·“

1346 1588 1581 1669 peculiarium
1603 1599 1727 1632 causa,
1751 1598 1844 1634 quae
1866 1591 1903 1623 te
1926 1588 2028 1634 sequi
2050 1587 2194 1630 debent,
2218 1592 2338 1624 tecum
2356 1588 2443 1624 mihi

1365 1644 1427 1669 ore
1449 1633 1673 1679 negotiorum
1694 1637 1877 1679 gestorum
1900 1633 2097 1676 actionem,
2130 1643 2253 1668 earum
2276 1644 2360 1670 vero
2383 1644 2441 1670 re·

1347 1687 1445 1722 rum,
1472 1688 1565 1724 quae
1596 1679 1716 1731 ipsum
1746 1682 1965 1724 sequuntur,
1997 1689 2070 1714 non
2092 1681 2232 1722 tecum,
2265 1678 2329 1714 sed
2361 1689 2442 1715 cum

1347 1724 1437 1770 ipso.
1474 1724 1562 1759 sed⁸
1593 1733 1625 1759 si
1654 1724 1807 1759 liberum
1840 1723 1947 1766 scivi,
1983 1733 2106 1759 earum
2137 1723 2279 1769 quidem
2310 1734 2441 1767 rerum,

1348 1768 2443 1859 ἓῖῗῗὲ)Ἔιὲᾒῖἓὲῗὲηὲἓῗὲξὲᾳῖἶᾬὶω,ιῗιῖᾋῗῖἳωέἰ

1722 1840 1732 1857 2
2107 1839 2117 1856 9
2360 1841 2368 1850 ·

1348 1859 1434 1894 Titii
1457 1869 1598 1895 servum
1620 1862 1754 1904 putans
1779 1858 1840 1904 qui
1863 1862 1942 1894 erat
1965 1858 2183 1903 Sempronii,
2217 1858 2348 1895 dedero
2379 1869 2441 1904 pe-

1348 1904 1491 1940 cuniam
1522 1913 1568 1939 ne
1598 1903 1841 1947 occideretur,
1874 1906 1916 1939 ut
1946 1903 2036 1939 Pom
2063 1903 2166 1939 onius
2198 1903 2269 1947 ait,
2301 1904 2442 1940 habebo

1347 1949 1572 1994 negotiorum
1602 1949 1809 1994 gestorum⁹
1843 1948 2014 1984 adversus

1350 1997 1387 2029 11
1406 1997 1452 2037 (9)
1500 2003 1592 2029 nem.
1639 1994 1731 2030 Item
1755 1994 1940 2046 quaeritur
1962 1992 2060 2039 apud
2082 1993 2234 2029 Pedium
2251 1993 2344 2030 libro
2359 2004 2440 2040 sep·

1346 2039 1445 2082 timo,
1469 2038 1500 2075 si
1523 2038 1658 2074 Titium
1681 2048 1786 2085 quasl
1810 2038 2006 2074 debitorem
2028 2041 2132 2074 tuum
2150 2041 2253 2074 extra
2272 2038 2442 2075 iudicium

1347 2084 1566 2120 admonuero
1590 2088 1627 2120 et
1648 2084 1680 2119 is
1703 2083 1790 2118 mihi
1814 2083 1967 2126 solverit,
1993 2094 2076 2119 cmn
2097 2083 2238 2120 debitor
2248 2093 2321 2121 non
2333 2087 2439 2127 esset,

1346 2132 1459 2182 tuque
1480 2132 1609 2174 postea
1633 2128 1839 2174 cognoveris
1863 2132 1899 2164 et
1916 2131 2035 2164 ratum
2053 2128 2222 2165 habueris
2235 2129 2283 2164 ¹⁰:
2308 2138 2356 2164 an
2377 2139 2442 2166 ne-

1346 2178 1525 2220 gotiorum
1555 2177 1740 2227 gestorum
1771 2173 1914 2209 actione
1946 2184 2003 2209 me
2024 2173 2143 2220 possis
2167 2174 2367 2210 convenire.
2405 2178 2442 2211 et

1347 2219 1399 2254 ait
1421 2218 1577 2255 dubitari
1598 2229 1723 2264 posse,
1757 2219 1843 2264 quia
1872 2218 2010 2254 nullum
2031 2218 2213 2263 negotium
2235 2222 2339 2254 tuum
2360 2229 2441 2264 ges-

1346 2267 1424 2299 tum
1449 2267 1514 2307 est,
1540 2274 1622 2299 cum
1645 2263 1787 2299 debitor
1809 2267 1893 2299 tuus
1916 2271 1991 2299 non
2012 2262 2133 2299 fuerit.
2170 2263 2234 2299 sed
2266 2265 2440 2300 ratihabi-

1346 2309 1416 2351 tio,
1439 2308 1574 2354 inquit‚
1606 2307 1693 2344 fecit
1714 2311 1818 2344 tuum
1840 2307 2039 2353 negotium:
2073 2311 2110 2344 et
2141 2308 2236 2344 sicut
2268 2309 2301 2345 ei
2324 2320 2347 2344 a
2369 2319 2440 2355 quo

1348 2357 1514 2389 exactum
1538 2356 1593 2390 est
1615 2353 1787 2389 adversus
1812 2362 1893 2388 eum
1917 2352 2025 2388 datur
2046 2353 2211 2398 repetitio
2237 2354 2299 2400 qui
2321 2358 2442 2390 ratum

1346 2399 1483 2441 habuit,
1507 2398 1560 2434 ita
1582 2402 1619 2434 et
1639 2398 1710 2444 ipsi
1733 2397 1878 2434 debebit
1899 2401 1984 2444 post
2002 2398 2293 2445 ratihabitionem
2313 2398 2440 2435 adver-

1346 2454 1408 2480 sus
1442 2453 1500 2479 me
1535 2447 1738 2488 competere
1772 2443 1879 2478 actio.
1913 2443 1966 2478 sic
2000 2442 2209 2479 ratihabitio
2245 2445 2442 2480 constituet

1346 2492 1449 2524 tuum
1481 2488 1682 2534 negotium,
1717 2487 1813 2533 quod
1843 2488 1890 2523 ab
1912 2487 2014 2524 initio
2038 2491 2142 2523 tuum
2164 2498 2239 2524 non
2262 2493 2351 2532 erat,
2375 2489 2440 2525 sed

1349 2536 1389 2569 12
1403 2536 1473 2577 (10)
1520 2537 1586 2569 tua
1619 2532 1920 2578 contemplatione
1950 2535 2101 2578 gestum.
2159 2532 2259 2570 Idem
2295 2534 2365 2577 ait,
2410 2534 2440 2570 si

1346 2578 1434 2615 Titii
1457 2578 1665 2622 debitorem,
1690 2578 1750 2614 cui
1771 2581 1808 2614 te
1830 2577 2000 2613 heredem
2022 2577 2212 2623 putabam,
2238 2589 2320 2615 cum
2345 2583 2440 2615 esset

1346 2623 1448 2660 Seius
1471 2623 1594 2666 heres,
1627 2633 1825 2659 convenere
1849 2623 2010 2659 similiter
2033 2626 2069 2658 et
2092 2633 2261 2668 exegero,
2292 2634 2376 2660 mox
2397 2627 2438 2660 tu

1346 2672 1465 2704 ratum
1497 2668 1686 2704 habueris:
1720 2678 1799 2704 esse
1831 2667 1918 2703 mihi
1948 2667 2118 2703 adversus
2150 2672 2187 2703 te
2210 2672 2247 2704 et
2269 2669 2336 2704 tibi
2359 2679 2437 2705 mu·

1345 2718 1444 2750 tuam
1466 2714 1689 2759 negotiorum
1702 2714 1730 2735 ¹¹
1753 2716 1935 2759 gestorum
1958 2713 2146 2749 actionem.
2183 2713 2318 2759 adquin
2351 2714 2437 2750 alie-

1345 2769 1431 2794 num
1453 2759 1636 2804 negotium
1657 2761 1798 2804 gestum
1821 2762 1892 2794 est:
1925 2757 1989 2793 sed
2018 2758 2224 2794 ratihabitio
2256 2759 2327 2795 hoc
2351 2769 2437 2795 con·

1346 2804 1462 2840 ciliat:
1487 2813 1581 2850 quae
1603 2813 1661 2840 res
1685 2803 1807 2846 efficit,
1830 2806 1871 2838 ut
1893 2805 1996 2838 tuum
2018 2803 2200 2848 negotium
2222 2807 2362 2849 gestum
2385 2804 2436 2839 vi-

1348 2852 1388 2884 13
1403 2851 1473 2894 (11)
1520 2848 1650 2885 deatur
1679 2852 1716 2884 et
1745 2858 1768 2884 a
1799 2852 1836 2884 te
1866 2847 2047 2883 hereditas
2070 2847 2145 2893 peti
2167 2849 2294 2894 possit.
2343 2848 2437 2894 Quid

1345 2892 2164 2983 iiisssiifflrffidssffiffl‘flssssmm‘ffissffi
2206 2897 2359 2975 ‘iffi’
2381 2894 2435 2975 {1¹13

2353 2965 2362 2981 5

1345 2984 1392 3019 sit
1414 2984 1500 3019 mihi
1522 2983 1692 3020 adversus
1721 2986 1758 3018 te
1789 2983 1909 3018 actio?
1943 2982 2007 3018 sed
2037 2993 2111 3019 non
2140 2982 2219 3019 fore
2249 2984 2320 3027 ait,
2355 2994 2435 3019 cum

1344 3029 1414 3064 hoc
1443 3028 1542 3064 facto
1576 3038 1655 3063 meo
1688 3027 1779 3063 alter
1813 3028 1861 3063 sit
1891 3027 2131 3073 locupletatus
2166 3032 2202 3063 et
2225 3028 2372 3064 alterius
2395 3038 2436 3064 re

1343 3074 1423 3119 ipsa
1445 3077 1584 3119 gestum
1606 3073 1787 3118 negotium
1810 3073 1867 3116 sit,
1892 3082 1959 3108 nec
1981 3073 2118 3118 possit,
2150 3073 2246 3118 quod
2275 3073 2337 3110 alii
2370 3073 2434 3109 ad-

1344 3118 1512 3164 quisitum
1535 3121 1591 3153 est
1613 3118 1691 3163 ipso
1714 3120 1835 3163 gestu,
1866 3117 1936 3153 hoc
1967 3121 2070 3153 tuum
2101 3118 2282 3170 negotium
2311 3117 2432 3154 videri.

1346 3165 1470 3205 1402)
1517 3162 1710 3198 Videamus
1733 3163 1771 3198 in
1794 3172 1950 3208 persona
1974 3163 2068 3205 eius,
2101 3173 2163 3208 qlu
2195 3163 2338 3209 negotia
2369 3162 2432 3198 ad-

1343 3207 1532 3250 ministrat,
1553 3208 1583 3243 si
1595 3207 1769 3253 quaedam
1780 3208 1890 3252 gessit
1908 3207 2084 3253 quaedam
2103 3218 2187 3250 non,
2210 3208 2431 3253 contempla-

2072 1948 2294 1994 empronium
2328 1949 2441 1985 actio-

2510 1702 2528 2026 >armis-mmmmm
2515 1658 2528 1686 ες.
2517 1629 2528 1645 s·

2500 2174 2528 2251 '7³24
2506 2151 2528 2167 ἢ
2511 2118 2514 2119 “
2509 2069 2528 2107 w*

2490 3211 2505 3257 Μ
2483 2645 2525 3202 ''Um“m‘Wssmffffiffww*
2496 2391 2528 2634 mazza-,musqu-
2507 2327 2523 2371 Α”,ς
2519 2311 2521 2314 .
2514 2260 2528 2297 „24-

1343 3253 1440 3288 tione
1462 3256 1581 3291 tamen
1607 3252 1683 3287 eius
1707 3253 1798 3288 alius
1822 3252 1870 3288 ad
1899 3252 1989 3288 haec
2019 3262 2092 3288 non
2123 3253 2295 3296 accessit,
2333 3257 2370 3289 et
2400 3251 2433 3289 si
2482 3276 2485 3281 ι

1343 3297 1396 3333 vir
1419 3296 1566 3342 diligens
1593 3297 1700 3343 (quod
1731 3298 1776 3332 ab
1809 3307 1851 3333 eo
1883 3297 2066 3342 exigimus)
2099 3297 2206 3332 etiam
2237 3308 2282 3333 ea
2310 3300 2431 3343 gestu-

1343 3352 1405 3378 rus
1436 3341 1522 3377 fuit:
1556 3353 1603 3377 an
1633 3342 1704 3377 dici
1736 3342 1865 3377 debeat
1896 3342 2115 3387 negotiorum
2171 3345 2327 3378 estorum
2351 3352 2431 3378 eum

1343 3387 1456 3422 teneri
1488 3391 1525 3423 et
1555 3391 1702 3433 propter
1737 3397 1781 3422 ea
1813 3397 1905 3432 quae
1935 3397 2009 3422 non
2038 3386 2149 3431 gessit
2209 3387 2306 3439 quod
2341 3390 2429 3432 puto

1342 3431 1470 3467 verius.
1519 3436 1616 3468 certe
1650 3432 1682 3467 si
1716 3431 1802 3477 quid
1836 3442 1859 3467 a
1893 3441 1933 3467 se
1964 3431 2103 3476 exigere
2125 3430 2268 3474 debuit,
2300 3430 2430 3477 procul

1343 3476 1451 3512 dubio
1486 3476 1555 3512 hoc
1590 3476 1623 3513 ei
1663 3476 1907 3522 imputabitur.
1965 3486 2071 3521 quam
2096 3486 2179 3511 uam
2224 3477 2318 3512 enim
2359 3476 2428 3512 hoc

2496 3423 2502 3435 „
2482 3359 2505 3411 a:
2495 3342 2498 3343 ,
2494 3295 2507 3331 ψ,

1344 3520 1378 3557 ei
1399 3520 1567 3566 imputari
1590 3531 1664 3557 non
1685 3521 1809 3567 possit,
1843 3531 1908 3557 cur
1930 3520 2019 3556 alios
2043 3520 2087 3556 de
2112 3520 2221 3557 itores
2244 3532 2318 3558 non
2341 3530 2427 3556 con·

1345 3679 1405 3710 tua
1415 3689 1478 3710 scr.

1346 3721 1457 3755 buerit
1468 3722 1503 3754 F

1549 3678 1595 3719 (8)
1619 3677 1676 3710 sed
1689 3679 1722 3710 et
1734 3677 1816 3710 Hal.
1897 3678 1942 3719 (ο)
1967 3679 2159 3719 questurum
2171 3677 2207 3710 F

1590 3723 1644 3763 (ιι)
1668 3721 1921 3764 nenegotiorum
1934 3722 1968 3754 F

2282 3678 2341 3719 (ιο)
2367 3676 2427 3709 h·-
