2528 3918
146 85 206 117 DE
235 87 375 119 REBUS
405 87 794 120 INCORPORALIBUS

144 211 285 247 quoque
309 203 345 237 et
366 199 555 235 tributaria
578 198 724 244 praedia
748 198 870 234 eodem
891 198 995 235 modo
1017 199 1226 235 alienantur.

143 250 317 282 vocantur
351 249 470 281 autem
506 244 736 290 stipendiaria
771 249 806 280 et
841 245 1029 280 tributaria
1070 245 1228 290 praedia,

143 301 235 336 quae
257 291 294 326 in
316 290 506 336 provinciis
531 293 632 332 sunt,
664 290 757 326 inter
789 300 880 335 quae
909 301 976 325 nec
1007 302 1079 326 non
1102 290 1230 326 Italica

143 334 289 383 praedia
312 346 356 371 ex
379 338 501 371 nostra
522 335 800 371 constitutione¹
825 335 923 370 nulla
943 335 1142 371 differentia
1162 339 1227 371 est.

143 385 181 416 41
232 380 302 416 Sed
325 381 355 416 si
379 380 519 426 quidem
544 391 587 416 ex
612 391 722 416 causa
746 380 946 416 donationis
971 384 1034 416 aut
1055 381 1146 416 dotis
1166 384 1230 416 aut

166 427 299 462 ualibet
322 426 392 461 alia
416 436 462 461 ex
487 437 598 462 causa
621 426 828 467 tradantur,
861 426 938 461 sine
969 426 1077 463 dubio
1110 430 1227 461 trans-

157 476 321 507 eruntur:
356 471 521 507 venditae
551 482 636 507 vero
669 475 704 506 et
733 471 888 507 traditae
919 482 992 507 non
1022 472 1125 507 aliter
1156 482 1227 507 em-

140 517 233 563 ptori
258 517 512 562 adquiruntur,
544 527 650 569 quam
675 517 705 552 si
728 517 759 552 is
783 517 956 552 venditori
980 517 1133 562 pretium
1156 517 1226 552 sol-

140 563 228 599 verit
250 563 304 598 vel
323 563 392 598 alio
412 563 517 598 modo
537 573 569 597 e1
588 562 812 604 satisfecerit,
837 563 945 598 veluti
970 563 1228 608 expromissore

139 612 202 643 aut
231 607 377 653 pignore
407 608 502 643 dato.
539 608 635 653 quod
666 611 811 643 cavetur
842 608 983 652 quidem
1015 608 1121 643 etiam
1152 608 1228 653 lege

139 653 325 689 duodecim
359 654 580 688 tabularum:
625 656 744 688 tamen
786 657 884 688 recte
920 653 1048 688 dicitur
1082 657 1118 689 et
1150 653 1227 688 iure

138 699 304 744 gentium,
329 698 366 733 id
390 700 467 734 est2
490 699 567 734 iure
590 698 755 741 naturali,
780 698 816 733 id
841 698 945 733 effici.
985 699 1047 734 sed
1067 699 1096 734 si
1115 698 1146 734 is
1167 699 1227 744 qui

138 744 295 780 vendidit
325 743 430 779 fidem
462 744 631 789 emptoris
667 747 812 779 secutus
847 743 999 786 suerit³‚
1037 744 1226 779 dicendum

137 793 179 824 42
228 790 305 825 est⁴
329 790 448 825 statim
472 800 547 825 rem
571 789 739 835 emptoris
759 789 846 824 fieri.
896 789 1014 824 ⁵Nihil
1034 793 1153 824 autem
1172 789 1225 826 in-

136 838 257 877 terest,
282 838 402 870 utrum
426 835 502 880 ipse
526 835 689 870 dominus
713 835 834 869 tradat
857 835 964 870 alicui
987 846 1072 877 rem,
1097 846 1144 870 an
1164 846 1225 870 vo-

137 884 179 916 43
227 881 364 916 luntate
378 881 452 916 eius
465 881 555 916 alius
566 882 590 916 ¹³.
641 881 718 925 Qua
728 881 877 923 ratione,
903 881 933 915 si
946 881 1151 916 cui⁷libera
1163 892 1224 915 ne-

135 926 336 972 gotiorum⁸
359 926 616 961 administratio
642 937 664 961 a
688 926 828 961 domino
853 926 1026 971 permissa
1049 926 1159 961 fuerit
1177 926 1224 960 is-

136 982 205 1017 que
229 982 272 1006 ex
295 971 350 1006 his
375 971 523 1017 negotiis
548 982 622 1007 rem
645 971 840 1007 vendiderit
860 975 895 1006 et
916 971 1112 1013 tradiderit,
1137 971 1225 1006 facit

135 1021 179 1052 44
226 1027 304 1052 eam
328 1017 547 1062 accipientis.
595 1017 778 1051 Interdum
804 1017 909 1052 etiam
934 1017 1010 1052 sine
1033 1017 1225 1052 traditione

136 1062 233 1099 nuda
256 1063 421 1098 voluntas
445 1062 579 1098 sufficit
603 1062 736 1098 domini
759 1062 806 1097 ad
829 1073 903 1097 rem
927 1062 1224 1104 transferendam,

137 1108 245 1143 veluti
270 1109 299 1143 si
323 1118 416 1150 rem,
449 1118 555 1153 quam
585 1108 650 1143 tibi
674 1108 800 1153 aliquis
825 1108 1062 1143 commodavit
1085 1112 1148 1143 aut
1171 1109 1223 1143 lo-

136 1153 228 1189 cavit
252 1157 316 1188 aut
339 1153 435 1198 apud
459 1157 495 1189 te
519 1153 700 1198 deposuit,
734 1153 931 1189 vendiderit
961 1154 1051 1188 tibi⁰
1074 1157 1138 1188 aut
1161 1153 1223 1188 do-

136 1199 281 1234 naverit.
331 1199 490 1244 quamvis
522 1199 615 1234 enim
648 1209 691 1234 ex
723 1209 765 1234 ea
797 1209 908 1234 causa
939 1199 1003 1234 tibi
1039 1210 1117 1234 eam
1152 1210 1224 1234 non

134 1244 338 1287 tradiderit,
371 1255 412 1279 eo
437 1248 556 1279 tamen
579 1244 676 1290 ipso,
710 1245 805 1289 quod
837 1245 972 1290 patitur
1002 1248 1101 1280 tuam
1134 1255 1223 1287 esse,

134 1290 253 1326 statim
277 1290 476 1335 adquiritur
499 1290 565 1324 tibi
587 1289 788 1335 proprietas
812 1290 961 1335 perinde
982 1301 1025 1325 ac
1046 1290 1076 1325 si
1098 1301 1139 1325 eo
1158 1301 1221 1325 no-

133 1338 175 1370 45
223 1335 316 1370 mine
350 1335 483 1371 tradita
516 1335 654 1370 fuisset.
710 1336 799 1370 Item
834 1336 864 1371 si
902 1336 979 1380 quis
1015 1346 1150 1371 merces
1186 1336 1223 1370 in

132 1381 260 1416 horreo
282 1381 461 1426 depositas
482 1380 690 1424 vendiderit,
716 1381 819 1416 simul
841 1385 948 1426 atque
968 1381 1084 1416 claves
1104 1381 1223 1416 horrei

132 1425 318 1461 tradiderit
337 1426 497 1471 emptori,
522 1426 696 1462 transfert
714 1426 967 1472 proprietatem
987 1427 1157 1462 mercium
1177 1427 1223 1461 ad

132 1475 175 1507 46
222 1475 427 1516 emptorem.
474 1471 553 1507 Hoc
565 1472 717 1517 amplius
738 1472 917 1507 interdum
938 1476 973 1507 et
993 1472 1030 1507 in
1050 1472 1223 1508 incertam

133 1527 320 1562 personam
361 1517 538 1554 collocata
550 1518 578 1538 ¹⁰
607 1517 773 1553 voluntas
806 1517 938 1553 domini
969 1517 1142 1553 transfert
1172 1518 1223 1553 rei

156 1563 403 1614 roprietatem:
429 1566 469 1598 ut
481 1573 565 1599 ecce
576 1566 760 1608 praetores
774 1563 827 1598 vel
843 1563 1020 1605 consules,
1035 1563 1096 1608 qui
1108 1563 1222 1599 missi-

132 1575 178 1643 lia
201 1612 337 1644 lactant
359 1608 396 1643 in
419 1608 562 1654 vulgus,
593 1609 776 1653 ignorant,
809 1609 895 1654 quid
930 1619 1051 1644 eorum
1075 1610 1224 1654 quisque

132 1657 346 1699 excepturus
372 1654 435 1696 sit,
469 1658 504 1689 et
526 1657 667 1696 tamen,
700 1654 783 1699 quia
806 1655 931 1690 volunt
954 1654 1050 1699 quod
1075 1654 1224 1699 quisque

132 1710 216 1734 exce
244 1699 310 1734 erit
334 1699 407 1735 eius
439 1710 538 1742 esse,
570 1700 691 1735 statim
724 1710 803 1734 eum
836 1700 1018 1735 dominum
1050 1700 1221 1735 efficiunt.

131 1748 172 1779 47
252 1755 299 1780 ua
322 1745 461 1780 ratione
484 1745 600 1781 verius
624 1755 702 1780 esse
733 1745 873 1780 videtur
904 1749 957 1788 et,
990 1745 1020 1781 si
1051 1756 1125 1780 rem
1157 1756 1222 1790 pro

131 1790 299 1826 derelicto
324 1801 346 1825 a
370 1790 511 1826 domino
535 1790 695 1826 habitam
719 1791 948 1836 occupaverit
971 1791 1068 1836 quis,
1102 1791 1223 1827 statim

133 1846 213 1871 eum
248 1835 430 1871 dominum
465 1836 569 1872 effici.
608 1847 673 1881 pro
707 1836 874 1872 derelicto
907 1840 1026 1872 autem
1057 1837 1222 1880 habetur,

131 1880 226 1926 quod
250 1881 413 1916 dominus
437 1892 481 1917 ea
503 1885 620 1917 mente
644 1882 832 1924 abiecerit,
864 1886 906 1918 ut
935 1882 972 1917 id
995 1892 1114 1917 rerum
1139 1892 1221 1917 sua-

130 1938 208 1962 rum
233 1937 311 1962 esse
334 1927 455 1970 nollet,
479 1927 629 1972 ideoque
654 1927 775 1963 statim
795 1927 959 1963 dominus
981 1938 1059 1963 esse
1078 1928 1217 1963 desinit.

130 1975 173 2007 48
226 1972 340 2007 ”Alia
372 1983 485 2008 causa
520 1977 573 2008 est
607 1983 727 2008 earum
758 1983 896 2016 rerum,
934 1983 1026 2026 quae
1059 1973 1097 2008 in
1132 1978 1220 2008 tem-

129 2020 268 2063 pestate
299 2018 406 2053 maris
436 2018 609 2054 levandae
639 2018 738 2054 navis
771 2029 882 2054 causa
922 2019 1108 2055 eiciuntur.
1153 2020 1222 2054 hae

129 2063 221 2098 enim
246 2062 469 2100 dominorum
491 2067 711 2109 permanent,
738 2064 821 2110 quia
844 2064 965 2110 palam
989 2067 1044 2100 est
1068 2075 1128 2100 eas
1148 2076 1221 2100 non

129 2119 171 2144 eo
195 2109 311 2144 animo
338 2109 422 2152 eici,
455 2119 525 2154 quo
539 2110 567 2130 ¹²
591 2110 670 2154 quis
695 2119 755 2145 eas
778 2110 912 2146 habere
936 2121 1008 2145 non
1032 2110 1125 2150 vult,
1158 2110 1221 2145 sed

129 2165 198 2199 quo
223 2154 334 2199 magis
359 2165 440 2190 cum
463 2155 542 2200 ipsa
573 2165 663 2190 nave
686 2155 883 2200 periculum
915 2156 1023 2190 maris
1056 2156 1218 2201 effugiat:

129 2210 200 2245 qua
223 2199 268 2235 de
292 2210 402 2235 causa
425 2200 456 2236 si
479 2200 558 2246 quis
579 2210 640 2236 eas
659 2200 829 2236 fluctibus
851 2202 1018 2246 expulsas
1038 2201 1093 2236 vel
1113 2202 1219 2236 etiam

128 2245 164 2280 in
187 2245 265 2290 ipso
286 2246 376 2281 mari
395 2249 522 2281 nactus
542 2246 705 2281 lucrandi
724 2247 841 2282 animo
862 2246 1059 2289 abstulerit,
1084 2246 1219 2282 furtum

128 2290 324 2326 committit.
360 2301 427 2327 nec
449 2291 553 2337 longe
576 2291 759 2328 discedere
781 2292 946 2328 videntur
969 2292 1014 2327 ab
1036 2292 1102 2334 his,
1128 2303 1219 2338 quae

127 2336 172 2416 ge
196 2335 308 2416 {heda
332 2338 536 2373 currente¹³
560 2347 633 2373 non
661 2338 940 2383 intellegentibus
973 2337 1124 2374 dominis
1157 2349 1216 2373 ca-

151 2392 200 2417 un
219 2409 227 2417 .

336 2496 397 2529 DE
422 2497 569 2530 REBUS
595 2497 999 2532 INCORPORALIBUS.

175 2564 201 2585 ¹⁴
213 2563 403 2608 ’Quaedam
434 2566 619 2609 praeterea
649 2575 705 2600 res
738 2565 940 2610 corporales
973 2568 1075 2609 sunt,
1108 2576 1216 2611 quae-

130 2613 143 2645 1
193 2609 285 2645 'dam
303 2609 557 2655 incorporales.
606 2609 818 2655 Corporales
839 2621 904 2646 eae
924 2614 1019 2654 sunt,
1045 2621 1138 2656 quae
1162 2612 1216 2647 sui

126 2655 265 2690 ’natura
287 2655 386 2700 tangi
408 2658 577 2700 possunt:
602 2655 710 2690 veluti
733 2655 867 2691 fundus
891 2657 998 2692 homo
1020 2657 1128 2692 vestis
1150 2667 1214 2692 au-

126 2701 214 2736 'rum
249 2703 434 2746 argentum
466 2703 500 2735 et
534 2699 684 2745 denique
715 2701 807 2736 aliae
837 2711 895 2737 res
926 2701 1213 2754 innumerabiles.

126 2746 447 2827 »ἳηᾼὶζθᾝῖἔῗὲε
473 2748 1213 2828 attssmssuffleqffislffit9220113581333·

125 2803 238 2879 ditas,
263 2847 349 2872 usus
366 2802 557 2879 fruct1i1s¹⁵,
584 2836 817 2881 obligationes
838 2848 981 2882 quoquo
1001 2838 1106 2874 modo
1129 2849 1213 2874 con-

126 2882 281 2918 tractae.
307 2892 373 2917 nec
399 2882 444 2917 ad
467 2892 540 2917 rem
564 2883 728 2927 pertinet,
754 2883 849 2928 quod
872 2882 910 2917 in
933 2883 1132 2918 hereditate
1156 2894 1214 2919 res

125 2927 339 2974 'corporales
360 2927 605 2963 continentur:
627 2938 710 2962 nam
730 2932 765 2963 et
783 2928 936 2971 fructus,
957 2928 1018 2973 qui
1039 2939 1083 2964 ex
1101 2928 1213 2964 fundo

125 2973 398 3018 'percipiuntur‚
424 2973 628 3018 corporales
652 2976 737 3009 sunt
760 2976 796 3009 et
818 2973 873 3017 id,
906 2973 1001 3019 quod
1027 2984 1070 3009 ex
1094 2974 1215 3019 aliqua

125 3018 349 3064 'obligatione
372 3018 475 3053 nobis
500 3018 668 3061 debetur,
700 3018 908 3065 plerumque
940 3019 1124 3065 corporale
1149 3022 1212 3055 est.

128 3064 245 3098 'veluti
261 3065 394 3100 fundus
411 3066 516 3100 homo
534 3065 707 3110 pecunia:
729 3075 812 3100 nam
828 3067 947 3109 ipsum
962 3066 1017 3099 ius
1032 3064 1209 3099 heredita-

129 3107 185 3144 ’tis
198 3109 237 3130 ¹⁵·
261 3111 298 3144 et
319 3109 437 3162 ipsum
459 3109 517 3145 ius
541 3109 665 3145 utendi
688 3109 833 3145 fruendi
852 3113 888 3145 et
907 3110 1025 3155 ipsum
1044 3109 1100 3144 ius
1121 3108 1211 3143 obli-

129 3157 148 3188 3
196 3154 358 3199 'gationis
372 3155 600 3201 incorporale
617 3157 682 3191 est.
715 3155 854 3191 Eodem
869 3165 1016 3190 numero
1035 3156 1119 3190 sunt
1133 3154 1213 3189 iura

124 3269 163 3306 (1)
192 3268 271 3301 Coa.
286 3269 317 3307 7,
331 3275 373 3308 31,
387 3275 400 3302 1
524 3271 566 3308 (2)
591 3268 627 3301 id
640 3270 702 3310 est]
716 3269 789 3309 AT,
803 3271 837 3301 et
848 3269 885 3302 B
1011 3272 1053 3310 (3)
1079 3271 1213 3301 secutus

123 3312 238 3354 fuerit]
253 3313 327 3346 BT
344 3315 519 3346 secuturus
533 3315 679 3355 (secutus
690 3314 750 3352 Al)
765 3317 816 3347 est
827 3315 858 3347 Α
1016 3317 1058 3358 (4)
1083 3315 1147 3347 dic.
1164 3317 1214 3347 est

123 3370 183 3391 om.
198 3357 234 3390 B
380 3359 422 3400 (5)
451 3363 466 3397 §
483 3366 578 3393 42..46
593 3372 632 3392 esc
648 3359 724 3393 Gai.
739 3360 759 3393 l.
774 3367 790 3393 2
804 3372 865 3393 rer.
881 3367 952 3393 cott-
969 3360 1062 3404 (Diy.
1076 3361 1131 3400 41,
1145 3367 1168 3402 1,
1184 3367 1212 3400 9,

124 3403 196 3444 4..7)
359 3404 401 3443 (6)
427 3403 527 3445 alius]
539 3405 616 3444 ΑΘ,
631 3404 756 3447 aliquis
768 3406 862 3449 Diy,
875 3404 962 3437 alius
975 3408 1034 3438 aut
1046 3405 1213 3447 possessio

124 3447 198 3480 eius
211 3447 260 3480 rei
274 3449 436 3489 permissa
448 3449 493 3481 sit
507 3449 564 3489 (sit
578 3462 635 3483 om.
650 3450 698 3492 B)
713 3450 786 3483 BT
973 3452 1015 3491 (7)
1041 3451 1097 3483 cui
1108 3463 1166 3483 om.
1180 3450 1213 3483 A

125 3494 168 3532 (8)
194 3493 418 3535 negotiorum]
432 3494 595 3538 BDiyffi,
610 3495 841 3527 universorum
854 3505 929 3537 neg.
943 3496 1014 3529 AT
1077 3499 1120 3534 (9)
1147 3495 1212 3527 tibi

125 3549 183 3570 om.
198 3538 233 3571 B
325 3539 384 3580 (10)
410 3540 458 3572 sic
466 3539 591 3584 Amy„
606 3539 730 3572 collata
742 3541 816 3574 BT
914 3544 968 3581 (11)
996 3545 1011 3580 §
1027 3548 1063 3575 48
1078 3553 1117 3574 esc
1133 3540 1209 3574 Gai.

127 3581 145 3614 l.
161 3589 178 3615 2
191 3595 254 3616 rer.
269 3589 339 3616 εστι.
354 3584 447 3627 (Diq.
462 3585 517 3626 41,
529 3592 554 3626 1,
570 3592 597 3628 9,
612 3589 642 3626 8)
716 3587 773 3627 (12)
799 3585 888 3628 quod
901 3586 982 3629 Diq.

127 3629 231 3668 rente]
246 3627 319 3668 AT,
333 3640 391 3661 om.
406 3630 441 3661 B

169 3672 231 3714 (14)
259 3672 335 3706 Gai.
350 3675 381 3715 2,
394 3680 483 3707 12..u
507 3675 588 3719 Diy.
606 3677 635 3716 1,
649 3683 678 3717 8,
692 3683 715 3717 ι,
731 3683 742 3709 1
832 3677 892 3719 (15)
916 3678 963 3710 sic
981 3677 1057 3711 Gai.
1072 3678 1153 3721 Diq.
1169 3677 1211 3720 Θ,

127 3727 204 3750 tum
217 3717 346 3750 fructus
358 3728 437 3750 usus
451 3720 529 3752 libri
609 3721 680 3762 (15¹)
706 3722 921 3754 successionis
937 3722 1014 3756 Gai.
1029 3722 1109 3766 Diq.

1053 3588 1111 3627 (13)
1136 3596 1210 3618 cur-

1236 68 1285 116 13

2014 81 2160 124 INST.
2192 84 2246 135 II,
2282 88 2386 127 1-—4

1303 203 1541 249 'praediorum
1572 204 1793 240 urbanorum
1824 206 1861 240 et
1887 202 2130 245 rusticorum‘,
2164 209 2257 246 quae
2281 200 2389 235 etiam

1303 249 1492 286 servitutes
1517 253 1701 285 vocantur.

1794 340 1851 377 ΙΙΙ
1864 338 1891 359 ¹⁰

1629 404 1688 436 DE
1716 405 2057 439 SEersu'mBUs.

1348 470 1613 506 ¹⁷Rusticorum
1626 470 1851 515 praediorum
1864 472 1943 507 iura
1964 476 2048 507 sunt
2067 472 2176 509 haec:
2198 473 2266 508 iter
2287 476 2389 510 actus

1297 516 1353 551 via
1376 526 1492 561 aquae
1516 516 1655 551 ductus.
1691 516 1759 551 iter
1783 521 1837 551 est
1860 517 1915 552 ius
1948 518 2055 553 cundi
2088 519 2294 554 ambulandi
2325 519 2389 555 ho-

1297 562 1399 604 mini,
1436 572 1508 597 non
1545 562 1652 596 etiam
1688 562 1883 597 iumentum
1918 563 2044 607 agendi
2077 564 2131 599 vel
2166 565 2389 600 vehiculum:

1296 611 1399 642 actus
1436 610 1491 642 est
1525 607 1579 642 ius
1613 607 1740 651 agendi
1769 607 1825 642 vel
1859 607 2055 643 iumentum
2090 610 2145 644 vel
2177 610 2388 645 vehiculum.

1296 653 1416 697 itaque
1440 653 1501 698 qui
1525 653 1592 687 iter
1615 653 1742 695 habet,
1777 656 1898 688 actum
1929 664 2000 688 non
2025 654 2145 689 habet.
2185 655 2245 700 qui
2270 659 2390 691 actum

1296 699 1414 741 habet,
1441 702 1476 733 et
1489 699 1516 719 ¹⁸
1539 698 1607 733 iter
1630 698 1740 733 habet
1764 708 1877 743 eoque
1901 699 1953 733 uti
1972 703 2092 743 potest
2114 700 2218 734 etiam
2239 701 2315 736 sine
2335 702 2389 736 iu-

1296 747 1426 779 mento.
1463 743 1520 779 via
1552 747 1606 778 est
1637 743 1693 778 ius
1726 744 1834 778 eundi
1867 747 1902 778 et
1933 744 2061 789 agendi
2095 748 2130 779 et
2165 746 2388 782 ambulandi:

1295 800 1377 824 nam
1398 793 1432 824 et
1450 789 1518 824 iter
1537 793 1572 824 et
1591 793 1712 824 actum
1731 789 1769 823 in
1789 799 1827 824 se
1846 789 1903 824 via
1925 789 2093 825 continet.
2127 801 2242 835 aquae
2262 792 2390 827 ductus

1298 837 1310 868 1
1363 834 1485 870 estius
1499 845 1613 880 aquae
1626 834 1811 870 ducendae
1823 845 1887 880 per
1899 834 2047 870 fundum
2061 835 2225 871 alienum.
2253 838 2388 872 ¹⁹Prae-

1295 880 1433 915 diorum
1457 881 1676 916 urbanorum
1699 883 1785 915 sunt
1808 880 2006 922 servitutes,
2032 891 2124 926 quae
2143 882 2314 918 aedificiis
2336 883 2389 917 in-

1294 926 1453 968 haerent,
1478 925 1558 961 ideo
1580 926 1800 961 urbanorum
1819 925 2047 970 praediorum
2068 926 2197 968 dictae,
2223 928 2390 972 quoniam

1295 970 1458 1006 aedificia
1483 971 1602 1006 omnia
1626 971 1764 1006 urbana
1796 971 1944 1015 praedia
1977 981 1998 1005 a
2026 972 2222 1016 pellantur,
2256 974 2320 1008 etsi
2354 974 2390 1008 iu

1294 1017 1376 1051 villa
1409 1016 1600 1051 aedificata
1636 1020 1730 1051 sunt.
1777 1016 1862 1051 item
1906 1027 1992 1061 prae
2018 1017 2133 1052 iorum
2169 1018 2387 1054 urbanorum

1294 1062 1481 1097 servitutes
1506 1066 1591 1097 sunt
1610 1062 1696 1097 hae:
1722 1065 1763 1096 ut
1781 1062 1919 1097 vicinus
1941 1073 2051 1097 onera
2069 1062 2175 1097 vicini
2195 1063 2388 1099 sustineat:

1294 1111 1334 1142 ut
1363 1108 1399 1141 in
1430 1107 1603 1152 parietem
1636 1108 1711 1142 eius
1742 1107 1850 1142 liceat
1880 1107 1995 1142 vicino
2020 1108 2157 1153 tignum
2180 1109 2386 1144 immittere:

1295 1157 1333 1188 ut
1357 1153 1573 1188 stillicidium
1598 1153 1653 1188 vel
1675 1152 1810 1188 flumen
1834 1153 1984 1198 recipiat
2008 1154 2086 1198 quis
2110 1153 2147 1188 in
2171 1154 2277 1190 aedes
2302 1165 2387 1190 suas

1293 1199 1347 1234 vel
1370 1199 1406 1233 in
1431 1209 1551 1233 aream
1561 1200 1611 1241 ²⁰,
1636 1199 1690 1234 vel
1722 1209 1795 1233 non
1829 1199 1996 1243 recipiat:
2030 1202 2066 1234 et
2088 1210 2134 1233 ne
2157 1200 2264 1235 altius
2288 1200 2391 1236 tollat

1294 1247 1313 1279 2
1361 1243 1438 1289 quis
1453 1244 1557 1280 aedes
1579 1254 1676 1286 suas,
1697 1254 1743 1279 ne
1754 1244 1946 1279 luminibus
1959 1244 2066 1279 vicini
2079 1243 2269 1281 officiatur.
2308 1246 2389 1281 ²¹In

1292 1290 1507 1325 rusticorum
1528 1290 1756 1335 praediorum
1776 1289 1963 1325 servitutes
1974 1290 2006 1310 ²²
2025 1290 2168 1342 quidam
2189 1291 2389 1336 computari

1292 1339 1389 1371 recte
1412 1339 1542 1380 putant
1565 1346 1681 1381 aquae
1706 1336 1894 1378 haustum,
1928 1345 2067 1380 pecorls
2100 1336 2146 1371 ad
2171 1347 2301 1382 aquam
2326 1337 2387 1371 ad-

1291 1381 1445 1462 pulsgm,
1470 1381 1525 1416 ius
1549 1381 1740 1426 pascendi,
1767 1380 1876 1416 calcis
1902 1381 2128 1426 coquendae,
2153 1382 2309 1418 harenae
2332 1382 2387 1418 fo-

1316 1437 1372 1462 1en
1400 1437 1452 1462 ae.

1293 1475 1312 1507 3
1406 1472 1491 1507 Ideo
1517 1476 1637 1508 autem
1661 1472 1730 1507 hae
1750 1472 1937 1507 servitutes
1957 1472 2184 1517 praediorum
2204 1473 2388 1517 appellan-

1292 1521 1369 1560 tur,
1406 1518 1574 1563 quoniam
1610 1517 1686 1553 sine
1716 1517 1872 1562 praediis
1906 1518 2077 1553 constitui
2112 1528 2184 1553 non
2220 1522 2383 1563 possunt.

1293 1574 1394 1599 nemo
1429 1564 1523 1598 enim
1553 1566 1675 1616 potest
1705 1564 1912 1598 servitutem
1945 1563 2133 1608 adquirere
2167 1564 2297 1599 urbani
2332 1564 2385 1602 vel

1292 1609 1415 1644 rustici
1439 1609 1595 1654 praedii,
1628 1608 1696 1644 nisi
1720 1608 1782 1654 qui
1813 1609 1923 1644 habet
1955 1609 2158 1654 praedium,
2192 1620 2258 1644 nec
2290 1610 2385 1655 quis-

1293 1658 1312 1689 4
1361 1665 1467 1700 quam
1492 1655 1640 1697 debere,
1675 1654 1742 1690 nisi
1773 1655 1834 1699 qui
1866 1654 1975 1689 habet
1998 1654 2193 1700 praedium.
2244 1655 2281 1690 Si
2306 1656 2386 1700 quis

1292 1700 1375 1735 velit
1398 1700 1513 1736 vicino
1540 1699 1684 1745 aliquod
1714 1700 1770 1735 ius
1803 1700 2041 1743 constituere,
2073 1700 2299 1746 pactionibus
2332 1705 2385 1736 at-

1293 1756 1361 1791 que
1392 1746 1682 1791 stipulationibus
1715 1745 1751 1780 id
1775 1745 1919 1781 efficere
1943 1745 2058 1781 debet.
2097 1746 2256 1791 2³potest
2280 1746 2386 1782 etiam

1291 1792 1327 1826 in
1351 1795 1564 1826 testamento
1591 1791 1669 1836 quis
1694 1791 1858 1827 heredem
1879 1801 1983 1826 suum
2003 1791 2185 1834 damnare,
2209 1802 2254 1827 ne
2278 1792 2385 1828 altius

1291 1837 1454 1880 tollat²⁴,
1480 1847 1525 1872 ne
1548 1836 1740 1872 luminibus
1764 1836 1905 1872 aedium
1936 1837 2042 1872 vicini
2074 1837 2227 1872 officiat:
2261 1838 2315 1872 vel
2346 1841 2387 1873 ut

1291 1883 1449 1928 patiatur
1474 1893 1553 1918 eum
1577 1883 1713 1927 tignum
1736 1881 1773 1917 in
1797 1882 1969 1927 parietem
1994 1882 2182 1918 immittere
2205 1884 2260 1918 vel
2285 1883 2384 1918 stilli-

1292 1928 1422 1964 cidium
1452 1928 1603 1964 habere:
1636 1928 1690 1963 vel
1724 1931 1764 1963 ut
1788 1927 1946 1973 patiatur
1970 1939 2048 1964 eum
2073 1939 2137 1974 per
2160 1927 2311 1963 fundum
2334 1929 2386 1964 ire

1290 1984 1394 2019 agere
1418 1984 1592 2019 aquamve
1617 1984 1661 2009 ex
1685 1984 1726 2009 co
1753 1972 1894 2009 ducere.

1780 2068 1857 2106 1111
1867 2066 1896 2087 ²⁵

1642 2134 1704 2166 DE
1731 2134 1819 2166 USU
1842 2133 2032 2166 FRUCTU.

1334 2200 1469 2236 ²⁰Usus
1493 2200 1634 2236 fructus
1659 2203 1715 2236 est
1737 2200 1793 2236 ius
1817 2199 1942 2236 alienis
1967 2200 2073 2236 rebus
2099 2201 2221 2237 utendi
2241 2201 2382 2237 fruendi

1287 2247 1385 2282 salva
1407 2256 1526 2281 rerum
1550 2246 1764 2281 substantia.
1802 2249 1857 2281 est
1877 2246 1968 2281 enim
1987 2245 2043 2282 ius
2063 2246 2099 2281 in
2118 2257 2286 2292 corpore:
2311 2259 2381 2293 quo

1290 2296 1303 2327 1
1355 2292 1497 2327 sublato
1523 2295 1559 2327 et
1581 2292 1698 2337 ipsum
1721 2292 1799 2327 tolli
1822 2302 1970 2327 necesse
2003 2295 2067 2327 est.
2117 2292 2211 2328 Usus
2243 2292 2382 2328 fructus

1287 2349 1309 2373 a
1339 2337 1559 2383 proprietate
1590 2337 1854 2382 separationem
1883 2337 2012 2382 recipit
2042 2337 2149 2382 idque
2180 2338 2340 2383 plurimis
2351 2340 2382 2360 ²⁷

1286 2383 1400 2418 modis
1426 2382 1568 2419 accidit.
1604 2387 1646 2418 ut
1678 2393 1761 2418 ecce
1792 2382 1821 2418 si
1853 2382 1932 2428 quis
1956 2382 2064 2418 alicui
2096 2394 2201 2418 usum
2223 2383 2381 2419 fructum

1286 2429 1473 2474 legaverit:
1519 2439 1602 2463 nam
1638 2429 1741 2464 heres
1787 2428 1918 2463 nudam
1963 2428 2073 2463 habet
2139 2439 2177 2464 ro
2206 2429 2380 2472 rietatem,

1285 2474 1477 2519 legatarius
1502 2484 1606 2509 usum
1629 2473 1804 2509 fructum:
1832 2476 1868 2509 et
1888 2476 2015 2509 contra
2045 2473 2075 2508 si
2123 2485 2171 2508 un
2198 2485 2258 2509 um
2282 2475 2378 2519 lega-

1284 2520 1375 2555 verit
1409 2519 1564 2555 deducto
1601 2529 1670 2554 usu
1704 2519 1847 2562 fructu,
1882 2518 2074 2563 legatarius
2106 2519 2238 2554 nudam
2271 2520 2380 2555 habet

1284 2565 1558 2611 proprietatem,
1593 2565 1697 2599 heres
1734 2575 1816 2599 vero
1853 2574 1959 2599 usum
1988 2563 2165 2599 fructum:
2202 2565 2288 2600 item
2319 2566 2379 2600 alii

1284 2621 1389 2646 usum
1411 2610 1580 2652 fructum,
1605 2610 1665 2644 alii
1690 2609 1843 2644 deducto
1868 2619 1910 2644 eo
1933 2608 2084 2644 fundum
2107 2609 2225 2655 legare
2247 2614 2377 2656 potest.

1286 2657 1316 2677 ²⁸
1326 2656 1402 2691 sine
1421 2658 1635 2690 testamento
1656 2665 1738 2689 vero
1760 2654 1789 2689 si
1810 2654 1888 2699 quis
1908 2655 1991 2690 velit
2012 2654 2071 2690 alii
2090 2665 2195 2690 usum
2221 2655 2379 2691 fructum

1285 2701 1522 2743 constituere,
1546 2700 1775 2746 pactionibus
1802 2704 1837 2734 et
1861 2699 2151 2745 stipulationibus
2174 2701 2212 2735 id
2236 2701 2378 2737 efficere

1284 2747 1400 2782 debet.
1438 2756 1483 2781 ne
1514 2749 1635 2781 tamen
1666 2746 1703 2780 in
1732 2745 1939 2780 universum
1970 2746 2111 2781 inutiles
2144 2750 2264 2782 essent
2293 2758 2376 2792 pro-

1283 2793 1453 2838 prietates
1479 2801 1619 2835 semper
1642 2790 1858 2826 abscedente
1882 2801 1951 2826 usu
1974 2790 2115 2834 fructu,
2138 2792 2275 2837 placuit
2300 2804 2376 2828 cer-

1284 2838 1328 2873 tis
1360 2837 1475 2872 modis
1502 2836 1660 2881 extingui
1683 2846 1788 2871 usum
1810 2836 1968 2871 fructum
1993 2839 2028 2872 et
2052 2836 2099 2872 ad
2122 2838 2376 2883 proprietatem

1283 2886 1302 2917 2
1350 2882 1489 2917 reverti.
1540 2881 1776 2917 Constituitur
1800 2885 1919 2917 autem
1938 2893 2025 2917 usus
2044 2882 2184 2918 fructus
2204 2894 2276 2919 non
2295 2887 2375 2918 tan-

1283 2931 1358 2963 tum
1382 2928 1420 2962 in
1442 2926 1554 2962 fundo
1581 2930 1616 2962 et
1639 2927 1804 2970 aedibus,
1837 2938 1960 2963 verum
1991 2928 2098 2962 etiam
2129 2928 2166 2963 in
2198 2928 2308 2964 servis
2341 2933 2376 2963 et

1281 2973 1446 3008 iumentis
1473 2972 1670 3017 ceterisque
1693 2972 1800 3008 rebus
1827 2972 1983 3018 exceptis
2007 2973 2062 3008 his
2088 2984 2179 3018 quae
2202 2974 2281 3019 ipso
2306 2985 2375 3010 usu

1283 3020 1561 3053 consumuntur:
1594 3028 1678 3052 nam
1703 3027 1766 3053 eae
1775 3018 1807 3039 ²⁹
1831 3028 1946 3063 neque
1969 3019 2127 3053 naturali
2150 3019 2289 3055 ratione
2312 3031 2374 3055 ne-

1282 3074 1351 3108 que
1376 3062 1469 3098 civili
1492 3062 1670 3107 recipiunt
1692 3074 1798 3099 usum
1820 3063 1988 3099 fructum.
2022 3075 2092 3110 quo
2117 3076 2266 3100 numero
2292 3070 2375 3100 sunt

1281 3109 1400 3144 vinum
1425 3108 1542 3143 oleum
1565 3109 1783 3144 frumentum
1805 3109 2025 3145 vestimenta.
2059 3109 2187 3154 quibus
2212 3111 2374 3156 proxima

1282 3157 1336 3189 est
1366 3153 1520 3199 pecunia
1550 3157 1754 3190 numerata:
1788 3165 1943 3200 namque
1965 3154 2003 3190 in
2026 3154 2105 3200 ipso
2131 3166 2201 3191 usu
2225 3156 2375 3191 adsidua

1330 3270 1387 3310 (16)
1418 3268 1468 3311 Cf
1483 3269 1565 3313 Dz'y-
1580 3275 1596 3303 8
1626 3269 1703 3303 Cod.
1719 3270 1750 3309 3,
1765 3276 1799 3302 34
1939 3270 1996 3311 (17)
2019 3282 2072 3312 pr.
2087 3282 2126 3302 esc
2144 3270 2218 3312 Ulp.
2236 3270 2254 3302 ἶ.
2270 3270 2369 3303 21'7188.

1284 3314 1375 3357 (Diy.
1391 3314 1422 3353 8,
1435 3320 1462 3354 3,
1475 3315 1566 3357 lpr.)
1660 3315 1719 3356 (18)
1746 3315 1791 3355 et]
1809 3315 1916 3358 TDz'y.
1924 3315 1963 3355 Θ,
1977 3327 2034 3347 om.
2050 3315 2087 3348 B
2182 3316 2240 3355 (19)
2269 3320 2283 3353 §
2300 3322 2308 3347 1
2328 3316 2370 3347 in.

1283 3372 1321 3391 ex
1336 3359 1411 3401 Ulp.
1426 3359 1447 3392 l.
1461 3371 1487 3392 c.
1504 3360 1597 3403 (Diq.
1613 3360 1644 3400 8,
1658 3367 1684 3400 4,
1699 3367 1712 3393 1
1723 3364 1788 3403 pr.)
1799 3360 1814 3391 Ρ
1978 3363 2040 3402 (20)
2065 3361 2113 3393 sic
2124 3358 2256 3399 BD‘Q
2272 3359 2321 3390 vel
2335 3360 2370 3391 in

1281 3404 1428 3437 cloacam
1442 3405 1518 3438 add.
1533 3406 1607 3438 dett.
1720 3407 1777 3445 (21)
1806 3409 1821 3444 §
1838 3412 1866 3438 2.
1879 3412 1895 3438 3
1909 3418 1947 3438 ex
1962 3406 2039 3448 Ulp.
2054 3407 2074 3438 ῑ.
2089 3418 2114 3438 c.
2129 3405 2222 3448 (Εἰς).
2235 3406 2265 3445 8,
2279 3412 2305 3444 3,
2320 3412 2368 3444 1,1

1282 3457 1312 3482 et
1325 3449 1355 3489 8,
1370 3455 1396 3489 4,
1410 3456 1436 3492 1,
1448 3450 1475 3492 1)
1569 3451 1632 3492 (22)
1657 3452 1705 3483 sic
1722 3450 1792 3490 ΤΘ,
1807 3451 1969 3482 servitute
1981 3451 2018 3483 B
2111 3451 2170 3490 (23)
2200 3454 2216 3488 §
2231 3451 2316 3491 4fin.
2332 3462 2371 3482 ex

1286 3493 1367 3528 Gaii
1378 3496 1398 3527 l.
1412 3501 1429 3528 2
1442 3507 1506 3528 rer.
1521 3503 1591 3529 cott.
1608 3495 1700 3540 (Diy.
1716 3497 1747 3536 8,
1762 3503 1788 3536 4,
1803 3498 1849 3536 16)
1953 3500 2013 3533 (24)
2040 3495 2150 3535 tollat]
2164 3495 2259 3535 B'I'J,
2273 3494 2370 3527 aedes

1282 3549 1358 3572 suas
1370 3539 1470 3572 tollat
1480 3541 1562 3584 Diy.

1328 3584 1389 3624 (25)
1408 3585 1484 3619 Gai.
1495 3587 1527 3626 2,
1538 3593 1584 3620 30.
1596 3592 1630 3619 33
1655 3586 1736 3629 Diq.
1749 3587 1778 3626 7,
1792 3592 1811 3618 1.
1824 3593 1849 3618 4.
1862 3593 1896 3624 53
1910 3587 1963 3624 33,
1975 3592 1991 3618 2
2020 3585 2095 3617 Cod.
2108 3585 2138 3623 3,
2149 3591 2184 3618 33
2241 3585 2302 3626 (26)
2312 3597 2369 3628 pr.

1281 3630 1409 3674 eth'y.
1421 3631 1452 3673 7,
1463 3638 1487 3672 1,
1497 3638 1520 3665 1.
1532 3631 1693 3671 2(Paul.l.
1705 3639 1721 3665 3
1731 3632 1778 3663 ad
1787 3631 1893 3664 Vitell.
1905 3637 1934 3662 et
1946 3630 2028 3662 Cels.
2041 3630 2061 3662 l.
2073 3636 2106 3662 18
2117 3629 2199 3673 aliq.)
2248 3631 2308 3671 (27)
2321 3632 2370 3664 sic

1281 3675 1359 3716 BT,
1372 3674 1528 3718 pluribus
1541 3677 1627 3716 dett„
1640 3673 1786 3709 πολλοῖς
1800 3676 1830 3708 Θ
1900 3676 1964 3715 (28)
1980 3679 1996 3713 §
2012 3681 2025 3707 1
2027 3675 2094 3715 fin.
2111 3678 2127 3713 ᾗ
2144 3681 2160 3707 2
2174 3675 2217 3708 in.
2233 3687 2272 3709 ex
2288 3675 2371 3709 Gaia·

1282 3720 1301 3753 l.
1316 3727 1333 3754 2
1344 3733 1406 3754 rer.
1422 3728 1492 3755 cott.
1508 3722 1602 3766 (Diq.
1616 3723 1648 3762 7,
1662 3728 1686 3762 1,
1700 3723 1735 3766 3)
1825 3721 1888 3761 (29)
1913 3720 1983 3760 eae]
1997 3719 2043 3760 B,
2058 3729 2114 3751 eae
2126 3730 2179 3752 res
2197 3720 2230 3754 T
