2528 3918
126 170 185 200 ΕΤ
214 166 484 199 RATIONIBUS
513 163 657 195 DISTR.

126 275 220 312 actio
245 278 315 309 est:
351 284 442 318 quae
478 273 647 318 competit
683 271 788 306 etiam
824 271 909 306 dum
940 272 1083 316 negotia
1114 270 1215 323 gerit,

150 321 209 355 uia
231 329 303 354 non
325 318 419 354 idem
440 319 478 353 in
493 319 562 352 hac
580 317 730 358 actione,
748 316 843 361 quod
858 317 895 350 in
911 317 1045 351 tutelae
1063 320 1216 358 actione,

126 333 210 400 dum
231 363 392 408 impubes
428 367 482 398 est
516 363 546 397 is
581 362 681 397 cuius
712 361 826 396 tutela
855 361 1009 406 geritur,
1043 361 1216 396 constitu-

125 414 200 445 tum
225 412 287 443 est.

172 453 195 490 5
227 453 421 489 Uipsanas
442 452 531 486 libro
556 450 835 496 quadraqese‘mo
854 453 959 486 tertio
976 451 1026 486 ad
1042 450 1217 487 Sabinum

126 499 164 534 Si
186 502 284 533 tutor
307 507 382 532 rem
406 497 474 532 sibi
498 496 695 541 depositam
719 506 741 530 a
763 499 866 539 patre
888 496 1014 540 pupilli
1038 496 1096 531 vel
1121 506 1216 530 00111-

125 543 304 578 modatam
328 552 399 577 non
423 541 561 583 reddat,
587 552 659 576 non
683 544 822 575 tantum
839 541 1052 576 commodati
1075 540 1131 575 vel
1156 540 1217 575 de-

124 588 242 634 positi,
265 597 387 622 verum
411 588 545 621 tutelae
569 595 710 631 quoque
733 590 884 620 tenetur.
918 589 953 620 et
985 586 1015 621 si
1040 586 1219 630 acceperit

124 632 323 678 pecuniam,
347 636 388 666 ut
410 631 547 673 reddat,
572 631 749 675 plerisque
771 631 907 675 placuit
930 641 1008 665 eam
1031 630 1219 675 pecuniam

124 678 179 713 vel
202 677 353 721 depositi
376 677 431 712 vel
455 676 668 711 commodati
692 676 832 710 actione
854 676 968 720 repeti
999 676 1054 711 vel
1079 675 1219 711 condici

124 732 247 768 posse:
289 722 385 767 quod
418 722 528 756 habet
560 721 746 762 rationem,
784 720 868 765 quia
902 721 1054 765 turpiter
1089 730 1216 765 accep-

125 773 164 802 ta
187 767 244 802 sit.

170 809 195 849 6
219 811 327 846 IDEM
346 811 437 846 libro
462 811 643 856 triqesz'mo
662 812 784 856 primo
805 810 855 845 ad
869 811 1023 845 edictum
1063 809 1101 845 Si
1124 809 1218 844 filius

123 856 278 892 familias
308 856 457 891 tutelam
488 856 786 890 administraverit
823 859 858 890 et
888 855 1060 890 liberatus
1099 855 1220 900 patria

124 904 302 948 potestate
327 901 407 936 dolo
432 901 565 945 aliquid
586 900 723 942 fecerit,
749 911 796 935 an
820 900 915 935 actio
932 901 1065 935 tutelae
1081 903 1219 945 patrem

125 956 265 992 quoque
296 947 366 981 hoc
398 946 540 981 nomine
570 949 693 981 teneat
705 947 727 988 ¹,
760 946 954 990 quaeritur.
996 949 1032 980 et
1066 955 1220 990 aequum

125 995 189 1033 est,
213 995 254 1026 ut
276 1001 356 1026 eum
381 990 566 1025 dumtaxat
589 991 709 1026 dolum
731 994 835 1035 pater
858 994 1026 1035 praestet,
1044 990 1104 1035 qui
1122 1001 1218 1025 com-

124 1036 254 1072 missus
279 1040 333 1071 est
356 1039 440 1071 ante
464 1036 781 1080 emancipationem
804 1035 877 1070 filii.

170 1079 195 1118 7
219 1081 329 1116 IDEM
359 1081 450 1116 libro
486 1082 670 1127 triqesz'mo
705 1081 830 1126 quinto
866 1080 917 1115 ad
949 1080 1104 1115 edictum
1182 1078 1220 1114 Si

124 1127 280 1172 pupillus
303 1126 408 1161 heres
434 1126 608 1161 exstiterit
630 1126 674 1167 ei,
708 1126 809 1161 cuius
839 1126 987 1160 tutelam
1012 1129 1109 1160 tutor
1132 1134 1220 1159 suus

124 1175 293 1216 gesserat,
319 1182 363 1206 ex
387 1171 602 1206 hereditaria
627 1181 738 1206 causa
763 1181 844 1206 cum
866 1174 986 1205 tutore
1010 1180 1075 1205 suo
1108 1170 1218 1204 habe-

129 1222 141 1251 1
192 1217 245 1252 bit
268 1217 455 1251 actionem.
504 1216 542 1251 Si
564 1220 662 1251 tutor
684 1216 722 1250 in
737 1216 893 1250 hostium
908 1218 1122 1260 potestatem
1139 1225 1219 1259 per-

124 1262 279 1304 venerit,
312 1261 395 1306 quia
430 1261 531 1296 finita
565 1262 679 1296 tutela
711 1261 944 1305 intellegitur,
980 1260 1218 1302 fideiussores,

125 1307 186 1352 qui
207 1317 273 1352 pro
298 1317 339 1341 eo
363 1316 439 1341 rem
462 1307 597 1341 salvam
620 1306 698 1341 fore
721 1306 994 1351 spoponderint,
1027 1309 1063 1340 et
1086 1305 1117 1340 si
1141 1305 1220 1350 quis

126 1352 256 1387 existat
280 1351 446 1386 defensor
469 1352 554 1392 eius,
581 1351 641 1396 qui
664 1355 813 1395 paratus
846 1355 900 1386 est
923 1351 1105 1395 suscipere
1127 1350 1219 1385 iudi-

126 1397 220 1432 cium
242 1397 385 1436 tutelae,
409 1396 465 1431 vel
489 1397 519 1431 si
543 1397 621 1441 quis
646 1397 692 1431 sit
717 1399 861 1431 curator
891 1396 994 1432 bonis
1028 1395 1103 1431 eius
1136 1406 1220 1431 con-

125 1442 283 1484 stitutus,
307 1446 405 1477 recte
429 1442 700 1477 convenientur:

171 1484 195 1524 8
220 1487 467 1522 PAPJNJANUS
495 1487 585 1522 libro
617 1487 781 1522 vicesimo
813 1491 938 1522 octavo
971 1487 1220 1532 quaestionum

125 1532 284 1578 quamvis
307 1532 384 1566 iure
406 1532 614 1577 postliminii
637 1532 786 1566 tutelam
810 1532 996 1576 pristinam
1028 1531 1142 1576 possit
1164 1530 1218 1565 111-

124 1582 160 1613 te
203 1588 274 1612 are.

161 1588 202 1661 gg
228 1622 424 1659 Uzpzmvs
451 1621 542 1657 libro
573 1622 788 1657 vicensimo2
820 1622 945 1667 quinto
982 1621 1032 1657 ad
1066 1621 1220 1657 edictum

125 1668 164 1704 Si
193 1672 292 1703 tutor
322 1667 375 1702 rei
404 1667 570 1712 publicae
601 1677 712 1702 causa
743 1667 870 1702 abesse
902 1667 1059 1711 coeperit
1089 1676 1133 1701 ac
1156 1677 1221 1711 per

124 1714 194 1749 hoc
217 1712 326 1748 fuerit
350 1715 553 1754 excusatus,
572 1712 692 1757 qu0d³
714 1712 766 1747 rei
781 1712 948 1757 publicae
965 1722 1076 1747 causa
1092 1711 1219 1753 aberit,

124 1759 259 1794 tutelae
281 1757 411 1792 iudicio
435 1758 537 1792 locus
562 1761 627 1792 est.
661 1757 723 1792 sed
747 1758 777 1792 si
811 1757 954 1792 desierit
977 1757 1030 1792 rei
1053 1757 1220 1802 publicae

126 1814 237 1840 causa
260 1803 397 1844 abesse,
423 1806 680 1847 consequenter
704 1802 833 1838 desinit
857 1802 917 1847 qui
940 1803 977 1837 in
999 1803 1119 1837 locum
1143 1802 1219 1836 eius

128 1853 144 1884 1
194 1849 298 1884 datus
323 1851 378 1882 est
402 1851 437 1882 et
459 1848 593 1882 tutelae
617 1848 798 1882 conveniri
821 1847 962 1892 poterit.
1010 1847 1048 1882 Si
1079 1847 1220 1882 duobus

124 1893 368 1939 impuberibus
392 1892 562 1927 fratribus
586 1896 685 1927 tutor
709 1893 814 1927 datus
839 1893 885 1928 sit
909 1896 944 1927 et
976 1893 1066 1927 alter
1098 1903 1221 1927 eorum

124 1940 162 1975 111
185 1939 377 1984 legitimam
400 1938 549 1973 tutelam
572 1937 693 1972 fratris
711 1938 766 1973 sui
789 1937 972 1982 perfectae
988 1937 1117 1973 aetatis
1135 1947 1220 1972 con-

126 1985 242 2020 stituti
274 1983 432 2025 reccidit,
468 1993 550 2018 eum
587 1983 647 2027 qui
682 1983 787 2018 datus
825 1986 920 2018 esset
953 1987 1108 2018 tutorem
1144 1992 1222 2017 esse

126 2030 261 2064 desisse
282 2028 452 2063 Neratius
477 2028 537 2063 ait.
571 2029 654 2073 quia
677 2028 783 2073 igitur
807 2028 955 2071 desinit,
987 2028 1053 2063 erit
1086 2028 1222 2063 tutelae

126 2075 220 2110 actio
245 2074 351 2109 etiam
375 2084 419 2108 ex
441 2083 596 2118 persona
618 2074 823 2118 impuberis,
848 2074 1026 2118 quamvis,
1058 2073 1089 2108 si
1111 2076 1220 2108 testa-

125 2124 245 2155 mento
279 2118 385 2154 datus
416 2118 562 2160 fuisset,
595 2129 668 2154 11011
701 2118 878 2154 desineret
909 2129 987 2154 esse
1010 2122 1110 2153 tutor
1133 2118 1220 2160 eius,

127 2166 187 2210 qui
210 2164 328 2199 adhuc
353 2167 429 2199 erat
450 2163 633 2208 impubes,
665 2164 748 2208 quia
773 2174 910 2209 semper
931 2164 1086 2208 legitima
1108 2164 1222 2198 tutela

126 2214 147 2245 2
194 2209 485 2245 testamentariae
502 2208 606 2244 cedit.
633 2208 671 2243 Si
690 2212 902 2244 testamento
920 2210 986 2244 sub
1012 2209 1222 2244 condicione

125 2259 225 2291 tutor
258 2254 364 2289 datus
396 2254 459 2296 sit,
493 2253 620 2289 deinde
650 2254 741 2289 alius
773 2254 887 2289 medio
912 2258 1072 2298 tempore
1097 2264 1141 2289 ex
1164 2254 1219 2288 in-

127 2300 334 2346 quisitione,
367 2299 556 2334 dicendum
589 2302 644 2334 est
673 2299 792 2334 locum
824 2309 901 2334 esse
931 2300 1066 2334 tutelae
1088 2299 1220 2334 iudicio

127 2350 147 2381 3
194 2346 369 2381 existente
393 2344 610 2386 condicione,
636 2345 720 2389 quia
743 2348 841 2380 tutor
865 2355 942 2379 esse
966 2345 1105 2380 desinit.
1150 2344 1221 2379 Sed

127 2394 163 2426 et
186 2391 217 2426 si
241 2390 319 2435 quis
342 2393 555 2425 testamento
579 2399 692 2434 usque
723 2390 769 2425 ad
799 2394 939 2434 tempus
969 2390 1079 2425 fuerit
1103 2389 1220 2431 datus,

126 2440 148 2471 4
194 2435 287 2470 idem
311 2435 378 2470 erit
401 2435 598 2470 dicendum.
645 2435 696 2469 Et
711 2435 922 2480 generaliter
938 2435 1034 2480 quod
1049 2435 1221 2470 traditum

127 2484 183 2517 est
205 2480 380 2526 pupillum
404 2491 485 2515 cum
508 2484 628 2515 tutore
651 2490 715 2515 suo
741 2490 844 2525 agere
867 2482 1002 2515 tutelae
1017 2491 1090 2515 non
1113 2490 1221 2525 posse

126 2527 303 2561 hactenus
326 2536 448 2561 verum
472 2529 544 2567 est,
569 2526 600 2560 si
633 2525 757 2560 eadem
787 2526 900 2560 tutela
931 2526 994 2560 sit:
1028 2525 1221 2560 absurdum

128 2572 221 2607 enim
245 2574 322 2606 erat
346 2581 368 2606 a
390 2574 508 2606 tutore
527 2571 703 2606 rationem
723 2570 1038 2605 administrationis
1063 2571 1220 2615 negotio-

127 2627 206 2652 rum
229 2616 358 2662 pupilli
387 2616 545 2660 reposci,
577 2616 615 2650 111
646 2626 717 2661 qua
748 2616 866 2650 adhuc
897 2619 1151 2660 perseveraret.
1184 2616 1222 2650 in

128 2672 200 2707 qua
222 2664 342 2696 autem
366 2661 494 2696 desinit
516 2664 615 2695 tutor
638 2665 674 2695 et
696 2661 825 2696 iterum
850 2661 966 2705 coepit
990 2671 1078 2703 esse,
1103 2661 1154 2696 sic
1179 2671 1223 2696 ex

128 2707 280 2752 pristina
311 2706 617 2741 administratione
649 2706 782 2741 tutelae
814 2706 954 2741 debitor
988 2710 1043 2741 est
1073 2706 1220 2758 pupillo,

129 2751 307 2797 quomodo
324 2751 356 2786 si
370 2751 558 2796 pecuniam
576 2751 746 2786 creditam
763 2761 785 2785 a
801 2754 904 2795 patre
920 2751 994 2786 eius
1012 2754 1220 2795 accepisset.

130 2807 234 2842 quem
255 2797 361 2841 igitur
385 2796 549 2831 effectum
571 2796 685 2831 haec⁴
710 2796 888 2831 sententia
917 2796 1072 2838 habeat,
1103 2796 1222 2831 videa-

129 2852 226 2877 mus:
259 2852 343 2877 nam
367 2842 397 2877 si
421 2842 517 2877 solus
541 2845 641 2877 tutor
665 2845 728 2884 est,
753 2842 876 2886 utique
906 2841 983 2886 ipse
1006 2851 1127 2876 secum
1150 2852 1224 2876 non

130 2891 221 2932 aget.
270 2886 333 2922 sed
355 2887 410 2922 vel
433 2897 498 2931 per
521 2887 710 2931 specialem
735 2891 936 2922 curatorem
960 2886 1222 2921 conveniendus

131 2936 185 2967 est
207 2932 262 2967 vel
284 2941 378 2977 pone
402 2943 483 2967 eum
507 2935 728 2967 contutorem
751 2932 902 2974 habere,
935 2931 996 2976 qui
1026 2931 1141 2976 possit
1163 2931 1224 2966 ad-

130 2987 253 3012 versus
278 2987 358 3012 eum
379 2977 532 3012 iudicem
556 2978 728 3029 accipere,
764 2987 808 3012 ex
839 2987 910 3022 qua
942 2987 1053 3011 causa
1077 2987 1157 3011 cum
1181 2987 1223 3012 eo

131 3023 264 3058 tutelae
288 3022 344 3067 agi
366 3026 496 3067 potest.
522 3022 607 3067 quin
637 3033 742 3057 immo
767 3022 797 3057 si
820 3022 936 3057 medio
970 3025 1129 3066 tempore
1152 3022 1222 3057 sol-

131 3067 245 3103 vendo
281 3077 359 3102 esse
395 3067 548 3110 desierit,
583 3067 818 3112 imputabitur
856 3066 1123 3108 contutoribus,
1160 3077 1225 3102 cur

133 3115 152 3146 5
199 3123 272 3148 11011
297 3116 443 3157 egerunt
467 3123 548 3147 cum
572 3122 623 3147 eo.
672 3113 710 3147 Si
725 3112 836 3147 tutori
853 3116 997 3147 curator
1014 3112 1061 3146 sit
1077 3111 1224 3147 adiunc-

132 3160 190 3192 tus
214 3158 372 3203 quamvis
397 3162 564 3203 suspecto
589 3158 789 3202 postulato,
815 3168 888 3192 non
921 3160 1067 3201 cogetur
1091 3157 1224 3192 tutelae

134 3205 154 3237 6
199 3202 369 3237 iudicium
392 3206 491 3238 tutor
514 3203 704 3246 suscipere,
727 3202 810 3247 quia
829 3206 927 3237 tutor
943 3205 1111 3237 maneret.
1155 3202 1225 3237 Sed

134 3248 192 3281 et⁵
215 3248 247 3282 si
268 3247 375 3283 fuerit
397 3251 496 3283 tutor
528 3248 761 3290 confiscatus,
794 3247 962 3283 adversus
986 3247 1112 3282 fiscum
1137 3247 1224 3282 dan-

134 3291 216 3327 dam
240 3303 316 3328 esse
341 3293 517 3328 actionem
542 3296 683 3328 constat
715 3293 747 3327 ei
778 3293 838 3337 qui
868 3293 948 3328 loco
981 3293 1055 3327 eius
1081 3296 1226 3327 curator

135 3339 153 3370 7
202 3337 308 3373 datus
332 3338 378 3373 sit
400 3338 455 3372 vel
479 3338 725 3373 contutoribus
751 3338 837 3372 eius.
893 3338 1040 3372 Ceterae
1064 3338 1224 3372 actiones

134 3385 276 3460 {taeter
298 3383 430 3418 tutelae
453 3383 622 3418 adversus
645 3386 799 3418 tutorem
823 3386 1047 3427 competunt,
1072 3383 1138 3417 etsi
1161 3382 1224 3417 ad-

160 3427 369 3505 ucdtiutelam
386 3428 634 3463 administrant
644 3430 668 3470 ⁶,
685 3428 791 3463 veluti
807 3427 905 3470 furti,
923 3427 1043 3463 damni
1062 3427 1224 3469 iniuriae,

137 3480 205 3505 con
244 3473 324 3506 ctio.

185 3514 235 3553 10
260 3516 419 3551 PAULUs
450 3517 541 3553 libro
577 3522 703 3552 octavo
740 3517 855 3552 brevis
889 3517 998 3553 edicti
1053 3517 1123 3552 Sed
1154 3528 1226 3552 non

137 3558 267 3595 dantur
300 3562 453 3605 pupillo,
486 3562 569 3596 dum
603 3565 700 3596 tutor
734 3562 883 3597 tutelam
915 3563 1022 3606 gerit:
1067 3563 1225 3607 quamvis

139 3674 178 3715 (1)
202 3675 258 3707 sie.
274 3675 360 3713 dett„
373 3674 509 3707 tenebat
520 3675 555 3707 F

143 3717 311 3751 Goudsmit
378 3721 420 3761 (4)
446 3730 486 3751 ex
499 3721 557 3752 ins.
573 3720 606 3751 F

142 3762 221 3797 Hal.

641 3677 682 3717 (2)
708 3676 882 3717 trigesimo
895 3677 967 3708 edd.
1040 3678 1081 3714 (3)
1108 3675 1222 3717 quoad

680 3723 723 3762 (5)
748 3725 781 3753 et
794 3721 856 3754 del.
939 3721 982 3760 (6)
1008 3720 1222 3752 administrat

293 3764 335 3805 (ἵ)
360 3774 427 3796 11011
440 3767 560 3806 potest,
574 3765 652 3806 quia
665 3776 726 3798 uec
739 3768 816 3798 ante
828 3764 1038 3807 pubertatem
1052 3775 1111 3796 nec
1125 3765 1222 3796 finita

1205 146 1292 194 363

2162 152 2329 195 XXVlI
2360 158 2382 194 3

1287 271 1379 307 enim
1414 276 1528 307 morte
1562 273 1691 308 tutoris
1727 274 1923 317 intereant,
1958 277 2079 309 tamen
2113 274 2269 319 pupillus
2304 285 2385 310 cum

1285 316 1416 352 herede
1441 318 1517 352 eius
1542 317 1719 352 actionem
1743 319 1864 361 habet,
1890 319 1974 363 quia
1998 319 2066 354 sibi
2091 320 2226 355 solvere
2251 319 2384 354 debuit.

1336 360 1383 398 11
1419 361 1614 398 ULPJANUS
1646 362 1736 397 libro
1774 365 1955 408 triqesimo
1993 366 2118 410 quinto
2151 365 2200 400 ad
2231 364 2385 400 edictum

1287 406 1325 441 Si
1347 406 1442 442 filius
1465 406 1619 442 familias
1642 408 1791 441 tutelam
1808 409 2117 452 administraverit,
2135 409 2262 445 deinde
2277 408 2387 444 fuerit

1288 452 1556 497 emancipatus,
1587 462 1770 487 remanere
1803 463 1882 487 eum
1913 458 2068 489 tutorem
2093 455 2251 489 Iulianus
2275 455 2327 489 ait
2351 457 2386 489 et

1289 508 1369 531 cum
1393 498 1551 542 pupillus
1576 497 1781 539 adoleverit,
1801 498 1976 541 agendum
1994 510 2074 534 cum
2091 510 2132 534 eo
2151 500 2226 535 eius
2245 499 2385 544 quidem

1287 542 1468 586 temporis,
1493 542 1590 587 quod
1614 547 1668 578 est
1691 546 1774 576 ante
1799 544 2127 588 emancipationem,
2152 545 2190 579 in
2215 549 2386 590 quantum

1287 587 1408 622 facere
1425 591 1555 632 potest,
1581 587 1656 622 eius
1668 598 1763 629 vero,
1777 587 1874 631 quod
1887 592 1941 623 est
1960 593 2042 632 post
2054 590 2384 635 emancipationem,

1287 632 1324 666 111
1358 632 1528 675 solidum,
1562 643 1643 667 cum
1678 636 1780 678 patre
1815 643 1897 667 vero
1933 632 2119 668 dumtaxat
2150 635 2194 669 de
2225 635 2384 679 peculio:

1287 686 1432 711 manere
1463 678 1556 712 enim
1587 678 1758 712 adversus
1792 687 1872 712 eum
1904 678 2011 712 etiam
2045 683 2128 723 post
2162 680 2387 724 pubertatem

1288 722 1331 756 de
1355 722 1493 766 peculio
1519 723 1713 758 actionem:
1747 732 1862 767 neque
1895 723 1987 757 enim
2020 728 2102 758 ante
2133 735 2248 760 annus
2281 725 2386 767 cedit,

1286 767 1381 846 iiptrta
1405 778 1510 811 quem
1535 768 1578 803 de
1601 768 1742 813 peculio
1767 767 1861 802 actio
1888 767 2004 809 datur,
2029 779 2134 813 quam
2152 771 2264 804 tutela
2279 769 2387 806 fuerit

1315 823 1351 846 ni
1369 822 1401 846 a.

1337 854 1387 893 12
1414 856 1470 891 ΡΑ
1478 866 1573 892 ULUS
1594 857 1685 893 libro
1702 861 1827 893 octavo
1847 858 1962 892 brevis
1977 858 2087 893 edicti
2131 859 2242 894 Filius
2267 863 2386 894 autem

1287 905 1385 937 tutor
1408 906 1556 947 propter
1579 902 1649 937 1100
1673 913 1778 938 suum
1801 902 1939 937 factum
1963 913 2042 938 cum
2060 907 2163 947 patre
2183 915 2289 949 agere
2313 915 2386 939 11011

1287 950 1408 992 potest
1431 951 1515 982 ante
1538 948 1774 992 pubertatem,
1799 948 1883 993 quia
1906 958 1973 983 nec
1997 948 2100 982 finita
2116 950 2227 984 tutela
2245 951 2314 985 hoc
2339 950 2385 984 ab

1289 1003 1330 1027 eo
1355 992 1447 1037 exigi
1470 995 1591 1037 potest
1602 994 1627 1027 ⁷.

1338 1034 1388 1074 13
1422 1037 1617 1072 ULPIANUS
1644 1037 1735 1074 libro
1770 1038 1954 1084 triqesimo
1987 1038 2113 1083 quinto
2149 1038 2198 1073 ad
2230 1039 2385 1074 edictum

1289 1081 1326 1117 Si
1349 1086 1449 1117 tutor
1471 1086 1555 1127 post
1577 1083 1804 1127 pubertatem
1826 1082 1951 1127 pupilli
1986 1083 2129 1127 negotia
2161 1083 2385 1119 administra-

1287 1128 1388 1169 verit,
1412 1128 1451 1162 in
1473 1127 1644 1162 iudicium
1667 1128 1803 1163 tutelae
1825 1128 1943 1163 veniet
1965 1127 2003 1162 id
2025 1131 2184 1170 tantum,
2216 1129 2292 1164 sine
2316 1140 2386 1174 quo

1290 1172 1550 1208 administratio
1585 1173 1720 1207 tutelae
1757 1173 1914 1217 expediri
1948 1183 2021 1207 non
2057 1176 2194 1218 potest:
2239 1174 2269 1208 si
2302 1185 2386 1209 vero

1287 1221 1371 1263 post
1394 1218 1620 1270 pubertatem
1643 1218 1771 1263 pupilli
1793 1218 1824 1252 is
1849 1218 1910 1262 qui
1941 1221 2040 1253 tutor
2064 1218 2139 1253 eius
2163 1218 2282 1253 fuerat
2304 1218 2386 1254 fun-

1289 1263 1354 1298 dos
1379 1273 1454 1298 elus
1477 1263 1686 1306 vendiderit,
1703 1263 1882 1307 mancipia
1901 1266 1936 1298 et
1952 1263 2099 1308 praedia
2118 1264 2387 1308 comparaverit,

1288 1318 1404 1353 neque
1426 1308 1639 1343 venditionis
1663 1308 1769 1343 huius
1793 1318 1909 1353 neque
1933 1308 2121 1352 emptionis
2140 1309 2231 1343 ratio
2256 1309 2387 1344 iudicio

1289 1354 1421 1388 tutelae
1446 1353 1698 1389 continebitur.
1748 1356 1784 1388 et
1815 1357 1870 1388 est
1899 1364 2022 1388 verum
2053 1363 2095 1388 ea
2127 1364 2219 1398 quae
2251 1364 2388 1389 conexa

1290 1402 1374 1433 sunt
1384 1399 1504 1433 venire
1521 1398 1558 1433 in
1573 1399 1708 1434 tutelae
1725 1398 1920 1434 actionem:
1946 1398 2010 1433 sed
2029 1402 2064 1433 et
2078 1398 2167 1433 illud
2184 1402 2239 1434 est
2254 1409 2386 1441 verum,

1289 1444 1320 1478 si
1344 1444 1502 1488 coeperit
1525 1444 1668 1488 negotia
1692 1443 1940 1478 administrare
1963 1447 2046 1488 post
2068 1444 2216 1478 tutelam
2239 1443 2387 1487 finitam,

1289 1488 1427 1524 devolvi
1451 1488 1622 1524 iudicium
1646 1489 1781 1524 tutelae
1803 1489 1841 1523 in
1865 1489 2088 1533 negotiorum
2122 1493 2302 1534 gestorum
2327 1500 2387 1524 ac-

1288 1534 1439 1569 tionem:
1484 1535 1645 1578 oportuit
1679 1534 1772 1569 enim
1807 1544 1888 1569 eum
1921 1544 1943 1569 a
1978 1538 2090 1569 semet
2124 1535 2202 1579 ipso
2238 1535 2388 1569 tutelam

1290 1579 1439 1624 exigere.
1488 1579 1552 1615 sed
1576 1583 1610 1614 et
1642 1579 1673 1615 si
1697 1579 1787 1624 quis,
1814 1590 1896 1614 cum
1919 1579 2069 1614 tutelam
2092 1579 2387 1622 administrasset,

1288 1624 1382 1659 idem
1399 1628 1553 1676 ‘curator
1584 1625 1803 1660 adulescenti
1834 1624 1942 1659 fuerit
1973 1624 2098 1676 datus,
2124 1625 2310 1660 dicendum
2334 1628 2389 1660 est

1289 1673 2388 1766 nfifffflgffllosgffliiqguillicoeolljetgin‘igndffinierclligtzsszeprovinciale

1290 1760 1327 1794 Sl
1358 1764 1442 1804 post
1472 1761 1700 1804 pubertatem
1731 1764 1891 1805 tempore
1924 1760 2042 1805 aliquo
2074 1760 2158 1794 licet
2182 1760 2387 1795 brevissimo

1288 1805 1518 1840 intermiserit
1550 1805 1893 1840 administrationem
1923 1808 2040 1847 tutor,
2073 1805 2199 1840 deinde
2232 1805 2388 1850 coeperit

1288 1861 1422 1895 gerere,
1448 1850 1524 1885 sine
1548 1851 1622 1885 ulla
1646 1850 1869 1885 dubitatione
1891 1853 1966 1884 tam
1989 1850 2124 1885 tutelae
2148 1861 2256 1895 quam
2279 1860 2387 1895 nego-

1288 1896 1418 1930 tiorum
1466 1899 1623 1931 estorum
1645 1895 1776 1931 iudicio
1802 1906 1884 1930 cum
1909 1905 1949 1930 eo
1976 1895 2152 1939 agendum
2177 1899 2241 1930 est.

1338 1939 1388 1978 15
1449 1950 1617 1975 LPIANUS
1653 1940 1745 1976 libro
1811 1941 1902 1976 rimo
1937 1940 2221 1986 disputationum
2276 1939 2314 1975 Si
2346 1950 2389 1975 ex

1290 1985 1430 2021 duobus
1456 1985 1635 2021 tutoribus
1661 1996 1742 2021 cum
1802 1989 1877 2021 tero
1903 1986 1982 2030 quis
1998 1986 2239 2030 transegisset,
2265 1996 2388 2030 quam-

1289 2031 1340 2066 vis
1373 2031 1419 2066 ob
1453 2030 1573 2066 dolum
1607 2041 1846 2073 communem,
1878 2031 2075 2066 transactio
2107 2031 2197 2065 1111111
2231 2031 2390 2076 proderit

1290 2076 1404 2119 alteri,
1429 2086 1496 2111 nec
1519 2076 1713 2119 immerito,
1747 2086 1828 2111 cum
1859 2076 2104 2120 unusquisque
2128 2076 2200 2111 doli
2224 2076 2279 2111 sui
2303 2086 2388 2120 poe-

1289 2131 1372 2156 nam
1396 2121 1554 2156 sufferat.
1627 2121 1700 2156 uod
1735 2121 1766 2156 si
1798 2125 1994 2156 conventus
2028 2121 2119 2156 alter
2142 2121 2388 2166 praestitisset,

1288 2166 1453 2246 proficiet
1476 2166 1513 2201 id
1560 2177 1606 2201 uo
1655 2166 1834 2211 praestitit
1857 2166 1889 2200 ei
1913 2166 1974 2211 qui
1999 2170 2193 2201 conventus
2218 2176 2291 2201 non
2315 2169 2387 2201 est:

1302 2212 1373 2247 icet
1408 2212 1500 2246 0111111
1557 2212 1604 2246 011
1636 2212 1741 2246 ambo
1776 2211 1829 2246 rei
1861 2211 1950 2252 sint,
1975 2214 2095 2246 tamen
2120 2211 2254 2246 sufficit
2276 2222 2389 2246 unum

1289 2255 1509 2298 satisfacere,
1533 2260 1574 2291 ut
1597 2257 1635 2291 in
1659 2256 1818 2299 duobus,
1843 2256 1973 2301 quibus
2003 2266 2062 2291 res
2087 2256 2311 2291 commodata
2335 2259 2390 2292 est

1289 2302 1344 2337 vel
1369 2301 1532 2347 deposita
1555 2302 1755 2347 quibusque
1769 2302 1782 2323 ⁸
1805 2301 2014 2336 mandatum
2040 2305 2104 2336 est.

1338 2344 1389 2384 16
1415 2347 1523 2382 IDEM
1552 2347 1643 2382 libro
1678 2350 1808 2393 septua
1835 2347 1944 2382 esimo
1980 2350 2112 2391 quarto
2148 2345 2199 2380 ad
2233 2345 2386 2381 edictum

1291 2392 1328 2427 Si
1353 2393 1457 2427 cum⁹
1482 2395 1602 2428 tutore
1634 2402 1678 2427 ex
1708 2392 1779 2437 stip
1820 2395 1882 2426 atu
1913 2395 2043 2443 agatur
2065 2391 2120 2426 vel
2145 2401 2225 2426 cum
2248 2390 2303 2425 his
2352 2391 2389 2426 ui

1289 2448 1355 2482 pro
1380 2447 1422 2472 eo
1446 2437 1713 2472 intervenerunt
1725 2438 1763 2479 ¹⁰,
1789 2437 1855 2471 erit
1871 2436 2054 2477 dubltatio,
2073 2446 2131 2478 an,
2149 2435 2233 2480 quia
2255 2439 2332 2471 tute
2347 2446 2389 2471 ae

1290 2483 1346 2528 agi
1369 2493 1442 2518 non
1465 2486 1594 2527 potest,
1620 2493 1687 2517 nec
1713 2492 1756 2517 ex
1779 2482 1953 2526 stipulatu
1985 2481 2042 2525 agi
2064 2481 2188 2526 possit.
2222 2484 2258 2515 et
2281 2481 2387 2526 pleri-

1290 2538 1359 2573 que
1382 2531 1511 2572 putant
1535 2528 1641 2562 etiam
1664 2528 1760 2562 hanc
1783 2527 1959 2562 actionem
1983 2530 2130 2571 propter
2146 2526 2293 2561 eandem
2317 2526 2387 2560 uti-

1292 2576 1306 2607 1
1356 2573 1494 2608 litatem
1507 2572 1749 2607 differendam.
1783 2571 1872 2606 Cum
1889 2576 2054 2606 curatore
2069 2571 2195 2616 pupilli
2211 2571 2283 2606 sive
2299 2571 2387 2606 adu-

1289 2618 1456 2654 lescentis
1473 2618 1530 2662 agi
1544 2617 1686 2662 poterit,
1708 2617 1776 2652 etsi
1799 2627 1912 2661 usque
1936 2616 2054 2651 adhuc
2072 2626 2158 2651 cura
2172 2620 2386 2660 perseveret.

1341 2660 1391 2699 17
1416 2662 1524 2698 IDEM
1551 2663 1642 2698 libro
1679 2663 1783 2697 tertio
1808 2662 1852 2696 de
1876 2661 2002 2707 officio
2027 2661 2184 2696 consulis
2229 2661 2387 2706 Impera-

1290 2712 1387 2743 tores
1422 2707 1571 2743 Severus
1615 2711 1650 2742 et
1683 2707 1887 2741 Antoninus
1930 2706 2191 2751 rescripserunt
2224 2706 2262 2741 in
2297 2707 2388 2741 haec

1289 2754 1417 2788 verba:
1452 2752 1553 2788 ‘Cum
1584 2753 1653 2788 hoc
1683 2752 1801 2796 ipsum
1833 2755 2044 2796 quaeratur,
2078 2762 2125 2786 an
2156 2751 2291 2796 aliquid
2322 2751 2389 2786 tibi

1291 2801 1325 2833 ‘a
1359 2798 1540 2833 tutoribus
1576 2798 1631 2832 vel
1667 2797 1893 2832 curatoribus
1929 2796 2123 2838 debeatur,
2166 2807 2241 2831 non
2278 2797 2389 2831 habet

1292 2844 1477 2878 ‘rationem
1500 2842 1696 2887 postulatio
1720 2846 1784 2876 tua
1807 2841 1957 2877 volentis
1980 2842 2018 2876 in
2041 2845 2221 2886 sumptum
2244 2841 2315 2877 litis
2340 2842 2386 2876 ab

1292 2888 1359 2923 ‘his
1383 2888 1447 2922 tibi
1470 2888 1660 2933 pecuniam
1684 2886 1965 2921 subministrari'.

1341 2929 1391 2970 18
1416 2932 1662 2968 PAPINIANUS
1683 2932 1773 2967 libro
1797 2933 1963 2967 vicesimo
1988 2932 2113 2977 quinto
2138 2932 2387 2976 quaestionum

1293 2978 1382 3013 Cum
1404 2981 1503 3012 tutor
1527 2977 1676 3029 negotiis
1699 2977 1892 3021 impuberis
1926 2976 2181 3011 administratis
2213 2976 2387 3021 pupillum

1291 3026 1442 3067 paterna
1465 3022 1662 3057 hereditate
1686 3021 1853 3063 abstinet,
1870 3022 1974 3057 bonis
1990 3022 2103 3066 patris
2118 3021 2268 3057 venditis
2291 3025 2386 3055 trac-

1292 3068 1362 3102 tari
1385 3068 1485 3108 solet,
1510 3067 1607 3102 utilis
1632 3067 1726 3102 actio
1749 3067 1886 3111 pupillo
1905 3067 2057 3111 relinqui
2081 3077 2128 3101 an
2152 3066 2386 3101 creditoribus

1292 3112 1439 3148 concedi
1464 3111 1603 3147 debeat.
1637 3116 1673 3146 et
1694 3112 1870 3157 probatur
1893 3113 2070 3147 actionem
2100 3112 2193 3146 inter
2214 3110 2387 3155 pupillum

1294 3162 1329 3193 et
1353 3157 1545 3192 creditores
1569 3157 1682 3202 patris
1706 3166 1785 3192 esse
1808 3157 2042 3199 dividendam,
2068 3156 2203 3191 scilicet
2227 3159 2267 3189 ut
2290 3154 2386 3199 quod

1292 3202 1423 3238 rationi
1446 3203 1621 3237 bonorum
1644 3212 1710 3247 per
1733 3205 1888 3237 tutorem
1912 3202 2025 3237 deerit
2049 3201 2281 3236 creditoribus
2305 3199 2385 3234 red-

1294 3248 1410 3289 datur,
1436 3247 1532 3292 quod
1555 3251 1675 3282 autem
1706 3247 1788 3282 dolo
1820 3247 1876 3283 vel
1909 3248 2016 3292 culpa
2045 3246 2174 3281 tutoris
2204 3246 2241 3279 in
2265 3243 2385 3279 officio

1292 3293 1417 3338 pupilli
1440 3302 1627 3337 perperam
1650 3292 1805 3327 abstenti
1830 3296 2053 3328 contractum
2072 3294 2135 3332 est,
2152 3300 2261 3334 puero
2279 3289 2385 3323 relin-

1293 3341 1433 3382 quatur.
1483 3347 1574 3382 quae
1605 3337 1698 3372 actio
1731 3337 1807 3372 sine
1838 3337 1946 3372 dubio
1971 3348 2043 3371 non
2074 3336 2170 3379 prius
2196 3345 2273 3369 com
2302 3337 2384 3376 etet,

1294 3393 1399 3427 quam
1434 3382 1590 3427 pupillus
1625 3382 1672 3417 ad
1706 3382 1930 3427 pubertatem
1966 3380 2180 3426 pervenerit:
2227 3389 2264 3413 se
2323 3378 2386 3413 illa

1294 3427 1482 3462 confestim
1507 3427 1741 3462 creditoribus
1766 3427 1883 3462 datur.

1343 3469 1392 3508 19
1425 3471 1619 3507 ULPIANUS
1639 3473 1730 3508 libro
1748 3474 1871 3518 primo
1889 3480 2144 3516 responsorum
2192 3468 2228 3502 Si
2277 3468 2384 3502 roba-

1294 3521 1370 3551 tum
1394 3520 1448 3552 est
1471 3527 1601 3552 nomen
1626 3517 1793 3552 debitoris
1808 3527 1830 3551 a
1851 3516 2040 3551 novissimo
2059 3516 2232 3554 curatore,
2266 3515 2385 3547 rustra

1294 3566 1448 3597 tutorem
1473 3562 1516 3597 de
1540 3573 1581 3597 eo
1607 3562 1797 3597 conveniri.

1290 3675 1397 3707 tutela
1409 3675 1473 3708 hoo
1486 3674 1527 3707 ab
1541 3686 1580 3707 eo
1593 3675 1684 3717 exigi
1698 3676 1810 3716 potest
1829 3685 1889 3706 scr.
2074 3672 2119 3712 (8)
2145 3669 2307 3712 quibusve
2319 3683 2383 3704 scr.

1291 3722 1335 3762 (9)
1360 3720 1469 3753 adhuc
1481 3721 1540 3754 ins.
1554 3719 1607 3753 F2
1619 3732 1686 3754 cum
1701 3721 1735 3753 Β
1826 3718 1884 3758 (10)
1910 3717 2122 3748 interuerunt
2134 3716 2167 3748 F

2036 3816 2110 3849 46*
