2528 3918
139 144 196 178 m*
224 145 414 178 ranosls
442 144 645 178 LIBELLIS

139 260 225 297 fecit
246 259 412 296 iniuriam
434 270 555 304 servo,
577 261 620 294 ut
641 257 784 295 domino
809 256 960 299 faceret,
985 257 1087 294 video
1111 256 1222 292 domi-

139 316 224 341 num
255 306 468 341 iniuriarum
500 314 605 351 agere
634 313 743 350 posse
772 313 838 339 suo
862 303 1021 339 nomine:
1054 302 1108 338 si²
1139 311 1222 337 vero

140 362 212 386 non
231 350 277 386 ad
295 350 579 395 suggillationem
598 348 732 385 domini
746 346 785 383 id
802 347 900 391 fecit,
919 349 989 394 ipsi
1008 358 1110 384 servo
1125 347 1224 382 facta

137 396 269 431 iniuria
287 395 403 431 inulta
421 406 444 431 a
460 398 627 440 praetore
644 393 734 429 relin
761 392 799 428 ui
816 403 889 429 non
907 392 1048 438 debuit,
1071 393 1224 428 maxime

139 441 172 477 si
183 441 390 477 verberibus
403 441 460 476 vel
476 440 682 485 quaestione
694 440 710 460 ²
753 442 846 474 eret:
871 439 965 474 hanc
981 437 1074 474 enim
1093 441 1130 473 et
1148 447 1223 473 ser-

139 489 183 522 36
229 497 311 521 vum
326 486 458 522 sentire
471 485 591 530 palam
609 488 675 520 est.
700 483 739 519 Si
754 494 974 519 communem
990 482 1068 529 quis
1084 491 1224 519 servum

137 531 390 574 verberaverit,
414 530 537 582 utique
559 530 628 565 hac
653 529 794 565 actione
817 540 890 564 non
913 528 1110 570 tenebitur,
1141 538 1223 563 cum

139 579 180 612 37
227 577 304 612 iure
323 576 457 611 domini
472 575 510 610 1d
525 574 663 611 fecerit.
695 574 728 609 N
731 584 772 609 ec
790 574 821 609 si
835 573 1058 610 fructuarius
1073 573 1111 608 id
1127 572 1223 608 fece-

137 621 196 666 rit,
221 621 384 656 dominus
409 631 490 656 cum
514 630 555 656 eo
576 620 660 665 agit,
684 620 739 655 vel
760 619 790 654 si
807 630 873 664 pro
900 619 1067 655 rietarius
1086 618 1223 660 fecerit,

138 669 183 703 38
227 666 448 702 fructuarius
483 675 564 701 eum
594 664 789 701 conveniet.
845 666 878 699 A
905 664 1010 700 'citur
1041 663 1223 699 ‘adversus

139 712 264 747 ‘bonos
286 712 428 755 mores',
459 714 501 746 ut
528 721 601 746 non
625 711 739 746 omnis
764 710 906 746 omnino
930 709 992 754 qui
1014 709 1224 750 verberavit,

139 756 202 793 sed
233 756 294 801 qui
318 756 488 792 adversus
512 756 627 791 bonos
651 765 767 791 mores
791 755 1006 797 verberavit,
1039 758 1222 790 teneatur:

139 806 295 838 ceterum
319 802 349 837 si
373 801 451 847 quis
475 801 674 846 corrigendi
705 801 823 836 animo
853 803 918 835 aut
946 800 977 835 si
1025 800 1080 835 uis
1105 809 1223 851 emen3

139 850 181 882 39
228 846 353 889 dandi,
392 857 465 882 non
495 851 646 882 tenetur.
704 845 806 881 Unde
841 845 980 890 quaerit
1043 845 1153 887 abeo,
1194 855 1225 880 ει

138 891 366 937 magistratus
388 891 612 936 municipalis
640 901 780 927 servum
810 901 928 926 meum
957 890 1043 926 loris
1074 890 1224 936 ruperit,

138 948 186 973 an
204 938 339 983 possim
359 948 441 972 cum
458 948 501 982 eo
520 936 685 990 experiri,
707 935 810 981 quasi
828 936 999 971 adversus
1017 936 1131 971 bonos
1148 946 1224 971 mo-

137 993 194 1018 res
214 982 463 1018 verberaverit.
489 986 525 1017 et
544 987 595 1017 ait
610 982 765 1017 iudicem
783 981 913 1017 debere
931 981 1120 1025 inquirere,
1140 980 1225 1025 quid

137 1027 328 1064 facientem
351 1038 490 1063 servum
512 1037 630 1063 meum
652 1026 905 1062 verberaverit:
936 1037 1020 1062 nam
1051 1026 1083 1062 si
1111 1027 1224 1062 hono-

137 1083 213 1109 rem
229 1076 506 1118 ornamentaque
520 1072 726 1118 petulanter
746 1071 1027 1116 adtemptantem
1046 1071 1224 1114 ceciderit,

138 1122 181 1154 40
228 1118 484 1154 absolvendum
506 1128 600 1153 eum.
648 1117 888 1153 ‘Verberasse’
920 1117 1051 1152 dicitur
1074 1116 1224 1152 abusive

137 1167 177 1199 41
230 1167 266 1199 et
285 1164 345 1209 qui
364 1163 490 1209 pugnis
515 1162 693 1199 ceciderit.
730 1162 1003 1206 ‘Quaestionem'
1021 1162 1141 1197 intelle
1166 1172 1225 1197 ere

139 1209 308 1245 debemus
332 1212 510 1244 tormenta
535 1212 571 1244 et
595 1208 754 1253 corporis
779 1207 936 1243 dolorem
960 1207 1007 1243 ad
1031 1218 1140 1243 eruen
1168 1218 1225 1242 am

137 1254 333 1290 veritatem.
363 1253 461 1289 nuda
477 1264 560 1299 ergo
576 1253 808 1298 interrogatio
824 1253 880 1288 vel
896 1253 982 1288 levis
998 1253 1135 1288 territio
1153 1263 1225 1288 non

137 1300 292 1345 pertinet
315 1299 362 1334 ad
384 1300 453 1334 hoc
473 1299 640 1334 edictum.
700 1298 894 1334 uaestionis
915 1299 1023 1334 verbo
1044 1299 1150 1333 etiam
1170 1308 1224 1340 ea,

138 1355 245 1390 quam
267 1345 397 1379 malam
418 1344 639 1379 mansionem
696 1344 809 1387 'cunt,
841 1343 1094 1379 continebitur.
1143 1354 1225 1378 cum

137 1390 246 1435 igitur
267 1399 333 1434 per
354 1389 424 1424 vim
447 1393 484 1424 et
506 1392 683 1425 tormenta
706 1389 832 1424 habita
855 1389 1016 1434 quaestio
1042 1392 1113 1430 est,
1137 1392 1225 1424 tunc

137 1438 180 1470 42
227 1434 388 1480 quaestio
425 1434 654 1479 intellegitur.
708 1433 779 1470 Sed
816 1437 854 1469 et
890 1434 922 1470 si
955 1434 1056 1470 iussu
1092 1433 1225 1470 domim·

137 1480 216 1526 quis
249 1479 492 1524 quaestionem
522 1480 673 1523 habeat,
706 1479 850 1515 modum
876 1482 997 1515 tamen
1020 1479 1224 1521 excesserit,

137 1528 180 1561 43
226 1525 342 1561 teneri
371 1535 453 1560 eum
482 1524 613 1561 debere
635 1525 758 1560 Labeo
787 1524 849 1560 ait.
896 1525 1048 1560 Praetor
1072 1525 1142 1560 ait:
1176 1524 1225 1560 ‘Si

137 1570 235 1616 ‘quid
257 1569 356 1605 aliud
377 1570 537 1606 factum³
559 1580 638 1606 esse
662 1570 811 1613 dicetur,
837 1579 949 1606 causa
969 1570 1113 1615 cognita
1131 1569 1223 1605 iudi-

138 1617 245 1652 ‘cium
268 1615 385 1651 dabo’.
433 1614 583 1660 proinde
612 1615 643 1651 si
674 1615 816 1661 quidem
846 1615 1054 1651 verberatus
1079 1615 1126 1651 sit
1149 1625 1224 1651 ser-

135 1672 202 1697 vus
233 1661 289 1696 vel
318 1661 502 1697 tormentis
538 1661 580 1696 de
614 1671 657 1696 eo
688 1660 849 1706 quaestio
878 1660 1005 1696 habita
1035 1665 1111 1703 est,
1148 1661 1225 1696 sine

137 1717 268 1742 causae
292 1706 492 1751 cognitione
511 1706 682 1741 iudicium
700 1707 739 1741 in
759 1716 838 1741 eum
861 1706 1031 1752 competit
1042 1708 1066 1750 ⁴,
1091 1706 1123 1742 si
1140 1716 1224 1742 vero

137 1752 244 1787 aliam
266 1751 431 1786 iniuriam
454 1761 583 1796 passus
607 1751 665 1794 sit,
689 1762 763 1786 non
782 1751 886 1786 aliter
905 1751 1074 1797 competit
1094 1754 1224 1797 quam⁵

137 1801 180 1832 44
228 1807 338 1832 causa
354 1797 507 1841 cognita.
543 1797 668 1841 Itaque
686 1800 832 1841 praetor
845 1807 918 1832 non
935 1807 979 1832 ex
996 1796 1093 1833 omni
1112 1807 1224 1833 causa

135 1842 348 1878 iniuriarum
369 1841 541 1877 iudicium
565 1841 656 1877 servi
679 1841 821 1877 nomine
844 1842 1063 1887 promittitflz
1088 1853 1172 1878 nam
1192 1842 1224 1877 si

135 1887 260 1923 leviter
290 1897 483 1932 percussus
514 1887 561 1922 sit
589 1887 644 1922 vel
674 1886 901 1922 maledictum
925 1887 958 1922 ei
981 1887 1120 1930 leviter,
1151 1898 1224 1923 non

138 1932 237 1968 dabit
260 1933 454 1968 actionem:
487 1936 526 1967 at
554 1931 587 1968 si
614 1931 808 1967 infamatus
831 1932 879 1968 sit
901 1933 957 1967 vel
979 1932 1078 1968 facto
1103 1932 1223 1978 aliquo

136 1978 192 2014 vel
216 1978 372 2013 carmine
394 1977 540 2022 scripto.
588 1981 675 2022 puto
700 1987 830 2013 causae
855 1977 1092 2022 cognitionem
1115 1988 1222 2023 prae-

136 2024 224 2059 toris
259 2022 509 2068 porrigendam
546 2026 583 2057 et
619 2023 664 2057 ad
698 2022 791 2058 servi
826 2023 1052 2068 qualitatem:
1093 2023 1223 2059 etenim

136 2069 286 2104 multum
308 2067 466 2111 interest,
492 2068 605 2112 qualis
630 2078 752 2104 servus
777 2067 835 2110 sit,
860 2068 976 2104 bonae
997 2067 1056 2103 fru
1082 2068 1103 2111 ‘,
1127 2068 1222 2104 ordi-

136 2113 271 2156 narius,
295 2113 531 2158 dispensator,
555 2123 603 2148 an
625 2123 708 2148 vero
732 2113 887 2158 vulgaris
910 2114 966 2149 vel
988 2124 1044 2149 me
1073 2114 1222 2150 'astinus

137 2169 184 2194 an
201 2158 443 2204 qualisqualis.
481 2162 517 2193 et
535 2158 620 2203 quid
640 2158 672 2194 si
692 2159 913 2204 compeditus
932 2159 987 2195 vel
1003 2159 1095 2195 male
1115 2163 1223 2195 notus

136 2204 192 2240 vel
214 2207 322 2240 notae
344 2204 550 2239 extremae?
573 2203 722 2239 habebit
745 2204 854 2249 igitur
876 2208 1025 2249 praetor
1047 2204 1223 2240 rationem

136 2254 210 2285 tam
233 2249 399 2290 iniuriae,
432 2259 523 2294 quae
552 2248 709 2284 admissa
739 2249 885 2292 dicitur,
916 2259 1024 2294 quam
1046 2260 1223 2295 personae

137 2294 244 2336 servi,
275 2294 312 2329 in
335 2304 438 2339 quem
461 2294 620 2329 admissa
642 2293 790 2336 dicitur,
822 2299 857 2329 et
880 2294 932 2330 sic
956 2299 1020 2330 aut
1042 2296 1224 2340 permittet

137 2344 179 2375 45
228 2343 292 2374 aut
315 2339 504 2384 denegabit
526 2339 714 2375 actionem.
759 2339 942 2375 Interdum
965 2340 1097 2376 iniuria
1120 2350 1221 2376 servo

135 2385 234 2420 facta
257 2384 303 2419 ad
326 2384 506 2420 dominum
529 2384 721 2428 redundat,
752 2384 929 2420 interdum
952 2396 1045 2421 non:
1077 2396 1161 2422 nam
1192 2386 1223 2422 si

135 2440 202 2475 pro
226 2430 337 2465 libero
362 2439 402 2465 se
421 2434 602 2475 gerentem
633 2434 697 2465 aut
719 2440 801 2465 cum
824 2440 907 2466 eum
929 2431 1077 2467 alterius
1099 2430 1221 2477 potius

137 2486 244 2520 quam
273 2485 391 2510 meum
419 2475 598 2510 existimat
628 2475 724 2520 quis,
756 2486 829 2511 non
859 2486 1030 2512 caesurus
1062 2486 1158 2519 eum,
1191 2476 1223 2512 si

136 2530 253 2556 meum
276 2520 419 2563 scisset,
451 2531 524 2556 non
547 2530 652 2565 posse
676 2530 777 2563 eum,
810 2521 913 2566 quasi
942 2521 1028 2556 mihi
1056 2521 1222 2558 iniuriam

137 2569 180 2601 46
226 2565 363 2608 fecerit,
387 2565 440 2601 sic
465 2566 645 2601 conveniri
668 2566 765 2601 Mela
788 2566 924 2602 scribit.
961 2566 1000 2602 Si
1019 2567 1098 2612 quis
1118 2577 1221 2603 servo

136 2610 323 2646 verberato
359 2610 569 2645 iniuriarum
605 2610 733 2655 egerit,
772 2611 900 2647 deinde
937 2615 1065 2657 postea
1103 2612 1222 2648 damni

136 2655 287 2691 iniuriae
309 2659 406 2700 agat,
438 2655 561 2691 Labeo
593 2655 718 2691 scribit
746 2656 894 2691 eandem
924 2667 1000 2692 rem
1031 2668 1103 2693 non
1132 2667 1220 2700 esse,

137 2700 242 2746 quia⁷
274 2701 388 2736 altera
418 2700 512 2736 actio
544 2700 590 2735 ad
617 2700 786 2736 damnum
808 2701 1004 2747 pertineret
1028 2703 1134 2748 culpa
1157 2702 1220 2738 da-

139 2749 179 2780 47
228 2749 320 2788 tum,
353 2746 466 2780 altera
495 2745 542 2780 ad
566 2746 827 2781 contumeliam.
875 2747 914 2782 Si
936 2757 1040 2782 usum
1063 2747 1221 2783 fructum

136 2791 174 2825 in
203 2800 304 2826 servo
332 2790 503 2833 habeam,
532 2794 573 2825 tu
600 2791 855 2835 proprietatem
884 2792 987 2837 isque
1011 2794 1220 2829 verberatus

137 2835 184 2870 sit
205 2836 262 2871 vel
284 2835 446 2880 quaestio
470 2835 514 2871 de
537 2846 578 2871 eo
602 2836 736 2879 habita,
760 2836 972 2872 iniuriarum
992 2839 1086 2873 actio
1109 2838 1220 2883 magis

138 2880 372 2928 proprietario
396 2891 503 2925 quam
523 2881 610 2916 mihi
633 2881 813 2928 competit.
856 2882 1020 2928 idemque
1043 2884 1221 2929 probatur

137 2930 173 2961 et
203 2926 233 2961 si
264 2936 404 2961 servum
434 2935 568 2969 meum,
605 2936 710 2971 quem
745 2927 841 2963 bona
878 2928 949 2964 fide
979 2928 1219 2974 possidebam,

138 2970 325 3007 cecideris:
366 2970 507 3006 domino
541 2971 634 3007 enim
668 2972 778 3017 magis
810 2973 980 3018 competit
1008 2974 1220 3010 iniuriarum

137 3019 180 3051 48
226 3016 332 3051 actio.
367 3016 467 3059 Item,
492 3015 524 3051 si
545 3016 694 3052 liberum
717 3018 906 3061 hominem,
932 3019 993 3064 qui
1016 3019 1102 3054 mihi
1125 3019 1220 3055 bona

137 3060 206 3097 fide
229 3061 421 3105 serviebat,
446 3061 523 3106 quis
548 3061 732 3105 ceciderit,
757 3062 1045 3109 distinguendum
1069 3068 1141 3106 est,
1167 3068 1218 3109 ut,

137 3106 167 3141 si
188 3106 227 3141 in
250 3106 525 3142 contumeliam⁸
547 3107 710 3151 pulsatus
734 3107 791 3151 sit,
817 3113 996 3155 competat
1017 3109 1105 3144 mihi
1125 3110 1218 3145 iniu-

135 3151 270 3186 riarum
294 3151 400 3187 actio.
435 3151 528 3186 idem
551 3162 635 3197 ergo
658 3156 695 3188 et
718 3152 773 3188 si⁹
795 3153 833 3188 in
855 3164 958 3190 servo
983 3154 1098 3190 alieno
1123 3155 1220 3190 bona

135 3195 207 3231 fide
229 3196 317 3231 mihi
340 3197 515 3232 serviente
529 3198 566 3239 ¹⁰,
596 3200 637 3232 ut
667 3197 795 3233 totiens
819 3198 1047 3235 admittamus
1071 3200 1219 3235 iniuria-

135 3251 216 3276 rum
238 3242 425 3286 actionem,
451 3242 613 3286 quotiens
632 3241 671 3277 in
688 3252 802 3278 meam
822 3245 1072 3280 contumeliam
1090 3245 1220 3280 iniuria

136 3286 168 3321 ei
190 3285 290 3322 facta
312 3287 370 3323 sit.
407 3297 492 3322 nam
512 3287 626 3333 ipsius
647 3287 787 3332 quidem
807 3289 899 3324 servi
915 3290 1058 3326 nomine
1075 3290 1218 3326 domino

136 3330 299 3368 dabimus
326 3331 536 3368 iniuriarum
564 3331 750 3368 actionem.
797 3332 832 3369 si
861 3339 982 3371 autem
1009 3345 1066 3371 me
1094 3339 1220 3381 tangat

136 3380 173 3412 et
193 3376 365 3422 pulsatu,
394 3377 603 3412 iniuriarum
626 3377 712 3412 mihi
735 3388 877 3424 quoque
899 3384 965 3416 est.
1013 3391 1096 3426 ergo
1121 3384 1158 3416 et
1180 3380 1219 3416 in

137 3423 180 3456 49
225 3420 423 3458 fructuario
442 3422 537 3458 idem
555 3422 723 3468 distingui
741 3427 871 3468 potest.
908 3424 947 3461 Si
963 3435 1104 3462 servum
1121 3436 1217 3462 com-

136 3466 294 3513 plurium
332 3467 513 3511 cecidero,
554 3472 756 3521 competere
793 3468 1003 3506 iniuriarum
1039 3471 1218 3507 actionem

135 3510 298 3548 omnibus
320 3512 403 3557 plus
425 3523 532 3558 quam
553 3512 781 3549 manifestum
803 3517 877 3550 est:

137 3627 178 3667 (1)
201 3625 319 3659 sinF2
398 3628 442 3670 (2)
467 3627 700 3669 quaestioniF

135 3670 270 3704 admisit
288 3672 447 3706 similiave
467 3674 527 3706 ins.

136 3718 179 3757 (7)
204 3726 271 3758 quo
284 3716 344 3758 F¹,
365 3726 431 3759 qua
447 3717 498 3750 F²

136 3764 197 3802 (10)
221 3761 378 3794 servienti
394 3763 428 3794 F

775 3629 818 3667 (3)
843 3626 1017 3662 dictumF

621 3674 665 3714 (5)
689 3672 719 3705 si
738 3674 797 3706 im.
815 3673 850 3706 F

590 3719 636 3760 (8)
660 3728 767 3750 meam
787 3718 847 3751 ins.
869 3719 945 3752 dett.
1037 3720 1083 3761 (9)
1106 3720 1135 3752 si
1157 3720 1217 3752 del.

511 3764 566 3802 (11)
590 3763 618 3795 si
639 3765 750 3795 autem
768 3773 820 3795 me
838 3765 878 3795 ut
895 3765 1012 3805 tangat
1027 3764 1139 3807 pulset
1155 3777 1216 3798 scr.

1091 3630 1134 3671 (4)
1160 3629 1220 3671 qui

1209 128 1295 178 783

934 3674 981 3717 (6)
1004 3674 1180 3718 promittet
1192 3675 1228 3708 F

2040 133 2294 179 XXXXVII
2327 138 2377 178 10

1343 253 1394 293 16
1417 254 1578 291 Panas
1598 255 1689 291 libro
1710 258 2013 306 quadraqensimo
2024 260 2053 282 ¹²
2073 260 2199 307 quinto
2219 260 2270 296 ad
2285 259 2379 296 edio-

1293 303 1368 336 tum
1415 300 1477 337 sed
1501 311 1573 335 non
1596 310 1675 352 esse
1698 311 1850 347 aequum
1874 315 1939 349 pro
1962 304 2099 341 maiore
2120 309 2243 351 parte,
2272 316 2378 351 quam

1292 356 1359 391 pro
1403 355 1475 392 qua
1515 345 1679 382 dommus
1714 352 1787 389 est,
1830 349 2092 386 damnationem
2133 351 2210 386 fieri
2246 350 2378 387 Pedius

1293 392 1363 427 ait:
1383 395 1439 471 tet
1476 390 1557 427 ideo
1594 390 1714 427 officio
1751 393 1879 429 iudicis
1915 396 2098 440 portiones
2137 396 2379 432 aestimandae

1292 447 1383 472 erun
1401 463 1409 471 .

1342 479 1392 519 17
1432 480 1628 518 ULPIANUS
1662 481 1753 518 libro
1794 485 2118 532 quinquaqensimo
2149 487 2300 533 septimo
2331 487 2381 522 ad

1293 527 1447 563 edictum
1490 526 1562 562 Sed
1585 526 1617 562 si
1638 526 1745 562 unius
1768 529 1945 573 permissu
1967 530 2004 565 id
2027 531 2158 574 fecero,
2183 531 2216 567 si
2239 530 2380 576 quidem

1292 572 1404 608 solius
1440 572 1517 607 eius
1552 581 1632 607 esse
1667 573 1810 617 putavi,
1849 575 1937 609 nulli
1973 576 2142 621 competit
2169 577 2379 612 iniuriarum

1292 617 1399 653 actio.
1431 617 1539 663 plane
1562 617 1593 652 si
1612 617 1678 653 scii
1701 617 1869 663 plurium,
1894 620 1926 654 ei
1947 621 2099 665 quidem,
2125 621 2186 665 qui
2207 622 2378 667 permisit,

1292 673 1365 698 non
1408 662 1580 708 competit
1622 662 1832 698 iniuriarum
1873 665 1984 707 actio,
2029 667 2157 702 ceteris
2200 667 2379 712 competit.

1296 711 1310 742 1
1362 707 1401 743 Si
1435 708 1538 743 iussu
1573 708 1704 744 tutoris
1743 712 1807 743 aut
1844 712 2089 754 procuratoris
2119 711 2175 747 vel
2204 713 2379 747 curatoris

1293 753 1455 798 quaestio
1486 753 1612 789 habita
1643 753 1711 796 sit,
1750 764 1972 799 consequens
2004 756 2072 791 erit
2102 756 2216 792 dicere
2241 766 2380 793 cessare

1295 804 1313 833 2
1360 798 1572 834 iniuriarum
1591 799 1780 835 actionem.
1817 799 1948 836 Servus
1967 811 2066 836 meus
2091 811 2201 846 opera
2222 803 2277 837 vel
2295 813 2379 848 que-

1292 843 1382 879 rella
1418 847 1483 878 tua
1519 843 1671 889 flagellis
1711 854 1838 880 caesus
1862 848 1918 880 est
1948 855 1970 880 a
2003 846 2213 891 magistratu
2244 853 2379 883 nostro.

1293 889 1391 924 Mela
1419 892 1526 934 putat
1556 889 1711 925 dandam
1733 889 1820 925 mihi
1842 889 2053 925 iniuriarum
2076 891 2244 928 adversus
2267 897 2319 935 te,
2343 894 2381 928 in

1295 937 1468 979 quantum
1491 934 1539 970 ob
1564 944 1642 970 eam
1665 945 1742 970 rem
1765 945 1920 979 aequum
1942 935 2051 971 iudici
2074 936 2267 980 videbitur,
2291 941 2328 974 et
2350 938 2381 974 si

1295 989 1418 1015 servus
1443 979 1656 1023 decesserit,
1689 980 1871 1016 dominum
1893 980 1970 1016 eius
2002 991 2106 1026 agere
2128 992 2235 1027 posse
2257 983 2380 1019 Labeo

1293 1025 1364 1067 ait,
1396 1025 1481 1070 quia
1504 1025 1549 1060 de
1572 1025 1722 1068 damno,
1754 1025 1851 1070 quod
1873 1036 1939 1070 per
1961 1026 2126 1062 iniuriam
2155 1027 2291 1063 factum
2314 1033 2379 1071 est,

1294 1073 1314 1105 3
1362 1075 1500 1115 agatur.
1555 1075 1592 1106 et
1624 1071 1677 1106 ita
1710 1070 1880 1106 Trebatio
1913 1071 2061 1116 placuit.
2117 1071 2297 1117 Quaedam
2326 1074 2380 1108 in-

1293 1115 1407 1150 iuriae
1438 1126 1461 1150 a
1490 1115 1615 1151 liberis
1645 1116 1850 1152 hominibus
1880 1115 2000 1152 factae
2023 1117 2117 1154 leves
2142 1120 2228 1159 (non
2250 1118 2381 1154 nullius

1292 1161 1475 1204 momenti)
1506 1161 1689 1204 videntur,
1732 1161 1909 1197 enimvero
1942 1172 1965 1197 a
1988 1162 2099 1198 servis
2129 1173 2254 1208 graves
2278 1166 2380 1200 sunt:

1294 1206 1424 1242 crescit
1453 1206 1548 1241 enim
1578 1207 1793 1242 contumelia
1816 1217 1861 1242 ex
1892 1217 2048 1252 persona
2070 1208 2147 1243 eius
2172 1209 2234 1253 qui
2257 1213 2381 1244 eontu-

1293 1254 1315 1286 4
1361 1251 1504 1287 meliam
1538 1251 1635 1287 fecit.
1685 1252 1775 1288 Cum
1805 1262 1927 1288 servus
1956 1253 2124 1288 iniuriam
2146 1253 2250 1296 facit,
2274 1254 2382 1289 male-

1293 1297 1413 1332 ficium
1436 1307 1518 1332 eum
1542 1297 1729 1333 admittere
1752 1297 1874 1342 palam
1896 1301 1968 1333 est:
1998 1299 2124 1334 merito
2147 1299 2256 1343 igitur
2278 1299 2383 1335 sicuti

1293 1352 1338 1378 ex
1362 1343 1491 1378 ceteris
1516 1342 1673 1386 delictis,
1704 1343 1756 1377 ita
1785 1346 1823 1378 et
1846 1353 1890 1378 ex
1914 1343 1983 1379 hoc
2013 1344 2222 1379 iniuriarum
2245 1345 2383 1380 noxalis

1293 1387 1389 1423 actio
1413 1387 1529 1431 datur,
1563 1388 1628 1424 sed
1651 1387 1689 1423 in
1712 1388 1861 1424 arbitrio
1886 1388 2021 1424 domini
2040 1393 2106 1432 est,
2131 1399 2178 1424 an
2201 1390 2285 1425 velit
2303 1400 2384 1425 eum

1293 1433 1554 1468 verberandum
1573 1433 1753 1476 exhibere,
1780 1437 1822 1469 ut
1840 1433 1893 1469 ita
1912 1434 2067 1470 satisfiat
2085 1434 2122 1470 ei
2141 1434 2202 1480 qui
2218 1435 2384 1470 iniuriam

1293 1488 1423 1523 passus
1455 1481 1526 1514 est:
1563 1489 1679 1524 neque
1710 1479 1781 1514 erit
1810 1489 1958 1515 necesse
1990 1479 2133 1516 domino
2157 1480 2280 1525 utique
2303 1491 2384 1516 eum

1293 1523 1555 1559 verberandum
1572 1527 1770 1569 praestare,
1795 1524 1860 1560 sed
1882 1523 2028 1560 dabitur
2045 1525 2079 1561 ei
2101 1525 2257 1561 facultas
2279 1536 2382 1571 prae-

1293 1572 1391 1604 stare
1414 1569 1447 1604 ei
1460 1569 1489 1591 ¹³
1512 1579 1654 1605 servum
1672 1569 1934 1605 verberandum
1954 1574 2029 1612 aut,
2053 1570 2085 1606 si
2103 1570 2148 1606 de
2167 1581 2210 1606 eo
2229 1571 2383 1607 verberi-

1293 1614 1361 1650 bus
1393 1614 1481 1650 satis
1513 1625 1587 1650 non
1617 1614 1699 1659 fiat,
1737 1625 1854 1651 noxae
1877 1615 2079 1651 dedendum
2101 1616 2156 1652 vel
2178 1616 2251 1652 litis
2275 1617 2382 1652 aesti-

1294 1663 1313 1693 5
1370 1660 1563 1695 mationem
1603 1660 1852 1696 sufferendam.
1911 1661 1975 1696 Ait
2011 1665 2158 1706 praetor
2197 1662 2383 1697 ‘arbitratu

1294 1704 1462 1741 ‘iudicis'z
1501 1705 1625 1751 utique
1656 1705 1760 1751 quasi
1787 1705 1855 1741 viri
1886 1706 1991 1749 boni,
2031 1711 2074 1742 ut
2100 1707 2161 1742 ille
2176 1708 2202 1728 ¹⁴
2238 1707 2381 1744 modum

1295 1754 1314 1785 6
1361 1751 1549 1786 verberum
1567 1752 1739 1796 imponat.
1776 1751 1815 1787 Si
1838 1755 1922 1787 ante
1943 1751 2099 1787 iudicem
2123 1752 2286 1788 dominus
2303 1763 2381 1788 ver-

1293 1795 1491 1831 berandum
1522 1806 1662 1832 servum
1685 1796 1904 1840 exhibuerit,
1937 1801 1978 1832 ut
2001 1797 2089 1833 satis
2119 1797 2326 1833 verberibus
2351 1797 2383 1833 ei

1292 1840 1413 1883 fieret,
1452 1845 1488 1876 et
1523 1841 1592 1877 erit
1624 1841 1762 1877 factum
1796 1842 1975 1878 arbitratu
2010 1843 2162 1879 alicuius
2175 1844 2213 1886 ¹⁵,
2257 1846 2383 1888 postea

1293 1890 1395 1922 actor
1425 1897 1532 1940 agere
1559 1887 1771 1923 iniuriarum
1801 1891 2026 1933 perseverat,
2057 1899 2130 1924 non
2157 1893 2212 1924 est
2235 1888 2381 1924 audien-

1293 1931 1379 1967 dus:
1405 1942 1467 1976 qm
1489 1932 1584 1967 enim
1608 1933 1750 1978 accepit
1772 1933 2066 1976 satisfactionem,
2089 1932 2258 1969 iniuriam
2282 1943 2383 1969 suam

1292 1976 1438 2012 remisit.
1487 1987 1571 2013 nam
1594 1982 1630 2013 et
1659 1978 1691 2013 si
1713 1978 1812 2013 nuda
1835 1978 2023 2015 voluntate
2046 1978 2211 2014 iniuriam
2234 1978 2379 2022 remisit,

1291 2021 1492 2058 indubitate
1523 2022 1714 2058 dicendum
1744 2027 1800 2059 est
1837 2023 1996 2069 extingui
2026 2023 2238 2059 iniuriarum
2269 2024 2381 2061 actio-

1292 2077 1372 2103 nem
1385 2068 1413 2089 16
1441 2078 1514 2103 non
1543 2068 1679 2111 minus,
1722 2079 1829 2113 quam
1858 2069 1890 2105 si
1919 2073 2080 2114 tempore
2111 2070 2245 2105 abolita
2275 2069 2382 2105 fuerit

1293 2116 1311 2147 7
1358 2113 1500 2148 iniuria.
1548 2113 1588 2149 Si
1610 2114 1712 2149 iussu
1736 2114 1869 2149 domini
1900 2125 2022 2150 servus
2052 2114 2218 2150 iniuriam
2246 2114 2379 2158 fecerit,

1292 2158 1416 2203 utique
1440 2158 1603 2194 dominus
1628 2159 1808 2194 conveniri
1837 2160 1972 2205 poterit
2000 2160 2108 2196 etiam
2138 2171 2203 2197 suo
2228 2160 2379 2195 nomine.

1292 2203 1356 2239 sed
1375 2203 1406 2239 si
1424 2207 1650 2249 proponatur
1668 2214 1793 2240 servus
1810 2205 2061 2248 manumissus,
2081 2206 2202 2251 placet
2222 2205 2382 2241 Labeoni

1292 2248 1448 2284 dandam
1470 2249 1508 2284 in
1533 2260 1614 2284 eum
1637 2250 1826 2293 actionem,
1853 2251 1937 2296 quia
1961 2254 1996 2286 et
2011 2261 2109 2286 noxa
2132 2256 2241 2297 caput
2265 2251 2381 2296 sequi-

1291 2297 1351 2329 tur
1374 2304 1442 2329 nec
1464 2294 1503 2329 in
1527 2295 1646 2330 omnia
1669 2305 1792 2331 servus
1817 2295 1960 2331 domino
1983 2306 2113 2341 parere
2136 2296 2260 2332 debet:
2287 2299 2379 2332 cete-

1291 2350 1371 2374 rum
1395 2343 1432 2375 et
1455 2340 1486 2375 si
1509 2340 1683 2376 occiderit
1706 2341 1807 2376 iussu
1831 2341 1982 2384 domini,
2015 2341 2180 2377 Cornelia
2203 2352 2283 2376 eum
2306 2341 2379 2377 exi-

1292 2387 1312 2419 8
1359 2395 1507 2421 memus.
1539 2385 1653 2421 Plane
1671 2385 1703 2421 si
1721 2385 1937 2422 defendendi
1955 2387 2089 2422 domini
2110 2387 2226 2432 gratia
2248 2386 2381 2432 aliquid

1290 2429 1426 2472 fecerit,
1451 2431 1626 2466 rationem
1649 2431 1681 2467 ei
1702 2435 1869 2467 constare
1893 2442 1939 2477 ap
1967 2436 2055 2476 aret,
2078 2431 2185 2477 inque
2205 2441 2283 2468 eam
2305 2442 2380 2467 rem

1292 2478 1312 2510 9
1359 2475 1531 2512 adversus
1555 2479 1719 2521 agentem
1742 2477 1906 2522 exceptio
1927 2488 1948 2513 o
1975 2477 2113 2513 icienda
2136 2478 2213 2512 erit.
2250 2477 2287 2512 Si
2305 2487 2379 2512 ser-

1291 2531 1375 2563 vus,
1407 2521 1445 2556 in
1476 2531 1547 2566 quo
1583 2531 1670 2557 usus
1702 2521 1843 2558 fructus
1874 2533 1975 2558 meus
1999 2526 2072 2565 est,
2103 2522 2271 2558 iniuriam
2295 2522 2381 2557 mihi

1291 2566 1434 2609 fecerit,
1477 2566 1648 2602 adversus
1684 2566 1866 2603 dominum
1901 2568 2023 2603 noxali
2061 2567 2192 2604 iudicio
2227 2566 2380 2612 experiri

1290 2614 1436 2656 potero:
1476 2622 1593 2657 neque
1624 2612 1736 2648 debeo
1767 2613 1953 2648 deterioris
1985 2612 2203 2649 condicionis
2235 2613 2280 2648 ob
2310 2613 2379 2647 hoc

1290 2667 1380 2699 esse,
1405 2657 1503 2702 quod
1525 2668 1631 2692 usum
1653 2657 1810 2693 fructum
1834 2658 1873 2693 in
1897 2669 1938 2694 eo
1962 2658 2098 2702 habeo,
2123 2668 2230 2704 quam
2254 2658 2285 2693 si
2307 2668 2379 2693 non

1290 2702 1471 2737 haberem.
1519 2703 1625 2738 aliter
1662 2706 1771 2747 atque
1810 2703 1841 2739 si
1876 2714 1999 2739 servus
2033 2703 2228 2739 communis
2267 2707 2377 2738 esset:

1290 2751 1377 2782 tunc
1409 2747 1503 2783 enim
1527 2758 1600 2783 non
1633 2748 1798 2784 daremus
1829 2749 1927 2784 socio
1951 2748 2145 2791 actionem,
2177 2751 2377 2794 eapropter,

1295 2796 1334 2827 10
1383 2793 1467 2837 quia
1506 2796 1542 2828 et
1580 2793 1658 2838 ipse
1695 2793 1906 2829 iniuriarum
1945 2794 2088 2830 actione
2119 2798 2271 2830 tenetur.
2317 2793 2379 2828 Ait

1289 2843 1454 2883 praetor:
1480 2838 1530 2874 ‘Si
1552 2838 1595 2882 ei,
1621 2839 1683 2883 qui
1705 2838 1744 2874 in
1767 2839 1915 2874 alterius
1938 2842 2117 2884 potestate
2141 2839 2223 2880 erit,
2248 2838 2379 2873 iniuria

1291 2883 1399 2918 ‘facta
1429 2894 1507 2919 esse
1537 2883 1675 2919 dicetur
1704 2888 1740 2919 et
1774 2894 1890 2929 neque
1920 2884 1969 2927 is,
2006 2884 2107 2920 cuius
2136 2884 2174 2918 in
2201 2887 2380 2929 potestate

1291 2931 1368 2970 ‘est,
1389 2939 1560 2973 praesens
1580 2929 1649 2964 erit
1665 2939 1780 2974 neque
1800 2934 2014 2974 procurator
2034 2929 2220 2974 quisquam
2237 2928 2375 2971 existat,

1290 2974 1363 3018 ‘qui
1382 2983 1425 3009 eo
1443 2974 1587 3009 nomine
1606 2978 1708 3018 agat:
1734 2984 1846 3015 causa
1866 2974 2008 3019 cognita
2025 2974 2104 3020 ipsi,
2132 2974 2193 3026 qui
2211 2973 2376 3008 iniuriam

1294 3022 1330 3053 11
1382 3019 1578 3064 ‘accepisse
1598 3019 1748 3063 dicetur,
1772 3019 1943 3055 iudicium
1961 3019 2077 3054 dabo’.
2112 3019 2203 3053 F1li0
2224 3017 2375 3053 familias

1288 3063 1455 3099 iniuriam
1478 3074 1599 3109 passo,
1624 3064 1656 3100 si
1678 3075 1849 3109 praesens
1873 3065 1920 3100 sit
1931 3066 1957 3086 ¹⁷
1982 3068 2095 3110 pater,
2129 3073 2233 3107 agere
2257 3067 2376 3098 tamen

1289 3119 1362 3144 non
1392 3110 1507 3154 possit
1537 3113 1684 3154 propter
1714 3109 1873 3146 furorem
1904 3110 1957 3145 vel
1982 3120 2085 3154 quem
2114 3109 2222 3143 alium
2254 3117 2376 3142 casum

1290 3154 1497 3197 dementiae,
1518 3158 1606 3199 puto
1625 3158 1827 3199 competere
1846 3155 2055 3190 iniuriarum
2075 3153 2266 3188 actionem:
2291 3162 2374 3187 nam

1292 3202 1331 3233 12
1379 3202 1416 3234 et
1445 3199 1505 3234 hic
1537 3203 1642 3244 pater
1671 3200 1747 3235 eius
1779 3200 1936 3236 absentis
1968 3200 2047 3234 loco
2084 3202 2147 3233 est.
2202 3197 2315 3232 Plane
2345 3197 2374 3232 si

1288 3253 1459 3288 praesens
1479 3254 1584 3289 agere
1602 3244 1703 3287 nolit,
1728 3245 1784 3281 vel
1808 3246 1891 3290 quia
1910 3244 2027 3279 differt
2048 3243 2102 3278 vel
2126 3243 2210 3287 quia
2227 3242 2374 3277 remittit

1288 3292 1396 3333 atque
1427 3289 1540 3325 donat
1561 3290 1745 3335 iniuriam,
1782 3291 1892 3335 magis
1917 3293 1987 3331 est,
2020 3291 2060 3323 ut
2084 3288 2155 3323 filio
2185 3287 2278 3322 actio
2303 3297 2374 3322 non

1288 3333 1410 3369 detur:
1443 3344 1527 3370 nam
1550 3338 1589 3370 et
1619 3346 1701 3371 cum
1724 3336 1844 3378 abest,
1877 3334 2008 3369 idcirco
2041 3332 2148 3367 datur
2169 3331 2242 3367 filio
2267 3332 2372 3375 actio,

1288 3379 1373 3424 quia
1395 3379 1584 3416 verisimile
1607 3384 1664 3417 est
1684 3384 1840 3426 patrem,
1865 3380 1897 3415 si
1920 3388 2088 3424 praesens
2111 3377 2249 3421 fuisset,
2273 3380 2374 3429 actu-

1290 3427 1330 3459 13
1377 3435 1458 3460 rum
1481 3424 1606 3462 fuisse.
1653 3426 1834 3461 Interdum
1858 3428 1975 3459 tamen
1998 3427 2166 3468 putamus
2191 3425 2226 3456 et
2254 3432 2286 3457 si
2307 3431 2373 3467 pa-

1286 3469 1381 3504 ter¹⁸
1403 3470 1581 3514 remittat,
1605 3470 1817 3506 iniuriarum
1841 3468 2015 3504 actionem
2038 3467 2113 3503 filio
2137 3466 2309 3509 dandam,
2335 3470 2375 3502 ut

1285 3517 1376 3560 puta
1406 3515 1438 3551 si
1467 3515 1582 3561 patris
1612 3526 1769 3562 persona
1799 3515 1876 3550 vilis
1900 3513 2110 3558 abiectaque
2132 3511 2198 3556 sit,
2221 3511 2285 3547 filii
2307 3511 2373 3547 ho-

2142 3628 2199 3668 (14)
2224 3625 2308 3658 utile
2318 3625 2372 3658 F²

1287 3629 1349 3671 (12)
1372 3629 1650 3673 quinquagesimo
1661 3641 1725 3662 scr.
1806 3629 1865 3669 (13)
1891 3628 1921 3661 ei
1933 3627 1995 3661 del.
2010 3625 2061 3660 F²

2192 3671 2252 3713 (17)
2276 3680 2370 3713 prae-

1288 3675 1348 3716 (15)
1372 3674 1526 3718 alicuius]
1545 3674 1640 3707 illius
1657 3686 1721 3709 scr.
1827 3673 1889 3715 (16)
1912 3673 2043 3705 actione
2064 3672 2100 3704 F

1288 3719 1392 3752 sensit
1403 3720 1440 3753 F
1522 3721 1583 3762 (18)
1607 3721 1701 3762 pater
1713 3718 1750 3760 S,
1770 3720 1898 3759 partem
1912 3718 1943 3750 F
