2528 3918
103 119 307 153 INDEBITI

101 229 287 277 pecuniam
321 227 452 263 debens
485 224 602 260 oleum
634 222 771 258 dederit
802 222 915 268 pluris
947 223 1053 268 pretii
1111 222 1189 257 uasi

97 276 177 322 plus
203 274 355 314 debens,
387 270 442 306 vel
475 280 555 305 cum
581 269 697 304 oleum
721 268 884 310 deberet,
910 267 1027 303 oleum
1052 267 1096 303 de
1124 267 1191 303 erit

97 320 199 366 quasi
224 319 392 353 maiorem
416 314 560 350 modum
585 313 737 355 debens,
772 311 994 358 superfluum
1019 313 1087 349 olei
1112 323 1190 348 esse

97 364 344 410 repetendum,
376 371 449 396 non
478 363 593 394 totum
626 361 662 393 et
693 358 738 393 ob
773 358 842 393 hoc
867 362 1088 403 peremptam
1112 368 1190 394 esse

96 414 118 446 6
165 407 423 460 obligationem.
472 404 571 439 Idem
584 403 776 438 Marcellus
790 403 908 445 adicit,
930 403 971 446 si,
994 414 1076 439 cum
1088 403 1190 439 fundi

95 465 180 501 pars
204 453 288 488 mihi
313 452 518 492 deberetur,
551 449 655 494 quasi
686 453 782 484 totus
809 448 999 484 deberetur
1023 450 1189 484 aestima-

96 501 193 535 tione
216 498 325 538 facta,
350 495 480 530 solutio
504 494 679 539 pecuniae
703 493 807 529 solidi
830 493 936 539 pretii
960 493 1063 529 fundi
1086 494 1187 529 facta

95 545 159 587 sit,
184 542 296 588 repeti
319 551 425 586 posse
449 551 522 575 non
545 543 661 575 totum
685 540 858 584 pretium,
891 539 955 574 sed
986 540 1100 584 partis
1133 539 1188 574 in-

97 594 114 624 ’1
164 588 304 624 debitae
335 585 500 632 pretium.
549 584 650 620 Adeo
684 588 804 619 autem
827 588 1001 629 perpetua
1026 584 1187 630 exceptio

95 634 189 680 parit
213 631 483 673 condictionem,
507 634 549 665 ut
572 630 732 665 Iulianus
755 630 845 665 libro
872 629 1008 665 decimo
1033 630 1188 675 scripsit,

95 681 125 716 si
150 682 286 724 emptor
308 676 411 712 fundi
435 676 656 711 damnaverit
678 674 846 710 heredem
871 685 997 717 suum,
1030 679 1072 710 ut
1104 686 1183 710 ven-

93 725 242 761 ditorem
265 733 359 758 nexu
381 721 514 757 venditi
534 721 713 762 liberaret,
738 731 821 755 mox
839 719 1002 755 venditor
1020 720 1188 765 ignorans

94 780 168 805 rem
190 767 396 809 tradiderit,
428 777 535 812 posse
559 777 639 801 eum
662 765 814 801 fundum
839 765 1045 800 condicere:
1078 766 1187 801 idem-

92 825 162 860 que
193 818 228 849 et
259 813 289 848 si
321 812 540 848 debitorem¹
574 822 678 846 suum
711 811 934 846 damnaverit
966 811 1120 846 liberare
1154 814 1190 846 et

94 863 114 896 8
159 859 218 894 ille
240 858 406 902 ignorans
439 857 594 892 solverit.
644 856 711 900 Qui
741 856 814 891 filio
845 855 999 891 familias
1033 856 1187 898 solverit,

92 916 174 941 cum
199 907 293 939 esset
316 903 391 938 eius
415 902 606 955 peculiaris
631 901 791 944 debitor,
823 901 854 936 si
879 901 1021 953 quidem
1045 901 1188 947 ignora-

93 950 142 986 vit
167 949 371 993 ademptum
396 957 427 983 e1
446 947 635 993 peculium,
660 947 851 982 liberatur:
877 957 908 981 si
927 947 996 981 scit
1016 950 1052 982 et
1071 947 1188 989 solvit,

92 994 354 1031 condictionem
377 1004 449 1028 non
468 993 588 1035 habet,
614 992 698 1037 quia
718 992 834 1027 sciens
854 992 1051 1027 indebitum
1071 992 1186 1027 solvit.

92 1044 114 1076 9
160 1039 273 1075 Filius
296 1038 451 1074 familias
477 1042 604 1073 contra
626 1037 929 1073 Macedonianum
953 1041 1137 1072 mutuatus
1159 1038 1189 1072 si

91 1085 237 1121 solverit
270 1088 305 1120 et
336 1084 431 1129 patri
462 1094 527 1119 suo
567 1083 671 1118 heres
708 1082 856 1118 effectus
891 1083 976 1117 velit
1009 1083 1189 1118 vindicare

92 1141 274 1172 nummos,
319 1129 529 1175 exceptione
572 1128 851 1164 summovebitur
892 1138 915 1163 a
949 1128 1189 1163 vindicatione

95 1180 135 1211 10
182 1186 418 1211 nummorum.
468 1174 506 1209 Si
530 1174 608 1219 quis
633 1173 736 1219 quasi
760 1184 803 1208 ex
824 1173 1080 1218 compromisso
1102 1184 1187 1208 con-

95 1225 132 1256 11
183 1221 370 1256 demnatus
394 1220 487 1255 falso
512 1220 676 1261 solverit,
710 1223 871 1264 repetere
895 1222 1026 1264 potest.
1075 1219 1187 1254 Here-

90 1266 238 1301 ditatis²
262 1266 317 1301 vel
339 1266 515 1301 bonorum
538 1265 755 1310 possessori,
790 1265 821 1299 si
854 1264 996 1309 quidem
1020 1264 1189 1299 defendat

91 1312 345 1354 hereditatem,
376 1310 573 1346 indebitum
605 1310 761 1345 solutum
797 1309 936 1344 condici
970 1310 1122 1355 poterit:
1157 1309 1187 1344 si

91 1368 174 1392 vero
198 1356 229 1392 is
253 1367 326 1392 non
350 1356 537 1398 defendat,
571 1356 678 1391 etiam
711 1355 870 1390 debitum
895 1355 1050 1390 solutum
1073 1354 1188 1400 repeti

94 1405 133 1437 12
181 1406 312 1447 potest.
360 1401 529 1437 Libertus
555 1412 636 1436 cum
661 1411 699 1436 se
717 1404 864 1446 putaret
883 1411 1011 1446 operas
1032 1404 1186 1445 patrono

89 1447 239 1490 debere,
272 1447 394 1482 solvit:
430 1446 619 1482 condicere
651 1457 732 1481 eum
763 1456 836 1481 non
867 1456 994 1490 posse,
1028 1446 1187 1490 quamvis

92 1496 223 1538 putans
249 1503 287 1528 se
311 1492 506 1537 obligatum
530 1492 645 1534 solvit,
671 1491 831 1526 Iulianus
854 1491 946 1526 libro
972 1491 1108 1526 decimo
1135 1491 1186 1525 di-

88 1542 271 1583 gestorum
295 1538 455 1583 scripsit:
480 1541 612 1572 natura
636 1537 728 1572 enim
753 1547 882 1582 operas
906 1540 1060 1581 patrono
1080 1537 1186 1571 liber-

92 1588 150 1618 tus
183 1583 299 1618 debet.
337 1583 399 1618 sed
423 1586 460 1618 et
483 1583 513 1618 si
536 1593 609 1618 non
634 1592 765 1627 operae
788 1586 942 1627 patrono
974 1585 1059 1618 sunt
1090 1582 1186 1617 solu-

90 1633 160 1671 tae,
185 1629 259 1671 sed,
286 1639 367 1663 cum
391 1628 550 1663 officium
575 1628 620 1663 ab
646 1639 686 1663 eo
713 1628 992 1670 desideraretur,
1018 1638 1098 1663 cum
1122 1638 1186 1672 pa-

91 1678 194 1709 trono
220 1674 351 1709 decidit
373 1674 528 1719 pecunia
553 1677 588 1708 et
612 1673 735 1715 solvit,
767 1677 929 1718 repetere
962 1684 1034 1707 non
1058 1676 1186 1718 potest.

88 1719 153 1755 sed
176 1719 207 1755 si
231 1729 358 1764 operas
383 1723 536 1764 patrono
562 1719 723 1754 exhibuit
743 1729 817 1753 non
838 1718 1022 1760 officiales,
1047 1718 1110 1753 sed
1131 1718 1185 1752 fa-

92 1765 218 1807 briles,
250 1765 384 1799 veluti³
408 1764 580 1810 pictorias
603 1765 659 1799 vel
683 1764 793 1806 alias,
827 1764 910 1799 dum
933 1768 1039 1809 putat
1063 1774 1100 1799 se
1126 1763 1186 1798 de-

91 1810 193 1852 bere,
226 1810 416 1845 videndum
441 1820 486 1845 an
510 1810 625 1855 possit
649 1810 848 1845 condicere.
886 1813 922 1844 et
947 1809 1071 1844 Celsus
1095 1809 1187 1844 libro

88 1858 192 1891 sexto
218 1855 436 1900 digestorum
459 1860 566 1900 putat
590 1865 668 1890 eam
693 1865 771 1890 esse
804 1865 952 1890 causam
983 1865 1186 1899 operarum,

92 1905 133 1936 ut
164 1912 237 1936 non
270 1901 343 1936 sint
374 1901 517 1936 eaedem
550 1911 666 1946 neque
691 1900 846 1935 eiusdem
871 1900 1022 1935 hominis
1049 1901 1187 1945 neque⁶

89 1946 205 1982 eidem
240 1947 470 1982 exhibentur:
515 1957 598 1981 nam
634 1946 843 1991 plerumque
877 1946 988 1980 robur
1023 1946 1187 1987 hominis,

90 1996 191 2027 aetas
211 1992 380 2036 temporis
393 1994 406 2013 ⁵
430 1992 751 2037 opportunitasque
770 1991 943 2026 naturalis
965 1994 1082 2025 mutat
1102 2001 1186 2026 cau-

89 2048 167 2073 sam
192 2048 400 2082 operarum,
433 2042 470 2072 et
493 2037 571 2072 ideo
597 2048 662 2072 nec
686 2037 808 2072 volens
833 2037 912 2081 quis
936 2036 1085 2071 reddere
1122 2046 1187 2080 po-

85 2086 169 2118 test.
194 2083 256 2118 sed
280 2083 359 2124 hae,
384 2083 510 2127 inquit,
536 2093 666 2127 operae
686 2082 864 2127 recipiunt
885 2082 1186 2116 aestimationem:

91 2132 128 2163 et
151 2128 328 2163 interdum
347 2128 432 2163 licet
452 2128 547 2163 aliud
594 2132 803 2169 raestemus,
827 2127 954 2172 inquit,
980 2127 1076 2162 aliud
1102 2138 1187 2162 con-

89 2173 261 2208 dicimus:
295 2177 335 2208 ut
366 2177 454 2218 puta
485 2173 549 2208 fun
577 2184 636 2208 um
660 2173 858 2208 indebitum
883 2172 964 2207 dedi
988 2176 1024 2207 et
1046 2172 1187 2208 fructus

89 2219 263 2254 condico:
289 2219 345 2254 vel
361 2219 539 2254 hominem
558 2218 765 2260 indebitum,
791 2221 827 2253 et
847 2218 944 2253 hunc
965 2218 1042 2253 sine
1060 2217 1188 2252 fraude

90 2264 230 2299 modico
252 2263 460 2305 distraxisti,
481 2274 609 2308 nempe
628 2264 698 2299 hoc
718 2264 832 2298 solum
854 2263 1047 2298 refundere
1067 2263 1187 2305 debes,

88 2309 187 2354 quod
212 2319 256 2344 ex
279 2309 392 2354 pretio
417 2309 546 2344 habes:
580 2309 636 2344 vel
659 2309 746 2344 meis
771 2308 972 2354 sumptibus
997 2308 1186 2354 pretiosio-

91 2365 165 2390 rem
188 2355 365 2390 hominem
389 2355 469 2397 feci,
495 2365 615 2389 nonne
639 2354 819 2389 aestimari
841 2355 931 2390 haec
953 2354 1109 2389 debent?
1134 2354 1185 2389 sic

89 2404 128 2435 et
159 2400 197 2435 in
226 2400 431 2445 proposito,
464 2399 534 2442 ait,
563 2410 672 2445 posse
705 2400 866 2441 condici‚
899 2400 1025 2444 quanti
1057 2409 1186 2444 operas

89 2455 206 2480 essem
231 2445 488 2480 conducturus.
526 2445 590 2480 sed
623 2445 654 2480 si
686 2444 870 2490 delegatus
902 2446 950 2480 sit
980 2455 1003 2480 a
1033 2449 1187 2489 patrono

88 2490 263 2526 officiales
289 2492 460 2536 operasss,
494 2490 590 2536 apud
622 2490 835 2525 Marcellum
870 2490 961 2525 libro
995 2490 1186 2525 vicensimo

89 2536 309 2581 digestorum
334 2536 527 2580 quaeritur.
565 2539 602 2571 et
633 2536 719 2570 dicit
741 2535 936 2571 Marcellus
968 2546 1041 2570 non
1073 2535 1188 2571 teneri

88 2591 191 2623 eum,
227 2581 295 2616 nisi
325 2581 420 2616 forte
450 2581 487 2616 in
518 2581 669 2616 artificio
701 2581 774 2616 sint
806 2581 887 2622 (hae
918 2581 1011 2616 enim
1042 2581 1188 2616 iubente

92 2631 245 2672 patrono
281 2630 316 2661 et
347 2627 407 2661 alii
439 2626 599 2662 edendae
624 2629 740 2669 sunt):
773 2626 836 2661 sed
868 2626 898 2661 si
930 2626 1075 2662 solverit
1106 2626 1186 2662 offi-

89 2672 199 2707 ciales
233 2671 432 2716 delegatus,
466 2683 539 2707 non
570 2676 690 2717 potest
723 2671 910 2707 condicere
934 2681 1049 2717 neque
1073 2671 1105 2706 ei
1130 2672 1188 2706 cui

88 2717 197 2752 solvit
228 2717 414 2760 creditori,
449 2717 506 2752 cui
530 2717 678 2752 alterius
704 2717 1006 2761 contemplatione
1030 2717 1187 2752 solutum

90 2766 148 2797 est
172 2762 302 2807 quique
326 2773 429 2797 suum
453 2763 591 2807 recipit,
617 2772 732 2807 neque
755 2767 922 2806 patrono,
947 2763 1031 2806 quia
1056 2766 1188 2797 natura

95 2810 135 2842 13
184 2808 215 2842 ei
247 2808 431 2842 debentur.
481 2807 517 2842 Si
549 2808 671 2843 decem
703 2812 767 2842 aut
798 2807 960 2842 Stichum
995 2807 1187 2852 stipulatus

89 2852 227 2888 solvam
263 2854 437 2898 quinque,
481 2854 681 2897 quaeritur,
727 2863 773 2887 an
790 2853 942 2897 -possim
979 2852 1185 2888 condicere:

90 2898 254 2942 quaestio
287 2909 331 2933 ex
362 2899 431 2933 hoc
463 2898 666 2939 descendit,
699 2908 746 2932 an
776 2897 908 2933 liberer
939 2898 976 2932 in
1013 2898 1186 2943 quinque:

94 2953 174 2977 nam
201 2943 229 2978 si
254 2943 403 2985 liberor,
429 2949 548 2978 cessat
572 2943 770 2984 condictio,
795 2943 825 2978 si
849 2954 922 2978 non
946 2943 1096 2985 liberor,
1122 2943 1188 2978 erit

91 2989 282 3024 condictio.
327 2989 464 3033 placuit
495 2993 633 3030 autem,
666 2993 706 3022 ut
739 2988 861 3023 Celsus
893 2988 983 3023 libro
1017 2992 1118 3023 sexto
1152 2993 1188 3023 et

94 3033 285 3069 Marcellus
317 3034 407 3069 libro
442 3034 633 3069 vicensimo
671 3033 887 3078 digestorum
920 3034 1081 3078 scripsit,
1114 3044 1186 3069 non

92 3079 226 3123 peremi
260 3083 400 3123 partem
437 3079 617 3114 dimidiam
653 3079 878 3123 obligationis
912 3079 1063 3124 ideoque
1094 3089 1186 3122 eum,

91 3124 178 3168 qui⁷
203 3124 359 3169 quinque
383 3125 498 3166 solvit,
522 3125 559 3159 in
583 3124 753 3169 pendenti
777 3124 1002 3166 habendum,
1027 3134 1074 3159 an
1098 3124 1186 3159 libe-

94 3173 251 3212 raretur,
286 3169 429 3214 petique
465 3170 510 3204 ab
547 3180 587 3204 eo
622 3179 728 3215 posse
762 3170 900 3215 reliqua
935 3170 1092 3214 quinque
1126 3173 1188 3204 aut

91 3213 255 3249 Stichum
288 3219 342 3256 et,
376 3215 406 3250 si
461 3215 659 3250 raestiterit
690 3215 835 3250 residua
867 3215 1042 3259 quinque,
1075 3215 1188 3249 videri

94 3268 175 3293 eum
200 3263 235 3294 et
254 3260 375 3304 priora
395 3259 439 3295 de
465 3260 515 3294 ita
535 3260 692 3302 solvisse,
718 3261 748 3295 si
769 3264 887 3295 autem
902 3259 1062 3295 Stichum
1084 3271 1186 3304 prae-

91 3304 253 3346 stitisset,
278 3305 433 3349 quinque
457 3315 538 3340 eum
562 3315 668 3350 posse
688 3305 876 3340 condicere
896 3305 997 3349 quasi
1016 3305 1186 3339 indebita.

95 3348 146 3383 sic
181 3350 358 3394 posterior
392 3350 521 3385 solutio
559 3350 825 3395 comprobabit,
869 3350 990 3395 priora
1032 3350 1188 3395 quinque

95 3397 215 3428 utrum
239 3394 358 3429 debita
382 3405 428 3429 an
452 3395 612 3430 indebita
636 3396 867 3430 solverentur.
904 3395 966 3430 sed
991 3398 1026 3430 et
1051 3396 1080 3430 si
1105 3400 1187 3440 post

93 3439 213 3473 soluta
237 3440 390 3484 quinque
415 3444 450 3475 et
474 3441 618 3475 Stichus
644 3441 803 3475 solvatur
828 3445 864 3475 et
887 3441 1006 3475 malim
1032 3451 1095 3485 ego
1122 3441 1187 3475 ha-

95 3596 137 3636 (1)
162 3596 315 3628 heredem
326 3597 477 3630 ins.Hal.
571 3600 614 3639 (2)
640 3599 754 3631 heredi
764 3598 848 3631 F2S
938 3601 980 3640 (3)
1006 3598 1125 3639 veluti]
1136 3599 1187 3630 vel

102 3640 254 3674 Cuiacius
369 3643 410 3683 (4)
436 3643 558 3684 neque]
569 3653 653 3683 quae
662 3656 723 3676 scr.
841 3645 884 3685 (5)
910 3647 1001 3676 aetas
1012 3645 1133 3684 (adscr.
1144 3645 1192 3676 ad

98 3684 212 3726 robur)
223 3686 383 3728 temporis
394 3688 514 3724 (adscr.
526 3688 572 3719 ad
579 3689 830 3731 opportunitas)
843 3689 904 3722 del.
1022 3690 1066 3730 (6)
1092 3699 1187 3730 prae-

97 3733 260 3771 staturus,
271 3742 350 3763 num
361 3730 480 3763 debeat
489 3742 607 3774 operas
617 3734 669 3765 vel
677 3734 741 3767 tale
750 3735 833 3778 quid
840 3734 960 3766 excidit
1044 3735 1087 3775 (7)
1113 3744 1187 3765 eum

1191 95 1265 144 171

2216 102 2359 145 XII&

1260 222 1344 257 bere
1368 222 1524 274 quinque
1549 226 1585 256 et
1609 222 1769 258 Stichum
1794 224 1960 267 reddere,
1987 235 2034 259 an
2058 224 2124 260 sim
2147 224 2361 267 audiendus,

1260 271 1400 347 guaer-it
1425 266 1562 303 Celsus.
1607 270 1644 302 et
1674 272 1780 314 putat
1815 273 1937 304 natam
1970 280 2049 305 esse
2081 270 2238 316 quinque
2272 281 2358 306 con·

1284 317 1472 355 ictionem,
1506 313 1667 357 quamvis
1700 317 1853 358 utroque
1884 315 1988 350 simul
2020 315 2137 351 soluto
2163 315 2249 351 mihi
2272 316 2358 351 reti·

1263 361 1303 392 14
1350 358 1459 392 nendi
1482 357 1580 403 quod
1603 358 1728 392 vellem
1753 359 1939 394 arbitrium
1972 361 2128 396 daretur.
2177 361 2276 396 Idem
2309 361 2359 396 ait

1259 406 1295 438 et
1319 402 1350 437 si
1374 402 1443 438 duo
1468 402 1618 438 heredes
1643 403 1715 438 sint
1739 404 1979 448 stipulatoris,
2004 407 2102 440 non⁸
2125 416 2233 452 posse
2256 406 2360 441 alteri

1259 448 1416 493 quinque
1440 448 1566 483 solutis
1600 448 1703 483 alteri
1735 453 1873 494 partem
1906 450 2019 485 Stichi
2053 451 2160 487 solvi:
2193 451 2288 486 idem
2322 455 2358 487 et

1259 493 1288 527 si
1313 493 1382 528 duo
1409 493 1481 529 sint
1503 493 1730 538 promissoris
1754 494 1915 529 heredes.
1961 496 2158 531 secundum
2192 507 2285 541 quae
2314 496 2357 532 li·

1260 538 1395 574 beratio
1431 550 1504 574 non
1541 539 1735 584 contingit,
1772 539 1841 574 nisi
1877 543 1941 574 aut
1974 541 2117 586 utrique
2153 543 2262 587 quina
2294 546 2358 577 aut

1259 583 1328 619 utri
1354 594 1399 618 ue
1423 588 1545 628 partes
1571 583 1685 619 Stichi
1708 584 1855 620 fuerunt
1879 585 2028 620 solutae.

1305 595 1358 665 25
1385 629 1546 664 PAULUS
1563 629 1654 665 libro
1676 630 1869 665 vicensimo
1893 634 2019 665 octavo
2039 631 2089 666 ad
2099 632 2253 667 edictum
2288 631 2358 677 Qui

1258 674 1338 710 loco
1365 678 1463 710 certo
1489 674 1619 710 debere
1643 675 1851 710 existimans
1883 675 2079 711 indebitum
2113 677 2234 720 solvit,
2268 688 2357 723 quo·

1258 720 1344 755 libet
1367 720 1448 755 loco
1473 723 1629 765 repetet:
1655 730 1729 755 non
1754 721 1847 755 enim
1871 721 2168 756 existimationem
2188 722 2357 758 solventis

1259 765 1383 800 eadem
1407 765 1545 810 species
1569 766 1792 810 repetitionis
1817 766 1990 811 sequitur.

1305 808 1358 848 28
1383 810 1492 845 IDEM
1512 811 1603 846 libro
1629 812 1838 858 tre'qensz'mo
1858 811 2017 847 secundo
2038 811 2089 846 ad
2108 811 2262 847 edictum
2297 813 2356 848 Iu-

1259 855 1327 890 dex
1351 856 1382 891 si
1405 856 1498 890 male
1523 855 1676 891 absolvit
1700 861 1735 892 et
1758 857 1945 891 absolutus
1970 867 2036 892 sua
2054 861 2182 902 sponte
2203 858 2356 901 solverit,

1258 912 1295 936 re
1324 905 1420 936 etere
1444 912 1516 937 non
1541 905 1672 946 potest.

1334 944 1358 984 9
1391 946 1589 982 ULPIANUS
1609 947 1700 982 libro
1724 946 1883 983 secundo
1908 946 2194 993 disputationum
2242 947 2356 983 Inter-

1259 992 1343 1028 dum
1366 1002 1522 1037 persona
1546 992 1666 1027 locum
1690 991 1779 1027 facit
1802 992 2025 1037 repetitioni,
2059 996 2099 1027 ut
2122 996 2212 1037 puta
2236 993 2266 1027 si
2290 1004 2356 1037 pu-

1258 1038 1367 1082 pillus
1401 1038 1477 1072 sine
1510 1037 1641 1073 tutoris
1666 1037 1884 1073 auctoritate
1906 1037 1964 1073 vel
1986 1036 2143 1072 furiosus
2167 1037 2223 1072 vel
2245 1038 2275 1073 is
2301 1038 2359 1073 cui

1258 1083 1361 1118 bonis
1385 1082 1617 1118 interdictum
1641 1087 1696 1118 est
1727 1083 1889 1118 solverit:
1923 1093 2008 1118 nam
2038 1083 2076 1117 in
2107 1082 2162 1117 his
2195 1084 2358 1127 personis

1257 1128 1471 1173 generaliter
1501 1128 1709 1173 repetitioni
1740 1129 1861 1163 locum
1885 1138 1963 1163 esse
1986 1138 2059 1163 non
2084 1128 2286 1173 ambigitur.
2324 1132 2359 1163 et

1258 1174 1287 1209 si
1312 1173 1454 1219 quidem
1479 1177 1623 1209 exstant
1646 1174 1791 1215 nummi,
1815 1173 2112 1215 vindicabuntur,
2137 1174 2358 1219 consumptis

1259 1230 1341 1254 vero
1369 1219 1550 1254 condictio
1575 1219 1695 1255 locum
1718 1219 1875 1255 habebit.

1305 1263 1358 1302 30
1383 1264 1493 1300 IDEM
1512 1265 1604 1300 libro
1629 1265 1767 1301 decimo
1792 1264 2078 1311 disputationum
2126 1263 2193 1308 Qui
2208 1262 2358 1298 invicem

1258 1310 1413 1345 creditor
1436 1309 1600 1355 idemque
1624 1310 1764 1346 debitor
1788 1314 1859 1352 est,
1883 1310 1920 1345 in
1944 1309 1999 1345 his
2024 1308 2187 1351 casibus,
2212 1308 2250 1343 in
2275 1308 2354 1353 qui-

1258 1356 1325 1391 bus
1350 1356 1595 1400 compensatio
1620 1356 1739 1391 locum
1763 1366 1836 1390 non
1860 1356 1981 1394 habet,
2006 1355 2037 1390 si
2057 1354 2173 1395 solvit,
2197 1364 2271 1389 non
2292 1354 2357 1388 ha-

1258 1402 1319 1435 bet
1344 1400 1608 1436 condictionem
1631 1402 1740 1437 veluti
1763 1401 1913 1436 indebiti
1936 1400 2063 1442 soluti,
2096 1399 2160 1435 sed
2191 1400 2248 1435 sui
2280 1410 2358 1435 cre·

1259 1447 1321 1481 diti
1372 1447 1563 1482 etitionem.

1303 1490 1326 1529 3
1381 1491 1490 1527 IDEM
1506 1492 1597 1527 libro
1604 1492 1727 1538 primo
1741 1492 1953 1538 opinionum
2000 1491 2048 1533 Is,
2070 1489 2130 1535 qui
2148 1489 2229 1535 plus
2251 1500 2359 1535 quam

1257 1537 1476 1572 hereditaria
1507 1537 1625 1582 portio
1662 1536 1775 1572 efficit
1806 1547 1871 1582 per
1903 1547 2059 1571 errorem
2095 1535 2263 1571 creditori
2297 1545 2357 1570 ca-

1257 1584 1357 1625 verit,
1380 1583 1529 1618 indebiti
1552 1582 1719 1627 promissi
1742 1583 1853 1617 habet
1878 1581 2151 1617 condictionem.

1304 1626 1357 1666 32
1383 1628 1579 1663 IULIANUS
1600 1628 1692 1663 libro
1717 1628 1854 1663 decimo
1880 1627 2102 1674 dz‘qestorum
2151 1626 2240 1662 Cum
2251 1626 2282 1661 is
2296 1625 2359 1671 qui

1257 1673 1483 1718 Pamphilum
1508 1677 1571 1708 aut
1595 1673 1757 1708 Stichum
1790 1673 1896 1708 debet
1927 1672 2031 1707 simul
2063 1676 2254 1717 utrumque
2285 1671 2357 1707 sol-

1256 1719 1355 1761 verit,
1382 1718 1431 1761 si,
1455 1723 1691 1763 posteaquam
1715 1723 1906 1763 utrumque
1930 1718 2093 1760 solverit,
2119 1721 2183 1752 aut
2206 1720 2358 1769 uterque

1258 1768 1321 1799 aut
1344 1764 1435 1800 alter
1460 1775 1504 1799 ex
1534 1764 1590 1799 his
1623 1764 1727 1799 desiit
1757 1764 1794 1799 in
1824 1774 1944 1798 rerum
1976 1767 2108 1797 natura
2140 1772 2237 1804 esse,
2270 1761 2358 1797 mhi]

1257 1813 1412 1855 repetet:
1437 1809 1474 1845 id
1499 1809 1591 1845 enim
1615 1809 1814 1844 remanebit
1837 1809 1874 1843 in
1895 1808 2039 1843 soluto⁹
2063 1807 2160 1853 quod
2180 1810 2356 1852 superest.

1260 1859 1273 1889 1
1326 1854 1536 1890 Fideiussor
1561 1866 1642 1889 cum
1694 1855 1882 1896 aciscitur,
1908 1864 1953 1889 ne
1977 1854 2023 1888 ab
2049 1863 2091 1888 eo
2116 1853 2271 1898 pecunia
2294 1862 2357 1898 pe-

1257 1904 1367 1943 tatur,
1391 1904 1428 1935 et
1451 1911 1516 1945 per
1539 1900 1586 1934 im
1613 1911 1655 1935 ru
1683 1900 1814 1935 entiam
1839 1899 2002 1942 solverit,
2028 1898 2219 1934 condicere
2242 1898 2357 1943 stipu—

1257 1946 1504 1991 latoripoterit
1517 1945 1575 1980 eti
1603 1956 1643 1981 eo
1657 1955 1740 1980 reus
1762 1945 1903 1990 quidem
1924 1948 2046 1979 manet
2067 1944 2256 1988 obligatus,
2279 1943 2358 1988 ipse

1258 1995 1377 2026 autem
1401 2001 1468 2026 sua
1492 1991 1701 2036 exceptione
1724 1994 1824 2026 tutus
1849 1995 1914 2025 est.
1948 1989 2036 2024 nihil
2057 1993 2176 2024 autem
2196 1989 2357 2030 interest,

1257 2037 1447 2072 fideiussor
1471 2047 1518 2071 an
1542 2037 1646 2071 heres
1672 2036 1748 2071 eius
1772 2035 1905 2071 solvat:
1932 2034 2029 2080 quod
2053 2034 2084 2070 si
2107 2034 2192 2069 huic
2211 2033 2357 2069 fideius-

1258 2082 1331 2117 sori
1355 2092 1438 2117 reus
1463 2082 1566 2117 heres
1600 2081 1758 2116 extiterit
1791 2085 1826 2116 et
1858 2080 2022 2122 solverit,
2054 2090 2120 2115 nec
2152 2082 2291 2124 repetet
2322 2082 2358 2114 et

1258 2130 1277 2162 2
1326 2127 1548 2162 liberabitur.
1596 2127 1729 2162 Mulier
1752 2127 1782 2162 si
1806 2126 1844 2161 in
1868 2136 1911 2161 ea
1935 2125 2105 2170 opinione
2129 2124 2186 2167 sit,
2213 2128 2254 2160 ut
2279 2135 2356 2159 cre-

1258 2173 1320 2207 dat
1352 2183 1391 2208 se
1423 2183 1487 2219 pro
1522 2172 1605 2208 dote
1638 2172 1849 2217 obligatam,
1883 2171 2056 2223 quidquid
2089 2170 2180 2205 dotis
2214 2170 2358 2205 nomine

1258 2218 1416 2260 dederit,
1453 2228 1526 2254 non
1561 2217 1708 2262 repetit:
1752 2217 1898 2252 sublata
1932 2227 2026 2251 emm
2060 2216 2155 2251 falsa
2190 2215 2358 2260 opinione

1258 2263 1469 2308 relinquitur
1491 2263 1636 2308 pietatis
1663 2273 1785 2305 causa,
1810 2273 1854 2298 ex
1879 2272 1952 2307 qua
1976 2261 2132 2296 solutum
2153 2260 2267 2305 repeti
2285 2270 2357 2295 non

1258 2313 1277 2343 3
1325 2313 1456 2354 potest.
1505 2309 1573 2353 Qui
1596 2308 1775 2343 hominem
1798 2307 2010 2353 generaliter
2034 2306 2207 2351 promisit,
2232 2306 2355 2340 similis

1258 2359 1312 2389 est
1336 2354 1386 2397 ei,
1419 2353 1481 2399 qui
1511 2354 1692 2389 hominem
1724 2357 1788 2389 aut
1820 2353 1941 2388 decem
1974 2352 2096 2387 debet:
2135 2355 2170 2386 et
2201 2351 2281 2386 ideo
2314 2351 2356 2393 si,

1259 2411 1339 2434 cum
1364 2399 1583 2435 existimaret
1606 2409 1645 2434 se
1669 2398 1830 2434 Stichum
1854 2397 2071 2443 promisisse,
2098 2407 2178 2432 eum
2203 2396 2352 2438 dederit,

1259 2445 1443 2487 condicet,
1475 2445 1584 2480 alium
1617 2448 1736 2480 autem
1761 2444 1955 2489 quemlibet
1978 2442 2096 2478 dando
2120 2442 2266 2477 liberari
2290 2452 2355 2486 po-

1258 2490 1353 2525 terit.

1304 2534 1356 2572 33
1382 2534 1491 2571 IDEM
1510 2535 1602 2571 libro
1627 2535 1835 2581 triqensimo
1860 2544 1955 2568 nono
1980 2532 2201 2578 diqestorum
2249 2531 2287 2566 Si
2318 2531 2355 2565 in

1257 2592 1342 2616 area
1366 2584 1430 2616 tua
1454 2581 1700 2616 aedificassem
1727 2583 1761 2614 et
1785 2584 1824 2613 tu
1850 2578 1956 2613 aedes
1972 2579 1999 2598 ¹⁰
2021 2576 2244 2622 possideres,
2269 2587 2355 2611 con-

1257 2627 1365 2662 dictio
1385 2626 1504 2662 locum
1524 2637 1597 2661 non
1618 2625 1775 2665 habebit.
1801 2624 1884 2669 quia
1904 2623 2040 2658 nullum
2060 2622 2242 2667 negotium
2262 2621 2356 2656 inter

1257 2682 1323 2707 nos
1348 2672 1641 2707 contraheretur:
1676 2681 1759 2705 nam
1790 2670 1839 2711 is,
1874 2669 1934 2714 qui
1965 2679 2039 2703 non
2065 2667 2221 2703 debitam
2244 2678 2355 2712 pecu-

1256 2717 1352 2752 niam
1383 2717 1546 2758 solverit‚
1583 2716 1653 2751 hoc
1685 2716 1763 2760 ipso
1797 2714 1930 2759 aliquid
1961 2713 2092 2758 negotii
2128 2713 2237 2757 gerit:
2274 2723 2355 2747 cum

1257 2766 1376 2797 autem
1408 2762 1609 2797 aedificium
1632 2762 1670 2796 in
1693 2771 1779 2795 area
1803 2770 1869 2795 sua
1893 2759 1938 2794 ab
1964 2758 2033 2793 alio
2058 2759 2216 2803 positum
2242 2757 2353 2792 domi-

1257 2818 1324 2843 nus
1349 2812 1525 2852 occupat,
1557 2807 1693 2841 nullum
1718 2806 1899 2850 negotium
1932 2804 2124 2839 contrahit.
2161 2803 2224 2838 sed
2258 2806 2293 2838 et
2325 2803 2355 2837 si

1256 2853 1298 2895 is,
1324 2853 1384 2897 qui
1407 2853 1444 2887 in
1469 2853 1585 2887 aliena
1609 2861 1694 2886 area
1718 2850 1963 2891 aedificasset,
1988 2849 2066 2901 ipse
2090 2847 2354 2893 possessionem

1256 2898 1471 2939 tradidisset,
1498 2897 1759 2932 condictionem
1785 2906 1856 2931 non
1879 2894 2046 2936 habeblt,
2072 2894 2156 2939 quia
2180 2893 2267 2929 nihil
2292 2904 2353 2928 ac-

1257 2943 1420 2988 cipientis
1456 2943 1654 2984 faceret¹¹‚
1687 2941 1751 2976 sed
1783 2951 1886 2976 suam
1918 2950 1993 2975 rem
2024 2939 2187 2975 dominus
2222 2939 2354 2973 habere

1256 2989 1404 3032 incipiat
1418 2988 1456 3023 ¹².
1493 2992 1529 3022 et
1552 2987 1631 3022 ideo
1657 2990 1821 3028 constat,
1846 2986 1876 3021 si
1901 2986 2000 3030 quis,
2026 2995 2107 3020 cum
2134 2984 2353 3019 existimaret

1256 3044 1294 3068 se
1312 3032 1478 3068 heredem
1499 3043 1587 3074 esse,
1612 3032 1766 3067 insulam
1788 3031 2038 3066 hereditariam
2057 3029 2229 3072 fulsisset,
2255 3029 2352 3063 nullo

1257 3079 1325 3114 alio
1359 3078 1464 3113 modo
1498 3088 1605 3123 quam
1637 3088 1701 3122 per
1732 3077 1966 3112 retentionem
1999 3076 2179 3120 impensas
2212 3083 2353 3110 servare

1283 3134 1373 3159 osse.

1257 3136 1279 3169 p
1304 3167 1357 3206 34
1383 3168 1491 3203 IDEM
1517 3168 1607 3203 libro
1633 3167 1939 3213 quadraqensimo
1964 3166 2186 3212 diqestorum
2234 3164 2269 3198 Is
2295 3162 2352 3198 cui

1257 3214 1435 3249 hereditas
1459 3217 1537 3249 tota
1556 3224 1620 3258 per
1639 3212 1951 3248 fideicommissum
1971 3211 2098 3246 relicta
2117 3214 2172 3245 est
2192 3213 2228 3244 et
2248 3218 2350 3253 prae-

1256 3264 1355 3294 terea
1386 3259 1538 3300 fundus,
1575 3259 1605 3293 si
1637 3258 1760 3293 decem
1784 3257 1941 3292 dedisset
1964 3256 2105 3298 heredi,
2141 3256 2215 3290 et¹³
2249 3255 2350 3287 heres

1257 3308 1461 3349 suspectam
1484 3303 1718 3339 hereditatem
1743 3303 1871 3338 dixerit
1896 3306 1932 3337 et
1956 3313 2034 3337 eam
2059 3312 2101 3335 ex
2126 3299 2350 3334 Trebelliano

1256 3350 1469 3391 restituerit,
1502 3359 1649 3384 causam
1674 3348 1813 3384 dandae
1844 3348 2018 3392 pecuniae
2050 3357 2122 3380 non
2154 3345 2282 3394 habet,
2316 3345 2351 3393 et

1257 3395 1336 3429 ideo
1373 3394 1468 3438 quod
1505 3405 1546 3429 eo
1581 3394 1723 3429 nomine
1758 3394 1861 3438 quasi
1896 3391 2095 3437 implendae
2132 3389 2350 3424 condic1oms

1257 3440 1373 3484 gratia
1398 3439 1545 3481 dederit,
1571 3440 1797 3475 condictione
1822 3442 1967 3483 repetet.

2042 3596 2086 3633 (9)
2112 3591 2256 3623 solutum
2267 3589 2302 3622 F
2306 3588 2353 3621 ²S

1692 3600 1736 3639 (8)
1762 3598 1808 3629 sit
1818 3598 1877 3629 ins.
1889 3596 1922 3627 F

2033 3640 2091 3679 (12)
2117 3635 2260 3678 incipiet
2269 3631 2353 3667 ΓΖΒ

1607 3644 1661 3684 (11)
1688 3643 1797 3675 faeere
1806 3641 1890 3674 F¹S

1259 3598 1330 3639 qui]
1342 3608 1417 3629 cum
1428 3598 1503 3639 quis
1512 3611 1576 3633 scr.

1260 3644 1318 3683 (10)
1344 3642 1424 3675 aede
1433 3642 1468 3675 F

1260 3689 1317 3728 (13)
1344 3689 1389 3728 et]
1401 3688 1429 3720 si
1440 3688 1524 3722 Hal.

2004 3786 2069 3818 22*
