2528 3918
122 169 182 199 DE
212 168 400 199 TABULIS
428 169 628 199 EXIHBEN
631 168 705 200 DIS

122 280 295 326 praetoris
319 280 475 316 adeundi
498 282 657 325 potestas
681 290 754 314 non
777 278 896 322 fuerit,
921 280 1058 316 scilicet
1080 282 1131 323 ut,
1163 279 1205 323 si,

122 337 201 361 cum
225 329 386 370 potestas
409 324 585 371 praetoris
609 324 763 371 adeundi
792 335 864 360 non
893 330 1006 367 esset,
1039 325 1206 361 damnum

121 371 258 406 interim
292 370 414 406 datum
446 374 519 412 est,
556 369 706 405 haberet
740 369 910 405 iudicium
946 371 1007 415 qui
1039 370 1207 406 damnum

121 421 140 451 4
188 426 316 462 passus
341 419 407 452 est.
454 415 544 450 Item
569 415 788 458 subiectum,
819 415 850 450 si
874 426 918 450 ex
942 416 1013 451 alia
1037 426 1147 452 causa
1168 415 1207 451 in

120 461 381 506 possessionem
403 460 532 496 missus
554 459 757 506 prohibitus
782 470 860 496 esse
885 461 1041 506 dicetur,
1072 461 1207 498 habere

120 507 156 541 in
180 506 316 542 factum
340 505 528 541 actionem.

631 644 667 684 V
678 644 704 684 ¹.

362 711 425 744 DE
448 710 642 743 TABULIS
666 710 883 744 EXHIBEN
884 712 968 745 DIS.

169 775 187 814 1
224 775 419 813 Uzmws
438 776 528 812 libro
552 778 806 824 seoeaqensz'mo
831 782 957 813 octavo
981 777 1031 812 ad
1053 776 1207 812 edictum

120 822 271 858 Praetor
294 821 362 856 ait:
392 821 499 867 ‘Quas
522 822 665 858 tabulas
689 822 825 858 Lucius
850 823 967 858 Titius
991 821 1038 857 ad
1061 831 1208 857 causam

121 867 334 902 ‘testamenti
358 867 414 902 sui
436 867 655 912 pertinentes
679 867 866 912 reliquisse
890 868 1048 911 dicetur,
1079 866 1111 902 si
1139 866 1208 901 hae

121 916 241 958 ‘penes
264 916 301 947 te
324 916 409 948 sunt
432 916 496 947 aut
520 912 602 948 dolo
626 913 720 949 malo
744 917 807 948 tuo
831 913 967 949 factum
990 917 1055 956 est,
1080 915 1121 947 ut
1145 911 1206 946 de-

121 958 291 993 ‘sinerent
315 968 411 1001 esse,
440 957 493 992 ita
515 967 576 993 eas
600 957 651 993 illi
675 958 855 994 exhibeas.
904 958 989 994 item
1013 958 1045 994 si
1067 956 1207 993 libellus

120 1002 273 1038 ‘aliudve
296 1002 382 1047 quid
404 1003 569 1039 relictum
593 1014 671 1039 esse
695 1003 851 1046 dicetur,
877 1003 1019 1039 decreto
1045 1012 1207 1048 compre-

123 1052 137 1083 1
189 1047 378 1083 ‘hendam'.
421 1048 460 1084 Si
484 1048 563 1094 quis
586 1048 680 1084 forte
705 1048 921 1085 confiteatur
940 1059 1050 1094 penes
1071 1058 1109 1084 se
1130 1057 1208 1083 esse

118 1097 387 1136 testamentum,
418 1093 597 1130 iubendus
628 1098 684 1130 est
717 1094 903 1137 exhibere,
937 1098 973 1130 et
1002 1098 1143 1139 tempus
1175 1092 1208 1128 ei

120 1138 276 1174 dandum
301 1142 371 1181 est,
403 1143 444 1174 ut
467 1139 651 1184 exhibeat,
683 1139 714 1175 si
738 1150 811 1175 non
833 1143 954 1185 potest
975 1139 1015 1175 in
1037 1148 1206 1185 praesen-

119 1185 250 1219 tiarum
273 1184 454 1220 exhibere.
499 1185 561 1220 sed
586 1184 617 1220 si
640 1190 745 1230 neget
768 1195 807 1221 se
830 1185 998 1220 exhibere
1021 1194 1129 1230 posse
1151 1183 1209 1218 vel

121 1232 141 1264 2
189 1233 372 1274 oportere,
403 1230 631 1266 interdictum
660 1230 730 1266 hoc
762 1230 942 1275 competit.
989 1229 1069 1265 Hoc
1098 1229 1206 1264 inter-

121 1274 254 1310 dictum
313 1275 442 1310 ertinet
468 1286 542 1311 non
570 1279 711 1311 tantum
742 1276 789 1311 ad
817 1275 1022 1311 testamenti
1050 1273 1207 1316 tabulas,

119 1331 241 1356 verum
265 1330 287 1355 a
335 1320 472 1362 omnia,
505 1331 598 1366 quae
629 1321 677 1356 ad
702 1331 848 1356 causam
870 1319 1076 1356 testamenti
1097 1319 1207 1365 perti-

120 1369 140 1400 3
187 1369 291 1400 nent:
315 1369 357 1400 ut
372 1369 461 1410 puta
476 1369 513 1401 et
528 1366 574 1400 ad
589 1366 772 1401 codicillos
788 1366 953 1411 pertinet.
991 1365 1071 1401 Sive
1086 1368 1208 1400 autem

118 1410 213 1446 valet
235 1414 486 1446 testamentum
511 1411 584 1446 sive
607 1422 691 1454 non,
716 1411 771 1446 vel
795 1411 890 1464 quod
910 1411 956 1446 ab
976 1410 1079 1446 initio
1099 1410 1207 1446 inuti-

118 1455 201 1491 liter
229 1455 366 1491 factum
396 1460 467 1499 est,
498 1456 572 1492 sive
602 1461 747 1502 ruptum
778 1458 852 1492 s1t²
880 1456 937 1492 vel
966 1455 1004 1491 in
1060 1466 1107 1491 uo
1137 1455 1208 1491 alio

118 1501 223 1543 vitio,
258 1501 322 1537 sed
355 1502 462 1537 etiam
494 1501 526 1537 si
554 1501 684 1537 falsum
717 1512 795 1538 esse
827 1501 968 1537 dicatur
997 1511 1040 1537 ve
1085 1501 1131 1536 ab
1165 1511 1207 1536 eo

118 1547 255 1582 factum
285 1546 345 1591 qui
372 1547 578 1582 testamenti
609 1547 801 1583 factionem
831 1558 905 1582 non
935 1546 1119 1582 habuerit:
1155 1545 1207 1581 di-

119 1595 140 1627 4
188 1591 340 1627 cendum
374 1596 431 1628 est
464 1592 694 1628 interdictum
722 1592 850 1628 valere.
905 1592 985 1628 Sive
1021 1601 1209 1637 supremae

118 1637 264 1672 tabulae
294 1637 366 1672 sint
398 1637 473 1673 sive
503 1649 576 1673 non
606 1638 693 1682 sint,
734 1638 797 1673 sed
828 1637 985 1683 priores,
1018 1636 1209 1672 dicendum

119 1686 138 1717 5
186 1682 414 1718 interdictum
437 1683 507 1719 1100
530 1683 648 1718 1000111
671 1683 817 1719 habere.
865 1683 992 1728 Itaque
1015 1682 1207 1718 dicendum

119 1732 175 1764 est
206 1728 252 1763 ad
283 1738 424 1763 omnem
454 1729 596 1764 omnino
627 1729 841 1774 scripturam
874 1728 1098 1771 testamenti,
1135 1728 1209 1764 sive

119 1773 314 1818 perfectam
345 1773 419 1808 sive
448 1774 714 1819 imperfectam,
743 1773 971 1810 interdictum
999 1774 1069 1809 hoc
1097 1772 1207 1819 perti·

120 1823 140 1854 6
186 1829 282 1855 nere.
337 1818 493 1854 Proinde
524 1823 561 1855 et
592 1819 624 1854 si
652 1819 775 1864 plures
809 1819 956 1854 tabulae
990 1819 1063 1854 sint
1096 1821 1208 1854 testa-

119 1864 244 1908 menti,
276 1863 361 1908 quia
384 1864 525 1909 saepius
548 1864 702 1907 fecerat,
727 1864 916 1900 dicendum
940 1868 996 1900 est
1017 1864 1208 1900 interdicto

119 1909 238 1945 locum
267 1908 365 1945 fore:
405 1914 460 1945 est
493 1910 587 1945 enim
619 1909 715 1955 quod
745 1909 793 1945 ad
824 1920 972 1945 causam
1002 1908 1210 1945 testamenti

120 1954 313 2000 pertineat,
343 1954 428 2000 quid
453 1955 515 1990 uid
538 1965 681 2000 quoquo
705 1959 864 2000 tempore
887 1954 1025 1990 factum
1049 1954 1210 1990 exhiberi

120 2005 138 2034 7
186 1999 315 2035 debeat
324 2001 350 2035 ³.
386 2000 431 2036 Se
481 2005 517 2036 et
540 2000 572 2036 si
595 2000 639 2036 de
662 2004 760 2036 statu
784 2000 1015 2046 disceptetur,
1041 2000 1073 2036 si
1096 2003 1206 2035 testa-

118 2049 176 2082 tor
198 2045 293 2081 filius
315 2045 468 2081 familias
492 2046 549 2081 vel
572 2055 695 2082 servus
718 2046 787 2082 1100
818 2045 949 2082 fecisse
980 2045 1141 2088 dicatur,
1173 2049 1210 2080 et

119 2094 140 2126 8
186 2091 255 2127 hoc
286 2090 523 2127 exhibebitur.
578 2091 666 2126 Item
701 2091 732 2126 si
766 2091 862 2127 filius
895 2090 1050 2126 familias
1080 2090 1208 2126 fecerit
1277 2098 1290 2111 ·

118 2139 388 2180 testamentum,
431 2137 492 2182 qui
530 2136 575 2172 de
610 2136 785 2172 castrensi
818 2136 960 2182 peculio
994 2136 1208 2179 testabatur,

119 2185 140 2216 9
187 2181 297 2217 habet
319 2181 438 2217 locum
461 2181 701 2217 interdictum.
749 2181 848 2217 Idem
871 2185 927 2218 est
950 2185 986 2216 et
1009 2182 1041 2217 si
1062 2182 1115 2224 is,
1170 2181 1208 2216 ui

123 2230 162 2262 10
206 2231 459 2263 testamentum
493 2227 597 2270 fecit,
634 2226 732 2272 apud
762 2227 884 2263 hostes
917 2227 1081 2262 decessit.
1165 2237 1208 2262 00

118 2272 346 2308 interdictum
370 2272 417 2307 ad
439 2272 508 2307 vivi
530 2273 674 2308 tabulas
698 2283 771 2308 non
794 2273 966 2317 pertinet,
992 2272 1076 2317 quia
1098 2272 1209 2308 verba

121 2321 159 2352 11
209 2317 385 2362 praetoris
417 2318 646 2363 ‘reliquerit’⁴
677 2317 843 2353 fecerunt
865 2317 1090 2354 mentionem.
1139 2317 1210 2353 Sed

120 2364 180 2399 et⁵
203 2363 234 2399 si
258 2362 410 2398 deletum
435 2363 512 2399 sine
536 2363 617 2399 dolo
642 2363 690 2399 sit
712 2367 965 2399 testamentum

166 2406 191 2445 2
216 2407 273 2443 ΡΑ
281 2417 375 2444 vsvs
403 2408 494 2445 libro
524 2409 778 2455 sexaqensimo
809 2413 941 2455 quarto
973 2408 1024 2444 ad
1053 2408 1208 2444 edictum

119 2454 174 2490 vel
196 2457 312 2489 totum
334 2453 390 2489 vel
414 2464 498 2499 pars
523 2454 611 2496 eius,

166 2496 190 2537 3
222 2498 418 2535 Uipsanas
438 2499 529 2534 libro
551 2499 805 2546 sexaqensimo
829 2503 956 2535 octavo
980 2498 1032 2534 ad
1053 2498 1209 2534 edictum

123 2548 136 2579 1
186 2544 305 2580 1000111
328 2544 439 2580 habet
461 2545 530 2580 hoc
553 2544 793 2580 interdictum.
837 2544 876 2579 Si
898 2544 1044 2580 tabulae
1067 2544 1105 2579 in
1127 2543 1207 2589 plu-

119 2590 220 2626 ribus
253 2588 437 2625 codicibus
467 2590 623 2635 scriptae
654 2590 743 2632 sint,
778 2599 900 2625 omnes
923 2589 1115 2625 interdicto
1138 2589 1208 2624 isto

120 2638 140 2670 2
188 2635 426 2678 continentur,
448 2635 532 2680 quia
547 2646 659 2670 unum
678 2638 930 2671 testamentum
946 2639 1010 2670 est.
1048 2635 1087 2670 Si
1102 2635 1207 2670 tabu-

118 2680 175 2716 lae
198 2680 403 2716 testamenti
426 2680 522 2725 apud
546 2680 699 2724 aliquem
724 2680 908 2725 depositae
940 2684 1024 2716 sunt
1054 2690 1076 2715 a
1100 2680 1207 2722 Titio,

119 2726 189 2762 1100
217 2725 407 2761 interdicto
441 2725 617 2778 agendum
648 2729 703 2761 est
733 2729 770 2761 et
804 2735 886 2760 cum
918 2735 960 2761 eo
990 2725 1051 2770 qui
1075 2724 1209 2760 detinet

121 2774 140 2806 3
188 2774 225 2806 et
248 2781 329 2806 cum
353 2781 396 2806 eo
420 2781 481 2815 qu1
504 2770 681 2815 deposuit.
716 2770 873 2806 Proinde
897 2774 932 2805 et
955 2770 986 2805 si
1009 2770 1208 2806 custodiam

119 2815 324 2851 tabularum
348 2815 513 2851 aedituus
531 2815 587 2851 vel
605 2815 805 2852 tabularius
824 2815 994 2860 suscepit,
1019 2815 1209 2851 dicendum

120 2865 142 2896 4
189 2865 244 2897 est
266 2861 379 2896 teneri
403 2870 483 2896 eum
505 2860 706 2896 interdicto.
745 2861 783 2896 Si
805 2871 914 2906 penes
940 2871 1079 2896 servum
1102 2861 1207 2896 tabu-

120 2910 139 2941 5
186 2906 244 2941 lae
267 2905 410 2950 fuerint,
435 2905 600 2941 dominus
622 2906 813 2942 interdicto
837 2906 1026 2941 tenebitur.
1070 2906 1108 2941 Si
1131 2907 1209 2951 ipse

119 2955 289 2994 testator,
320 2951 404 2985 dum
432 2951 535 2993 vivit,
564 2951 708 2987 tabulas
739 2961 825 2988 suas
856 2961 935 2986 esse
966 2951 1064 2987 dicat
1087 2955 1124 2986 et
1146 2962 1207 2986 ex-

120 2997 235 3032 hiberi
257 2996 445 3037 desideret,
469 2996 697 3031 interdictum
718 2997 789 3032 1100
811 2996 931 3033 locum
954 3007 1026 3032 non
1050 2997 1206 3039 habebit,

120 3042 184 3078 sed
208 3042 254 3077 ad
277 3041 516 3077 exhibendum
541 3042 610 3077 erit
632 3042 824 3086 agendum,
853 3045 895 3077 ut
921 3042 1100 3077 exhibitas
1130 3041 1206 3077 vin-

121 3087 226 3123 dicet.
263 3087 359 3132 quod
382 3087 419 3121 in
444 3086 619 3127 omnibus,
644 3087 705 3131 qui
725 3097 879 3132 corpora
899 3098 965 3123 sua
985 3097 1064 3123 esse
1084 3087 1208 3122 dicunt

122 3136 142 3167 6
187 3131 521 3175 instrumentorum,
558 3132 784 3184 probandum
814 3136 880 3168 est.
936 3132 974 3167 Si
1009 3133 1088 3177 quis
1124 3132 1206 3167 dolo

121 3178 214 3213 malo
245 3177 385 3221 fecerit,
419 3188 489 3222 quo
521 3187 639 3212 11111100
670 3187 779 3222 penes
802 3186 883 3212 eum
907 3178 1053 3213 tabulae
1077 3182 1206 3221 essent,

120 3223 229 3258 nihilo
254 3223 369 3258 minus
394 3223 463 3258 hoc
486 3221 674 3257 interdicto
699 3223 895 3266 tenebitur,
927 3233 995 3258 nec
1025 3222 1206 3267 praeiudi-

121 3271 225 3303 catur
261 3267 396 3313 aliquid
432 3267 502 3312 legi
534 3267 720 3303 Corneliae
753 3268 1064 3310 testamentariae,
1104 3268 1208 3312 quasi

121 3313 202 3349 dolo
220 3313 314 3348 malo
331 3317 582 3348 testamentum
603 3312 853 3357 suppresserit.
888 3322 993 3348 nemo
1014 3313 1106 3348 enim
1125 3312 1205 3348 ideo

120 3358 265 3402 impune
288 3357 418 3392 retinet
439 3358 601 3402 tabulas,
652 3357 728 3392 uod
749 3358 864 3392 maius
888 3357 1030 3394 facinus
1053 3358 1206 3402 admisit,

121 3413 203 3438 cum
238 3402 406 3439 exhibitis
442 3403 577 3438 tabulis
614 3412 637 3437 a
663 3402 808 3438 missum
839 3402 917 3438 eius
948 3403 1060 3448 magis
1093 3403 1206 3438 mani-

120 3447 282 3484 festetur.
331 3452 367 3484 et
389 3458 497 3492 posse
519 3448 673 3492 aliquem
697 3447 779 3483 dolo
805 3447 900 3483 malo
929 3447 1068 3490 facere,
1098 3452 1140 3483 ut
1169 3449 1208 3483 in

121 3503 200 3528 eam
229 3493 344 3537 legem
374 3504 447 3528 non
476 3493 630 3535 incidat,
662 3496 704 3527 ut
729 3495 819 3537 puta
843 3492 875 3528 si
896 3502 1013 3537 neque
1036 3493 1208 3528 amoverit

120 3548 236 3584 neque
267 3538 432 3574 celaverit
461 3538 625 3581 tabulas,
658 3537 722 3573 sed
751 3537 887 3573 idcirco
918 3538 979 3572 alii
1006 3538 1206 3582 tradiderit,

166 3652 207 3693 (1)
231 3651 296 3685 Ed.
310 3669 354 3676 ——
373 3651 460 3685 Bas.
474 3652 529 3691 35,
549 3659 577 3685 5.
593 3670 639 3676 —
663 3652 714 3695 Cf:
732 3651 812 3685 Cod.
825 3652 857 3692 8,
878 3658 893 3685 ἰ
1011 3652 1056 3694 (2)
1079 3652 1125 3684 sit
1144 3651 1206 3685 del.

121 3699 164 3736 (³)
188 3696 312 3729 etenim
337 3697 438 3738 (edd.)
472 3696 562 3738 quod
592 3696 636 3729 ad
665 3706 797 3729 oausam
826 3696 1018 3729 testamenti
1040 3696 1208 3740 pertineat

121 3740 286 3783 quidquid
305 3743 355 3774 est
374 3751 509 3783 quoquo
527 3742 675 3784 tempore
693 3741 837 3783 factum,
858 3740 1008 3775 exhiberi
1027 3741 1124 3775 debet
1142 3754 1206 3775 ser.

123 3790 164 3828 (4)
188 3785 402 3829 relinquendi
412 3799 473 3821 scr.
546 3787 589 3828 (5)
614 3786 659 3829 et]
673 3796 734 3820 uec
747 3799 807 3821 scr.

1188 152 1272 200 683

877 3789 921 3828 (8)
946 3786 1167 3821 interdicente
1180 3786 1215 3820 F

1876 159 2112 203 XXXXHI
2143 163 2180 203 4.
2207 164 2244 203 5.
2272 164 2311 203 6.
2338 163 2359 202 7

1276 290 1320 314 ne
1344 289 1405 315 eas
1429 279 1680 316 interdicenti⁶
1703 280 1901 324 exhiberet,
1930 282 2000 318 hoc
2032 286 2087 320 est
2116 283 2147 319 si
2176 294 2248 320 non
2278 295 2363 330 sup-

1276 324 1450 370 primendi
1480 325 1597 361 animo
1629 325 1684 360 vel
1716 326 1864 362 consilio
1895 327 1999 370 fecit,
2033 328 2096 364 sed
2124 339 2170 365 ne
2192 329 2277 365 huic
2301 340 2362 366 ex-

1276 373 1294 405 7
1322 373 1341 405 8
1390 370 1538 407 111110101.
1568 370 1648 406 Ηο0
1664 369 1892 407 interdictum
1910 373 2160 409 exhibitorium
2174 378 2239 410 est.
2271 374 2364 419 Quid

1276 415 1323 450 sit
1346 416 1531 458 exhibere,
1571 414 1765 450 videamus.
1814 417 1981 453 exhibere
2011 419 2081 454 hoc
2111 423 2165 455 est
2195 421 2364 455 materiae

1276 463 1296 494 9
1342 460 1455 505 ipsius
1487 459 1808 507 adprehendendac
1838 462 1978 507 copiam
2001 463 2132 499 facere.
2180 464 2364 501 Exhibere

1217 520 1219 522 ·
1276 509 1396 541 autem
1417 506 1514 552 apud
1559 509 1735 541 raetorem
1756 511 1907 550 oportet,
1932 511 1973 542 ut
1992 518 2036 543 ex
2053 509 2269 545 auctoritate
2286 510 2363 546 eius

1276 551 1474 595 signatores
1499 562 1520 587 a
1547 550 1671 587 moniti
1688 550 1850 586 venirent
1869 551 1915 586 ad
1935 554 2223 598 recognoscenda
2241 555 2362 600 signa:

1276 600 1313 632 et
1344 597 1374 631 si
1405 597 1499 633 forte
1533 607 1607 632 non
1637 599 1884 641 optemperent
1914 601 2042 641 testes,
2082 599 2204 635 Labeo
2237 600 2364 636 scribit

1279 644 1320 675 10
1369 642 1528 677 coerceri
1560 652 1621 677 eos
1653 652 1676 676 a
1732 645 1873 676 raetore
1905 642 2043 678 debere.
2093 644 2216 680 Solent
2244 650 2364 681 autem

1277 686 1436 722 exhiberi
1459 687 1604 723 tabulas
1628 686 1705 722 desi
1731 697 1833 721 erare
1859 697 1979 722 omnes
2004 688 2163 731 omnino,
2195 690 2255 734 qui
2279 690 2364 735 quid

1282 735 1315 766 11
1368 732 1405 767 in
1429 735 1643 768 testamento
1669 731 1891 776 adscriptum
1917 732 2059 767 habent.
2109 734 2362 772 Condemnatio

1276 781 1397 813 autem
1420 778 1527 813 huius
1550 777 1673 812 iudicii
1697 776 1822 822 quanti
1846 777 2009 812 interfuit
2037 779 2217 814 aestimari
2246 781 2363 816 debet.

1281 825 1319 857 12
1368 822 1487 867 Quare
1507 823 1538 859 si
1557 823 1660 858 heres
1680 822 1751 858 scri
1779 827 1836 857 tus
1855 822 1925 857 11οο
1942 822 2132 859 interdicto
2150 826 2363 870 experiatur,

1280 870 1320 902 13
1368 867 1415 903 0(1
1445 867 1679 903 hereditatem
1707 878 1746 903 re
1764 866 1896 902 erenda
1927 871 1982 903 est
2012 869 2229 905 aestimatio:
2261 871 2311 905 Et
2335 871 2364 906 si

1276 912 1434 958 legatum
1458 913 1514 956 sit,
1539 916 1681 948 tantum
1703 912 1800 948 venit
1818 912 1856 947 in
1875 912 2168 958 aestimationem,
2194 920 2364 958 quantum

1280 962 1321 993 14
1368 958 1416 994 011
1438 958 1476 994 111
1498 958 1635 1011 legato:
1667 958 1718 993 Et
1747 958 1777 993 si
1806 958 1873 993 sub
1899 958 2108 993 condicione
2131 959 2285 1004 legatum
2308 961 2364 1003 sit,

1277 1004 1381 1048 quasi
1405 1003 1614 1039 condicione
1639 1003 1813 1039 existente
1836 1003 1888 1038 010
1912 1003 2171 1039 aestimandum
2195 1009 2268 1047 est,
2299 1016 2365 1042 nec

1278 1049 1443 1095 compelli
1473 1049 1618 1084 debebit
1647 1049 1694 1084 ad
1725 1048 1941 1092 cavendum,
1977 1052 2019 1083 ut
2049 1059 2088 1084 se
2118 1049 2365 1085 restituturum

1278 1098 1412 1138 caveat,
1438 1094 1610 1140 quidquid
1628 1098 1845 1129 consecutus
1867 1098 1930 1136 est,
1952 1094 1983 1129 si
2002 1093 2164 1129 condicio
2185 1094 2365 1137 defecerit,

1277 1140 1362 1185 quia
1378 1150 1498 1185 poena
1519 1139 1766 1175 contumaciae
1782 1142 1990 1184 praestatur
2008 1139 2054 1174 ab
2075 1150 2116 1175 eo
2136 1139 2196 1184 qui
2215 1151 2287 1176 non
2305 1151 2364 1175 ex-

1280 1188 1319 1219 15
1368 1185 1479 1221 hibet.
1525 1184 1613 1220 Inde
1637 1185 1833 1230 quaeritur,
1858 1184 1889 1220 si
1911 1184 1995 1219 hinc
2021 1189 2236 1221 consecutus
2259 1186 2364 1221 aesti-

1276 1230 1467 1266 mationem
1497 1230 1692 1275 legatarius
1728 1233 1856 1275 postea
1893 1229 2048 1274 legatum
2085 1233 2203 1275 petat,
2244 1241 2291 1265 an
2322 1231 2369 1266 sit

1278 1276 1490 1311 audiendus.
1539 1279 1574 1311 et
1604 1279 1745 1321 putem,
1779 1275 1810 1311 si
1833 1274 1937 1311 heres
1960 1275 2056 1310 idem
2077 1276 2275 1321 praestitit,
2308 1287 2367 1311 ex-

1277 1321 1441 1366 ceptione
1464 1320 1537 1356 doli
1560 1320 1814 1367 repellendum,
1840 1320 1871 1356 si
1894 1319 1998 1363 alius,
2022 1320 2147 1373 repelli
2166 1331 2239 1356 non
2262 1332 2367 1366 opor·

1275 1371 1364 1402 tere.
1420 1370 1455 1402 et
1484 1366 1565 1402 ideo
1598 1370 1633 1402 et
1664 1366 1695 1401 si
1725 1366 1829 1401 heres
1861 1365 1925 1409 sit,
1990 1365 2029 1400 ui
2059 1366 2249 1402 interdicto
2281 1377 2368 1402 usus

1278 1416 1333 1447 est
1355 1411 1638 1447 aestimationem
1663 1415 1899 1453 consecutus,
1931 1421 1974 1447 00
2001 1421 2056 1446 em
2088 1415 2143 1447 est
2175 1411 2367 1447 distinctio.

1280 1460 1321 1492 16
1366 1457 1602 1493 Interdictum
1633 1457 1704 1492 hoe
1730 1460 1767 1492 et
1789 1459 1872 1501 post
1895 1466 2030 1492 annum
2054 1460 2256 1502 competere
2279 1467 2366 1501 con-

1277 1506 1359 1538 stat.
1399 1502 1463 1538 sed
1480 1507 1517 1538 et
1534 1502 1659 1537 heredi
1678 1502 1877 1547 ceterisque
1897 1502 2168 1538 successoribus
2188 1502 2368 1548 competit.

1322 1546 1348 1584 4
1375 1547 1535 1583 PAULUs
1556 1548 1646 1583 libro
1671 1558 1764 1583 sexa
1792 1547 1925 1583 ensimo
1950 1558 2046 1583 nono
2071 1547 2121 1582 ad
2139 1547 2293 1584 edictum
2331 1547 2370 1582 Si

1277 1594 1349 1629 sint
1380 1593 1526 1629 tabulae
1557 1592 1656 1638 apud
1679 1593 1766 1638 pup'
1796 1603 1856 1627 um
1880 1596 1917 1627 et
1939 1592 2022 1628 dolo
2046 1592 2177 1628 tutoris
2202 1592 2370 1628 desierint

1277 1649 1366 1682 esse,
1387 1638 1425 1673 in
1444 1639 1563 1684 ipsum
1583 1642 1739 1674 tutorem
1760 1638 1929 1683 competit
1945 1637 2193 1674 interdictum:
2218 1649 2259 1674 ae
2285 1649 2370 1673 uum

1278 1684 1371 1719 enim
1395 1688 1451 1720 est
1472 1683 1591 1729 ipsum
1615 1694 1660 1719 ex
1684 1683 1814 1719 delicto
1838 1693 1905 1719 suo
1928 1683 2054 1726 teneri,
2084 1693 2158 1718 non
2181 1683 2266 1736 pup'
2296 1694 2367 1718 um.

1324 1728 1347 1765 5
1374 1728 1419 1764 ΙΔ
1429 1738 1601 1764 Vorenus
1629 1728 1720 1764 libro
1752 1729 1857 1764 tertio
1890 1728 2027 1764 decimo
2057 1739 2108 1764 ex
2141 1728 2262 1764 Cassaeo
2314 1729 2369 1764 De

1277 1774 1409 1810 tabulis
1459 1773 1657 1810 roferendis
1681 1773 1911 1809 interdictum
1936 1784 2015 1809 com
2041 1777 2138 1809 etere
2166 1785 2238 1810 non
2262 1785 2368 1819 opor-

1277 1823 1347 1863 tet,
1381 1820 1412 1856 si
1469 1819 1650 1855 ereditatis
1683 1819 1925 1859 controversia
1947 1829 1993 1855 ex
2015 1784 2071 1855 fiis
2095 1819 2229 1864 pendet
2251 1823 2314 1854 aut
2338 1819 2369 1855 si

1277 1865 1323 1900 ad
1351 1865 1534 1910 publicam
1589 1864 1811 1900 uaestionem
1840 1864 2036 1910 pertinet‘1:
2068 1864 2191 1908 itaque
2220 1865 2259 1900 in
2282 1864 2370 1900 aede

1278 1921 1383 1946 sacra
1405 1910 1547 1946 interim
1595 1910 1805 1956 eponendae
1828 1914 1913 1946 sunt
1934 1913 1998 1946 aut
2021 1909 2120 1956 apud
2151 1909 2264 1946 virum
2292 1909 2370 1946 ido-

1277 1966 1394 1992 neum.

1774 2094 1832 2134 VI
1841 2093 1868 2134 ⁸.

1448 2161 1512 2194 NE
1537 2160 1649 2199 QUID
1673 2160 1725 2193 IN
1748 2160 1867 2195 LOCO
1890 2159 2060 2195 SAOR0⁸
2080 2159 2201 2195 FIAT.

1326 2226 1346 2264 1
1382 2226 1578 2263 vaesanus
1597 2227 1689 2263 libro
1712 2227 1967 2274 seaeaqensimo
1991 2229 2119 2263 octavo
2143 2226 2194 2262 ad
2214 2226 2369 2263 edictum

1277 2273 1340 2308 Ait
1362 2276 1527 2318 praetor:
1563 2272 1617 2308 ‘In
1647 2272 1728 2308 loco
1760 2282 1864 2309 sacro
1888 2272 2010 2308 facere
2032 2272 2113 2308 inve
2136 2282 2218 2308 eum
2239 2271 2369 2307 immit-

1281 2323 1295 2353 1
1347 2320 1434 2353 ‘tere
1458 2317 1544 2363 quid
1566 2318 1672 2354 veto’.
1719 2318 1799 2353 Hoc
1822 2317 2052 2354 interdictum
2080 2317 2125 2353 de
2148 2328 2253 2353 sacro
2277 2317 2368 2360 loco,

1278 2366 1298 2399 2
1346 2374 1420 2399 non
1443 2363 1487 2399 de
1510 2363 1670 2399 sacrario
1696 2363 1876 2408 competit.
1925 2362 2028 2408 Quod
2057 2362 2109 2398 ait
2130 2366 2292 2407 praetor,
2324 2372 2369 2397 ne

1278 2409 1363 2454 quid
1385 2409 1423 2444 in
1446 2408 1526 2444 loco
1551 2419 1657 2445 sacro
1680 2408 1761 2452 fiat,
1791 2419 1864 2445 non
1894 2408 1941 2443 ad
1972 2408 2042 2443 1100
2070 2407 2243 2454 pertinet,
2273 2406 2370 2452 quod

1279 2454 1479 2490 ornamenti
1508 2465 1619 2490 causa
1649 2453 1709 2497 fit,
1741 2453 1805 2490 sed
1835 2453 1931 2499 quod
1963 2453 2198 2489 deformitatis
2228 2452 2284 2488 vel
2313 2452 2368 2487 in-

1279 2503 1299 2535 3
1348 2499 1533 2535 commodi.
1570 2499 1642 2535 Sed
1666 2503 1702 2534 et
1726 2509 1814 2534 cura
1835 2498 1977 2535 aedium
1996 2499 2228 2543 locorumque
2247 2507 2367 2534 sacro-

1277 2556 1356 2580 rum
1371 2546 1399 2567 ¹⁰
1422 2545 1591 2580 mandata
1615 2548 1670 2580 est
1692 2544 1760 2588 his,
1786 2544 1848 2590 qui
1871 2544 1978 2580 aedes
2003 2554 2126 2580 sacras
2151 2547 2289 2579 curant.

1324 2588 1349 2627 2
1374 2590 1720 2626 HERMOGEMANUS
1748 2590 1840 2626 libro
1872 2590 1978 2625 tertio
2008 2590 2100 2625 iuris
2129 2589 2367 2635 epitomarum

1276 2635 1320 2670 In
1344 2635 1455 2671 muris
1477 2635 1634 2680 itemque
1656 2634 1771 2680 portis
1795 2638 1831 2670 et
1854 2634 1933 2670 aliis
1957 2634 2093 2670 sanctis
2121 2633 2210 2670 locis
2234 2632 2369 2678 aliquid

1276 2681 1417 2724 facere,
1448 2691 1494 2716 ex
1517 2691 1588 2726 quo
1614 2681 1781 2716 damnum
1806 2684 1870 2715 aut
1892 2679 2156 2715 incommodum
2179 2679 2365 2724 irrogetur,

1279 2737 1352 2762 non
1373 2726 1603 2772 permittitur.

1323 2769 1349 2809 3
1375 2771 1431 2807 ΡΑ
1439 2781 1534 2807 nus
1554 2771 1645 2807 libro
1671 2772 1797 2817 quinto
1821 2771 2080 2806 sententiarum
2126 2769 2252 2815 Neque
2275 2768 2368 2804 muri

1276 2827 1391 2862 neque
1414 2821 1544 2863 portae
1567 2816 1722 2853 habitari
1743 2816 1819 2852 sine
1836 2815 2014 2862 permissu
2029 2815 2203 2862 principis
2220 2818 2368 2860 propter

1276 2861 1425 2899 fortuita
1448 2862 1613 2898 incendia
1636 2865 1800 2907 possunt.

1761 2999 1889 3039 VII¹².

1405 3042 1468 3100 1111
1491 3065 1623 3100 Locus
1646 3066 1707 3099 ET
1730 3065 1997 3098 ITINERIBUS
2019 3063 2239 3098 1111311010.

1326 3131 1343 3168 1
1373 3131 1603 3167 Poupomvs
1631 3132 1721 3167 libro
1750 3131 1960 3178 triqensimo
1989 3130 2039 3166 ad
2060 3129 2233 3166 Sabinum
2280 3127 2363 3163 Cui-

1276 3178 1363 3212 libet
1386 3177 1423 3211 in
1446 3177 1631 3222 publicum
1653 3180 1776 3222 petere
1800 3175 2074 3222 permittendum
2103 3178 2158 3209 est
2180 3173 2234 3216 id,
2268 3172 2364 3218 quod

1276 3223 1322 3258 ad
1346 3232 1449 3257 usum
1473 3222 1630 3257 omnium
1679 3221 1843 3264 ertineat,
1867 3221 1976 3256 veluti
1998 3221 2073 3255 vias
2096 3218 2270 3264 publicas,
2302 3218 2361 3253 iti-

1276 3278 1364 3321 nera
1386 3267 1550 3312 publica:
1576 3267 1640 3302 eti
1666 3277 1708 3303 eo
1726 3266 1885 3311 quolibet
1900 3265 2104 3311 postulante
2121 3263 2165 3298 de
2181 3262 2235 3298 his
2251 3263 2360 3298 inter-

1276 3313 1566 3394 dlgtullbzulvvs
1593 3357 1685 3393 libro
1717 3355 2020 3403 quadraqensimo
2052 3356 2177 3388 octavo
2207 3351 2361 3397 diqesto-

1275 3414 1356 3437 rum
1402 3401 1545 3437 Nemini
1573 3401 1658 3437 licet
1686 3402 1724 3436 in
1755 3402 1812 3437 via
1840 3400 1983 3446 publica
2011 3400 2276 3433 monumentum
2299 3405 2360 3432 ex-

1275 3452 1582 3530 Strgerg'apuzws
1610 3492 1703 3528 libro
1734 3490 1941 3536 triqensimo
1973 3487 2076 3522 tertio
2107 3485 2158 3521 ad
2186 3485 2360 3521 Sabinum

1275 3538 1365 3572 Viae
1388 3536 1569 3582 vicinales,
1593 3547 1686 3582 quae
1710 3546 1754 3572 ex
1776 3535 1869 3580 agris
1888 3533 2105 3579 privatorum
2125 3530 2264 3567 collatis
2283 3530 2359 3566 fae-

1278 3651 1320 3692 (7)
1344 3650 1516 3693 pertinent
1528 3651 1602 3683 edd.

1324 3697 1368 3737 (8)
1394 3696 1459 3728 Ed.
1473 3702 1506 3734 1;
1532 3695 1617 3738 Pap.
1633 3702 1660 3728 2.
1674 3701 1701 3728 3.
1713 3711 1758 3718 -
1779 3692 1865 3725 Bas.
1878 3692 1933 3733 58,
1946 3698 1979 3724 15
2093 3690 2138 3731 (9)
2164 3688 2216 3723 vel
2237 3689 2359 3723 itinere

1277 3742 1337 3774 ine.
1351 3741 1419 3774 ind.
1435 3740 1470 3773 F
1554 3741 1615 3781 (10)
1639 3738 1697 3772 sed
1708 3740 1741 3770 et
1753 3747 1833 3770 cura
1844 3736 1995 3770 locorum
2006 3744 2175 3768 sacrorum
2186 3747 2247 3769 ser.

1321 3785 1379 3828 (11)
1402 3785 1484 3820 sab.
1496 3802 1543 3810 -
1554 3785 1641 3819 Bas.
1654 3784 1708 3825 58,
1722 3791 1739 3817 8

2022 3835 2087 3867 85*
