2528 3918
164 110 393 155 XXXVIII
426 111 491 153 16.
519 111 567 151 17

163 232 278 278 patri,
316 242 396 266 cum
428 240 473 266 ex
504 240 546 266 eo
577 234 686 267 natus
721 231 911 275 potestatis
941 230 1054 276 ipsius
1090 230 1155 266 liat
1184 239 1250 275 per

164 276 328 321 suspensi
351 275 440 311 iuris
464 275 765 311 constitutionem.

213 319 263 358 16
289 320 396 356 Imm
414 321 506 356 libro
530 319 741 357 duodecimo
764 331 1020 368 responsorum
1062 319 1173 355 Pater
1194 319 1249 355 in-

164 369 364 402 strumento
396 365 507 401 dotali
530 375 609 401 com
636 364 800 401 rehendit
833 366 942 401 filim
970 366 1023 401 ita
1046 363 1165 401 dotem
1188 375 1249 400 ac·

164 412 321 457 cepisse,
344 421 390 447 ue
414 410 500 456 quid
522 410 595 446 aliu
644 421 689 446 ex
711 411 908 447 hereditate
931 410 1047 455 patris
1071 413 1248 455 speraret:

162 466 242 492 eam
273 456 490 509 scripturam
520 456 578 491 ius
607 456 847 492 successionis
880 466 951 490 non
983 459 1140 491 mutasse
1163 465 1249 508 con·

163 501 271 537 stitit:
301 505 522 553 privatorum
545 501 639 536 enim
663 501 846 537 cautiones
870 500 1009 546 legum¹
1034 503 1250 536 auctoritate

162 556 235 582 non
259 556 408 582 censeri.

634 684 748 723 XVII
757 683 786 722 ².

162 750 223 782 AD
254 749 458 784 SENATUS
489 747 765 783 CONSULTUM
795 747 1159 781 TERTULLIANUM
1190 748 1251 781 ET

535 793 858 828 ORPHITIANUM
868 793 892 825 ³.

211 859 230 897 1
273 859 469 897 Utpmvs
503 860 595 896 libro
628 859 839 895 duodecimo
869 858 919 894 ad
948 858 1123 895 Sabinum
1169 858 1250 894 Sive

159 905 788 987 iffffiugdssffgmffiffizssatg}
817 904 1105 985 ἓὲζὶιὲἓῗὲῗω
1120 908 1252 984 ἓέεὸῗὲ

165 999 180 1031 1
229 995 404 1041 phitiano.
452 996 490 1032 Si
521 1006 565 1032 ea
588 995 637 1032 sit
658 998 791 1037 mater,
824 994 869 1030 de
899 995 1001 1030 cuius
1026 998 1124 1030 statu
1146 993 1250 1029 dubi-

163 1044 282 1083 tatur,
312 1045 432 1076 utrum
456 1044 572 1076 mater
593 1040 749 1076 familias
772 1039 819 1076 sit
841 1050 889 1075 an
912 1039 986 1075 filia
1009 1038 1181 1081 familias,
1210 1043 1252 1074 ut

162 1090 254 1132 puta
277 1087 445 1132 quoniam
476 1089 580 1131 pater
611 1086 687 1122 eius
711 1085 759 1121 ab
781 1085 945 1121 hostibus
971 1088 1098 1130 captus
1122 1084 1187 1119 sit:
1221 1084 1250 1119 si

163 1135 300 1167 certum
338 1141 416 1167 esse
450 1131 609 1176 coeperit
647 1134 797 1166 matrem
827 1129 982 1165 familias
1015 1140 1111 1172 esse,
1149 1129 1251 1165 liberi

160 1176 405 1212 admittentur.
441 1176 537 1212 unde
555 1176 705 1211 tractari
725 1179 856 1221 potest,
877 1185 925 1210 an
945 1174 1060 1210 medio
1078 1178 1250 1220 tempore,

160 1221 247 1257 dum
281 1226 398 1258 status
427 1221 576 1266 pendet,
610 1220 775 1256 succurri
803 1220 854 1256 eis
878 1230 943 1273 per
964 1223 1166 1265 praetorem
1191 1219 1250 1254 de-

160 1267 255 1311 beat,
282 1277 338 1310 ne,
363 1267 394 1302 si
411 1266 527 1302 medio
544 1270 704 1311 tempore
722 1265 949 1307 decesserint,
974 1264 1063 1300 nihil
1082 1264 1129 1299 ad
1147 1265 1249 1300 here-

159 1312 243 1347 dem
266 1312 529 1347 transmittant:
562 1316 598 1347 et
620 1311 732 1355 magis
756 1314 830 1352 est,
855 1314 895 1345 ut
918 1309 1152 1346 subveniatur
1160 1310 1186 1351 ⁴,
1211 1313 1252 1344 ut

160 1360 182 1392 2
228 1357 266 1392 in
297 1356 419 1392 multis
459 1356 602 1392 casibus
633 1355 782 1400 placuit.
831 1354 902 1391 Sed
939 1358 975 1390 et
1007 1354 1111 1400 vulgo
1142 1364 1249 1400 quae-

158 1401 221 1438 siti
259 1401 519 1437 admittuntur⁶
560 1401 607 1436 ad
638 1400 762 1436 matris
791 1400 983 1446 legitimam
1005 1400 1249 1436 hereditatem.

159 1450 181 1482 3
227 1446 412 1482 Interdum
435 1450 472 1482 et
493 1447 532 1481 in
555 1446 723 1482 servitute
743 1445 905 1498 quaesito
930 1446 999 1481 erit
1022 1444 1252 1481 concedenda

157 1491 340 1528 hereditas
370 1491 404 1527 le
430 1492 545 1535 tima,
582 1491 694 1527 veluti
730 1501 762 1527 si
789 1494 873 1536 post
903 1501 1039 1526 moram
1069 1490 1250 1542 fideicom-

158 1537 344 1573 missariae
385 1537 410 1572 li
437 1536 543 1572 ertati
581 1537 730 1572 matris⁸
764 1546 851 1571 suae
887 1535 1021 1571 factam
1052 1539 1160 1571 natus
1191 1539 1249 1571 s1t.

161 1586 260 1618 certe
297 1581 328 1617 si
366 1585 450 1627 post
484 1581 797 1617 manumissionem
834 1580 958 1616 matris
990 1580 1101 1616 fuerit
1132 1585 1250 1623 natus,

160 1627 247 1663 licet
268 1626 308 1663 in
329 1627 502 1664 servitute
524 1637 637 1663 conce
663 1630 739 1669 tus,
763 1626 811 1662 ad
832 1626 846 1662 l
892 1626 1025 1661 'timam
1048 1626 1126 1662 eius
1149 1626 1252 1661 here·

161 1672 310 1708 ditatem
333 1672 552 1708 admittetur.
589 1682 627 1708 se
675 1676 712 1707 et
735 1672 766 1708 si
790 1682 863 1717 apu
908 1671 1032 1707 hostes
1056 1674 1252 1716 conceptus

160 1728 183 1753 a
214 1717 357 1763 captiva
384 1721 596 1762 procreatus
626 1728 707 1753 cum
738 1727 782 1753 ea
812 1716 936 1760 rediit,
968 1716 1165 1752 secundum
1196 1726 1251 1751 re-

160 1763 335 1808 scriptum
366 1763 593 1808 imperatoris
625 1762 741 1798 nostri
780 1765 816 1798 et
845 1761 915 1797 divi
945 1762 1060 1807 patris
1098 1762 1175 1797 eius
1207 1761 1253 1796 ad

161 1808 327 1844 Ovinium
358 1808 581 1843 Tertullum⁷
621 1807 756 1860 poterit
797 1818 842 1843 ex
876 1807 946 1843 hoc
985 1810 1133 1843 senatus
1166 1817 1252 1859 con:

161 1857 182 1888 4
228 1853 323 1889 sulto
356 1853 498 1888 admitti
528 1863 632 1898 quasi
663 1853 767 1898 vulgo
800 1853 994 1898 quaesitus.
1044 1852 1155 1896 Filio,
1191 1863 1254 1897 qm

161 1898 285 1934 mortis
315 1902 477 1943 tempore
508 1898 633 1934 matris
663 1898 749 1934 civis
777 1897 963 1933 Romanus
995 1896 1083 1940 fuit,
1115 1897 1147 1933 si
1170 1901 1254 1933 ante

161 1943 294 1979 aditam
318 1943 553 1979 hereditatem
576 1944 614 1978 in
637 1943 841 1979 servitutem
865 1943 1074 1985 deducatur,
1098 1943 1254 1987 legitima

162 1988 342 2025 hereditas
362 1999 435 2024 non
458 1988 620 2025 defertur
643 1999 710 2024 nec
735 1988 766 2024 si
788 1992 916 2033 postea
938 1988 1029 2023 liber
1051 1987 1171 2024 factus
1195 1987 1252 2031 sit,

161 2033 231 2070 nisi
252 2033 347 2070 forte
371 2043 494 2070 servus
523 2043 664 2079 poenae
692 2033 843 2069 effectus
873 2033 1046 2069 beneficio
1078 2032 1254 2086 principis

161 2082 180 2114 5
228 2078 276 2114 sit
297 2079 495 2115 restitutus.
541 2078 613 2115 Sed
637 2078 669 2115 si
691 2079 817 2114 matris
841 2082 986 2115 exsecto
1010 2083 1134 2114 ventre
1157 2077 1253 2114 fihus

161 2123 278 2161 editus
303 2124 360 2167 sit,
384 2124 498 2169 magis
522 2124 711 2160 dicendum
735 2127 790 2160 est
812 2123 908 2159 hunc
932 2134 1073 2169 quoque
1097 2123 1144 2159 ad
1166 2123 1252 2168 legi-

160 2169 285 2205 timam
308 2169 542 2205 hereditatem
567 2170 721 2204 admitti:
746 2179 830 2204 nam
853 2173 890 2204 et
912 2168 1099 2205 institutus
1124 2178 1252 2204 secun·

162 2214 247 2250 dum
269 2213 414 2250 tabulas
446 2217 483 2250 et
515 2215 561 2250 ab
593 2215 763 2250 intestato
796 2213 892 2249 unde
916 2214 1059 2258 cognati
1082 2218 1117 2248 et
1140 2213 1252 2250 multo

160 2259 272 2304 magis
313 2259 408 2295 unde
446 2259 593 2304 legitimi
629 2260 806 2296 bonorum
837 2259 1101 2304 possessionem
1131 2262 1254 2311 petere

161 2305 294 2350 potuit:
328 2309 538 2349 argumento
563 2308 635 2347 est,
667 2304 765 2350 quod
787 2307 909 2340 venter
931 2304 968 2339 in
991 2314 1254 2349 possessionem

162 2354 182 2384 6
229 2359 273 2385 ex
304 2350 399 2385 omni
429 2354 534 2403 parte
565 2349 674 2385 edicti
706 2349 869 2385 mittitur.
917 2348 986 2393 Qui
1015 2358 1145 2394 operas
1168 2359 1254 2385 suas

161 2398 202 2430 ut
234 2405 317 2430 cum
347 2395 473 2431 bestiis
502 2398 683 2440 pugnaret
716 2395 847 2430 locavit
879 2395 982 2440 quive
1013 2394 1066 2429 rei
1089 2394 1254 2439 capitalis

162 2440 352 2476 damnatus
384 2450 430 2475 ne
454 2450 499 2476 ue
530 2440 719 2476 restitutus
751 2444 824 2483 est,
849 2450 895 2476 ex
919 2443 1065 2475 senatus
1089 2439 1253 2476 consulto

165 2485 195 2521 Ο
240 2485 378 2520 hitiano
405 2495 428 2520 a
475 2486 600 2522 matris
625 2485 859 2520 hereditatem
882 2495 954 2520 non
978 2484 1252 2520 admittebatur:

161 2540 200 2566 se
265 2530 423 2566 humana
468 2531 763 2576 interpretatione
823 2530 936 2565 lacuit
981 2540 1063 2565 eum
1102 2529 1253 2565 admitti.

160 2575 254 2611 idem
277 2575 346 2611 erit
369 2575 559 2611 dicendum
583 2580 620 2611 et
643 2575 675 2611 si
698 2576 756 2611 hic
821 2575 875 2611 ‘us
899 2575 937 2610 in
960 2575 1037 2611 eius
1060 2574 1109 2611 sit
1131 2579 1252 2620 potes-

160 2623 256 2662 tate,
314 2620 350 2655 ui
378 2620 416 2655 in
441 2631 552 2657 causa
575 2630 687 2666 supra
718 2620 854 2666 scripta
877 2620 940 2664 sit,
971 2630 1080 2666 posse
1104 2630 1185 2656 eum
1209 2630 1254 2655 ex

163 2668 182 2699 ’7
232 2664 305 2710 Orp
334 2665 444 2701 'tiano
463 2665 612 2702 admitti.
649 2666 721 2701 Sed
741 2666 772 2702 si
789 2669 904 2701 mater
920 2668 1133 2701 testamento
1154 2665 1252 2700 facto

161 2709 275 2745 filium
299 2710 465 2746 heredem
489 2711 674 2756 scripserit
696 2721 807 2746 unum
830 2710 896 2746 sub
922 2710 1143 2753 condicione,
1172 2721 1253 2745 cum

162 2755 284 2800 plures
316 2756 485 2799 haberet,
521 2756 552 2792 si
583 2756 790 2792 condicione
820 2755 1024 2801 pendente⁸
1053 2756 1252 2801 possessio-

163 2809 244 2880 netng
266 2800 409 2880 petienrit
431 2805 468 2837 et
472 2804 624 2882 fifi‘i'swla
647 2800 1009 2882 Pffldicmhdeffiffit’e
1021 2811 1175 2846 aequum
1198 2805 1254 2836 est

166 2855 208 2881 ce
244 2855 296 2881 ns
334 2856 353 2881 e
384 2856 440 2880 am
603 2857 657 2882 ei
723 2857 780 2882 am
837 2856 898 2882 ere
1011 2857 1045 2881 m
1076 2856 1149 2882 non
1187 2856 1252 2881 au-

164 2889 270 2926 ferri:
308 2891 403 2935 quod
432 2894 468 2926 et
490 2857 711 2937 Papiniffnus
737 2891 830 2927 libro
854 2895 956 2928 sexto
981 2891 1118 2927 decimo
1143 2901 1253 2936 quae·

163 2937 185 2971 8
232 2935 389 2970 stionum
408 2936 560 2981 scripsit.
600 2936 735 2982 Capitis
754 2936 904 2972 minutio
924 2936 1023 2972 salvo
1045 2940 1145 2972 statu
1166 2947 1252 2972 con-

161 2980 302 3025 tingens
326 2980 447 3016 liberis
472 2981 559 3016 nihil
582 2985 690 3034 nocet
713 2981 760 3017 ad
782 2982 973 3027 legitimam
997 2981 1251 3034 hereditatem:

163 3025 482 3113 ᾟηῖῗὲἓεὲῗῖἓ,
497 3026 1121 3117 ''szssffiffltssisssssseissffissffl
1138 3026 1253 3107 {33:²3

163 3115 217 3151 vel
249 3125 294 3151 ex
324 3115 401 3161 lege
431 3115 486 3151 vel
518 3126 562 3152 ex
592 3121 738 3153 senatus
762 3117 962 3153 consultis⁹
1004 3116 1146 3152 delatae
1178 3127 1253 3152 non

162 3164 397 3206 peremuntur
429 3160 556 3207 capitis
586 3161 838 3199 deminutione.
912 3161 1038 3198 roinde
1068 3162 1142 3198 sive
1171 3161 1252 3207 quis

163 3209 249 3241 ante
271 3205 426 3242 delatam
438 3207 467 3228 ¹⁰
491 3206 609 3251 capite
632 3207 831 3252 minuatur,
931 3207 1126 3252 legitimam
1148 3207 1252 3243 here-

167 3250 313 3287 ditatem
337 3250 555 3294 admittetur,
579 3250 650 3287 uisi
672 3262 802 3298 magna
826 3251 954 3298 capitis
977 3251 1172 3289 deminutio
1195 3252 1251 3288 in·

166 3296 359 3339 terveniat‚
391 3305 484 3343 quae
495 3298 525 3320 ¹¹
553 3296 609 3332 vel
640 3296 819 3333 civitatem
849 3297 990 3340 adimit,
1027 3301 1069 3333 ut
1097 3300 1187 3343 puta
1219 3296 1253 3333 si

165 3343 186 3375 9
232 3340 277 3377 de
303 3344 452 3378 ortetur.
501 3340 550 3378 ‘Si
581 3351 684 3378 nemo
716 3341 873 3378 filiorum
905 3351 1089 3385 eorumve,
1121 3342 1252 3388 quibus

165 3385 242 3421 ‘sim
313 3386 469 3432 legitima
490 3386 669 3423 hereditas
701 3386 880 3431 defertur,
911 3387 1008 3423 volet
1032 3387 1079 3423 ad
1107 3397 1148 3423 se
1170 3397 1252 3423 eam

165 3430 410 3468 ‘hereditatem
432 3432 621 3478 pertinere,
644 3432 701 3469 ius
725 3432 912 3478 antiquum
935 3432 1038 3469 esto'.
1074 3432 1146 3469 hoc
1168 3432 1251 3469 ideo

163 3545 205 3586 (1)
226 3541 335 3587 legem
348 3545 384 3579 17

209 3591 254 3631 (2)
278 3590 446 3630 Sab.1.2;
471 3591 536 3625 Ed.
551 3598 627 3630 ac:
653 3591 738 3634 Pap.
752 3597 841 3629 ame:
865 3590 953 3633 App.
967 3598 1011 3625 ιο.
1028 3609 1074 3616 —
1093 3591 1178 3624 Bae.
1194 3591 1248 3631 45,

163 3641 190 3675 ι,
202 3641 319 3687 πρε.
337 3653 384 3660 -
406 3636 459 3680 Os:
472 3636 552 3669 Inue.
567 3638 599 3678 3,
616 3643 645 3678 s,
660 3642 698 3688 ,⁴³
727 3635 804 3670 Ood.
820 3637 853 3678 6,
866 3641 915 3670 ιο.
930 3641 964 3669 ω
1087 3637 1132 3677 (³)
1158 3636 1249 3668 imm

163 3678 363 3713 Orfitianum
464 3682 508 3723 (4)
533 3679 748 3714 subvenietur
766 3680 799 3713 F·

163 3726 209 3764 (⁶)
233 3725 331 3757 matri
348 3725 381 3758 F
454 3725 500 3768 (τ)
523 3726 569 3759 D.
584 3727 799 3770 49,1s‚⁹,2s.
827 3725 905 3760 cod.
919 3725 1033 3767 8,61,1
1122 3727 1167 3767 (a)
1191 3724 1249 3758 bo-

1204 150 1211 158 ,
1242 105 1326 154 588
1543 104 1591 158 ’χι

1484 7 1554 102 “7

1817 120 1880 153 AD
1908 120 2104 153 smnus
2131 117 2396 154 consummi

1318 228 1467 273 dicitur,
1497 233 1556 274 ut,
1586 230 1755 278 quamdiu
1786 230 1841 266 vel
1869 240 1962 265 unus
1989 228 2083 266 filius
2111 229 2188 266 vult
2209 229 2399 276 legitimam

1317 273 1549 311 hereditatem
1578 275 1626 311 ad
1657 285 1696 312 se
1725 276 1920 320 pertinere,
1956 274 2012 310 ius
2047 278 2149 310 vetus
2176 274 2295 311 locum
2325 286 2398 311 non

1317 318 1469 355 habeat:
1505 319 1628 366 itaque
1651 320 1683 357 si
1706 330 1750 356 ex
1774 320 1914 356 duobus
1938 319 2030 356 alter
2052 319 2197 365 adierit,
2230 320 2321 357 alter
2342 331 2397 356 re-

1344 364 1516 400 udiaverit
1553 365 1802 409 hereditatem,
1839 365 1874 401 ei
1902 365 2020 410 portio
2059 364 2255 402 adcrescet.
2302 368 2339 401 et
2367 365 2399 402 si

1334 412 1412 444 orte
1435 408 1483 445 sit
1504 409 1599 446 filius
1622 414 1660 446 et
1679 414 1872 456 patronus,
1902 409 2113 455 repudiante
2139 409 2214 446 filio
2245 414 2399 456 patrono

1325 457 1362 488 10
1410 453 1579 490 defertur.
1628 455 1665 491 Si
1689 456 1768 501 quis
1791 455 1889 491 adita
1912 455 2035 491 matris
2058 455 2254 491 hereditate
2277 465 2341 501 per
2362 456 2400 491 in

1318 499 1493 543 integrum
1517 500 1775 536 restitutionem
1798 500 1905 536 fuerit
1927 501 2132 542 abstentus,
2157 510 2205 536 an
2227 500 2283 536 ius
2306 501 2399 536 anti-

1320 554 1428 589 quum
1467 545 1583 589 possit
1619 545 1739 581 locum
1777 545 1935 581 habere?
1974 546 2083 581 verba
2112 544 2323 588 admittunt,
2361 549 2401 581 ut

1319 589 1452 633 possit:
1487 589 1593 625 ‘volet
1615 590 1662 625 ad
1685 591 1747 633 se’,
1776 590 1910 636 inquit,
1942 594 2033 625 ‘eam
2065 589 2296 626 hereditatem
2345 601 2399 626 er-

1323 634 1474 669 ‘tinere’:
1501 644 1584 670 nam
1605 638 1642 671 et
1663 635 1722 670 hic
1746 646 1818 671 non
1840 635 1932 678 vult,
1965 635 2031 671 etsi
2054 635 2247 681 aliquando
2270 646 2313 671 vo
2329 636 2396 671 uit:

1327 682 1360 713 11
1412 683 1447 714 et
1470 679 1548 715 dico
1595 690 1676 716 osse
1691 680 1748 716 ius
1763 681 1947 733 antiquum
1963 681 2081 716 locum
2097 680 2240 716 habere.
2272 680 2401 716 Utrum

1320 726 1440 758 autem
1463 724 1497 776 ei
1519 690 1680 767 defertur
1709 735 1907 778 success10‚
1938 726 1999 778 qui
2021 729 2109 761 tunc
2137 725 2316 778 legitimus
2340 725 2402 778 de-

1320 768 1569 848 {rehenditun
1606 780 1653 805 an
1681 781 1764 806 vero
1796 781 1850 812 ei,
1888 781 1950 815 qm
1978 774 2065 806 tunc
2094 770 2181 814 fuit,
2219 781 2301 807 cum
2329 770 2401 806 fiho

1347 813 1506 849 efertur?
1528 818 1570 850 ut
1591 818 1680 860 puta
1702 825 1946 861 proponamus
1965 815 2078 851 fuisse
2101 815 2293 852 defunctae
2316 826 2401 852 con-

1320 859 1553 903 sanguineum
1584 860 1729 906 eiusque
1752 861 1883 902 fllium,
1916 860 2133 896 deliberante
2154 860 2228 897 filio
2252 860 2402 897 defunc·

1320 909 1379 939 tae
1414 905 1717 949 consanguineum
1753 905 1889 947 obisse,
1924 916 2008 941 mox
2045 904 2158 941 filium
2193 906 2402 952 repudiasse

1321 949 1444 985 matris
1481 949 1734 986 hereditatem:
1775 960 1822 985 an
1851 950 2106 995 consanguinei
2139 950 2234 988 filius
2265 951 2403 987 admitti

1319 994 1459 1038 possit?
1501 998 1538 1030 et
1560 995 1721 1031 Iulianus
1753 999 1852 1030 recte
1880 999 1986 1040 putat
2018 996 2115 1031 circa
2142 996 2402 1032 Tertullianum

1324 1042 1362 1074 12
1410 1039 1527 1075 locum
1551 1050 1630 1076 esse
1654 1040 1862 1076 succedenti
1884 1040 1931 1075 ad
1979 1044 2051 1076 ato.
2099 1040 2202 1086 Quod
2225 1042 2276 1076 ait
2299 1052 2402 1078 sena-

1319 1088 1394 1119 tus:
1421 1087 1525 1145 ‘quae
1547 1085 1705 1121 iudicata
1729 1089 1913 1121 transacta
1963 1085 2079 1121 nitave
2102 1090 2202 1130 sunt,
2226 1090 2306 1122 rata
2327 1097 2403 1122 ma·

1319 1132 1465 1172 ‘neant,
1497 1130 1549 1165 ita
1572 1130 1846 1175 intellegendum
1871 1134 1942 1172 est,
1973 1134 2014 1165 ut
2036 1131 2218 1167 ‘iudicata’
2242 1132 2405 1178 accipere

1320 1174 1512 1211 debeamus
1526 1176 1554 1197 ¹2
1577 1176 1623 1211 ab
1647 1185 1689 1211 eo
1714 1176 1771 1212 cui
1794 1175 1975 1211 iudicandi
1998 1175 2054 1212 ius
2077 1176 2163 1218 fuit,
2196 1177 2403 1213 ‘transacta'

1320 1219 1458 1256 scilicet
1487 1221 1584 1256 bona
1614 1220 1704 1263 fide,
1735 1224 1777 1255 ut
1804 1221 1921 1256 valeat
1948 1221 2164 1264 transactio,
2198 1222 2320 1258 ‘finita'
2351 1223 2403 1259 vel

1321 1275 1498 1301 consensu
1520 1266 1576 1302 vel
1598 1265 1704 1312 longo
1728 1265 1868 1302 silentio
1892 1266 2020 1311 sopita.

1368 1307 1394 1346 2
1417 1310 1527 1346 IDEM
1546 1311 1637 1347 libro
1662 1312 1766 1346 tertio
1791 1311 1926 1347 decimo
1951 1311 2002 1346 ad
2023 1309 2197 1347 Sabinum
2247 1311 2328 1348 Sive
2350 1312 2405 1348 iu·

1319 1366 1436 1400 genua
1459 1356 1505 1390 sit
1528 1360 1642 1392 mater
1665 1356 1739 1391 sive
1762 1356 1946 1399 libertina,
1977 1356 2125 1392 habebit
2148 1356 2406 1394 Tertullianum

1325 1405 1335 1435 ι
1389 1401 1624 1436 commodum.
1677 1401 1807 1436 Filium
1846 1406 1967 1437 autem
2002 1402 2057 1436 vel
2094 1401 2203 1437 filiam
2242 1403 2406 1449 accipere

1320 1445 1502 1490 debemus,
1527 1446 1601 1482 sive
1622 1445 1717 1482 iuste
1739 1446 1813 1482 sint
1835 1446 2014 1491 procreati
2037 1447 2092 1482 vel
2111 1447 2216 1492 vulgo
2237 1448 2405 1493 quaesiti.

1319 1490 1427 1536 idque
1457 1491 1495 1526 in
1524 1491 1628 1536 vulgo
1659 1492 1828 1536 quaesitis
1861 1496 1896 1526 et
1926 1492 2086 1527 Iulianus
2111 1492 2201 1528 libro
2231 1493 2317 1538 quin
2342 1504 2406 1529 ua·

1321 1538 1340 1570 2
1387 1537 1546 1581 gensimo
1579 1547 1672 1572 nono
1705 1536 1921 1582 digestorum
1956 1537 2110 1582 scripsit.
2160 1537 2230 1573 Sed
2259 1538 2290 1574 si
2353 1539 2407 1574 'us

1320 1580 1374 1616 vel
1405 1579 1481 1616 filia
1510 1581 1667 1617 libertini
1690 1582 1762 1618 sint
1785 1581 1920 1625 effecti,
1952 1586 2068 1617 mater
2092 1582 2282 1628 legitimam
2305 1584 2403 1619 here

1322 1626 1470 1661 ditatem
1500 1626 1680 1662 vindicare
1711 1638 1783 1662 non
1812 1627 1960 1672 poterit,
1995 1627 2162 1672 quoniam
2192 1632 2307 1664 mater
2329 1639 2407 1664 esse

1320 1671 1523 1707 huiusmodi
1544 1671 1699 1707 filiorum
1724 1671 1846 1708 desiit:
1882 1672 1989 1717 idque
2012 1676 2048 1707 et
2070 1672 2231 1709 Iulianus
2262 1674 2334 1709 scri
2361 1674 2407 1710 sit

1322 1719 1341 1750 3
1390 1720 1426 1752 et
1450 1716 1684 1752 constitutum
1707 1721 1763 1752 est
1785 1717 1832 1753 ab
1860 1717 2077 1762 imperatore
2099 1722 2234 1754 nostro.
2282 1718 2306 1754 S
2376 1719 2407 1755 si

1321 1761 1358 1796 in
1395 1762 1567 1798 servitute
1599 1762 1765 1807 concepit
1792 1762 1904 1797 filium
1936 1766 1973 1798 et
1999 1763 2219 1799 manumissa
2248 1763 2407 1808 ediderit,

1321 1806 1368 1842 ad
1392 1806 1584 1851 legitimam
1616 1807 1692 1843 eius
1724 1807 1957 1843 hereditatem
1986 1807 2210 1844 admittetur:
2245 1808 2408 1855 idemque

1322 1855 1358 1887 et
1381 1852 1413 1887 si
1443 1862 1546 1888 serva
1601 1863 1713 1888 oenae
1738 1853 1902 1899 concepit
1931 1858 1967 1888 et
1989 1854 2155 1889 restituta
2179 1853 2305 1890 edidit:
2337 1855 2406 1891 hoe·

1321 1897 1415 1950 idem
1438 1900 1474 1933 et
1498 1897 1528 1932 si
1550 1863 1664 1933 lissera
1687 1898 1870 1951 concepit,
1895 1898 2006 1934 edidit
2028 1909 2130 1934 serva
2152 1909 2300 1945 poenae,
2324 1911 2407 1936 mox

1321 1946 1490 1979 rest1tuta
1518 1946 1589 1978 est:
1622 1943 1686 1979 sed
1715 1947 1751 1978 et
1773 1954 1804 1979 si
1831 1943 1945 1979 hbera
1975 1944 2141 1989 concepit
2170 1947 2207 1980 et
2235 1945 2274 1980 in
2297 1945 2391 1981 servi

1321 1991 1433 2023 tutem
1456 1988 1604 2023 redacta
1633 1988 1758 2030 edidit,
1790 1999 1873 2024 mox
1896 1989 2114 2025 manumissa
2144 1993 2219 2032 est,
2251 1990 2298 2026 ad
2320 1990 2406 2036 legi-

1320 2033 1443 2068 timam
1474 2032 1707 2069 hereditatem
1738 2033 1814 2069 eius
1852 2034 2069 2069 admittetur.
2115 2034 2200 2071 item
2229 2034 2261 2071 si
2289 2035 2408 2072 adhuc

1321 2079 1772 2160 {trifgssffisfflissitliffigiffi
1787 2082 1860 2159 “aiut-³
1887 2079 2407 2169 ‚ffissssffiaffiel'efflss

1322 2172 1436 2204 mater
1460 2168 1684 2213 admittetur,
1715 2173 1757 2204 ut
1778 2173 1867 2215 puta
1897 2170 1927 2205 si
1949 2173 2033 2215 post
2056 2180 2191 2206 moram
2214 2169 2348 2207 factam
2369 2171 2406 2207 in

1321 2213 1596 2250 fideicommissa
1625 2214 1791 2250 libertate
1821 2215 1978 2260 peperit,
2010 2214 2066 2250 vel
2097 2225 2120 2250 a
2146 2215 2195 2251 ud
2226 2215 2347 2252 hostes
2371 2221 2408 2253 et

1323 2262 1345 2294 4
1392 2269 1473 2294 cum
1498 2269 1539 2295 eo
1562 2259 1686 2302 rediit,
1711 2259 1767 2295 vel
1790 2259 1821 2295 si
1843 2259 1963 2295 redem
1990 2264 2028 2295 ta
2051 2260 2109 2296 edi
2135 2261 2173 2296 't.
2220 2260 2258 2297 Si
2281 2261 2409 2298 mulier

1323 2304 1379 2339 sit
1392 2303 1550 2348 famosa,
1582 2303 1630 2340 ad
1651 2304 1842 2350 legitimam
1871 2305 1956 2340 here
1984 2305 2105 2342 ‘tatem
2128 2305 2319 2343 liberorum
2342 2306 2406 2343 ad-

1323 2353 1343 2384 5
1391 2349 1564 2385 mittetur.
1598 2349 1834 2395 Impuberem,
1860 2350 1919 2385 cui
1941 2354 2045 2395 pater
2064 2350 2241 2388 secundas
2264 2352 2407 2389 tabulas

1323 2394 1427 2437 fecit,
1459 2397 1546 2430 tunc
1576 2399 1712 2430 certum
1744 2398 1799 2431 est
1833 2395 2042 2430 intestatum
2074 2395 2286 2439 decessisse,
2325 2407 2406 2433 cum

1324 2439 1507 2475 omiserint
1540 2439 1725 2475 substituti
1758 2440 1991 2476 hereditatem
2028 2440 2115 2476 eius.
2170 2451 2282 2486 quare
2309 2446 2347 2478 et
2375 2443 2407 2478 si

1322 2484 1486 2530 impubes
1525 2484 1719 2529 adrogatus
1756 2485 1819 2527 sit,
1859 2485 2047 2521 dicendum
2083 2488 2140 2522 est
2175 2490 2324 2522 matrem
2359 2487 2406 2524 ad

1323 2530 1420 2565 bona
1442 2529 1519 2565 eius
1539 2529 1689 2572 admitti,
1740 2540 1807 2565 uae
1831 2530 1992 2572 haberet,
2015 2531 2047 2566 si
2068 2531 2261 2568 intestatus
2284 2531 2405 2568 deces-

1323 2577 1344 2610 6
1390 2574 1507 2611 sisset.
1541 2575 1664 2611 Liberi
1680 2575 1702 2610 d
1741 2575 1840 2611 uncti
1861 2575 1917 2611 sui
1932 2575 2072 2621 quidem
2089 2576 2287 2613 obstabunt
2301 2578 2406 2613 matri

1323 2620 1399 2656 eius
1421 2623 1496 2655 tam
1525 2619 1633 2656 virilis
1657 2628 1765 2657 sexus
1788 2631 1896 2666 quam
1918 2620 2096 2664 feminini,
2127 2626 2202 2657 tam
2224 2622 2404 2659 naturales

1322 2675 1430 2711 quam
1453 2665 1611 2711 adoptivi
1633 2669 1854 2711 matremque
1882 2665 2095 2710 excludunt,
2124 2667 2298 2703 bonorum
2320 2678 2404 2713 pos-

1323 2721 1481 2747 sessores
1500 2721 1584 2747 vero
1604 2711 1711 2746 etiam
1730 2721 1803 2747 non
1821 2711 1879 2746 sui
1902 2715 1940 2747 et
1961 2710 2103 2757 quidem
2122 2711 2190 2748 soli
2208 2713 2402 2750 naturales

1322 2755 1479 2801 adoptivi
1510 2760 1631 2792 autem
1657 2756 1762 2792 liberi
1791 2759 1876 2802 post
1909 2756 2229 2802 emancipationem
2258 2757 2311 2794 ita
2340 2759 2403 2793 ad-

1322 2802 1524 2844 mittuntur,
1555 2801 1588 2837 si
1610 2812 1654 2837 ex
1676 2801 1797 2837 liberis
1820 2801 2044 2837 naturalibus
2067 2801 2222 2846 fuerint,
2253 2806 2295 2838 ut
2316 2807 2405 2850 puta

1321 2856 1434 2892 nepos
1470 2846 1645 2883 naturalis
1682 2847 1728 2882 ab
1768 2857 1835 2882 avo
1874 2846 2086 2899 adoptatus:
2124 2857 2206 2882 nam
2242 2847 2328 2884 licet
2357 2848 2405 2884 sit

1321 2891 1579 2936 emancipatus,
1603 2891 1779 2928 bonorum
1797 2901 2022 2937 possessione
2045 2902 2088 2927 ac
2154 2896 2194 2928 ta
2211 2893 2315 2928 matri
2338 2893 2403 2929 ob·

1322 2940 1340 2971 7
1387 2937 1509 2973 stabit.
1558 2936 1596 2972 Si
1625 2947 1709 2972 vero
1743 2936 1841 2982 apud
1870 2937 1993 2973 hostes
2024 2940 2080 2973 est
2153 2947 2197 2973 us
2226 2938 2282 2974 vel
2303 2939 2405 2974 nasci

1322 2986 1506 3027 speratur,
1537 2980 1671 3027 pendet
1693 2982 1750 3017 ius
1773 2981 1916 3024 matris,
1941 2981 2054 3018 donec
2075 2981 2219 3018 redierit
2241 2982 2296 3019 vel
2319 2993 2402 3020 nas-

1322 3030 1341 3062 8
1390 3030 1504 3063 catur.
1552 3026 1623 3062 Sed
1653 3027 1684 3062 si
1714 3027 1786 3062 sint
1808 3026 1866 3063 sui
1887 3026 2052 3071 heredes,
2081 3036 2204 3063 verum
2226 3027 2403 3066 hereditas

1320 3071 1368 3107 ad
1385 3082 1448 3108 eos
1467 3082 1541 3107 non
1559 3071 1747 3117 pertineat,
1771 3071 1963 3116 videamus,
1987 3081 2035 3107 au
2052 3075 2167 3107 mater
2183 3072 2402 3116 admittatur,

1320 3120 1362 3152 ut
1383 3120 1473 3170 puta
1495 3116 1668 3152 abstinuit
1679 3118 1705 3138 ¹⁴
1735 3127 1776 3153 se
1798 3116 2005 3153 hereditate.
2052 3116 2246 3154 Africanus
2270 3121 2308 3154 et
2329 3117 2401 3154 Pu·

1320 3162 1449 3198 blicius
1472 3165 1650 3207 temptant
1672 3161 1791 3198 dicere
1815 3162 1853 3198 in
1883 3171 2022 3204 casum,
2076 3171 2125 3198 uo
2153 3172 2194 3198 se
2223 3162 2404 3199 abstinent

1320 3207 1396 3251 sui,
1427 3210 1578 3242 matrem
1606 3207 1742 3250 venire,
1775 3210 1812 3243 et
1823 3208 1852 3230 ¹⁸
1879 3210 1967 3242 tunc
1997 3206 2031 3242 ei
2053 3217 2075 3243 o
2102 3210 2197 3243 stent
2261 3207 2402 3244 uotiens

1320 3262 1396 3288 rem
1418 3251 1609 3304 haberent,
1641 3262 1687 3288 ne
1715 3251 1851 3288 nudum
1873 3261 2002 3305 nomen
2032 3251 2089 3288 sui
2111 3234 2251 3289 heredis
2274 3257 2404 3289 noceat

1320 3299 1341 3333 9
1387 3299 1511 3332 matri:
1545 3307 1637 3342 quae
1668 3297 1848 3333 sententia
1875 3306 2023 3342 aequior
2053 3300 2119 3333 est.
2165 3297 2237 3333 Sed
2266 3297 2297 3333 si
2320 3298 2401 3344 quis

1318 3340 1531 3378 decessisset
1552 3341 1678 3378 relicta
1699 3341 1792 3385 filia,
1825 3351 1933 3388 quam
1955 3340 1993 3376 in
2016 3341 2244 3387 adoptionem
2255 3342 2286 3365 ¹⁸
2314 3342 2401 3389 legi-

1317 3387 1405 3423 time
1426 3385 1593 3430 dederat,
1627 3387 1754 3423 relicta
1782 3390 1820 3423 et
1839 3391 1971 3430 matre,
2003 3386 2106 3423 divus
2127 3386 2215 3423 Pius
2245 3386 2402 3424 decrevit

1319 3441 1464 3469 cessare
1481 3435 1628 3469 senatus
1649 3432 1853 3469 consultum
1864 3431 2124 3468 Tertullianum
2143 3434 2182 3468 et
2197 3431 2303 3469 simul
2320 3442 2401 3469 esse

1317 3555 1438 3578 norum
1451 3546 1511 3578 ine.
1526 3545 1580 3579 F²
1689 3548 1732 3581 ιο)
1756 3547 1888 3578 senatus
1899 3544 2053 3578 consulto
2064 3545 2138 3579 edd.
2248 3547 2310 3586 (ιο)
2332 3545 2400 3578 sive

1317 3589 1460 3623 delatam
1473 3591 1531 3623 ins.
1547 3590 1609 3631 F²‚
1624 3590 1840 3623 hereditatem
1859 3590 1928 3622 sive
1945 3593 2021 3632 post
2037 3589 2180 3623 delatam
2199 3591 2401 3624 inser-ernian

1316 3634 1374 3675 (u)
1399 3634 1452 3667 vel
1462 3633 1650 3668 libertatem
1662 3636 1723 3670 ins.
1793 3636 1853 3675 (12)
1876 3634 2031 3669 debemus
2042 3635 2079 3669 F
2143 3636 2204 3677 (1³)
2228 3637 2263 3668 et
2274 3636 2334 3668 det.
2349 3635 2383 3668 F
2385 3634 2401 3656 ¹

895 3680 939 3719 ‹a›
962 3679 1181 3713 amittentur
1196 3678 1250 3713 Γ*
1317 3678 1893 3723 (1⁴)abetinuit1abstinentmieer.
1945 3680 2008 3723 (lt)
2030 3679 2163 3714 afflat.
2215 3679 2401 3722 (io-‹101›-

1317 3723 1411 3757 tioue
1423 3723 1476 3757 Γ*
