2528 3918
189 119 484 163 XXXXVIIII
516 122 552 162 1.
576 122 615 163 2.
640 122 681 165 3.
704 122 728 162 4

1264 117 1348 165 824

1522 94 1558 117 N
1627 133 1656 164 A
1686 132 1845 173 omnus
1875 133 1971 165 ser.
2015 133 2116 174 Quis
2144 134 2173 166 Α
2203 133 2296 174 Quo
2326 132 2423 166 ser.

190 240 326 277 iuvenis
350 244 387 277 et
409 241 446 277 in
465 241 891 335 militiasalffiexequi
914 242 1190 288 appellationem
1213 242 1273 277 de·
1344 246 1364 277 3
1412 242 1536 287 cipem,
1560 242 1667 288 idque
1689 243 1850 280 oratione
1874 243 1944 280 divi
1959 243 2132 281 Hadriani
2152 245 2317 282 effectum
2326 246 2352 281 ⁷.
2388 244 2427 282 Si

190 286 259 321 siit.
305 296 449 331 quaero,
473 297 593 332 regres

190 332 320 366 tionem
352 332 534 377 explicare
561 330 708 368 deberet
731 342 778 367 an
801 342 885 368 vero
909 337 1111 369 curatorem
1134 343 1172 366 ιιι
1195 342 1275 367 eam

188 386 263 411 rem
296 376 476 412 conveniri
506 380 699 429 oporteret.
751 377 937 424 respondit
974 378 1090 423 ipsum
1129 376 1274 412 militem

189 421 286 456 litem
310 420 356 456 ad
380 431 417 457 se
441 425 677 466 pertinentem
700 422 846 468 exsequi
867 422 996 459 debere
1016 421 1213 458 secuudum
1232 431 1275 457 ea

190 475 282 510 quae
305 470 603 512 proponerentur.
1198 506 1207 519 ‚

236 508 289 547 25
315 510 474 547 Psvws
502 511 593 547 libro
625 512 815 548 vicensimo
846 522 1102 559 responsorum
1151 514 1273 545 Auro-

190 555 312 601 κράτω
348 551 576 601 Ἀλέξανδρος
598 557 653 601 τῷ
677 559 790 603 κοινῷ
813 559 889 592 τῶν
912 560 951 592 ἐν
971 557 1128 599 Βιθυνίᾳ
1150 555 1273 600 Ἐλλή-

188 613 275 634 νων.
309 596 319 610 ’
344 599 560 635 κκαλεῖσθαι
579 603 647 646 μὲν
665 603 742 638 πῶς
766 601 812 637 ἄν
832 615 886 638 τις
910 601 1084 636 ammom
1108 600 1178 636 ὑπὸ
1200 602 1276 636 τῶν

191 643 425 686 δικαζόντων,
452 641 514 688 οὐχ
537 643 622 694 ὁρῶ,
654 644 768 682 ὁπότε
791 646 930 687 ἔξεστι-ν
952 646 1019 690 τὴν
1041 648 1166 692 ἑτέραν
1188 644 1276 681 ὁδὸν

188 688 300 734 τρεπό
329 703 411 724 ειόν
439 688 551 726 ταύτὸ
583 696 704 726 ποιεῖν
736 695 795 726 καὶ
825 693 968 726 θᾶττον
995 690 1085 738 πρός
1111 704 1157 745 με
1186 687 1273 737 ἀφι-

190 740 288 769 msto
322 749 371 770 αι.
411 731 513 784 ὕβρει
536 734 576 771 δὲ
599 740 659 770 καὶ
681 740 746 781 βίᾳ
768 738 930 782 χρῆσθαι
952 736 1040 783 πρὸς
1062 749 1144 771 τους
1167 738 1274 770 ἐκκη-

189 779 251 814 λου
290 782 298 792 ’
317 792 375 816 ovs
406 784 467 815 καὶ
498 780 661 838 φρουρὰν
692 781 956 829 στρατιωτικὴν
992 783 1181 827 περιιστᾶν
1216 783 1276 815 καὶ

191 824 242 859 ἀπ
275 825 311 860 ‘e
341 826 455 860 εἰπεῖν
486 825 736 875 αποφράττειν
767 824 886 862 αὐτοῖς
915 826 982 870 τὴν
1013 825 1116 883 δεῦρο
1141 825 1277 861 ἄνοδον

191 866 310 917 ἀπαγο
336 869 462 916 εὑομεν
497 875 572 907 τοῖς
608 870 817 928 ἐπιτρόποις
856 875 917 906 καὶ
953 876 1029 907 τοῖς
1068 874 1276 918 ηγουμένοις

189 916 265 948 τῶν
295 918 314 949 ἐ
345 917 430 951 νῶν.
478 919 538 950 καὶ
569 917 839 959 πεισθησονται
864 915 975 965 ταύτῃ
998 930 1068 963 μου
1090 918 1134 964 τῇ
1157 930 1274 963 προρ-

189 959 306 1005 ρήσει,
343 959 476 997 εἰδότες
500 957 557 996 ὅτι
579 960 756 996 τοσοῦτόν
777 975 842 1006 μοι
863 961 961 1007 μέλει
983 964 1044 1006 τῆς
1066 964 1143 997 τῶν
1167 957 1274 1008 ἄρχο-

188 1007 308 1083 μένέν
337 1004 556 1053 ἐλευθερίας,
593 1002 680 1041 ὅσον
711 1010 772 1040 καὶ
801 1008 862 1050 τῆς
895 1003 1032 1043 εὐνοίας
1065 1006 1184 1043 αὐτῶν
1216 1009 1276 1040 καὶ

188 1063 249 1084 πει
283 1051 376 1086 οὖς’.

235 1092 289 1132 26
314 1094 659 1131 ΗΕΒΜοσΕΜΑΝσε
687 1096 778 1133 libro
807 1097 965 1132 secundo
990 1098 1082 1132 iuris
1105 1098 1276 1144 epitoma-

188 1151 269 1175 rum
324 1140 383 1175 Ad
422 1140 672 1186 imperatorem
710 1151 855 1177 causam
892 1142 1077 1178 remissam
1112 1142 1276 1188 partibus

189 1184 495 1221 consentientibus
518 1197 680 1231 praeses,
714 1187 745 1222 si
776 1186 824 1223 ad
854 1187 929 1223 eius
959 1187 1140 1223 notionem
1164 1187 1275 1233 perti-

189 1234 261 1271 net,
286 1230 409 1266 audire
433 1235 562 1276 potest.

234 1272 287 1312 27
313 1275 420 1310 Imm
440 1276 530 1311 libro
555 1276 681 1322 quinto
706 1276 797 1311 iuris
819 1277 1058 1324 epitomarum
1106 1277 1223 1313 Tutor
1246 1276 1277 1312 si

188 1320 227 1356 in
249 1320 390 1365 negotio
413 1321 542 1366 pupilli
564 1321 812 1366 provocaverit
834 1322 889 1357 vel
913 1326 1058 1358 curator
1085 1323 1123 1358 in
1152 1322 1276 1365 adulti,

189 1366 292 1401 heres
324 1366 419 1408 eius,
452 1370 644 1411 antequam
665 1366 794 1402 reddat
816 1367 993 1410 rationem
1025 1368 1276 1414 appellationis

190 1420 336 1446 causam
358 1411 526 1456 persequi
550 1411 676 1447 debet:
707 1421 791 1447 nam
822 1414 906 1457 post
935 1412 1094 1448 redditas
1116 1413 1276 1448 rationes

188 1466 256 1536 geo
278 1455 357 1501 ipse
380 1459 480 1491 tutor
503 1466 569 1492 nec
594 1460 741 1492 curator
763 1457 1014 1502 appellationis
1042 1458 1168 1494 merita
1191 1469 1275 1504 pro-

214 1510 274 1536 are
298 1511 341 1536 co
366 1500 448 1536 'tur.

235 1542 288 1583 28
317 1511 522 1581 SffrlAEVOLA
554 1545 645 1582 libro
675 1546 866 1582 vicensimo
898 1548 1025 1594 quinto
1056 1547 1276 1594 diqestorum

191 1590 353 1626 Creditor
385 1601 466 1626 cum
496 1590 767 1627 fideiussoribus
796 1597 936 1637 egerat:
974 1592 1038 1629 sed
1073 1597 1156 1638 post
1184 1593 1275 1628 iudi-

189 1636 284 1671 cium
313 1640 502 1681 acceptum
532 1635 579 1671 ad
601 1637 774 1681 agendam
797 1647 944 1673 causam
965 1637 1043 1683 ipse
1065 1648 1139 1674 non
1162 1637 1277 1674 adfuit

188 1685 243 1724 et,
279 1691 361 1716 cum
392 1681 573 1717 absoluti²
603 1686 722 1717 essent
752 1681 998 1726 fideiussores,
1038 1694 1160 1719 servus
1199 1683 1276 1719 eius

189 1725 392 1772 appellavit.
441 1726 642 1770 quaesitum
666 1731 730 1770 est,
755 1737 803 1762 an
826 1738 872 1773 ap
900 1727 1038 1771 ellatio,
1069 1739 1176 1773 quam
1200 1739 1274 1764 ser-

188 1782 253 1806 vus
272 1771 486 1816 interposuit
504 1771 647 1806 nomine
665 1771 808 1815 domini,
832 1784 856 1808 n
909 1773 965 1809 ius
982 1774 1151 1809 momenti
1168 1778 1274 1810 esset.

189 1815 375 1861 respondit
398 1815 571 1852 eiusmodi
594 1817 869 1870 appellationem
892 1829 966 1853 non
985 1829 1063 1854 esse
1083 1819 1275 1854 observan-

194 1867 202 1895 1
258 1861 350 1897 dam.
398 1861 524 1897 Iussus
555 1871 578 1896 a
607 1862 725 1897 iudice
754 1862 922 1898 exhibere
950 1863 1147 1899 secundum
1170 1874 1275 1909 prae-

189 1910 332 1952 ceptum
355 1906 531 1952 praesidis
553 1906 759 1952 provinciae
782 1908 958 1950 rationes,
1015 1919 1081 1944 uas
1111 1918 1134 1944 a
1160 1908 1209 1944 ud
1238 1919 1277 1945 se

188 1962 267 1987 esse
300 1954 462 1994 caverat,
496 1951 814 1988 instrumentorum
843 1953 960 1997 gratia
1014 1958 1075 1989 ata
1132 1954 1276 1990 ‘atione

188 1998 280 2033 nec³
309 2000 436 2042 postea
465 1996 627 2032 exhibuit
656 1997 807 2043 ideoque
830 1998 1025 2034 secundum
1048 1999 1275 2035 constitutio-

189 2052 269 2077 nem
298 2042 502 2083 recitatam,
542 2042 627 2087 quia
657 2052 723 2087 per
751 2044 1014 2079 contumaciam
1040 2044 1277 2080 instrumenta

189 2098 262 2124 non
294 2086 523 2128 exhibuerat,
563 2097 644 2122 cum
671 2087 804 2132 petitor
835 2089 962 2134 quanti
990 2099 1058 2124 sua
1087 2089 1278 2126 interesset

189 2131 351 2167 exhiberi
373 2132 539 2173 iurasset,
563 2131 662 2167 facta
681 2136 759 2167 erat
778 2133 1039 2170 condemnatio.
1075 2134 1277 2179 quaesitum

191 2182 263 2219 est,
294 2187 342 2212 an
369 2180 453 2223 post
481 2177 728 2212 iusiurandum
752 2179 1026 2223 appellationem
1049 2179 1277 2224 interponere

188 2221 315 2268 possit.
348 2221 534 2275 respondit
548 2222 636 2257 nihil
650 2223 814 2268 proponi,
839 2234 906 2259 cur
921 2223 1166 2269 denegandum
1183 2228 1278 2260 esset

190 2271 210 2302 2
258 2266 510 2313 appellationis
526 2267 707 2302 auxilium.
744 2267 936 2304 Substituti
951 2273 1089 2305 tutores
1106 2269 1277 2305 inlocum

761 287 850 323 ilitia
873 291 991 324 utrum
1015 288 1091 333 ipse
1115 286 1274 340 appella-

189 2313 202 2347 l
247 2312 333 2347 'timi
362 2312 492 2347 tutoris
522 2313 659 2357 experti
688 2323 769 2348 cum
793 2323 835 2349 eo
859 2314 993 2349 tutelae
1015 2314 1166 2357 iudicio,
1197 2325 1277 2350 cum

190 2367 231 2394 ar
256 2357 324 2392 iter
347 2356 491 2402 inique‘
514 2357 780 2402 condemnavit,
811 2369 919 2404 quam
941 2360 993 2395 rei
1016 2359 1178 2405 aequitas
1203 2360 1276 2395 exi-

189 2402 307 2448 gebat,
325 2412 348 2437 a
363 2402 542 2438 sententia
557 2403 634 2438 eius
676 2408 951 2440 rovocaverunt:
975 2404 1152 2450 pendente
1166 2415 1278 2440 causa

191 2447 441 2493 appellationis
457 2447 601 2483 iuvenes
618 2458 640 2482 a
665 2448 860 2485 oleverunt.
894 2449 1093 2495 quaesitum
1111 2453 1177 2492 est,
1197 2460 1279 2486 cum

191 2492 305 2528 omnis
335 2492 516 2528 exsecutio
546 2492 651 2528 huius
682 2493 728 2528 ad
758 2493 900 2530 adultos
930 2495 1108 2540 pertineat
1131 2499 1167 2530 et
1191 2506 1277 2531 cau-

191 2547 268 2572 sam
285 2536 331 2572 ad
349 2547 388 2573 se
403 2537 638 2582 pertinentem
655 2538 782 2574 idonee
797 2539 890 2575 tueri
905 2544 1068 2584 possunt,
1089 2550 1137 2575 an
1151 2544 1277 2585 postu-

190 2582 276 2618 latio
301 2592 435 2624 eorum,
460 2587 587 2618 contra
610 2594 699 2628 quos
724 2594 746 2618 a
772 2584 944 2629 pellatum
968 2588 1055 2627 erat,
1084 2584 1278 2620 dicentium

190 2627 270 2662 illos
294 2627 460 2663 debuisse
484 2638 612 2663 causas
636 2638 729 2674 appe
757 2629 888 2666 ationis
908 2629 1068 2672 reddere,
1093 2631 1154 2675 qui
1172 2630 1277 2676 primi

191 2676 276 2708 sunt
292 2673 441 2717 experti,
465 2672 685 2708 admittenda
702 2684 775 2709 non
795 2675 853 2710 sit.
889 2675 1075 2720 respondit
1091 2685 1164 2718 eos,
1189 2686 1275 2721 quo-

190 2728 271 2753 rum
303 2717 416 2752 tutela
442 2721 544 2762 gesta
574 2722 685 2760 esset,
721 2719 751 2754 si
779 2719 910 2755 vellent
940 2730 1088 2755 causam
1121 2721 1277 2766 exsequi,

191 2773 264 2797 non
294 2762 544 2808 prohibendos.
591 2763 685 2799 idem
712 2767 748 2798 et
769 2764 807 2800 in
831 2765 1058 2800 curatoribus
1082 2765 1275 2801 observan-

192 2808 276 2842 dum
307 2811 381 2851 est,
418 2807 450 2843 si
478 2807 619 2844 interim
648 2807 793 2846 adultus
824 2809 871 2846 ad
901 2810 1091 2856 legitimam
1123 2814 1276 2846 aetatem

191 2852 361 2899 pervenit.

746 2990 762 3012 s

327 3057 358 3089 A
381 3054 546 3093 QUIBUS
569 2992 854 3089 APPEIZARP
876 3057 972 3090 NON
995 3056 1143 3090 LICET.

241 3120 258 3158 1
289 3121 484 3157 Ulmanus
503 3120 594 3156 libro
607 3122 732 3167 primo
750 3122 794 3157 de
814 3133 863 3168 ap
892 3121 1120 3158 ellationibus
1165 3121 1276 3158 Trac-

196 3171 209 3202 1
260 3166 408 3201 tandum
441 3169 513 3210 est,
545 3175 568 3200 a
598 3166 727 3211 quibus
758 3177 780 3202 a
806 3178 850 3212 pe
877 3177 939 3203 are
968 3178 1041 3203 non
1064 3167 1181 3202 liceat.
1228 3167 1279 3202 Et

193 3210 334 3257 quidem
370 3211 518 3246 stultum
545 3214 602 3247 est
631 3210 721 3246 illud
751 3178 941 3264 atfmonere
971 3222 994 3247 a
1017 3212 1182 3265 principe
1213 3222 1277 3258 ap-

192 3257 327 3301 pellare
357 3255 413 3292 fas
443 3266 517 3292 non
546 3266 643 3298 esse,
677 3267 758 3292 cum
788 3267 865 3302 ipse
897 3257 944 3293 sit
966 3268 1027 3303 qui
1050 3261 1276 3303 provocatur.

192 3305 213 3336 2
261 3301 450 3337 Sciendum
475 3305 530 3337 est
552 3301 726 3347 appellari
750 3311 773 3337 a
796 3307 923 3338 senatu
947 3312 1021 3338 non
1042 3312 1150 3348 posse
1179 3303 1277 3348 prin-

192 3414 234 3456 (1)
262 3414 299 3448 td
313 3421 378 3448 est.-
400 3414 486 3457 Imp.
498 3412 687 3448 Alexander
705 3415 873 3448 communi
885 3416 1087 3449 Graecorum
1104 3415 1141 3449 in
1158 3416 1278 3460 Bithy-

193 3460 259 3492 nia.
292 3458 469 3511 Appellare
489 3459 654 3511 quomodo
673 3458 748 3501 quis
763 3459 981 3511 prohibeatur
997 3470 1017 3493 a
1038 3460 1277 3513 iudicantibus,

193 3503 1277 3592 zz’afflffsszzffizlsffsstfflfflffiffiffim

194 3594 397 3636 appellantes
418 3597 452 3627 et
470 3594 621 3627 custodia
639 3593 778 3627 militari
798 3604 853 3627 eos
864 3604 1014 3627 coercere
1027 3597 1060 3627 et
1071 3598 1110 3627 ut
1121 3595 1214 3629 brevi
1225 3595 1276 3629 di·

194 3650 263 3670 cam
282 3639 369 3672 viam
388 3639 431 3671 iis
447 3639 488 3671 ad
508 3649 569 3672 nos
585 3639 755 3672 obstruere
766 3639 1039 3682 procuratoribus
1054 3640 1276 3682 praesidibus·

194 3693 258 3725 que
280 3685 527 3726 provinciarum
550 3684 795 3726 interdicimus,
823 3684 1054 3728 parabantque
1083 3685 1162 3718 huic
1184 3696 1276 3719 meae

197 3728 343 3767 iussioni,
365 3739 439 3761 oum
455 3729 562 3761 sciant
578 3730 664 3761 tanti
681 3738 732 3760 me
750 3729 855 3761 facere
869 3729 1074 3762 subditorum
1088 3729 1276 3763 libertatem

1343 286 1423 332 quis
1445 292 1530 323 ante
1552 288 1764 325 sententiam
1787 289 1972 335 professus
1995 289 2105 326 fuerit
2123 300 2162 326 se
2180 300 2204 326 a
2219 290 2336 327 iudice
2354 301 2426 326 non

1343 337 1632 377 provocaturum,
1657 333 1880 371 indubitate⁸
1910 334 2131 380 provocandi
2153 335 2323 371 auxilium
2392 346 2425 370 r-

1344 381 1363 411 4
1411 376 1511 412 didit.
1547 377 1731 413 Interdum
1752 378 1946 425 imperator
1969 380 2020 415 ita
2043 381 2134 416 solet
2155 380 2309 416 iudicem
2352 391 2426 422 are,

1343 431 1389 457 ne
1411 421 1537 458 liceret
1559 423 1605 458 ab
1629 433 1672 458 co
1695 434 1902 469 provocare,
1926 429 1967 460 ut
1986 425 2062 461 scio
2082 425 2290 478 saepissime
2305 435 2329 461 a
2347 424 2427 461 divo

1344 466 1469 502 Marco
1494 467 1629 503 iudices
1653 467 1769 504 datos.
1816 479 1863 505 an
1890 473 1927 506 et
1949 470 2041 506 alius
2065 473 2180 515 possit
2201 470 2253 506 ita
2274 469 2428 506 iudicem

1344 511 1440 555 dare,
1465 511 1678 549 videbimus:
1705 517 1741 549 et
1763 517 1850 560 puto
1875 525 1947 551 non
1970 525 2089 561 posse.

1390 554 1416 593 2
1438 555 1493 592 ΡΑ
1501 567 1596 593 vsvs
1613 557 1703 594 libro
1719 558 1904 605 sinqulari
1917 559 1962 595 de
1977 571 2001 595 a
2022 559 2282 607 palationibus
2312 558 2426 604 Quae-

1344 601 1451 636 situm
1475 606 1539 646 est,
1568 603 1605 638 in
1629 602 1794 648 arbitros,
1819 603 1881 656 qui
1903 604 1951 640 ad
1972 604 1997 639 fi
2023 605 2201 641 eiussores
2223 603 2429 650 probandos

1344 645 1492 690 dantur,
1530 657 1578 682 an
1610 648 1792 694 appellare
1821 649 1946 685 liceat:
1981 649 2142 696 quamvis
2173 649 2243 685 hoc
2274 659 2360 686 casu
2393 653 2430 685 et

1344 691 1420 727 sine
1444 692 1684 738 appellatione
1708 692 1853 738 quidam
1874 696 2004 747 putent
2025 695 2071 731 ab
2096 706 2151 739 eo,
2179 694 2242 740 qui
2263 704 2344 730 eum
2367 693 2427 730 de-

1344 735 1407 780 dit,
1432 738 1645 774 sententiam
1667 738 1744 774 eius
1769 738 1898 784 corrigi
1920 749 2038 786 posse.

1910 876 1927 898 s

1584 940 1688 979 QUIS
1712 942 1743 974 A
1766 877 2192 980 QUfflIArPELLE'rUB.

1394 1003 1413 1043 1
1448 1005 1643 1043 Uimzws
1663 1007 1755 1043 libro
1768 1008 1893 1061 primo
1913 1007 1958 1043 de
1976 1007 2281 1062 appellationibus
2326 1007 2431 1055 Quod

1346 1050 1477 1087 dicitur
1505 1062 1586 1087 eum
1618 1052 1810 1098 appellari,
1841 1053 1902 1098 qui
1925 1052 2023 1089 dedit
2051 1053 2222 1098 iudicem,
2252 1054 2304 1090 sic
2323 1054 2430 1091 'acci-

1345 1096 1513 1141 piendum
1545 1101 1615 1141 est,
1645 1101 1687 1132 ut
1716 1101 1753 1133 et
1781 1108 1970 1134 successor
2002 1098 2078 1134 eius
2106 1099 2222 1145 possit
2244 1109 2267 1135 a
2291 1099 2430 1145 pellari.

1345 1141 1495 1186 proinde
1532 1146 1568 1177 et
1604 1142 1635 1178 si
1668 1142 1872 1188 praefectus
1909 1142 1993 1178 urbi
2026 1143 2180 1180 iudicem
2210 1110 2348 1180 dederit
2376 1144 2431 1180 vel

1345 1187 1542 1231 praetorio,
1577 1187 1654 1233 ipse
1685 1187 1753 1223 erit
1781 1187 2050 1234 provocandus,
2114 1189 2151 1224 ui
2185 1199 2266 1225 eum
2295 1189 2432 1226 dederit

1350 1235 1364 1266 1
1413 1231 1576 1267 iudicem.
1625 1233 1681 1268 Ab
1714 1243 1775 1276 eo,
1808 1233 1867 1269 cui
1899 1233 1978 1279 quis
2009 1244 2092 1270 man
2118 1234 2191 1270 avit
2214 1234 2430 1271 iurisdictio·

1346 1286 1437 1319 nem,
1463 1287 1535 1313 non
1557 1277 1635 1323 ipse
1658 1278 1931 1323 provocabitur:
1964 1288 2047 1314 nam
2073 1279 2289 1324 generaliter
2308 1279 2340 1316 is
2362 1279 2432 1316 erit

1345 1322 1596 1367 provocandus
1626 1323 1672 1358 ab
1697 1333 1739 1359 eo
1763 1323 1822 1359 cui
1844 1323 2015 1359 mandata
2041 1328 2098 1360 est
2119 1324 2338 1369 iurisdictio,
2370 1325 2431 1371 qui

1345 1371 1601 1412 provocaretur
1624 1368 1670 1403 ab
1693 1378 1736 1403 eo
1761 1368 1823 1414 qui
1845 1368 2027 1404 mandavit
2048 1368 2338 1406 iurisdictionem.

1392 1409 1418 1449 2
1451 1412 1679 1448 Valvata-ms
1698 1412 1951 1449 stmmws
1978 1413 2069 1450 libro
2091 1415 2249 1451 secundo
2279 1415 2324 1451 de
2347 1414 2432 1461 offi-

1344 1458 1400 1538 ἓῖο
1418 1457 2431 1541 ἔῖἴὲιΐέῆεχῒξῗθῃῗωζἕῗέῗὲῑρὲἑῗὲἔιὲοῗΐ

1344 1529 1471 1628 ξιιιιιιειιΙ
1502 1558 1718 1593 cognoscere
1748 1530 1793 1584 et'
1815 1514 1909 1594 «fund
1940 1515 2114 1595 optimui‘xli
2143 1549 2324 1596 putaverit
2345 1515 2430 1587 ξων·

1387 1603 1456 1628 ere.

1391 1635 1415 1675 3
1434 1636 1689 1673 Monsssmws
1703 1638 1793 1674 libro
1811 1642 1937 1675 octavo
1953 1639 2164 1686 reqularum
2199 1639 2295 1675 Dato
2313 1638 2431 1675 iudice

1345 1692 1368 1717 a
1389 1683 1656 1728 magistratibus
1678 1683 1804 1729 populi
1826 1682 1982 1720 Romani
2006 1684 2261 1737 cuiuscumque
2284 1683 2431 1728 ordinis,

1345 1727 1485 1764 etiamsi
1508 1738 1554 1763 ex
1576 1728 1791 1763 auctoritate
1813 1728 1986 1784 principis
2007 1729 2093 1765 licet
2111 1729 2319 1766 nominatim
2338 1729 2429 1765 iudi-

1345 1783 1423 1854 ceilxli
1440 1772 1662 1855 tdeclarantis
1686 1772 1858 1816 dederint,
1882 1773 1953 1820 ipsi
1975 1778 2095 1811 tamen
2116 1774 2346 1820 magistratus
2366 1785 2430 1821 ap-

1345 1828 1390 1864 pe
1418 1828 1440 1854 a
1466 1822 1587 1855 untur.

1826 1956 1906 1995 1111
1915 1955 1956 1995 ¹⁰.

1346 2022 1532 2059 QUANDO
1564 2022 2016 2101 APPELLAI'gssBIRlIoffiT
2045 2022 2106 2056 ΕΤ
2136 2022 2278 2056 INTRA
2307 2022 2430 2061 QUAE

1395 2130 1412 2168 1
1449 2131 1643 2168 Uzmzws
1678 2133 1770 2169 libro
1861 2133 1925 2169 ‘mo
1960 2133 2005 2169 de
2035 2133 2340 2181 appellationibus
2392 2134 2432 2170 Si

1346 2177 1525 2222 quidem¹¹
1557 2178 1595 2213 in
1618 2177 1773 2213 insulam
1821 2178 2057 2224 eportandum
2080 2179 2304 2216 adnotaverit
2324 2189 2430 2225 prae·

1344 2221 2238 2314 iiieffi'fi'ssndissssioi'ssffifflcffuiiffitmmm
2212 2224 2430 2305 “wilfi

1534 2294 1543 2310 9
2083 2297 2092 2313 ν
2413 2289 2430 2297 “

1344 2316 1491 2357 perator
1527 2279 1710 2358 scffipserit
1745 2323 1793 2348 an
1829 2324 1910 2349 cum
1938 2313 1972 2350 ei
2002 2313 2198 2351 scribitur?
2244 2318 2280 2350 et
2307 2318 2431 2360 putem

1345 2361 1431 2392 tunc
1448 2367 1527 2393 esse
1546 2358 1809 2403 appellandum,
1834 2369 1915 2394 cum
1932 2358 2046 2404 recipi
2065 2369 2146 2395 eum
2164 2369 2311 2406 praeses
2328 2359 2431 2397 iubet

1346 2401 1524 2438 sententia
1553 2402 1697 2447 prolata
1726 2403 1936 2448 imperatori
1959 2403 2205 2447 scribendum,
2237 2409 2278 2440 ut
2301 2403 2429 2451 depor-

1344 2451 1451 2482 tetur.
1499 2451 1656 2483 ceterum
1678 2449 1871 2484 verendum
1895 2453 1966 2492 est,
1997 2459 2044 2484 ne
2072 2459 2153 2485 sero
2180 2450 2244 2492 sit,
2274 2453 2316 2485 ut
2343 2455 2429 2486 tunc

1345 2496 1578 2538 provocetur,
1611 2503 1692 2546 cum
1722 2493 1915 2546 imperator
1939 2494 2094 2547 insulam
2115 2494 2150 2531 ei
2172 2494 2428 2547 adsignaverit:

1347 2537 1581 2618 ἓὲιῗὲἷοὲίιζῗ
1610 2547 1705 2631 ξῖὲῖῗ
1719 2542 1933 2620 rztsstffi
1966 2538 2430 2636 Taesszfflmmffigffeaffl:

1347 2627 1458 2663 daciis
1488 2638 1560 2673 apu
1613 2628 1808 2674 principem
1839 2632 2000 2664 oneravit
2028 2639 2127 2672 eum,
2166 2639 2270 2675 quem
2300 2628 2428 2675 depor-

1346 2673 1493 2708 tandum
1524 2673 1732 2716 laborabat,
1769 2673 1962 2710 intercludi
1993 2673 2046 2710 illi
2078 2674 2172 2710 viam
2201 2674 2429 2720 provocandi.

1348 2717 1432 2762 quid
1455 2728 1539 2763 ergo
1565 2719 1644 2753 est?
1681 2722 1779 2755 recte
1802 2718 1941 2755 dicetur
1962 2719 2185 2756 humanitate
2208 2722 2429 2765 suggerente,

1347 2768 1387 2798 ut
1410 2766 1447 2799 et
1469 2763 1538 2799 hoc
1561 2766 1599 2799 et
1620 2763 1682 2799 illo
1711 2767 1872 2810 tempore
1901 2775 1974 2800 non
2000 2763 2138 2800 frustra
2163 2768 2429 2811 provocaretur,

1348 2808 1433 2854 quia
1459 2818 1533 2844 non
1563 2807 1733 2844 adversus
1762 2808 1978 2862 principem,
2010 2809 2074 2846 sed
2102 2809 2272 2846 adversus
2301 2809 2430 2846 iudicis

1349 2852 1580 2888 calliditatem
1602 2854 1819 2899 provocavit.
1863 2854 1967 2890 simili
1989 2854 2096 2890 modo
2119 2858 2156 2891 et
2177 2855 2216 2891 in
2238 2854 2430 2891 decurione

1349 2898 1416 2934 erit
1437 2897 1674 2943 probandum,
1697 2909 1800 2944 quem
1825 2899 1952 2945 punire
1975 2899 2044 2935 sibi
2061 2909 2207 2945 praeses
2226 2900 2431 2946 permittere

1347 2954 1420 2979 non
1442 2942 1560 2986 debet,
1584 2943 1648 2979 sed
1670 2943 1829 2990 recipere
1853 2955 1933 2980 eum
1955 2944 1994 2980 in
2017 2954 2196 2981 carcerem
2219 2948 2256 2981 et
2275 2944 2430 2998 principi

1351 2991 1366 3023 1
1415 2987 1572 3024 scribere
1594 2987 1640 3024 de
1660 2999 1778 3035 poena
1799 2989 1887 3026 eius.
1924 2989 1962 3025 Si
1981 2988 2061 3035 quis
2079 2993 2179 3026 tutor
2196 2989 2303 3026 datus
2320 2989 2432 3026 fuerit

1347 3033 1403 3069 vel
1425 3036 1639 3069 testamento
1662 3033 1718 3069 vel
1741 3044 1764 3069 a
1786 3045 1857 3079 quo
1882 3034 1971 3077 alio,
2002 3034 2063 3080 qui
2091 3035 2148 3070 ius
2179 3033 2287 3070 dandi
2308 3034 2428 3076 habet,

1346 3089 1420 3114 non
1443 3082 1586 3123 oportet
1608 3088 1688 3114 eum
1711 3089 1906 3124 provocare
1934 3079 2017 3122 (hoc
2042 3079 2134 3115 enim
2157 3079 2258 3115 divus
2281 3079 2428 3115 Marem

1346 3122 1496 3166 effecit),
1527 3122 1590 3159 sed
1620 3123 1716 3158 intra
1743 3127 1906 3177 tempora
1927 3124 2142 3177 praestituta
2165 3124 2429 3160 excusationem

1346 3167 1570 3214 allegandam
1591 3167 1702 3204 habet
1724 3172 1776 3212 et,
1800 3179 1831 3204 si
1853 3169 1962 3205 fuerit
1983 3169 2146 3215 repulsa,
2176 3173 2265 3205 tunc
2287 3168 2429 3205 demum

1346 3211 1910 3294 „mem
1938 3218 2032 3294 ψει
2049 3213 2199 3296 Ἣ
2215 3214 2429 3295 esea

1674 3269 1691 3293 s
1775 3270 1853 3294 rum
1924 3270 1963 3294 ιιι
2126 3270 2151 3294 ιι

1346 3304 1518 3339 honorem
1541 3306 1734 3348 vocantur,
1759 3314 1841 3340 cum
1861 3270 1988 3340 ’digant
2008 3313 2048 3340 se
2070 3304 2118 3340 ha
2143 3313 2203 3341 ere
2226 3303 2428 3341 excusatio-

1346 3416 1464 3458 quanti
1484 3426 1598 3449 eorum
1617 3415 1881 3450 benevolentiam
1899 3419 1935 3450 et
1951 3415 2205 3451 oboedientiam.

1345 3461 1460 3495 soluiti
1473 3462 1507 3494 F
1578 3462 1623 3503 (3)
1648 3471 1687 3494 ea
1698 3461 1752 3495 die
1763 3472 1824 3495 neo
1837 3463 1898 3496 ins.

1986 3463 2029 3504 (4)
2053 3462 2181 3505 inique]
2193 3416 2428 3496 inuida-‘g‘

1390 3508 1434 3547 (s)
1461 3506 1890 3558 Sala--B-as.9,1,2s.2av
1936 3508 1981 3548 (a)
2003 3507 2170 3550 appellare
2183 3508 2255 3542 edd.
2314 3510 2357 3550 (7)
2378 3509 2429 3540 est

1346 3553 1405 3585 ins.
1420 3550 1472 3584 Γ*
1562 3553 1607 3593 (8)
1631 3551 1785 3584 mdubite
1797 3552 1832 3585 F

1390 3599 1434 3636 (e)
1460 3595 1542 3629 Sab.
1557 3604 1580 3630 ι.
1595 3603 1630 3635 23
1654 3596 1719 3630 Ed.
1734 3603 1819 3630 3.-
1834 3597 1918 3630 Bas.
1932 3598 2124 3638 9,1,30...s²

1363 3643 1450 3719 ago)
1474 3639 2009 3686 Sab.-Baae.9‚1,s³.a⁴.—C's.
2024 3642 2101 3676 cod.
2113 3643 2189 3684 ’1,63
2250 3643 2305 3682 (ιι)
2326 3650 2424 3684 quen

1345 3698 1361 3719 e
1410 3710 1417 3717 .

2518 2945 2528 3310 -s—-fflnmnn-—n--n—.s—.x
2522 2930 2528 2939 a
2519 2866 2528 2917 ...ιι
2523 2834 2528 2861 ,-
