2528 3918
96 113 229 145 SOCIO

95 222 212 257 dolum
236 232 339 257 suum
363 231 574 267 quemquam
597 221 763 256 relevare.
801 220 896 264 quod
921 224 956 256 et
978 221 1015 256 in
1040 221 1180 264 ceteris,

94 268 154 313 qui
177 268 213 301 in
243 267 280 302 id
311 266 407 312 quod
440 266 560 301 facere
590 270 741 311 possunt
773 267 1049 310 conveniuntur,
1086 267 1180 302 acci-

93 312 261 357 piendum
285 317 348 348 est.
386 312 416 346 si
439 314 558 346 tamen
582 322 653 346 non
678 311 779 353 dolo,
812 311 875 346 sed
907 312 1013 357 culpa
1037 323 1103 347 sua
1126 312 1180 347 fa-

94 368 173 392 cere
196 368 303 402 posse
326 356 439 398 desiit,
465 356 653 391 dicendum
678 361 732 391 est
756 356 985 392 condemnari
1010 368 1088 393 eum
1109 369 1180 393 non

94 406 112 437 8
160 403 298 438 debere.
345 402 386 436 In
410 401 574 436 heredem
600 412 741 446 quoque
765 402 852 437 socii
876 413 940 447 pro
966 404 1063 438 socio
1085 403 1179 438 actio

93 448 278 492 competit,
312 446 469 491 quamvis
502 447 603 482 heres
636 447 755 482 socius
780 457 852 481 non
876 447 940 482 sit:
973 448 1058 483 licet
1090 448 1181 483 enim

91 493 209 528 socius
234 502 303 527 non
328 491 384 534 sit,
410 495 569 527 attamen
593 492 819 527 emolumenti
837 502 1025 528 successor
1045 497 1110 529 est.
1145 497 1180 529 et

92 538 187 573 circa
217 537 406 572 societates
438 537 661 582 vectigalium
691 541 961 582 ceterorumque
992 539 1084 573 idem
1115 539 1178 574 ob-

90 592 291 623 servamus,
325 585 365 616 ut
395 582 498 617 heres
531 583 648 617 socius
673 593 745 617 non
769 583 815 617 sit
839 583 907 617 nisi
931 583 1040 618 fuerit
1062 584 1178 619 adsci-

90 632 168 670 tus,
203 630 444 662 verumtamen
477 638 580 663 omne
613 628 887 663 emolumentum
920 629 1100 664 societatis
1133 629 1180 664 ad

90 683 169 708 eum
200 672 395 717 pertineat,
432 672 536 707 simili
566 673 669 708 modo
707 677 742 708 et
778 673 945 708 damnum
981 674 1178 720 adgnoscat

90 717 184 763 quod
215 718 405 762 contingit,
437 717 510 752 sive
534 718 652 753 adhuc
675 718 752 753 vivo
777 719 874 753 socio
900 720 1080 764 vectigalis
1106 720 1179 755 sive

88 766 232 808 postea:
270 763 368 807 quod¹
401 773 473 798 non
503 763 664 798 similiter
694 764 731 798 in
767 764 969 799 voluntaria
1004 766 1177 800 societate

89 811 108 843 9
155 807 374 843 observatur.
422 807 460 843 Si
484 818 584 844 servo
606 809 782 844 communi
802 809 956 853 legatum
976 810 1052 846 sine
1073 811 1177 846 liber-

87 857 161 888 tate
185 863 276 888 unus
302 863 345 888 ex
369 853 517 888 dominis
541 854 702 899 reliquit,
735 854 805 889 hoc
829 854 876 889 ad
900 855 1017 890 solum
1041 856 1178 891 socium

86 898 256 978 gei-tinet:
293 909 340 933 an
370 901 490 933 tamen
522 909 588 944 pro
621 900 719 936 socio
756 900 887 935 iudicio
923 901 1178 936 communicari

113 944 214 978 ebeat
245 954 326 978 cum
357 944 487 979 herede
520 945 622 987 socii,
656 945 849 990 quaeritur.
887 949 922 980 et
945 946 995 981 ait
1019 947 1177 982 Iulianus

88 988 233 1024 Sextum
264 988 499 1041 Pomponium
532 990 667 1025 referre
699 990 870 1026 Sabinum
901 992 1177 1036 respondentem

86 1045 158 1070 non
182 1035 453 1077 communicari,
486 1039 522 1069 et
551 1045 658 1080 posse
681 1036 775 1072 hanc
799 1037 1011 1072 sententiam
1036 1037 1178 1073 defendi

85 1079 242 1114 Iulianus
273 1080 341 1114 ait:
378 1090 450 1115 non
483 1081 574 1115 enim
607 1085 754 1126 propter
790 1082 1072 1118 communionem
1107 1083 1176 1119 1106

85 1124 299 1169 adquisitum
324 1128 387 1167 est,
412 1125 476 1160 sed
500 1126 546 1161 ob
572 1136 673 1161 suam
697 1131 858 1172 partem,
883 1138 949 1163 nec
974 1132 1117 1173 oportet
1139 1128 1176 1163 id

85 1170 348 1213 communicari,
374 1171 468 1216 quod
492 1171 570 1216 quis
595 1182 667 1207 non
690 1177 838 1218 propter
862 1173 1088 1217 societatem,
1113 1174 1177 1209 sed

87 1218 127 1251 10
173 1220 321 1261 propter
344 1226 446 1251 suam
468 1221 608 1261 partem
640 1217 858 1263 adquisierit.
908 1218 1068 1254 Societas
1102 1219 1173 1254 sol-

83 1262 176 1296 vitur
197 1271 239 1296 ex
258 1262 430 1306 personis,
457 1271 500 1296 ex
522 1263 642 1306 rebus,
668 1274 711 1298 ex
735 1264 929 1306 voluntate,
957 1275 1000 1299 ex
1021 1265 1173 1300 actione.

82 1306 232 1351 ideoque
255 1307 328 1342 sive
350 1307 511 1343 homines
535 1308 607 1343 sive
632 1319 690 1344 res
710 1309 782 1345 sive
803 1310 966 1344 voluntas
988 1310 1060 1345 sive
1081 1311 1174 1346 actio

82 1351 273 1394 interierit,
306 1352 455 1387 distrahi
486 1353 625 1388 videtur
649 1354 814 1390 societas.
851 1355 1032 1390 intereunt
1056 1360 1175 1391 autem

85 1396 241 1432 homines
273 1397 414 1442 quidem
446 1399 601 1433 maxima
633 1403 697 1434 aut
719 1400 835 1435 media
860 1400 988 1445 capitis
1014 1401 1174 1436 deminu-

84 1442 177 1477 tione
200 1446 263 1478 aut
286 1447 416 1478 morte:
442 1454 499 1479 res
515 1454 611 1487 vero,
637 1456 718 1481 cum
741 1449 805 1481 aut
829 1446 948 1481 nullae
972 1446 1174 1491 relinquan-

84 1491 141 1522 tur
164 1491 227 1522 aut
251 1488 495 1524 condicionem
518 1492 743 1534 mutaverint,
769 1501 884 1536 neque
909 1491 1001 1526 enim
1025 1492 1101 1527 eius
1123 1492 1176 1527 rei

83 1543 172 1578 quae
202 1533 273 1568 iam
304 1534 403 1569 nulla
434 1535 480 1569 sit
513 1535 699 1581 quisquam
731 1537 850 1573 socius
881 1541 936 1572 est
960 1547 1074 1582 neque
1098 1537 1175 1573 eius

82 1588 173 1623 quae
197 1583 407 1614 consecrata
426 1580 652 1625 publicatave
674 1582 729 1618 sit.
763 1583 947 1618 voluntate
966 1582 1176 1619 distrahitur

81 1623 232 1659 societas
256 1626 528 1661 renuntiatione.

127 1667 180 1706 64
205 1669 489 1706 CALLISTRATUS
505 1671 596 1707 libro
611 1672 735 1718 primo
756 1673 1008 1717 quaestionum
1048 1674 1174 1719 Itaque

82 1725 162 1749 cum
175 1716 366 1759 separatim
378 1717 465 1751 socii
478 1727 581 1761 agere
599 1717 783 1762 coeperint
802 1721 839 1752 et
859 1729 950 1754 unus
977 1719 1103 1764 uisque
1114 1730 1173 1755 eo-

80 1771 159 1795 rum
175 1760 242 1795 sibi
259 1761 468 1806 negotietur,
486 1763 561 1797 sine
571 1762 678 1798 dubio
691 1763 745 1798 ius
759 1763 941 1799 societatis
984 1765 1171 1800 'ssolvitur.

126 1803 178 1842 65
209 1805 363 1842 PAULUs
391 1807 482 1843 libro
515 1809 725 1854 triqensz'mo
757 1809 914 1844 secundo
947 1810 997 1844 ad
1020 1810 1173 1845 edictum

79 1851 231 1886 Actione
256 1851 482 1895 distrahitur,
508 1864 588 1888 cum
612 1857 676 1888 aut
700 1853 931 1898 stipulatione
955 1858 1018 1890 aut
1041 1855 1172 1891 iudicio

80 1900 216 1931 mutata
240 1897 287 1931 sit
311 1908 421 1933 causa
446 1898 639 1934 societatis.
686 1899 862 1935 Proculus
896 1900 988 1935 enim
1021 1900 1071 1935 ait
1104 1902 1173 1937 hoc

79 1941 91 1976 i
119 1952 157 1977 so
193 1942 288 1986 quod
318 1942 487 1978 iudicium
517 1944 596 1979 ideo
630 1944 803 1979 dictatum
835 1949 909 1988 est,
945 1950 984 1980 ut
1019 1946 1173 1982 societas

103 1988 309 2030 istrahatur,
334 1990 573 2024 renuntiatam
591 1990 810 2032 societatem,
835 1991 908 2026 sive
929 1994 1087 2026 totorum
1108 1992 1172 2028 bo-

82 2036 96 2067 1
147 2043 273 2067 norum
297 2033 369 2069 sive
395 2035 497 2070 unius
521 2036 573 2070 rei
598 2035 749 2070 societas
775 2036 869 2070 coita
893 2036 949 2071 sit.
998 2037 1087 2072 Item
1108 2038 1172 2073 bo-

79 2078 133 2113 nis
158 2088 180 2113 a
205 2078 441 2114 creditoribus
465 2080 614 2115 venditis
640 2081 745 2116 unius
770 2081 858 2116 socii
883 2082 1032 2116 distrahi
1056 2083 1169 2118 socie-

79 2126 98 2158 2
146 2127 255 2158 tatem
267 2124 388 2159 Labeo
403 2125 462 2160 ait.
513 2125 550 2160 Si
573 2126 609 2160 in
633 2136 708 2161 rem
731 2131 865 2161 certam
886 2127 1070 2162 emendam
1086 2139 1172 2163 con-

80 2168 320 2204 ducendamve
344 2170 439 2205 coita
463 2171 509 2205 sit
533 2172 704 2213 societas,
736 2176 822 2207 tunc
856 2172 960 2207 etiam
994 2177 1076 2218 post
1107 2174 1171 2208 ali-

80 2214 179 2249 cuius
204 2219 353 2250 mortem
377 2216 547 2261 quidquid
570 2216 660 2251 lucri
685 2217 928 2253 detrimentive
952 2217 1089 2253 factum
1113 2220 1171 2261 sit,

79 2262 98 2295 3
147 2270 333 2295 commune
352 2271 430 2296 esse
449 2262 572 2296 Labeo
593 2262 653 2296 ait.
702 2262 866 2298 Diximus
891 2263 1056 2298 dissensu
1081 2264 1173 2299 solvi

80 2305 302 2340 societatem:
334 2306 403 2341 hoc
434 2307 485 2341 ita
517 2312 589 2349 est,
621 2307 651 2342 si
675 2318 797 2343 omnes
823 2308 1048 2344 dissentiunt.
1087 2310 1172 2354 quid

79 2361 180 2395 ergo,
214 2351 244 2386 si
274 2362 366 2387 unus
399 2353 603 2388 renuntiet?
647 2352 791 2388 Cassius
823 2354 894 2389 scri
922 2354 967 2388 sit
999 2364 1079 2389 eum
1112 2356 1172 2400 qui

78 2396 332 2431 renuntiaverit
364 2398 529 2433 societati
561 2408 583 2433 a
616 2408 654 2433 se
690 2398 831 2443 quidem
865 2399 891 2434 li
918 2409 1018 2434 crare
1053 2401 1170 2436 socios

78 2451 172 2483 suos,
197 2452 235 2477 se
258 2446 376 2477 autem
397 2443 442 2477 ab
463 2443 531 2478 illis
554 2454 625 2479 non
646 2444 809 2479 liberare.
848 2444 944 2490 quod
965 2445 1088 2490 utique
1106 2446 1170 2481 ob-

78 2487 288 2522 servandum
321 2491 392 2530 est,
430 2489 459 2523 si
491 2488 572 2524 dolo
606 2489 698 2524 malo
732 2490 948 2525 renuntiatio
983 2490 1083 2525 facta
1114 2491 1170 2532 sit,

78 2533 185 2567 veluti
217 2533 264 2574 si,
302 2544 381 2568 cum
406 2534 563 2569 omnium
597 2535 771 2570 bonorum
805 2535 1012 2570 societatem
1045 2536 1169 2571 inisse-

79 2589 177 2620 mus,
202 2577 327 2614 deinde
352 2581 455 2614 cum¹
481 2580 682 2615 obvenisset
706 2580 765 2614 uni
791 2580 988 2622 hereditas,
1024 2586 1171 2626 propter

78 2623 147 2658 hoc
171 2624 404 2659 renuntiavit:
431 2624 581 2669 ideoque
605 2625 635 2659 si
660 2625 800 2669 quidem
822 2625 989 2660 damnum
1011 2627 1171 2661 attulerit

78 2668 269 2711 hereditas,
290 2670 359 2704 hoc
373 2670 418 2704 ad
433 2680 512 2705 eum
534 2670 594 2715 qui
611 2671 828 2705 renuntiavit
847 2671 1048 2716 pertinebit,
1074 2683 1169 2707 com-

78 2714 220 2749 modum
234 2719 351 2749 autem
365 2716 625 2750 communicare
646 2720 792 2760 cogetur
814 2716 955 2751 actione
974 2728 1038 2761 pro
1059 2718 1167 2753 socio.

79 2760 173 2804 quod
198 2760 229 2794 si
253 2760 338 2804 quid
370 2765 452 2804 post
482 2761 783 2796 renuntiationem
815 2761 1065 2806 adquisierit2‚
1098 2773 1170 2798 non

79 2805 144 2839 erit
164 2805 505 2847 communicandum,
532 2807 615 2850 quia
638 2816 703 2841 nec
729 2806 832 2841 dolus
857 2806 1031 2841 admissus
1056 2812 1109 2842 est
1133 2808 1169 2842 in

79 2852 100 2884 4
146 2860 199 2885 eo.
248 2850 336 2885 Item
369 2851 399 2886 si
430 2852 637 2886 societatem
661 2852 820 2886 ineamus
845 2852 891 2886 ad
916 2852 1072 2897 aliquam
1096 2863 1170 2888 rem

79 2895 280 2938 emendam,
314 2896 440 2931 deinde
472 2897 569 2931 solus
600 2897 753 2931 volueris
779 2907 856 2931 eam
881 2907 996 2932 emere
1019 2897 1170 2942 ideoque

79 2941 334 2976 renuntiaveris
370 2941 553 2983 societati,
589 2945 629 2976 ut
662 2942 759 2976 solus
795 2952 947 2984 emeres,
991 2943 1169 2978 teneberis

79 2986 203 3030 quanti
226 2986 373 3021 interest
396 2997 493 3022 mea:
527 2986 590 3022 sed
622 2987 651 3022 si
674 2987 754 3022 ideo
779 2987 1057 3030 renuntiaveris,
1085 2988 1169 3033 quia

79 3031 209 3076 emptio
233 3031 299 3065 tibi
323 3032 551 3076 displicebat,
576 3043 650 3067 non
682 3032 879 3075 teneberis,
911 3034 1071 3077 quamvis
1104 3044 1168 3078 ego

80 3086 219 3118 emero,
254 3077 336 3121 quia
367 3077 425 3112 hic
457 3077 557 3112 nulla
586 3076 687 3112 fraus
719 3081 790 3112 est:
827 3087 939 3122 eaque
971 3082 1006 3113 et
1030 3078 1167 3114 Iuliano

80 3123 99 3155 5
145 3121 298 3166 placent.
345 3122 468 3157 Labeo
482 3126 601 3157 autem
612 3122 848 3167 posteriorum
869 3123 992 3158 libris³
1012 3124 1168 3168 scripsit,

72 3165 110 3201 si
132 3167 388 3201 renuntiaverit
411 3167 575 3203 societati
598 3178 690 3202 unus
716 3178 759 3202 ex
783 3168 889 3203 sociis
921 3178 962 3203 eo
996 3172 1168 3213 tempore,

81 3221 149 3256 quo
173 3212 334 3247 interfuit
357 3213 445 3247 socii
468 3224 541 3248 non
565 3212 682 3247 dirimi
706 3213 923 3253 societatem,
949 3214 1168 3249 committere

82 3266 162 3291 eum
184 3256 222 3291 in
245 3268 310 3302 pro
336 3258 432 3292 socio
458 3258 617 3293 actione:
650 3268 732 3292 nam
764 3258 794 3293 si
819 3259 966 3293 emimus
990 3259 1169 3303 mancipia

79 3301 167 3336 inita
198 3302 389 3343 societate,
421 3302 547 3337 deinde
576 3303 782 3338 renunties²
806 3303 891 3337 mihi
924 3314 964 3339 eo
996 3308 1167 3348 tempore,

80 3357 149 3425 3110
174 3347 324 3382 vendere
348 3348 527 3393 mancipia
549 3358 621 3383 non
653 3347 813 3392 expedit,
846 3349 915 3383 1106
948 3359 1053 3391 casu,
1085 3349 1169 3394 quia

105 3391 289 3426 eteriorem
321 3402 466 3428 causam
496 3403 610 3428 meam
634 3392 744 3433 facis.
778 3393 890 3428 teneri
920 3397 957 3428 te
980 3404 1044 3438 pro
1070 3394 1167 3429 socio

79 3435 223 3471 iudicio.
269 3436 443 3472 Proculus
473 3437 542 3473 1106
571 3438 623 3472 ita
646 3447 765 3472 verum
790 3448 868 3473 esse
891 3438 951 3480 ait,
978 3439 1031 3473 si⁵
1055 3439 1167 3474 socie-

79 3480 164 3515 tatis
199 3491 271 3515 non
305 3481 467 3516 intersit⁶
499 3482 615 3517 dirimi
644 3483 872 3519 societatem:
905 3493 1044 3528 semper
1075 3484 1168 3518 enim

81 3595 120 3635 (1)
145 3604 221 3625 cum
241 3594 302 3626 del.
457 3595 500 3634 (2)
526 3605 565 3626 ex
585 3595 652 3627 alia
674 3606 773 3628 causa
792 3597 845 3629 vel
861 3596 966 3629 simile
986 3597 1068 3638 quid
1086 3597 1163 3629 add.

81 3639 124 3679 (3)
148 3637 229 3670 libri
242 3638 277 3670 F
365 3639 408 3679 (4)
432 3639 608 3671 renuntias
620 3639 672 3672 F²
775 3642 817 3682 (5)
843 3641 893 3672 ait
905 3640 933 3672 si
950 3642 1024 3673 dett.
1038 3653 1105 3674 cum
1119 3641 1164 3679 B,

81 3695 139 3715 om.
152 3683 187 3715 F
336 3683 380 3724 (6)
406 3683 541 3715 intersit
553 3694 621 3716 non
633 3685 716 3718 Hal.
901 3687 956 3726 (θ’)
981 3695 1054 3717 eam
1067 3698 1124 3718 om⁴
1139 3685 1169 3719 S

81 3727 125 3768 (7)
150 3727 208 3769 qui
222 3727 259 3768 S,
273 3740 332 3760 om.
344 3727 380 3760 F
445 3729 487 3767 (8)
501 3728 557 3759 6111
570 3730 801 3762 renuntiatum
815 3730 951 3762 eritius.
1024 3731 1068 3771 (9)
1082 3730 1165 3762 socii

1170 96 1253 144 227

2160 103 2283 145 XVII
2314 106 2338 144 2

1250 233 1323 258 non
1346 221 1402 265 id,
1435 222 1531 268 quod
1555 223 1718 268 privatim
1742 223 1890 259 interest
1913 225 2018 261 unius
2044 236 2088 261 ex
2111 225 2236 268 sociis,
2269 236 2341 261 ser-

1250 268 1325 303 vari
1350 268 1450 310 solet,
1477 268 1540 303 sed
1564 268 1659 313 quod
1684 269 1847 304 societati
1872 270 2024 322 expedit.
2061 272 2150 306 haec
2174 271 2225 306 ita
2248 272 2342 306 acci-

1250 313 1380 358 pienda
1415 317 1518 356 sunt,
1556 314 1586 348 si
1619 313 1706 347 nihil
1738 314 1781 348 de
1814 315 1882 350 hoe
1915 327 1951 350 ln
1985 316 2148 351 coeunda
2172 316 2344 352 societate

1251 362 1270 393 6
1319 359 1494 394 convenit.
1551 359 1640 393 Item
1676 359 1736 403 qui
1769 360 1975 395 societatem
2011 362 2047 396 in
2083 366 2223 407 tempus
2258 362 2341 405 coit,

1250 414 1328 439 eam
1339 406 1362 425 ⁶·
1388 408 1471 440 ante
1494 408 1634 449 tempus
1651 405 1888 440 renuntiando
1906 406 2041 441 socium
2059 418 2081 442 a
2097 418 2147 450 se,
2171 418 2243 442 non
2263 418 2302 443 se
2321 418 2344 443 a

1249 450 1346 484 socio
1373 449 1516 485 liberat:
1543 449 1664 494 itaque
1689 450 1718 484 si
1738 449 1823 494 quid
1840 452 2039 495 compendii
2060 457 2187 497 postea
2207 452 2343 488 factum

1251 494 1326 536 erit,
1353 495 1429 530 eius
1454 498 1592 540 partem
1618 505 1690 530 non
1714 495 1803 536 fert,
1837 499 1875 529 at
1899 496 1928 530 si
1953 496 2196 541 dispendium,
2231 509 2344 544 aeque

1249 541 1447 585 praestabit
1478 540 1696 585 portionem:
1731 540 1798 574 nisi
1822 542 2038 577 renuntiatio
2065 553 2107 577 ex
2130 544 2344 579 necessitate

1250 585 1404 630 quadam
1427 585 1527 620 facta
1551 585 1607 621 sit.
1646 585 1741 630 quod
1765 585 1795 620 si
1818 589 1889 620 tem
1916 597 1957 621 us
1982 587 2120 622 finitum
2146 593 2217 631 est,
2250 589 2338 624 libe-

1250 634 1267 664 7
1317 642 1396 665 rum
1419 635 1473 666 est
1492 630 1670 672 recedere,
1691 631 1774 675 quia
1794 630 1870 665 sine
1916 631 1972 666 010
1992 633 2084 667 malo
2104 634 2140 668 id
2160 634 2235 669 fiat.
2272 634 2342 670 Re-

1248 676 1414 711 nuntiare
1438 676 1603 711 societati
1628 676 1735 710 etiam
1759 686 1823 720 per
1847 676 1936 711 alios
1960 688 2169 721 possumus:
2203 683 2239 714 et
2261 678 2342 715 ideo

1249 721 1383 756 dictum
1408 725 1462 757 est
1486 725 1754 766 procuratorem
1775 732 1917 766 quoque
1935 732 2040 766 posse
2060 724 2264 759 renuntiare
2284 735 2342 760 so-

1249 767 1380 802 cietati.
1427 767 1490 802 sed
1522 771 1641 802 utrum
1675 767 1719 801 de
1755 777 1795 802 60
1832 766 1965 802 (116111111
1998 768 2061 810 311,
2095 770 2152 804 6111
2187 770 2342 805 omnium

1247 813 1424 847 bonorum
1448 812 1710 847 administratio
1736 822 1909 847 concessa
1933 816 2005 855 est,
2037 824 2083 848 an
2116 814 2160 849 de
2192 825 2252 855 eo,
2286 816 2343 851 cui

1246 858 1316 893 hoc
1339 858 1457 902 ipsum
1482 857 1690 893 nominatim
1715 857 1923 893 mandatum
1955 862 2028 900 est,
2061 859 2262 903 videamus,
2295 871 2342 896 an

1247 913 1329 938 vero
1354 913 1420 948 per
1443 908 1634 948 utrumque
1658 907 1755 938 recte
1786 904 2035 939 renuntietur?
2071 905 2166 949 quod
2198 910 2251 940 est
2283 917 2341 941 ve-

1247 949 1341 991 rius,
1375 948 1444 983 nisi
1469 949 1498 983 si
1522 948 1745 993 prohibuerit
1770 959 1849 984 eum
1874 949 2038 984 dominus
2063 950 2264 994 specialiter
2286 962 2341 986 re-

1248 997 1267 1029 8
1315 994 1492 1029 nuntiare.
1541 994 1629 1029 Item
1643 994 1817 1039 scriptum
1831 998 2002 1039 estposse
2014 997 2240 1039 procuratori
2253 1008 2341 1041 quo-

1248 1050 1316 1084 que
1337 1049 1414 1074 meo
1437 1039 1574 1075 socium
1596 1049 1712 1074 meum
1732 1040 1949 1075 renuntiare.
1983 1040 2079 1085 quod
2091 1039 2233 1076 Servius
2247 1042 2343 1087 apud

1245 1084 1414 1120 Alfenum
1445 1085 1497 1120 ita
1528 1089 1649 1120 notat:
1687 1095 1764 1120 esse
1795 1085 1832 1119 in
1865 1089 2045 1130 potestate
2076 1085 2229 1129 domini,
2262 1098 2342 1122 cum

1246 1130 1474 1176 procuratori
1499 1130 1574 1166 eius
1597 1130 1841 1166 renuntiatum.
1866 1135 1936 1173 est,
1961 1141 2008 1166 an
2032 1131 2115 1166 velit
2139 1135 2254 1166 ratam
2278 1133 2341 1168 ha-

1246 1176 1331 1212 bere
1361 1176 1672 1211 renuntiationem.
1708 1175 1816 1221 igitur
1838 1176 1869 1211 is
1895 1177 1995 1212 cuius
2027 1178 2254 1222 procuratori
2286 1189 2341 1213 re-

1246 1221 1450 1257 nuntiatum
1486 1225 1540 1257 est
1574 1222 1748 1257 liberatus
1785 1232 1864 1257 esse
1898 1222 2094 1258 videbitur:
2141 1233 2187 1257 an
2223 1227 2342 1258 autem

1244 1267 1322 1312 ipse
1347 1277 1489 1312 quoque
1513 1267 1596 1312 qui⁷
1620 1267 1837 1303 renuntiavit
1856 1268 2083 1312 procuratori
2102 1268 2284 1311 liberetur,
2305 1269 2342 1303 in

1245 1316 1424 1358 potestate
1456 1312 1529 1348 eius
1561 1313 1669 1354 erit⁸,
1702 1312 1999 1357 quemadmodum
2034 1313 2186 1349 diximus
2217 1314 2255 1349 in
2289 1325 2341 1357 eo,

1246 1361 1266 1394 9
1314 1358 1374 1403 (1111
1399 1358 1496 1394 30610
1528 1358 1722 1393 renuntiat.
1770 1358 1889 1393 Morte
1921 1359 2051 1394 unius⁹
2082 1359 2236 1395 societas
2270 1359 2340 1395 dis-

1245 1403 1405 1445 solvitur,
1431 1404 1498 1438 etsi
1523 1414 1701 1438 consensu
1726 1404 1882 1439 omnium
1907 1404 2002 1440 coita
2026 1404 2090 1446 sit,
2115 1405 2235 1449 plures
2258 1415 2340 1440 vero

1245 1449 1427 1494 supersint
1438 1450 1476 1491 ¹⁰,
1501 1449 1570 1484 nisi
1593 1449 1630 1484 in
1655 1449 1817 1484 coeunda
1841 1449 2014 1485 societate
2039 1450 2142 1485 aliter
2167 1461 2340 1486 convene-

1244 1495 1302 1530 rit.
1340 1504 1406 1530 nec
1431 1494 1536 1530 heres
1561 1494 1648 1530 socii
1673 1495 1851 1530 succedit:
1885 1495 1948 1530 sed
1980 1495 2074 1540 quod
2107 1506 2151 1530 ex
2180 1505 2220 1531 re
2244 1506 2340 1531 com-

1245 1540 1342 1575 muni
1367 1544 1494 1585 postea
1518 1541 1720 1585 quaesitum
1744 1544 1816 1583 est,
1848 1541 1933 1575 item
1965 1541 2067 1576 dolus
2101 1544 2135 1576 et
2167 1541 2272 1586 culpa
2304 1542 2340 1576 in

1246 1597 1287 1622 60
1313 1585 1409 1631 (111οᾶ
1434 1596 1477 1621 ex
1502 1590 1585 1621 ante
1608 1590 1708 1630 gesto
1734 1585 1865 1631 pendet
1887 1590 1962 1621 tam
1993 1587 2038 1621 ab
2070 1586 2203 1622 herede
2234 1597 2340 1632 quam

1250 1635 1289 1666 10
1337 1631 1459 1666 heredi
1494 1631 1752 1676 praestandum
1787 1634 1852 1666 est.
1912 1632 2001 1667 Item
2037 1632 2067 1667 si
2103 1631 2255 1667 alicuius
2290 1633 2341 1668 rei

1246 1677 1400 1712 societas
1426 1677 1472 1711 sit
1497 1680 1533 1712 et
1557 1676 1636 1711 finis
1662 1676 1802 1722 negotio
1836 1677 2042 1722 impositus,
2075 1676 2198 1712 finitur
2227 1677 2339 1713 socie-

1244 1726 1319 1757 tas:
1354 1722 1449 1767 quod
1482 1722 1512 1757 si
1543 1722 1689 1767 integris
1721 1722 1885 1757 omnibus
1910 1722 2137 1758 manentibus
2163 1723 2253 1757 alter
2278 1723 2337 1758 de-

1246 1768 1404 1810 cesserit,
1430 1767 1558 1802 deinde
1576 1771 1664 1802 tunc
1685 1771 1856 1812 sequatur
1876 1778 1944 1810 res,
1970 1768 2014 1803 de
2039 1778 2110 1813 qua
2133 1768 2340 1803 societatem

1246 1814 1418 1855 coierunt,
1438 1816 1526 1848 tunc
1548 1813 1671 1847 eadem
1685 1812 1913 1848 distinctione
1925 1817 2078 1855 utemur,
2100 1823 2171 1858 qua
2190 1813 2226 1847 in
2239 1824 2339 1848 man-

1245 1858 1341 1900 dato,
1366 1862 1418 1900 ut,
1443 1858 1473 1893 si
1497 1858 1639 1903 quidem
1663 1858 1786 1903 ignota
1808 1858 1955 1893 fuerit¹¹
1981 1869 2076 1894 mors
2097 1859 2253 1900 alterius,
2278 1869 2339 1894 va-

1249 1907 1283 1939 11
1334 1904 1408 1939 leat
1423 1903 1590 1946 societas,
1611 1904 1640 1938 si
1661 1907 1758 1946 nota,
1779 1915 1851 1940 non
1871 1904 1999 1939 valeat.
2036 1904 2198 1939 Societas
2218 1915 2338 1949 quem-

1244 1949 1436 1984 admodum
1460 1949 1507 1984 ad
1530 1949 1679 1984 heredes
1704 1949 1793 1984 socii
1824 1960 1896 1984 non
1927 1950 2076 1992 transit,
2109 1950 2160 1984 ita
2194 1960 2258 1984 nec
2294 1949 2336 1985 ad

1244 1995 1511 2039 adrogatorem,
1543 2004 1588 2029 ne
1620 1994 1778 2039 alioquin
1808 1994 1940 2030 invitus
1974 1995 2053 2040 quis
2077 1995 2197 2030 socius
2212 1996 2238 2015 ¹²
2263 1995 2338 2029 effi-

1244 2041 1361 2076 ciatur
1397 2040 1454 2075 cui
1488 2050 1562 2075 non
1597 2040 1682 2075 vult.
1728 2040 1805 2084 ipse
1837 2044 1958 2075 autem
1990 2041 2183 2085 adrogatus
2220 2041 2339 2076 socius

1243 2089 1445 2131 permanet:
1471 2096 1554 2120 nam
1580 2089 1615 2120 et
1638 2085 1668 2120 si
1692 2085 1785 2121 filius
1808 2085 1963 2120 familias
1988 2086 2234 2131 emancipatus
2259 2086 2336 2121 fue-

1246 2133 1285 2166 12
1333 2131 1391 2173 rit,
1415 2131 1638 2176 permanebit
1658 2131 1786 2166 socius.
1835 2131 2083 2166 Publicatione
2105 2142 2245 2176 quoque
2267 2131 2338 2166 dis-

1241 2176 1337 2211 trahi
1361 2176 1570 2211 societatem
1594 2176 1757 2211 diximus.
1795 2176 1891 2220 quod
1923 2177 2063 2212 videtur
2096 2181 2261 2222 spectare
2293 2176 2339 2211 ad

1241 2221 1489 2257 universorum
1521 2222 1696 2257 bonorum
1729 2222 2026 2266 publicationem,
2062 2222 2091 2257 si
2123 2222 2211 2257 socii
2244 2222 2339 2257 bona

1241 2267 1486 2312 publicentur:
1521 2277 1603 2302 nam
1628 2278 1709 2302 cum
1733 2267 1770 2301 in
1795 2267 1869 2302 eius
1893 2267 2013 2302 locum
2038 2267 2128 2302 alius
2153 2267 2335 2309 succedat,

1244 2315 1284 2347 13
1332 2323 1397 2357 pro
1430 2315 1570 2347 mortuo
1602 2313 1807 2347 habetur¹⁸.
1857 2312 1894 2347 Si
1926 2317 2008 2357 post
2040 2312 2247 2348 distractam
2279 2323 2336 2348 so·

1243 2357 1407 2393 cietatem
1438 2357 1571 2402 aliquid
1586 2358 1612 2378 ¹⁴
1636 2357 1672 2392 in
1696 2368 1771 2392 rem
1796 2368 2018 2393 communem
2044 2357 2255 2402 impenderit
2279 2368 2336 2392 so-

1242 2403 1330 2444 cius,
1355 2403 1496 2437 actione
1520 2413 1584 2447 pro
1610 2403 1707 2438 socio
1733 2403 1768 2437 id
1793 2413 1864 2438 non
1889 2403 2130 2448 consequitur,
2157 2403 2241 2447 quia
2265 2413 2336 2438 non

1242 2452 1296 2483 est
1327 2458 1448 2482 verum
1481 2459 1546 2492 pro
1581 2447 1679 2482 socio
1715 2448 1991 2483 communiterve
2024 2448 2060 2482 id
2083 2453 2221 2492 gestum
2246 2458 2334 2483 esse.

1241 2493 1303 2528 sed
1324 2493 1502 2528 communi
1522 2493 1712 2527 dividundo
1733 2493 1864 2528 iudicio
1885 2493 1991 2528 huius
2013 2503 2154 2537 quoque
2174 2493 2224 2528 rei
2244 2494 2336 2528 ratio

1240 2538 1448 2573 habebitur:
1476 2548 1556 2572 nam
1582 2538 1647 2573 etsi
1673 2538 1844 2572 distracta
1869 2542 1963 2573 esset
1987 2538 2140 2573 societas
2155 2540 2201 2580 ¹⁵,
2227 2538 2335 2573 nihilo

1244 2587 1282 2618 14
1332 2584 1447 2618 minus
1472 2583 1595 2618 divisio
1620 2594 1737 2618 rerum
1763 2587 1936 2627 superest.
1986 2582 2022 2618 Si
2049 2583 2246 2618 communis
2272 2594 2332 2628 pe-

1241 2629 1347 2664 cunia
1379 2639 1486 2674 penes
1512 2629 1664 2672 aliquem
1690 2629 1868 2663 sociorum
1894 2629 1940 2662 sit
1965 2634 2000 2662 et
2032 2628 2184 2663 alicuius
2218 2628 2333 2664 socio-

1239 2685 1316 2708 rum
1342 2674 1426 2719 quid
1442 2675 1468 2694 ¹⁶
1492 2674 1596 2715 absit,
1622 2684 1702 2708 cum
1727 2683 1769 2708 60
1791 2673 1867 2708 3010
1889 2673 2075 2718 agendum,
2101 2684 2209 2718 penes
2231 2685 2333 2718 quem

1241 2730 1282 2754 ea
1306 2719 1459 2764 pecunia
1484 2719 1547 2753 sit:
1574 2728 1645 2763 qua
1670 2718 1824 2753 deducta
1848 2718 1891 2752 de
1916 2718 2063 2763 reliquo,
2089 2719 2185 2763 quod
2206 2720 2335 2764 cuique

1242 2767 1281 2798 15
1331 2764 1522 2806 debeatur,
1556 2774 1678 2799 omnes
1711 2773 1815 2807 agere
1846 2768 2009 2808 possunt.
2057 2763 2333 2809 Nonnumquam

1239 2809 1480 2844 necessarium
1513 2813 1567 2843 est
1599 2812 1634 2843 et
1665 2812 1830 2843 manente
1854 2809 2026 2844 societate
2051 2809 2107 2854 agi
2132 2819 2197 2854 pro
2223 2810 2332 2852 socio,

1238 2855 1346 2889 veluti
1367 2865 1447 2889 cum
1467 2854 1621 2888 societas
1634 2853 1857 2898 vectigalium
1871 2864 1982 2888 causa
1995 2854 2089 2889 coita
2104 2858 2158 2889 est
2195 2860 2332 2899 ropter-

1239 2910 1308 2944 que
1338 2899 1455 2934 varios
1489 2903 1694 2934 contractus
1726 2898 1842 2933 neutri
1874 2898 2040 2944 expediat
2070 2910 2151 2935 rece
2179 2909 2236 2934 ere
2251 2901 2277 2921 ¹⁷
2311 2910 2333 2934 a

1239 2945 1411 2980 societate
1442 2954 1509 2979 nec
1543 2943 1696 2978 refertur
1726 2944 1765 2978 in
1796 2944 1950 2978 medium
1982 2944 2078 2989 quod
2111 2945 2157 2980 ad
2181 2944 2331 2979 alterum

1244 2992 1282 3024 16
1329 2989 1539 3034 pervenerit.
1589 2988 1626 3023 Si
1649 2999 1743 3024 unus
1768 2999 1811 3023 ex
1836 2989 1942 3024 sociis
1966 2990 2114 3024 maritus
2139 2990 2186 3024 sit
2206 2994 2242 3024 et
2262 2990 2331 3025 dis-

1239 3035 1403 3069 trahatur
1433 3034 1585 3069 societas
1616 3038 1782 3069 manente
1805 3035 2048 3077 matrimonio,
2082 3035 2201 3070 dotem
2225 3035 2330 3069 mari-

1238 3084 1297 3114 tus
1322 3079 1528 3124 praecipere
1553 3079 1677 3121 debet,
1710 3080 1793 3124 quia
1817 3079 1912 3124 apud
1938 3090 2018 3115 eum
2042 3090 2120 3115 esse
2144 3080 2248 3114 debet
2271 3079 2331 3124 qui

1238 3135 1348 3160 onera
1382 3124 1552 3159 sustinet:
1590 3124 1686 3168 quod
1721 3125 1751 3159 si
1787 3124 1859 3159 iam
1895 3125 2068 3160 dissoluto
2104 3125 2328 3159 matrimonio

1238 3170 1393 3205 societas
1418 3169 1657 3212 distrahatur,
1691 3169 1814 3205 eadem
1848 3170 1904 3205 die
1938 3170 2144 3216 recipienda
2176 3174 2229 3205 est
2253 3169 2328 3211 dos,

1239 3225 1310 3260 qua
1334 3218 1370 3249 et
1394 3214 1482 3249 solvi
1506 3214 1621 3249 debet.

1285 3257 1337 3297 66
1364 3259 1486 3295 Gaas
1495 3259 1585 3293 libro
1599 3259 1734 3294 decimo
1748 3259 1798 3294 ad
1808 3260 1961 3296 edictum
1968 3259 2195 3306 provinciale
2226 3258 2329 3302 Quod

1238 3305 1269 3340 si
1289 3315 1329 3340 eo
1354 3308 1514 3348 tempore
1537 3314 1606 3348 quo
1633 3303 1801 3339 dividitur
1825 3305 1978 3340 societas
2003 3305 2039 3340 in
2064 3315 2106 3339 ea
2130 3313 2239 3339 causa
2263 3302 2327 3337 dos

1238 3350 1303 3391 sit,
1339 3353 1380 3384 ut
1416 3352 1552 3384 certum
1584 3349 1630 3384 sit
1662 3359 1739 3383 eam
1771 3350 1825 3385 vel
1856 3354 1994 3395 partem
2028 3349 2102 3384 eius
2133 3348 2232 3383 reddi
2256 3358 2327 3382 non

1238 3398 1414 3439 oportere,
1439 3393 1593 3429 dividere
1617 3404 1695 3428 eam
1718 3394 1812 3429 inter
1836 3395 1953 3430 socios
1977 3394 2084 3429 iudex
2109 3393 2222 3428 debet.

1284 3437 1336 3476 67
1363 3438 1522 3474 PAULUS
1550 3439 1641 3474 libro
1673 3439 1883 3485 triqensimo
1914 3439 2069 3475 secundo
2102 3437 2152 3472 ad
2174 3437 2325 3488 edictum

1239 3483 1277 3518 Si
1309 3494 1402 3518 unus
1438 3493 1481 3518 ex
1512 3483 1617 3519 sociis
1647 3493 1723 3519 rem
1755 3494 1975 3520 communem
2010 3482 2205 3518 vendiderit
2240 3491 2324 3516 con-

1234 3597 1294 3628 ins.
1309 3597 1381 3629 edd.
1472 3597 1532 3637 (10)
1546 3598 1711 3630 surersint
1723 3597 1758 3629 F
1844 3598 1899 3637 (11)
1926 3595 2054 3627 fuerins
2066 3594 2101 3626 F
2187 3593 2244 3633 (12)
2269 3603 2322 3624 so-

1236 3640 1296 3672 ciis
1310 3640 1342 3672 F
1409 3643 1466 3679 (13)
1491 3641 1657 3674 habeturd
1669 3643 1703 3674 F
1768 3642 1826 3682 (14)
1852 3640 1975 3681 aliquis
1987 3638 2024 3672 F
2092 3639 2149 3678 (15)
2175 3640 2282 3669 suetas
2293 3637 2327 3669 F

1237 3686 1299 3727 (16)
1324 3685 1404 3727 quid
1418 3687 1478 3719 del.
1574 3689 1631 3729 (17)
1657 3686 1773 3719 recede
1787 3685 1822 3717 F

1975 3782 2040 3814 29*
