2528 3918
203 80 383 124 XXIIII
404 83 443 124 3.
472 78 601 122 XXV
626 82 643 120 1

203 210 222 241 '1
269 207 345 242 lata
367 209 432 242 est.
480 204 644 240 Adicitur
674 204 712 239 in
745 203 840 249 lege,
876 207 918 239 ut
952 208 999 246 et,
1034 203 1066 239 si
1089 202 1171 238 dolo
1194 202 1287 239 malo

202 251 334 298 aliquid
355 250 492 286 factum
516 249 572 290 sit,
598 259 668 294 quo
692 248 808 284 minus
831 247 879 284 ad
903 259 983 284 eum
1018 247 1211 293 perveniat,
1234 251 1287 282 te-

203 299 223 332 8
270 298 409 332 neatur.
465 294 503 330 Si
534 293 645 329 filium
676 293 941 329 exheredaverit
970 297 1145 338 patronus
1176 296 1213 328 et
1242 292 1289 328 ad

204 351 283 377 eum
306 341 401 376 bona
424 339 541 374 liberti
563 338 775 384 pertineant,
799 338 988 374 videndum
1012 341 1084 380 est,
1115 347 1163 372 an
1186 338 1288 373 heres

201 387 271 421 hoc
295 385 435 421 nomine
459 388 632 420 teneatur.
671 387 707 419 et
736 394 816 419 cum
847 383 935 418 nihil
965 392 1081 434 neque
1103 382 1150 418 ad
1172 382 1289 428 ipsum

202 438 392 476 patronum
418 439 531 474 neque
555 428 602 463 ad
625 428 790 464 heredem
811 428 884 463 eius
897 431 1091 473 pervemat,
1111 427 1287 472 quomodo

202 479 223 511 9
270 475 348 510 fieri
377 478 512 520 potest,
545 479 586 508 ut
614 473 684 509 hoc
717 474 858 509 nomine
889 472 1078 508 teneatur?
1135 471 1191 508 De
1214 472 1288 508 viro

200 519 330 556 herede
355 530 400 555 ue
424 519 499 554 eius
523 518 581 554 lex
603 521 743 554 tantum
766 518 940 562 loquitur:
973 516 1018 552 de
1049 527 1173 552 socero
1205 526 1287 552 suc-

202 565 336 601 cessori
363 574 475 609 usque
506 563 621 599 soceri
651 563 737 598 nihil
768 563 804 598 in
835 562 911 607 lege
942 562 1114 607 scriptum
1145 565 1216 597 est:
1254 565 1290 597 et

201 610 271 645 hoc
295 609 418 644 Labeo
443 609 545 654 quasi
569 609 736 643 omissum
761 607 918 642 adnotat.
955 607 992 641 in
1023 607 1152 652 quibus
1183 606 1289 651 igitur

202 654 344 690 casibus
374 654 433 690 lex
456 653 593 696 deficit,
619 663 691 688 non
716 653 781 687 erit
805 662 870 687 nec
894 652 990 687 utilis
1014 652 1108 687 actio
1133 651 1252 686 danda
1266 653 1286 686 ¹.

206 703 244 734 10
292 698 396 743 Quod
418 698 469 734 ait
491 698 567 734 lex:
600 703 610 717 ⁴
636 703 747 733 uanta
770 696 922 749 pecunia
956 696 1040 738 erit,
1065 700 1203 731 tantam
1226 707 1287 741 pe-

202 743 357 780 ‘cuniam
380 743 489 787 dato’‚
513 746 615 779 osten
644 743 669 777 't
691 741 973 778 aestimationem
1003 741 1212 778 hereditatis
1235 741 1290 776 vel

203 790 378 825 bonorum
418 788 559 831 liberti,
596 798 668 824 non
709 787 824 832 ipsam
867 786 1099 822 hereditatem
1133 786 1289 822 voluisse

199 834 312 879 legem
335 837 538 879 praestare,
571 833 638 868 nisi
669 832 817 867 maritus
840 831 937 876 ipsas
967 842 1025 867 res
1049 830 1191 867 tradere
1213 841 1288 866 ma-

200 879 325 914 luerit:
358 882 393 915 et
414 878 485 915 hoc
509 878 602 914 enim
626 877 811 922 benignius
835 875 975 911 admitti
998 876 1115 912 debet.

248 921 300 962 65
325 922 529 960 Seuerou
553 923 643 958 libro
667 921 852 973 sinqqlati
872 922 1122 967 quaestionum
1141 920 1289 968 publice

201 971 440 1005 tractatarum
484 967 583 1003 Haec
607 966 701 1003 actio
727 970 833 1002 etiam
857 969 1045 1002 constante
1064 965 1288 1002 matrimonio

200 1013 339 1050 mulieri
362 1013 543 1058 competit.

247 1056 301 1098 66
325 1057 371 1094 ΙΔ
380 1067 550 1094 rosanus
558 1057 649 1092 libro
659 1060 765 1092 sexto
777 1067 827 1091 ex
833 1055 1098 1102 posterioribus
1108 1055 1289 1092 Labeonis

199 1104 243 1140 In
263 1104 320 1140 his
342 1103 462 1145 rebus,
486 1111 576 1147 quas
599 1104 742 1146 praeter
761 1103 982 1136 numeratam
1005 1100 1194 1146 pecuniam
1213 1099 1289 1136 doti

200 1149 253 1184 vir
274 1148 394 1189 habet,
431 1147 550 1183 dolum
587 1146 719 1181 malum
753 1149 790 1180 et
823 1145 967 1197 culpam
1002 1155 1082 1180 eum
1129 1148 1289 1181 raestare

200 1198 364 1239 oportere
388 1192 529 1228 Servius
553 1191 614 1226 ait.
663 1200 707 1225 ea
737 1193 914 1225 sententia
935 1189 1054 1225 Publii
1118 1190 1190 1225 ucii
1213 1193 1286 1226 est:

200 1249 283 1274 nam
305 1238 336 1274 is
359 1237 398 1272 in
419 1235 586 1272 Licinnia
609 1234 764 1270 Gracchi
787 1244 900 1270 uxore
923 1235 1051 1270 statuit
1059 1235 1085 1277 ²,
1110 1234 1207 1280 quod
1230 1244 1287 1270 res

201 1282 337 1319 dotales
371 1281 409 1318 in
443 1291 488 1317 ea
517 1280 703 1322 seditione,
727 1289 798 1325 qua
823 1278 1009 1315 Gracchus
1033 1280 1175 1316 occisus
1199 1284 1286 1323 erat,

199 1328 394 1374 perissent,
425 1326 497 1369 ait,
532 1325 617 1371 quia
640 1324 798 1361 Gracchi
828 1324 935 1370 culpa
967 1334 1010 1360 ea
1040 1324 1166 1361 seditio
1189 1324 1288 1361 facta

203 1376 217 1408 1
267 1375 372 1414 esset,
395 1370 581 1407 Licinniae
598 1369 779 1422 praestari
802 1373 976 1415 oportere.
1025 1369 1142 1406 Servis
1165 1370 1287 1405 uxoris

201 1418 252 1453 vir
274 1426 437 1452 nummos
458 1416 497 1451 in
519 1415 724 1451 vestiarium
749 1414 906 1457 dederat,
925 1425 995 1460 quo
1014 1419 1142 1460 parato
1162 1414 1288 1450 deinde

199 1464 293 1498 intra
315 1472 449 1497 annum
473 1460 662 1497 divortium
684 1460 946 1496 intercesserat.
971 1460 1108 1505 placuit
1125 1459 1287 1496 Labeoni

200 1507 381 1549 Trebatio,
418 1506 538 1552 qualia
572 1505 783 1541 vestimenta
816 1508 900 1550 post
931 1505 1122 1541 divortium
1156 1509 1286 1547 essent,

199 1553 286 1588 talia
308 1552 384 1588 viro
408 1551 527 1587 reddi:
558 1550 653 1586 idem
675 1550 763 1586 iuris
785 1549 947 1586 futurum
969 1549 1098 1586 fuisset
1106 1551 1131 1593 ³,
1155 1550 1187 1586 si
1203 1549 1288 1630 (ilpsa

198 1597 409 1633 vestimenta
442 1596 496 1631 vir
530 1596 672 1631 emisset
706 1598 742 1631 et
775 1595 885 1631 servis
918 1595 1090 1631 dedisset:
1130 1605 1200 1640 quo
1257 1595 1288 1631 si

199 1642 409 1678 vestimenta
438 1651 511 1677 non
541 1640 791 1683 redderentur,
823 1644 899 1675 tum
930 1640 1043 1675 virum
1073 1641 1227 1686 pretium
1250 1640 1286 1676 in

199 1691 219 1722 2
267 1687 350 1723 dote
374 1690 698 1732 compensaturum.
733 1685 826 1720 Filia
840 1685 993 1721 familias
1014 1685 1165 1722 divortio
1187 1685 1285 1721 facto

199 1732 319 1768 dotem
340 1731 435 1778 patri
464 1731 564 1766 reddi
586 1731 757 1766 iusserat:
789 1730 915 1766 deinde
945 1734 1050 1776 parte
1081 1730 1175 1767 dotis
1205 1741 1286 1776 per-

199 1777 317 1813 soluta
339 1780 443 1822 pater
466 1776 679 1811 decesserat.
711 1775 775 1811 reli
800 1786 883 1811 uam
905 1779 1055 1829 partem,
1081 1775 1112 1811 si
1134 1785 1202 1811 nec
1225 1775 1286 1811 de-

199 1823 316 1867 legata
349 1832 416 1857 nec
450 1821 627 1866 promissa
661 1830 778 1856 novan
803 1820 814 1855 i
857 1831 974 1857 ammo
1017 1820 1112 1866 patri
1146 1820 1286 1864 fuisset,

1275 78 1362 127 326

2516 49 2528 73 3

1673 94 1736 125 on
1763 94 1965 127 mntem
1991 95 2041 126 m
2069 95 2151 127 aas
2178 95 2284 127 oo'r.
2313 95 2439 130 eser.
2467 70 2483 125 ἶ

1356 202 1495 239 mulieri
1517 191 1606 253 solvi
1636 202 1767 239 debere
1796 203 1919 240 Labeo
1945 204 2135 240 Trebatius
2166 209 2312 249 putant,
2337 206 2442 252 idque

1357 251 1376 283 3
1423 258 1546 284 verum
1577 251 1641 287 est.
1696 247 1880 294 Mancipia
1907 248 1944 284 in
1975 249 2093 284 dotem
2123 249 2309 285 aestimata
2339 261 2441 287 acce-
2491 246 2502 291 ’ζἶ

1519 297 1639 327 actum
1672 297 1884 329 conventum
1915 293 2041 329 deinde
2070 293 2206 329 factum
2237 299 2302 337 est,
2326 300 2367 331 ut
2390 295 2443 332 di·
2495 307 2496 310 ¹

1355 293 1458 338 pisti:

1356 338 1469 373 vortio
1509 341 1590 373 acto
1611 337 1784 373 tantidem
1803 339 1990 374 aestimata
2009 338 2176 375 redderes
2195 349 2262 375 nec
2278 339 2323 375 de
2336 345 2444 385 partu

1357 382 1529 418 dotalium
1551 382 1761 418 ancillarum
1785 384 1915 419 mentio
1940 382 2038 418 facta
2069 386 2134 419 est.
2180 384 2358 426 manebit,
2388 385 2442 420 in-

1356 427 1432 472 quit
1454 426 1577 462 Labeo
1591 428 1615 469 ⁴,
1639 431 1764 472 partus
1787 433 1888 471 tuus,
1914 428 1995 473 quia
2019 428 2049 463 is
2074 438 2139 473 pro
2188 428 2319 465 ericulo
2345 440 2440 464 man·

1355 474 1377 507 ⁴1
1424 472 1596 517 cipiorum
1630 481 1739 517 penes
1773 476 1809 508 te
1845 483 1923 508 esse
1958 473 2112 508 deberet.
2209 473 2316 517 ulier,
2353 485 2443 520 quae

1357 520 1500 552 centum
1523 516 1616 552 dotis
1639 516 1737 562 apud
1753 517 1865 552 virum
1888 518 2056 559 habebat,
2082 517 2232 554 divortio
2256 517 2352 554 facto
2378 519 2443 554 du-

1357 566 1461 597 centa
1495 571 1518 597 a
1551 561 1625 596 viro
1662 566 1803 598 errante
1837 563 2009 608 stipulata
2039 566 2126 598 erat.
2173 562 2295 599 Labeo
2327 568 2443 610 putat,

1357 610 1491 652 quanta
1510 606 1575 642 dos
1595 605 1733 649 fuisset,
1753 610 1892 643 tantam
1911 607 2043 650 deberi,
2057 607 2130 643 sive
2172 607 2304 644 rudens
2317 608 2445 645 mulier

1355 651 1436 697 plus
1461 654 1555 686 esset
1578 651 1748 696 stipulata
1764 652 1836 687 sive
1858 651 2080 697 imprudens:
2105 651 2161 688 La
2187 653 2286 689 eonis
2302 657 2443 689 senten-

1356 699 1376 731 5
1424 695 1511 731 tiam
1541 696 1667 741 probo.
1725 695 1825 733 Uxor
1860 697 2009 732 divortio
2043 696 2142 733 facto
2175 701 2316 743 partem
2351 698 2444 734 dotis

1355 744 1548 786 receperat,
1575 746 1713 786 partem
1737 741 1833 787 apud
1856 742 1969 777 virum
1990 742 2201 787 reliquerat,
2234 742 2361 779 deinde
2383 743 2446 779 alii

1357 790 1529 832 nupserat
1552 791 1588 821 et
1611 786 1739 822 iterum
1762 786 1870 822 vidua
1892 787 1991 822 facta
2014 787 2061 822 ad
2082 787 2237 832 priorem
2255 788 2368 823 virum
2387 798 2444 824 re-

1357 830 1481 872 dierat,
1514 830 1572 866 cui
1601 835 1743 866 centum
1775 831 1921 867 decem⁵
1953 831 2028 867 doti
2059 831 2207 868 dederat
2229 843 2345 878 neque
2368 833 2445 869 eius

1355 876 1538 955 pecuniae,
1557 885 1650 920 quae
1668 876 1803 921 reliqua
1822 886 1867 912 ex
1889 876 2008 922 priore
2027 876 2110 912 dote
2130 881 2218 920 erat,
2230 878 2445 914 mentionem

1372 925 1502 956 ecerat.
1524 920 1673 956 divortio
1694 920 1790 956 facto
1813 922 1987 967 reliquum
2006 931 2051 957 ex
2073 921 2192 967 priore
2213 922 2297 958 dote
2318 922 2443 959 iisdem

1356 965 1482 1001 diebus
1514 965 1626 1000 virum
1655 965 1878 1001 redditurum
1909 966 1962 1001 ait
1990 966 2133 1010 Labeo,
2166 967 2295 1012 quibus
2326 968 2443 1003 reddi-

1356 1010 1477 1053 disset,
1491 1010 1522 1045 si
1542 1010 1705 1062 superius
1719 1011 1909 1046 divortium
1920 1011 2015 1047 inter
2027 1021 2088 1047 eos
2105 1011 2242 1047 factum
2254 1023 2325 1048 non
2340 1017 2444 1055 esset,

1356 1055 1523 1101 quoniam
1545 1054 1674 1100 prioris
1699 1055 1792 1091 dotis
1818 1066 1929 1091 causa
1958 1056 1995 1091 in
2027 1062 2231 1102 sequentem
2262 1057 2355 1094 dotis
2380 1058 2443 1093 ob-

1356 1105 1386 1152 6·
1423 1099 1627 1152 ligationem
1650 1105 1744 1136 esset
1767 1101 1962 1136 translata:
1989 1104 2025 1136 et
2041 1101 2109 1137 hoc
2129 1112 2251 1137 verum
2266 1106 2365 1155 puto.
2407 1102 2445 1138 Si

1355 1155 1408 1180 vir
1430 1154 1556 1180 socero
1579 1155 1717 1180 iniussu
1742 1145 1863 1180 uxoris
1888 1149 2053 1181 manente
2076 1147 2300 1183 matrimomo
2325 1147 2445 1183 dotem

1355 1194 1542 1235 acceptam
1564 1189 1717 1232 fecisset,
1743 1191 1881 1226 etiamsi
1899 1190 1936 1226 id
1955 1195 2102 1236 propter
2121 1196 2311 1238 egestatem
2329 1192 2446 1228 soceri

1354 1234 1492 1271 factum
1511 1238 1617 1278 esset,
1637 1235 1702 1270 viri
1722 1239 1839 1271 tamen
1885 1235 2054 1271 ericulum
2073 1235 2234 1272 futurum
2246 1238 2298 1272 ait
2307 1237 2443 1280 Labeo,

1356 1283 1375 1315 7
1423 1283 1460 1316 et
1489 1279 1559 1316 hoc
1588 1289 1710 1315 verum
1742 1284 1806 1316 est.
1891 1281 1905 1316 i
1935 1280 2014 1326 quis
2044 1292 2110 1326 pro
2146 1283 2291 1318 muliere
2326 1282 2445 1318 dotem

1354 1324 1429 1361 viro
1453 1324 1626 1370 promisit,
1652 1324 1780 1361 deinde
1795 1325 1926 1361 herede
1941 1326 2087 1362 muliere
2103 1327 2229 1363 relicta
2240 1326 2444 1370 decesserit,

1354 1379 1427 1416 qua
1449 1380 1494 1405 ex
1515 1373 1619 1415 parte
1641 1370 1767 1405 mulier
1791 1370 1824 1406 ei
1842 1371 1945 1406 heres
1966 1375 2071 1414 esset,
2090 1382 2154 1417 pro
2177 1382 2220 1407 ea
2237 1376 2340 1418 parte
2351 1372 2445 1408 dotis

1353 1414 1565 1461 periculum,
1588 1415 1683 1460 quod
1706 1415 1771 1451 viri
1799 1415 1945 1458 fuisset,
1977 1416 2024 1451 ad
2054 1417 2236 1453 mulierem
2292 1418 2445 1454 ertinere

1354 1459 1406 1496 ait
1419 1459 1557 1503 Labeo,
1581 1460 1665 1506 quia
1679 1471 1746 1496 nec
1764 1460 1888 1496 melius
1906 1461 2052 1506 aequius
2073 1465 2176 1503 esset,
2191 1473 2260 1507 quo
2306 1462 2445 1508 exigere

1353 1505 1407 1541 vir
1430 1505 1476 1541 ab
1499 1515 1611 1540 uxore
1635 1516 1707 1540 non
1730 1506 1923 1550 potuisset,
1948 1506 1993 1541 ob
2018 1506 2055 1541 id
2079 1516 2124 1542 ex
2147 1506 2355 1543 detrimento
2379 1507 2445 1543 viri

1355 1550 1536 1586 mulierem
1560 1550 1788 1595 locupletari:
1823 1555 1858 1586 et
1881 1551 1950 1588 hoc
1973 1561 2095 1587 verum
2119 1556 2217 1597 puto.

1401 1592 1454 1633 67
1479 1595 1708 1630 POMPONIUS
1728 1596 1819 1632 libro
1843 1597 2007 1632 vicesimo
2032 1608 2052 1631 e
2079 1597 2268 1632 &cularum
2297 1596 2339 1632 In
2360 1607 2443 1642 par-

1353 1644 1426 1676 tem
1449 1640 1543 1676 dotis
1566 1640 1769 1676 reddendae
1792 1641 1859 1676 erit
1881 1641 1928 1684 id,
1953 1652 2023 1687 quo
2073 1642 2212 1677 mulieri
2235 1652 2278 1678 ex
2301 1641 2442 1687 peculio

1354 1685 1447 1721 servi
1478 1685 1619 1721 restitui
1650 1685 1813 1721 debebit:
1846 1689 1881 1721 et
1911 1686 1991 1722 ideo
2025 1691 2060 1722 et
2091 1686 2212 1722 dolum
2243 1690 2280 1722 et
2302 1687 2445 1732 culpam

1353 1731 1391 1766 in
1414 1741 1456 1766 eo
1480 1730 1621 1776 peculio
1645 1730 1701 1766 vel
1720 1731 1766 1766 ad
1791 1730 1938 1767 uirendo
1959 1731 2014 1767 vel
2034 1731 2276 1768 conservando
2295 1732 2444 1768 maritus

1353 1780 1539 1821 praestare
1570 1775 1676 1811 debet
1706 1779 1743 1811 et
1833 1780 1912 1812 ctus
1945 1787 1989 1812 ex
2020 1786 2061 1812 eo
2085 1786 2190 1822 perce
2215 1776 2244 1811 ti
2268 1776 2445 1822 quomodo

1356 1821 1545 1856 cuiuslibet
1568 1821 1620 1856 rei
1644 1820 1774 1857 dotalis
1798 1821 1846 1856 ad
1869 1822 2035 1858 maritum
2058 1822 2196 1867 pertine
2222 1826 2297 1857 unt.

915 2324 1095 2374 LIBER
1123 2323 1441 2375 VIGESIMUS
1472 2322 1739 2383 QUINTUS.

722 2451 776 2492 1⁸.

288 2522 351 2555 DE
375 2519 587 2553 INPENSIS
611 2519 662 2551 IN
685 2518 776 2551 RES
798 2518 1006 2550 DOTALES
1030 2517 1201 2552 FACTIS.

250 2586 269 2625 1
315 2586 509 2624 Uzeulws
546 2585 637 2621 libro
673 2584 857 2631 trigesimo
891 2589 996 2620 sexto
1032 2584 1082 2620 ad
1114 2583 1290 2621 Sabinum

201 2633 446 2678 meensarum
487 2629 662 2676 quaedam
705 2633 789 2665 sunt
831 2629 1056 2665 necessariae
1069 2656 1079 2672 ,
1115 2628 1291 2675 quaedam

205 2682 219 2712 ι
268 2677 373 2712 utiles
386 2703 396 2719 ,
432 2675 607 2722 quaedam
640 2684 723 2710 vero
758 2674 990 2720 voluptariae.
1056 2674 1291 2711 Necessariae

201 2723 270 2758 hae
293 2722 472 2763 dicuntur,
497 2730 589 2766 quae
611 2719 747 2755 habent
769 2719 806 2755 in
830 2729 870 2755 se
893 2719 1142 2755 necessitatem
1164 2719 1289 2772 inpen-

201 2767 325 2803 dendi:
369 2771 526 2801 ceterum
560 2765 590 2800 si
623 2764 722 2800 nulla
755 2764 825 2800 fuit
859 2764 1072 2808 necessitas,
1108 2764 1178 2801 alio
1212 2774 1291 2800 iure

202 2815 222 2848 2
268 2811 457 2847 habentur.
506 2811 549 2845 In
572 2809 782 2846 necessariis
814 2809 982 2856 impensis
1012 2809 1082 2846 hoc
1106 2809 1290 2846 sciendum

201 2860 257 2893 est
291 2866 351 2892 eas
387 2856 529 2891 demum
562 2855 730 2900 inpensas
764 2854 883 2890 dotem
917 2854 1076 2891 minuere
1131 2864 1223 2900 quae
1252 2855 1291 2890 in

201 2901 321 2938 dotem
343 2901 462 2946 factae
486 2904 587 2936 sunt:
619 2903 775 2936 ceterum
804 2900 836 2935 si
865 2900 903 2935 in
935 2899 1053 2936 dotem
1092 2904 1196 2936 actae
1218 2910 1291 2936 non

201 2949 222 2983 3
269 2946 359 2988 sint,
392 2956 464 2981 non
493 2945 629 2981 habent
657 2945 694 2979 in
725 2954 764 2980 se
786 2944 1058 2990 reputationem.
1107 2945 1205 2981 Inter
1227 2954 1290 2980 ne-

202 2991 376 3028 cessarias
399 2990 566 3035 inpensas
592 3000 670 3025 esse
692 2990 815 3026 Labeo
840 2990 890 3025 ait
913 2990 1023 3026 moles
1054 2990 1092 3025 in
1115 3000 1213 3026 mare
1235 2989 1292 3026 vel

202 3035 335 3072 flumen
357 3035 548 3081 proiectas.
573 3034 636 3070 sed
661 3038 697 3070 et
719 3035 750 3070 si
761 3035 949 3080 pistrinum
963 3035 1018 3071 vel
1036 3034 1205 3071 horreum
1227 3044 1289 3070 ne·

203 3080 359 3117 cessario
382 3079 519 3115 factum
534 3079 591 3121 sit,
607 3080 645 3115 in
668 3080 878 3116 necessariis
898 3080 1066 3125 impensis
1086 3079 1291 3116 habendum

202 3127 264 3163 ait.
333 3124 456 3161 roinde
491 3124 674 3159 Fulcinius
709 3125 823 3170 inquit
836 3152 845 3166 ,
882 3125 911 3160 si
948 3124 1149 3160 aedificium
1182 3134 1290 3160 ruens

202 3170 299 3217 quod
370 3170 455 3206 bere
475 3169 612 3204 mulieri
634 3170 719 3205 utile
739 3174 818 3205 erat
835 3170 1010 3213 refecerit,
1026 3174 1089 3205 aut
1107 3170 1139 3206 si
1162 3169 1292 3206 oliveta

201 3216 357 3252 reiecta⁷
396 3214 669 3256 restauraverit,
704 3215 758 3250 vel
793 3225 840 3250 ex
884 3214 1137 3260 stipulatione⁸
1171 3214 1291 3251 damni

202 3261 327 3296 infecti
350 3270 394 3296 ne
418 3258 659 3295 committatur
679 3259 909 3311 praestiterit,

249 3303 275 3343 2
299 3304 459 3341 Pavws
477 3304 568 3340 libro
591 3308 741 3350 septzmo
765 3304 815 3339 ad
825 3303 999 3341 Sabinum
1057 3304 1112 3340 vel
1133 3303 1172 3340 in·
1194 3303 1288 3340 vale-

203 3351 362 3386 tudinem
386 3359 568 3386 servorum
590 3348 812 3393 impenderit,

250 3393 274 3433 3
306 3394 501 3431 Uhpmiws
530 3393 621 3430 libro
657 3394 838 3446 triqesimo
879 3398 985 3430 sexto
1024 3394 1074 3430 ad
1115 3392 1289 3430 Sabinum

204 3441 258 3476 vel
292 3440 322 3476 si
357 3440 445 3475 vites
480 3442 729 3484 propagaverit
762 3439 817 3473 vel
850 3439 998 3475 arbores
1030 3439 1206 3475 curaverit
1235 3438 1290 3474 vel

204 3485 393 3520 seminaria
423 3494 488 3529 pro
520 3483 673 3519 utilitate
704 3484 778 3528 agri
808 3483 949 3527 fecerit,
982 3484 1203 3520 necessarias
1234 3484 1288 3519 in-

204 3600 246 3640 (ι)
259 3597 403 3630 dandam
415 3597 449 3631 F
512 3599 555 3636 (2)
576 3596 697 3629 statuit
709 3596 771 3629 del.
844 3598 886 3636 (3)
900 3596 1002 3629 fuisse
1015 3597 1087 3630 edd.

206 3642 404 3687 Pomponius
417 3642 461 3675 D.
476 3643 531 3683 23,
544 3648 570 3681 3,
587 3649 620 3675 is
715 3642 757 3683 (5)
782 3640 908 3682 decem]
922 3641 1031 3673 denuo
1042 3654 1106 3676 scr.

208 3687 213 3691 “
253 3690 295 3726 (6)
322 3689 402 3721 Sab.
415 3705 460 3712 -—
473 3687 557 3720 Bas.
572 3687 626 3727 28,
639 3693 683 3721 ιο.
789 3688 832 3728 (7)
857 3685 986 3719 defecta
1005 3686 1086 3719 Hal.

1159 3599 1200 3639 (4)
1213 3598 1292 3631 citae

1359 2453 1372 2484 1
1423 2459 1554 2495 pensas
1578 2448 1706 2484 fecisse
1729 2448 1916 2483 videbitur.
1961 2447 2037 2483 Nos
2060 2447 2270 2493 generaliter
2298 2447 2442 2484 definie-

1356 2504 1435 2530 mus
1458 2494 1608 2529 multum
1630 2494 1820 2535 interesse,
1852 2493 1898 2528 ad
1921 2498 2131 2538 perpetuam
2154 2493 2343 2528 utilitatem
2368 2493 2443 2538 agri

1356 2538 1411 2575 vel
1426 2539 1474 2574 ad
1490 2549 1568 2574 eam
1585 2549 1677 2584 quae
1691 2549 1764 2574 non
1773 2537 1844 2574 ad⁹
1858 2539 2056 2584 praesentis
2072 2538 2240 2590 temporis
2256 2538 2445 2583 pertineat,

1356 2593 1404 2619 an
1426 2594 1509 2620 vero
1534 2584 1580 2619 ad
1601 2583 1801 2630 praesentis
1825 2583 1910 2618 anni
1931 2582 2106 2619 fructum:
2132 2594 2163 2618 ei
2178 2582 2216 2618 in
2234 2583 2443 2628 praesentis,

1358 2639 1439 2665 cum
1461 2629 1638 2665 fructibus
1661 2628 1730 2664 hoc
1755 2628 2074 2673 compensandum:
2107 2628 2138 2663 si
2168 2638 2250 2663 vero
2281 2639 2352 2664 non
2375 2627 2445 2664 fuit

1357 2673 1405 2710 ad
1427 2684 1598 2719 praesens
1621 2677 1761 2709 tantum
1784 2678 1871 2719 apta
1894 2674 2062 2719 erogatio,
2086 2673 2297 2709 necessariis
2319 2673 2442 2719 inpen-

1357 2719 1406 2755 sis
1430 2719 1719 2764 computandum.

1404 2763 1429 2801 4
1454 2763 1614 2800 Pano-s
1641 2764 1733 2800 libro
1765 2763 1948 2810 triqesimo
1978 2766 2084 2799 sexto
2116 2761 2167 2798 ad
2195 2762 2348 2799 edictum
2394 2762 2444 2798 Et

1356 2809 1394 2844 in
1426 2813 1542 2844 totum
1572 2809 1609 2844 id
1641 2808 1778 2844 videtur
1809 2807 2019 2844 necessariis
2053 2807 2222 2860 impensis
2258 2807 2442 2851 contineri,

1381 2853 1454 2890 uod
1488 2854 1519 2889 si
1554 2864 1576 2890 a
1610 2853 1736 2889 marito
1777 2853 1945 2888 omissum
1989 2853 2053 2895 sit,
2096 2852 2204 2888 iudex
2237 2852 2329 2888 tanti
2363 2863 2443 2888 eum

1466 2899 1559 2942 abit,
1591 2898 1716 2944 quanti
1747 2898 1904 2934 mulieris
1934 2897 2135 2934 interfuerit
2168 2907 2229 2933 eas
2262 2897 2443 2942 impensas

1357 2943 1445 2980 fieri.
1480 2943 1544 2980 sed
1573 2943 1642 2979 hoc
1673 2943 1790 2979 differt
1803 2970 1812 2986 ,
1845 2943 1941 2989 quod
1963 2943 2141 2979 factarum
2163 2942 2254 2978 ratio
2277 2942 2441 2984 habetur,

1358 2989 1425 3026 etsi
1446 2999 1504 3025 res
1528 2988 1620 3024 male
1648 2992 1750 3034 gesta
1781 2992 1853 3031 est,
1884 2998 1956 3024 non
1986 2987 2165 3023 factarum
2187 2987 2259 3030 ita,
2283 2987 2314 3022 si
2336 2987 2382 3022 ob
2405 2986 2443 3022 id

1356 3044 1414 3070 res
1437 3034 1529 3070 male
1550 3036 1652 3079 gesta
1675 3038 1747 3069 est:
1771 3033 1894 3078 itaque
1907 3033 1938 3068 si
1956 3033 2098 3068 fulserit
2111 3031 2264 3068 insulam
2282 3036 2444 3068 ruentem

1358 3089 1471 3124 eaque
1487 3082 1613 3114 exusta
1630 3078 1687 3121 sit,
1704 3078 1872 3124 inpensas
1889 3077 2130 3123 consequitur,
2140 3077 2171 3113 si
2182 3087 2255 3113 non
2262 3076 2389 3112 fecerit
2401 3078 2440 3120 ¹⁰,

1357 3123 1485 3160 deusta
1509 3134 1552 3159 ea
1574 3123 1664 3158 nihil
1684 3123 1893 3168 praestabit.

1403 3167 1427 3207 5
1467 3167 1662 3205 Uzmws
1700 3168 1791 3204 libro
1825 3168 2008 3215 Myesimo
2042 3170 2148 3203 sexto
2183 3166 2234 3202 ad
2266 3165 2441 3203 Sabinum

1357 3213 1461 3267 Quod
1491 3212 1622 3249 dicitur
1656 3213 1876 3248 necessarias
1906 3213 2084 3258 impensas
2118 3210 2237 3246 dotem
2271 3212 2440 3253 minuere,

1357 3269 1409 3295 sic
1440 3258 1507 3293 erit
1536 3257 1800 3303 accipiendum,
1833 3262 1873 3294 ut
1904 3262 1939 3292 et
1970 3256 2187 3302 Pomponius
2219 3255 2281 3299 ait,
2305 3267 2378 3291 non
2400 3259 2443 3291 ut

1355 3303 1811 3384 {2322053203’23‘2153‘3‘
1825 3301 2191 3383 οἳωὲἓῖηὲἕὲἑῑίἒὲ
2216 3299 2443 3381 ἓέᾱξῗᾱὲὲῗ

1357 3359 1635 3429 ᾶεωῗιιυῐὶουθιὲ
1645 3393 1804 3438 corporis
1816 3358 1911 3427 fierliP
1904 3395 2050 3437 propter
2060 3391 2258 3436 pecuniam.
2284 3395 2441 3426 ceterum

1355 3438 1445 3474 haec
1480 3437 1651 3474 efficiet¹¹
1686 3437 1845 3473 desinere
1887 3445 1965 3472 esse
2002 3435 2153 3471 fundum
2192 3435 2347 3471 dotalem
2385 3434 2444 3471 vel

1356 3487 1494 3528 partem
1519 3482 1605 3518 eius.
1630 3483 1788 3518 manebit
1809 3482 1917 3528 igitur
1938 3481 2085 3516 maritus
2115 3481 2154 3516 in
2176 3491 2294 3516 rerum
2317 3479 2440 3516 deten-

1359 3595 1593 3637 stipulatione]
1607 3594 1784 3637 stipulatio
1796 3606 1856 3627 scr.
1950 3597 1994 3629 19)
2019 3593 2074 3634 ad]
2089 3593 2134 3624 sit
2145 3604 2208 3624 scr.
2301 3593 2360 3631 (ιο)
2374 3589 2439 3622 ful-

1358 3641 1441 3673 serit
1458 3652 1521 3674 ecr.
1659 3642 1714 3681 (u)
1739 3643 1884 3673 ceterum
1903 3638 1984 3671 haec
2001 3649 2049 3671 res
2062 3637 2153 3670 ficiet
2165 3636 2206 3680 F,
2218 3638 2335 3670 eontra
2358 3635 2441 3668 haec

1180 3689 1224 3728 (8)
1249 3696 1288 3719 ex
1358 3685 1481 3718 efficiet
1492 3698 1554 3718 scr.
