2528 3918
208 116 361 161 XXVI
387 118 470 160 7.8

1290 115 1379 163 348

206 241 479 280 contraxerunt,
504 237 635 274 iudicio
667 238 801 274 tutelae
824 239 1117 284 consequantur?
1152 248 1302 283 respon-

213 284 276 326 dit,
300 284 331 319 si
354 283 592 329 adprobatum
613 283 724 319 fuerit
746 293 808 320 eos
838 288 977 320 tutores
1001 284 1071 319 hoc
1094 293 1160 336 per
1183 283 1304 319 dolum

212 329 267 364 vel
292 328 437 374 culpam
467 328 767 374 praetermisisse,
796 329 973 375 praestari
996 329 1043 363 ab
1067 328 1124 364 his
1147 328 1217 363 hoc
1241 328 1302 364 de·

216 378 230 408 1
290 374 374 408 bere
387 374 408 408 ¹.
478 373 536 408 Ab
573 383 637 415 eo,
680 374 742 419 qui
776 374 953 409 sententia
987 373 1163 418 praesidis
1198 373 1303 409 bonis

212 418 315 454 adem
341 418 388 454 tis
411 417 588 463 relegatus
612 422 712 461 erat,
745 429 826 454 cum
861 429 905 454 ex
927 418 1103 463 permissu
1126 417 1302 469 principis

211 429 404 508 appelflitio
437 463 512 498 eius
543 467 689 508 recepta
723 463 782 505 sit,
814 473 921 509 quam
950 464 981 498 is
1006 462 1067 508 qui
1115 468 1302 498 ronuntia·

212 512 312 543 verat
335 518 406 543 non
430 512 627 553 receperat,
660 508 811 543 fundum
842 512 975 543 emerat
1005 518 1079 554 pup
1119 518 1162 543 us
1192 507 1302 543 inter·

210 553 432 588 venientibus
456 553 636 588 tutoribus
660 558 697 588 et
719 553 958 598 appellatione
986 552 1121 588 iniusta
1143 563 1302 598 pronun-

211 598 303 632 tiata
324 597 456 633 fundus
481 598 512 633 ei
536 597 678 634 ablatus
703 605 774 634 est:
801 598 1001 643 quaesitum
1019 602 1085 640 est,
1105 607 1153 633 an
1169 597 1304 632 tutelae

211 642 344 678 iudicio
374 642 529 688 pretium
558 642 660 678 fundi
691 643 848 688 pupillus
884 642 1055 687 consequi
1077 652 1102 677 a
1122 642 1303 677 tutoribus

210 687 337 732 possit.
371 687 574 733 respondit,
606 688 637 723 si
667 689 821 723 scientes
846 691 1009 722 emerunt
1031 687 1078 723 ab
1103 697 1157 730 eo,
1182 687 1244 732 qui
1265 687 1302 722 in

210 742 255 767 ea
286 742 399 768 causa
429 736 542 774 esset,
575 736 616 768 ut
639 733 814 768 obnoxius
839 732 1038 767 sententiae
1060 732 1172 778 priori
1196 736 1301 774 esset,

211 777 347 812 tutelae
369 777 503 813 iudicio
527 787 589 813 eos
613 778 736 812 teneri.

257 818 311 860 58
335 821 446 858 Ivs'u
463 822 555 858 libro
578 823 766 858 undecimo
790 822 831 858 di
855 827 1013 858 estorum
1053 821 1123 875 Qui
1142 821 1301 866 negotia-

210 867 343 903 tionem
475 867 701 912 Pamphilum
736 871 774 903 et
808 834 991 913 inphilum
1025 877 1126 912 prius
1168 876 1301 909 servos,

210 916 340 957 postea
361 912 387 947 h
414 916 509 948 ertos
533 912 733 954 exercebat,
754 923 820 948 suo
836 916 1052 948 testamento
1077 922 1138 948 eos
1162 915 1300 947 tutores

209 958 353 1003 reliquit
376 960 413 993 et
435 958 539 999 cavit,
564 962 605 992 ut
628 958 809 1002 negotium
833 957 957 993 eodem
987 967 1087 992 more
1117 966 1300 992 exercere-

211 1005 280 1044 tur,
305 1013 375 1048 quo
400 1012 440 1038 se
462 1003 540 1038 vivo
565 1003 816 1038 exercebatur:
840 1003 947 1048 hique
958 1003 1108 1038 tutelam
1132 1001 1300 1037 adminis-

210 1052 394 1083 traverunt
428 1058 500 1082 non
538 1051 698 1089 tantum,
730 1058 811 1083 cum
841 1047 1003 1093 impubes
1034 1047 1177 1092 patroni
1207 1046 1302 1082 filius

209 1093 348 1134 fuisset,
374 1093 437 1128 sed
462 1093 569 1127 etiam
592 1097 676 1137 post
698 1093 926 1138 pubertatem
948 1093 1036 1128 eius.
1060 1092 1123 1127 sed
1135 1091 1301 1137 Diphilus

233 1137 351 1173 uidem
376 1148 459 1173 cum
481 1138 700 1172 incremento
720 1138 969 1183 negotiationis
981 1137 1140 1172 rationes
1160 1136 1301 1182 optulit,

209 1149 418 1228 {amphilus
450 1187 569 1217 autem
599 1182 739 1227 putavit
768 1182 918 1218 reddere
949 1187 1117 1227 oportere
1147 1192 1221 1217 non
1251 1180 1299 1216 ad

209 1227 467 1263 incrementum
509 1227 759 1271 negotiationis
773 1254 782 1269 ,
819 1227 882 1262 sed
916 1227 963 1262 ad
999 1226 1302 1272 computationem

210 1281 413 1314 usurarum,
438 1275 479 1306 ut
500 1271 538 1306 in
561 1271 695 1306 tutelae
717 1272 849 1308 iudicio
873 1272 974 1308 solet.
1010 1272 1211 1317 quaesitum
1235 1275 1301 1313 est,

210 1327 257 1352 an
292 1316 488 1352 secundum
520 1316 739 1351 voluntatem
780 1316 942 1352 defuncti
973 1317 1135 1362 exemplo
1166 1316 1303 1362 Diphili

210 1362 418 1407 Pamphilus
442 1371 585 1407 quoque
609 1362 783 1397 rationem
807 1361 956 1397 reddere
979 1362 1119 1397 debeat.
1153 1371 1301 1407 respon-

209 1407 262 1442 dit
299 1407 437 1442 debere.
488 1405 685 1442 &smnus
706 1406 1002 1443 Tarpflomnvs:
1044 1407 1129 1452 quia
1162 1407 1302 1442 lucmm

214 1455 227 1486 1
277 1451 399 1487 facere
424 1460 468 1486 ex
490 1451 604 1486 tutela
627 1462 700 1487 non
724 1452 840 1487 debet.
876 1451 936 1487 Ex
959 1452 1099 1487 duobus
1123 1451 1302 1487 tutoribus

210 1497 337 1542 pupilli
361 1497 475 1531 altero
506 1496 677 1532 defuncto
709 1496 828 1532 adhuc
860 1497 1046 1543 impubere
1069 1497 1217 1542 pupillo,
1241 1496 1303 1542 qui

209 1545 397 1587 supererat
420 1551 464 1576 ex
486 1551 642 1586 persona
663 1542 790 1587 pupilli
813 1542 869 1578 sui
891 1542 1009 1578 iudice
1041 1545 1190 1587 accepto
1215 1552 1301 1577 con·

209 1590 356 1622 secutus
382 1589 436 1622 est
459 1597 541 1621 cum
564 1587 695 1629 usuris,
721 1591 894 1632 quantum
919 1597 964 1623 ex
996 1587 1111 1622 tutela
1133 1587 1181 1622 ad
1204 1590 1300 1622 tuto-

209 1642 283 1667 rem
316 1630 523 1667 defunctum
554 1636 783 1677 pervenerat:
824 1633 1026 1677 quaesitum
1060 1637 1136 1675 est,
1170 1632 1302 1667 iudicio

208 1676 353 1719 tutelae,
379 1687 449 1722 quo
474 1677 656 1722 experitur
678 1677 791 1722 pubes
813 1677 954 1720 factus,
977 1681 1098 1713 utrum
1121 1677 1198 1713 eius
1220 1681 1301 1712 tan-

209 1728 286 1757 tum
321 1721 495 1768 portionis
509 1747 519 1764 ‚
555 1731 648 1767 quae
694 1722 740 1757 ab
782 1722 883 1759 initio
919 1722 1042 1768 quod²
1083 1732 1127 1758 ex
1168 1722 1303 1758 tutelae

209 1767 349 1802 ratione
371 1772 582 1812 pervenerat
604 1766 651 1802 ad
674 1767 883 1803 defunctum
908 1771 1143 1811 contutorem,
1167 1777 1303 1803 usurae

211 1812 366 1854 veniant,
391 1822 438 1846 an
463 1812 570 1847 etiam
594 1812 670 1848 eius
694 1822 864 1856 summae,
889 1823 982 1859 quae
1000 1823 1045 1848 ex
1060 1813 1167 1848 sortis
1182 1813 1302 1848 usuris

209 1857 345 1903 pupillo
374 1860 483 1893 aucta
504 1860 589 1902 post
611 1861 761 1892 mortem
785 1858 860 1894 eius
885 1858 931 1893 ad
947 1858 1174 1904 superstitem
1189 1867 1303 1903 aeque

210 1913 292 1937 cum
316 1906 413 1938 sorte
435 1902 613 1937 translata
635 1902 683 1938 sit
702 1906 766 1938 aut
787 1903 975 1939 transferri
998 1903 1130 1938 debuit.
1154 1912 1303 1948 respon-

209 1947 282 1990 dit,
312 1948 342 1982 si
377 1957 455 1982 eam
478 1948 668 1992 pecuniam
691 1948 728 1982 in
753 1958 792 1983 se
813 1949 988 1991 vertisset,
1012 1948 1169 1984 omnium
1192 1958 1301 1994 pecu-

209 1993 350 2028 niarum
382 2002 511 2027 usuras
542 1993 798 2037 praestandas:
837 1993 934 2039 quod
964 1994 995 2029 si
1025 1993 1179 2039 pecunia
1201 2002 1302 2028 man-

209 2038 315 2073 sisset
338 2037 375 2072 in
397 2037 598 2073 rationibus
622 2038 759 2083 pupilli,
783 2039 1060 2084 praestandum,
1085 2038 1183 2084 quod
1206 2039 1303 2074 bona

208 2082 280 2119 fide
302 2082 522 2128 percepisset
544 2086 608 2117 aut
629 2084 816 2129 percipere
838 2084 1033 2130 potuisset,
1065 2083 1139 2126 sed,
1163 2083 1303 2119 faenori

209 2127 297 2163 dare
332 2138 413 2163 cum
447 2128 634 2173 potuisset,
670 2129 902 2174 neglexisset,
939 2139 1020 2164 cum
1054 2128 1110 2171 id,
1135 2128 1232 2173 quod
1255 2128 1302 2164 ab

210 2173 280 2208 alio
306 2172 468 2208 debitore
496 2173 639 2208 nomine
669 2183 862 2209 usurarum
893 2184 975 2209 cum
1007 2178 1104 2210 sorte
1127 2174 1246 2215 datur,
1270 2173 1303 2208 ei

210 2217 273 2298 ‘2¹⁰³
278 2217 784 2299 fssffiefflssuffafflssoffie
801 2218 1301 2309 Ἒὲἕὲᾝεῖῃῗῗὲἑεξὲῗὲἓ

781 2290 790 2306 9
1292 2290 1302 2306 2

210 2311 442 2344 cessaverunt
463 2308 501 2343 in
525 2307 834 2344 administratione
857 2309 991 2344 tutelae
1022 2313 1060 2344 et
1094 2318 1117 2344 a
1139 2308 1304 2354 praeside

208 2356 308 2389 tutor
340 2353 446 2388 datus
478 2356 533 2388 est
565 2353 721 2399 pupillo,
752 2354 841 2389 iussi
872 2358 992 2389 autem
1015 2357 1101 2389 sunt
1124 2354 1231 2389 etiam
1253 2353 1302 2396 hi,

210 2397 272 2443 qui
303 2397 380 2433 dati
413 2401 515 2433 erant
544 2401 759 2433 testamento
783 2402 935 2442 tutores,
958 2399 1108 2434 tutelam
1131 2398 1300 2434 adminis-

208 2447 306 2478 trare
341 2443 534 2479 coniuncto
570 2453 631 2485 eo,
664 2444 725 2489 qui
756 2454 779 2479 a
808 2444 974 2490 praeside
1004 2444 1111 2479 datus
1135 2446 1304 2489 coeperat
1355 2464 1357 2466 -

208 2488 477 2524 administrare:
514 2488 715 2533 quaesitum
751 2492 824 2532 est,
858 2499 902 2524 ex
926 2493 1138 2525 testamento
1175 2489 1304 2525 datos³

208 2533 407 2579 periculum
453 2533 697 2569 antecedentis
745 2535 940 2580 temporis⁴
987 2534 1303 2570 administrationis

210 2583 330 2613 utrum
354 2589 399 2614 ex
422 2578 555 2624 apertis
579 2579 723 2622 tabulis,
749 2589 797 2614 an
821 2589 866 2614 ex
920 2590 966 2615 uo
991 2579 1079 2614 iussi
1102 2583 1197 2622 sunt,
1221 2589 1302 2625 per-

210 2624 325 2658 tineat
347 2623 395 2659 ad
419 2633 491 2659 eos.
517 2624 703 2669 respondit
735 2624 783 2659 ad
807 2634 868 2660 eos
919 2635 938 2660 e
961 2625 1091 2677 quibus
1115 2634 1302 2670 quaerere-

209 2671 270 2703 tur
293 2668 428 2704 nullum
454 2669 699 2704 antecedentis
715 2669 886 2715 temporis
901 2670 1099 2715 periculum
1114 2669 1301 2715 pertinere.

211 2715 231 2748 3
277 2713 419 2759 Pupillo
455 2713 586 2749 herede
619 2714 783 2750 instituto
829 2714 924 2750 filiae
959 2714 1198 2750 exheredatae
1231 2714 1303 2750 duo

209 2758 307 2792 milia
330 2769 556 2794 nummorum
580 2769 770 2795 aureorum
787 2759 917 2804 legavit
935 2759 1150 2805 eosdemque
1165 2763 1303 2795 tutores

210 2803 372 2848 utrisque
395 2803 512 2839 dedit:
538 2805 738 2849 quaesitum
763 2808 829 2847 est,
853 2815 900 2840 an
922 2815 966 2840 ex
983 2815 1025 2840 eo
1050 2804 1119 2848 die,
1136 2815 1206 2850 quo
1231 2804 1302 2840 duo

211 2847 308 2883 milia
330 2852 526 2894 potuerunt
558 2859 580 2884 a
604 2850 808 2884 substantia
838 2850 1071 2886 hereditatis⁵
1103 2854 1139 2885 et
1168 2850 1206 2885 in
1238 2860 1303 2885 no-

210 2893 308 2927 mina
332 2893 510 2929 collocare
533 2894 763 2939 neglexerint,
779 2905 970 2930 usurarum
986 2895 1129 2931 nomine
1145 2906 1194 2941 pu
1221 2894 1303 2930 illae

210 2940 231 2972 4
278 2938 411 2973 tutelae
435 2939 566 2974 iudicio
590 2943 791 2975 teneantur.
815 2940 1002 2986 respondit
1024 2940 1147 2976 teneri.
1184 2905 1302 2984 &uae-

210 2982 317 3018 situm
341 2987 406 3025 est,
432 2993 479 3018 an
503 2994 634 3019 usurae
665 2985 851 3030 pupillaris
875 2985 1067 3030 pecuniae,
1091 2995 1182 3031 quas
1206 2989 1302 3021 tuto-

210 3038 269 3063 res
293 3027 511 3070 debuerunt,
544 3039 624 3064 cum
656 3029 703 3064 ad
739 3034 941 3065 curatorem
965 3030 1242 3073 transferuntur,
1265 3030 1303 3066 in

210 3077 343 3109 sortem
380 3077 634 3118 computantur
669 3079 705 3110 et
739 3076 927 3111 universae
971 3085 1130 3111 summae
1172 3085 1303 3111 usuras

212 3117 342 3153 debere
366 3124 552 3153 curatores
584 3119 758 3164 incipiant
767 3121 792 3155 ⁶.
840 3120 1027 3166 respondit
1054 3120 1169 3156 omnis
1192 3130 1302 3166 pecu-

211 3163 303 3205 niae,
328 3172 422 3208 quae
445 3163 492 3198 ad
517 3167 700 3199 curatores
724 3165 870 3207 transit,
894 3175 1017 3211 parem
1042 3175 1188 3201 causam
1212 3175 1302 3207 esse,

212 3208 297 3253 quia
320 3207 435 3243 omnis
459 3217 537 3243 sors
563 3208 727 3244 efficitur.

259 3250 312 3290 59
355 3252 488 3288 ⁷losu
509 3253 600 3288 libro
625 3255 788 3290 vicesimo
813 3259 919 3291 sexto
943 3255 1165 3302 diqestorum
1213 3255 1302 3290 Cum

212 3297 392 3333 hereditas
423 3298 537 3343 patris
569 3307 651 3333 aere
682 3299 796 3335 alieno
870 3305 1036 3335 avaretur
1058 3304 1095 3336 et
1117 3310 1175 3335 res
1197 3300 1235 3335 in
1259 3309 1301 3335 eo

213 3346 310 3378 statu
334 3342 525 3386 videretur,
549 3346 590 3378 ut
611 3344 747 3389 pupilla
771 3345 816 3379 ab
867 3345 1039 3381 ereditate
1061 3349 1214 3391 paterna
1236 3345 1301 3380 ab·

212 3388 415 3431 stineretur‚
440 3398 532 3423 unus
557 3398 600 3423 ex
624 3389 802 3424 tutoribus
827 3400 908 3424 cum
940 3390 1117 3436 plerisque
1149 3390 1301 3425 credito-

212 3433 312 3468 ribus
336 3433 387 3468 ita
411 3432 561 3475 decidit,
595 3436 635 3468 ut
670 3438 768 3468 certa
803 3435 926 3469 crediti
956 3435 1119 3480 portione
1144 3435 1302 3471 contenti

211 3548 250 3584 (ιι
276 3545 390 3578 deberi
406 3547 438 3578 F
547 3547 592 3587 (2)
617 3545 785 3587 quondam
797 3558 858 3579 scr.
976 3550 1018 3586 (3)
1044 3557 1083 3580 ex
1098 3551 1298 3580 testamento

210 3591 306 3623 datos
318 3591 379 3624 del.
395 3590 481 3624 Peer.
496 3590 606 3623 Faber
737 3591 780 3630 (⁴)
804 3591 1032 3624 antecedentis
1046 3593 1205 3635 temporis
1218 3595 1298 3631 (una

211 3648 279 3669 cum
290 3636 495 3679 sequentibus
502 3636 587 3668 male
596 3636 646 3669 bie
653 3635 784 3679 seriptis
794 3636 983 3679 periculum
993 3638 1241 3678 pertinet-efflei.
1251 3635 1296 3670 Ρ

211 3685 253 3718 15)
279 3690 434 3723 separare
446 3682 508 3713 ins.
523 3681 595 3713 edd.
659 3682 705 3720 (6)
730 3680 876 3723 incipiat
889 3681 922 3713 F
972 3685 1014 3720 (τι
1041 3684 1083 3722 cs.
1096 3683 1143 3715 D.
1157 3683 1188 3723 2,
1203 3690 1245 3721 u,
1259 3689 1294 3716 44
1363 3682 1571 3715 commedere
1584 3683 1618 3715 F

211 3732 255 3762 (81
281 3725 382 3758 siim.
476 3726 522 3765 (9)
547 3725 697 3767 potueri·
708 3736 771 3758 aer.

1365 3654 1411 3662 -
1433 3638 1519 3671 Bas.
1533 3639 1588 3679 37,
1602 3645 1631 3671 e.
1665 3655 1711 3662 —-
1737 3637 1788 3680 C'J:
1798 3636 1881 3670 Im.
1902 3639 1930 3678 ι,
1945 3644 1996 3677 ²¹3
2025 3637 2199 3679 Cod.5,to

2470 0 2492 30 χ

1832 132 1897 163 DE
1922 131 2118 165 AUCTOR.
2143 133 2201 165 m·
2228 134 2466 170 emal*
2490 0 2528 163 ἲ

1372 243 1494 275 essent
1516 225 1809 290 acciperentque:
1840 240 1935 277 idem
1952 244 2143 278 curatores
2161 242 2234 278 iam
2254 243 2461 290 viripotenti
2523 216 2528 226 ³

1371 283 1513 336 accepti
1536 295 1618 320 cum
1640 284 1748 337 plens
1772 295 1819 321 ue
1842 286 2079 322 creditoribus
2095 286 2325 324 deciderunt:
2348 299 2458 334 quae·

1371 332 1479 381 situm
1502 333 1567 382 est,
1591 339 1650 371 an,
1675 340 1706 365 si
1728 296 1856 382 assquis
1880 335 2040 367 tutorum
2071 331 2226 368 creditor
2255 333 2368 378 patris
2416 346 2457 370 u·

1370 374 1477 418 pillae
1499 373 1650 410 solidam
1671 385 1861 420 pecnmam
1875 385 2069 421 expensam
2093 376 2162 412 sibi
2181 387 2225 412 ex
2242 388 2281 413 re
2303 345 2461 423 pupiflae

1371 429 1454 453 cum
1475 419 1594 454 usuris
1622 418 1768 462 fecerit,
1798 421 1960 456 revocari
1990 430 2014 455 a
2045 422 2271 458 curatoribus
2301 423 2461 475 pupillae

1371 463 1418 498 ad
1441 464 1622 508 portiones
1638 473 1701 500 eas
1723 465 1848 510 possit,
1873 475 1963 510 quas
1979 466 2089 501 ceteri
2103 476 2246 511 quoque
2265 467 2460 504 creditores

1371 512 1600 633 {mizi-¹2²⁸·
1613 509 1943 590 vfffit'ffi‘sffl
1961 514 2117 600 “22‘th
2126 511 2458 594 zofflffioeaess‘}

1399 598 1516 633 ebere.

1416 640 1470 680 60
1494 642 1724 679 PouPomvs
1743 643 1835 679 libro
1858 647 1986 679 octavo
2009 644 2246 690 epistularum
2300 645 2339 681 Si
2361 650 2459 682 tuto·

1368 687 1418 723 ris
1441 688 1544 723 heres
1568 691 1758 724 exsecutus
1781 692 1835 723 est
1858 699 1951 734 quae
1974 693 2072 724 tutor
2093 689 2294 734 inchoavit,
2325 692 2461 727 tutelae

1371 733 1478 768 etiam
1502 742 1543 768 eo
1567 732 1709 769 nomine
1731 737 1884 768 tenetur.

1416 775 1466 815 61
1494 777 1601 813 lusu
1632 777 1723 814 libro
1754 779 1920 814 vicesimo
1945 778 2181 824 epaktularum
2226 778 2336 825 Apud
2358 780 2458 816 Aris-

1368 826 1491 858 tonem
1525 822 1578 858 ita
1607 822 1779 868 scriptum
1802 827 1875 858 est:
1901 822 1997 868 quod
2020 823 2128 869 culpa
2151 825 2280 860 tutoris
2302 824 2459 870 pupillus

1370 877 1415 902 ex
1436 867 1635 903 hereditate
1657 867 1763 903 desiit
1785 867 1988 913 possidere,
2012 869 2087 904 eius
2110 869 2311 905 aestimatio
2335 870 2373 904 in
2422 880 2458 905 e-

1368 912 1496 948 fitione
1518 911 1726 948 hereditatis
1750 912 1826 948 sine
1848 913 1924 948 ulla
1953 911 2177 949 dubitatione
2206 913 2284 950 fieri
2314 913 2406 950 debe
2430 914 2461 950 it

1368 957 1442 1000 ita,
1477 957 1509 993 si
1541 957 1678 1003 pupillo
1712 957 1758 993 de
1791 957 1991 993 hereditate
2025 962 2171 994 cautum
2205 959 2269 995 sit:
2313 963 2460 996 cautum

1369 1006 1491 1038 autem
1524 1012 1603 1038 esse
1635 1002 1775 1038 videtur
1810 1003 1919 1038 etiam
1952 1002 1984 1038 si
2018 1006 2117 1038 tutor
2140 1003 2208 1039 erit
2240 1003 2412 1047 idoneus,
2436 1015 2461 1040 a

1369 1058 1440 1092 quo
1465 1047 1601 1083 servari
1634 1047 1750 1093 possit
1782 1047 1831 1090 id,
1866 1046 1963 1092 quod
1996 1048 2153 1093 pupillus
2189 1058 2234 1084 ex
2255 1048 2328 1085 litis
2351 1049 2458 1085 aesti-

1368 1092 1525 1128 matione
1549 1092 1708 1128 subierit.
1733 1092 1796 1128 sed
1815 1093 1845 1127 si
1868 1096 1967 1128 tutor
1983 1092 2151 1129 solvendo
2170 1104 2244 1129 non
2259 1097 2325 1136 est,
2338 1093 2458 1130 viden·

1369 1137 1454 1172 dum
1489 1137 1573 1180 erit,
1607 1141 1729 1173 utrum
1759 1137 1945 1173 calamitas
1974 1137 2101 1183 pupilli
2130 1148 2178 1174 an
2209 1138 2460 1175 detrimentum

1369 1182 1532 1228 petitoris
1557 1191 1636 1218 esse
1659 1182 1790 1218 debeat
1811 1182 2030 1228 perindeque
2060 1183 2186 1219 haberi
2218 1183 2337 1227 debet,
2361 1193 2406 1219 ac
2429 1184 2461 1220 si

1368 1237 1426 1262 res
1447 1227 1610 1280 ‘fortuito
1647 1237 1735 1262 casu
1768 1227 1967 1279 interisset,
2004 1227 2164 1264 similiter
2182 1273 2190 1281 .
2210 1232 2319 1274 atque
2363 1229 2461 1281 {ipse

1369 1272 1977 1370 ssssgssu‘ifflffiiifssffiffigssss
1996 1282 2044 1353 ἓξ
2070 1272 2282 1370 ξξέἓῗεζῖῗε
2299 1273 2459 1364 diff-¹333

1368 1362 1507 1398 furioso
1539 1373 1664 1408 quaen
1692 1366 1831 1408 potest,
1864 1372 1895 1398 si
1918 1362 2004 1408 quid
2034 1373 2080 1398 ne
2109 1374 2147 1398 ιιι
2177 1373 2296 1399 rerum
2330 1369 2460 1399 natura

1369 1411 1484 1451 esset,
1517 1418 1583 1453 per
1615 1407 1773 1443 furorem
1808 1408 1884 1444 eius
1919 1407 2120 1444 accidisset.
2154 1412 2196 1443 ιιι
2218 1408 2304 1454 quid
2325 1409 2459 1454 putas?

1369 1452 1607 1498 Pomponius:
1632 1456 1720 1498 puto
1745 1463 1826 1488 eum
1847 1463 1930 1488 vere
1959 1452 2088 1488 dicere.
2127 1453 2190 1488 sed
2214 1464 2326 1499 quare
2350 1464 2458 1489 cunc·

1368 1501 1467 1533 tatus
1498 1508 1552 1540 es,
1585 1498 1616 1533 si
1650 1497 1816 1534 solvendo
1848 1508 1921 1534 non
1952 1498 2000 1533 sit
2028 1501 2139 1540 tutor,
2164 1499 2266 1534 cuius
2290 1498 2457 1535 damnum

1370 1552 1449 1578 esse
1472 1542 1626 1579 debeat?
1649 1553 1730 1578 cum
1746 1542 1903 1588 alioquin
1938 1542 2131 1588 elegantius
2156 1543 2274 1579 dicere
2303 1543 2460 1589 poterit⁹

1370 1588 1530 1624 actiones
1555 1588 1752 1630 dumtaxat,
1777 1598 1866 1640 quas
1881 1587 2031 1623 haberet
2047 1598 2129 1624 cum
2145 1592 2265 1624 tutore
2287 1588 2458 1634 pupillus,

1369 1632 1545 1669 venditori
1556 1634 1585 1655 ¹⁰
1608 1632 1816 1668 hereditatis
1839 1633 2076 1678 praestandas
2111 1643 2200 1675 esse,
2225 1634 2332 1669 sicuti
2354 1634 2458 1669 heres

1369 1678 1426 1714 vel
1450 1678 1624 1714 bonorum
1672 1688 1833 1714 ossessor
1855 1678 1886 1714 si
1910 1678 1997 1713 nihil
2021 1678 2128 1723 culpa
2151 1678 2227 1714 eius
2250 1677 2389 1714 factum
2412 1678 2458 1714 sit

1372 1723 1493 1762 (veluti
1516 1723 1547 1758 si
1569 1723 1634 1758 fun
1660 1734 1681 1758 o
1704 1723 1920 1758 hereditario
1945 1722 1980 1758 vi
2003 1722 2162 1758 deiectus
2185 1723 2232 1758 sit
2254 1730 2319 1759 aut
2334 1733 2458 1759 servus

1369 1768 1606 1804 hereditarius
1629 1768 1835 1804 vulneratus
1859 1768 1905 1803 ab
1930 1767 2049 1820 aliquo
2073 1767 2120 1803 sit
2143 1768 2220 1804 sine
2243 1768 2351 1814 culpa
2372 1778 2457 1814 pos-

1370 1814 1546 1857 sessoris),
1576 1813 1664 1848 nihil
1693 1813 1775 1859 plus
1806 1823 1913 1858 quam
1937 1817 2114 1855 actiones,
2139 1823 2229 1858 quas
2253 1823 2294 1849 eo
2318 1813 2461 1848 nomine

1369 1859 1490 1901 habet,
1513 1862 1699 1904 praestare
1722 1858 1862 1894 debeat.
1887 1858 1980 1893 idem
1999 1857 2188 1894 dicendum
2205 1861 2262 1894 est
2284 1862 2321 1894 et
2343 1857 2374 1894 si
2396 1868 2461 1904 per

1371 1908 1573 1939 curatorem
1587 1903 1716 1939 furiosi
1728 1903 1835 1948 culpa
1845 1903 1900 1939 vel
1918 1903 1999 1939 dolo
2020 1902 2106 1949 quid
2121 1903 2292 1939 amissum
2303 1903 2458 1946 ¹¹fuerit,

1369 1948 1666 2029 quemadmodum
1697 1948 1728 1984 si
1758 1948 1846 1993 quid
1877 1948 2069 1994 stipulatus
2100 1952 2198 1984 tutor
2227 1948 2284 1984 vel
2315 1953 2462 1984 curator

1386 1994 1499 2029 uisset
1540 1998 1604 2029 aut
1642 1993 1857 2029 vendidisset
1891 2004 1967 2029 rem
2006 1992 2268 2028 hereditariam.
2315 1993 2363 2029 im
2390 2002 2461 2029 une

1370 2043 1491 2075 autem
1513 2043 1601 2091 puto
1626 2038 1938 2081 admittendum¹²,
1963 2038 2059 2084 quod
2082 2049 2146 2084 per
2167 2037 2325 2074 furorem
2386 2038 2459 2074 ‘cu-

1369 2084 1426 2120 ius
1450 2084 1593 2127 accidit,
1617 2094 1688 2137 quo
1712 2083 1818 2120 modo
1843 2084 1875 2119 si
1898 2094 1986 2120 casu
2009 2083 2128 2128 aliquo
2158 2083 2235 2119 sine
2256 2082 2354 2120 facto
2378 2093 2459 2129 per-

1370 2139 1482 2165 sonae
1503 2129 1542 2165 id
1564 2129 1765 2165 accidisset.

1848 2264 1982 2305 V111¹⁸.

1371 2332 1432 2366 DE
1461 2331 1777 2366 AUCTORITATE
1802 2331 1863 2364 ΕΤ
1895 2331 2132 2364 CONSENSU
2156 2330 2375 2364 TUTORUM
2398 2331 2454 2364 m

1774 2376 2060 2410 CURATORUM.

1421 2442 1440 2480 1
1475 2442 1671 2479 Uhpuivvs
1689 2443 1788 2495 libr-p,
1797 2444 1921 2490 primo
1945 2442 1995 2478 ad
2017 2441 2192 2479 Sabinum
2238 2442 2460 2488 Quamquam
2527 2456 2528 2471 1

1371 2488 1494 2534 regula
1516 2488 1564 2524 sit
1586 2488 1673 2524 iuris
1697 2488 1809 2524 civilis
1831 2488 1869 2524 in
1885 2498 1961 2524 rem
1980 2498 2082 2523 suam
2100 2493 2283 2524 auctorem
2305 2491 2460 2523 tutorem

1371 2533 1448 2569 fieri
1471 2544 1545 2570 non
1567 2543 1686 2579 posse,
1709 2537 1830 2568 tamen
1853 2536 1973 2579 potest
2002 2536 2102 2568 tutor
2123 2533 2260 2579 proprii
2282 2532 2338 2569 sui
2361 2532 2458 2568 debi-

1371 2579 1460 2615 toris
1484 2579 1716 2614 hereditatem
1740 2578 1886 2614 adeunti
1901 2578 2036 2624 pupillo
2054 2578 2306 2614 auctoritatem
2317 2588 2458 2614 accom-

1371 2624 1570 2666 modare¹⁴,
1603 2623 1762 2670 quamvis
1795 2633 1861 2669 per
1895 2623 1964 2659 hoc
1995 2622 2135 2659 debitor
2165 2622 2240 2659 eius
2263 2622 2458 2659 efficiatur:

1371 2669 1487 2715 prima
1510 2669 1603 2704 enim
1625 2669 1718 2705 ratio
1742 2669 1968 2704 auctoritatis
1999 2677 2042 2704 ea
2076 2671 2150 2711 est,
2181 2671 2223 2703 ut
2251 2669 2355 2704 heres
2384 2667 2458 2711 fiat,

1371 2724 1436 2760 per
1459 2714 1731 2760 consequentias
1755 2714 1929 2760 contingit
1940 2714 1980 2756 ¹⁸,
2003 2717 2046 2748 ut
2068 2712 2227 2749 debitum
2250 2713 2389 2749 subeat.
2421 2723 2461 2750 se

1372 2765 1493 2794 tamen
1516 2764 1665 2795 auctore
1687 2759 1734 2795 ab
1758 2769 1800 2795 eo
1836 2758 2000 2805 stipulari
2034 2769 2107 2794 non
2140 2762 2270 2804 potest.
2307 2762 2345 2794 et
2378 2768 2459 2794 cum

1372 2804 1516 2850 quidam
1539 2805 1790 2840 auctoritatem
1810 2803 2098 2840 accommodaret
2115 2814 2165 2849 pu
2192 2803 2273 2840 illae
2292 2813 2399 2846 suae,
2420 2808 2461 2839 ut

1371 2859 1473 2885 servo
1498 2859 1563 2885 suo
1587 2849 1774 2895 stipulanti
1797 2849 1999 2894 sponderet,
2024 2848 2126 2884 divus
2179 2848 2235 2885 ius
2257 2848 2459 2885 Antoninus

1371 2895 1482 2930 rescri
1507 2895 1555 2930 sit
1576 2895 1654 2930 iure
1676 2894 1847 2940 pupillam
1871 2905 1944 2930 non
1967 2893 2099 2936 teneri,
2132 2893 2195 2929 sed
2225 2894 2263 2929 in
2310 2897 2459 2929 uantum

1370 2940 1452 2976 locu
1478 2905 1582 2975 letior
1603 2939 1703 2975 facta
1725 2944 1789 2982 est,
1815 2939 1971 2975 dandam
1993 2939 2179 2975 actionem.
2205 2939 2290 2974 sed¹
2327 2939 2359 2975 si
2372 2949 2458 2974 auc-

1370 2990 1428 3020 tor
1499 2990 1526 3027 t,
1550 2988 1592 3020 ut
1614 2984 1686 3020 filio
1711 2995 1777 3020 suo
1802 2984 1887 3030 quid
1910 2983 2095 3026 tradatur,
2118 2984 2218 3020 nulla
2239 2984 2308 3020 erit
2330 2988 2455 3020 aucto—

1370 3030 1478 3065 ritas:
1513 3029 1692 3065 evidenter
1723 3031 1816 3066 enim
1846 3040 1913 3066 sua
1943 3029 2160 3065 auctoritate
2193 3039 2269 3065 rem
2292 3029 2457 3075 adquirit.

1373 3079 1389 3110 1
1438 3074 1553 3111 Tutor
1581 3075 1612 3110 si
1641 3075 1772 3111 invitus
1802 3078 1962 3111 retentus
1993 3074 2041 3110 sit
2070 3084 2134 3126 per
2163 3074 2244 3117 vim,
2268 3084 2342 3110 non
2365 3074 2459 3110 valet

1370 3119 1467 3166 quod
1490 3120 1624 3165 agitur:
1646 3130 1682 3155 ‘n
1729 3131 1774 3156 ue
1798 3120 1890 3156 enim
1907 3123 2117 3172 praesentia
2148 3119 2306 3164 corporis
2319 3119 2348 3141 ¹⁷
2382 3118 2456 3155 suf-

1369 3165 1446 3200 ficit
1468 3165 1515 3200 ad
1538 3165 1715 3201 auctorita
1788 3192 1798 3209 ,
1823 3169 1864 3201 ιιι
1887 3175 1918 3200 si
1941 3174 2064 3200 somno
2097 3167 2161 3200 aut
2189 3164 2315 3200 morbo
2348 3164 2455 3200 comi·

1369 3210 1446 3245 tiali
1469 3214 1667 3255 occupatus
1690 3212 1864 3247 tacuisset
1877 3211 1913 3243 ¹⁸.

1416 3252 1442 3291 2
1465 3254 1574 3291 Imm
1593 3255 1685 3291 libro
1710 3257 1874 3292 vicesimo
1898 3258 2030 3301 quarto
2053 3253 2104 3290 ad
2126 3252 2301 3290 Sabinum
2346 3252 2456 3289 Nulla

1370 3299 1569 3335 differentia
1591 3304 1658 3353 est,
1681 3312 1755 3337 non
1776 3300 1990 3337 interveniat
2019 3299 2216 3335 auctoritas
2247 3301 2377 3335 tutoris
2409 3308 2456 3334 an

1369 3345 1886 3428 Ροῗῗῖῗιῗὲὴῖῗῡῖῗῗὲωυο
1909 3389 1959 3424 aa
1981 3387 2155 3426 Sabinum
2199 3388 2351 3441 Etiamsi
2383 3398 2456 3441 pon

1368 3435 1608 3480 interrogatus
1631 3439 1730 3472 tutor
1759 3440 1886 3473 auctor
1916 3433 1996 3478 fiat,
2028 3434 2123 3470 valet
2145 3437 2342 3470 auctoritas
2366 3443 2454 3477 eius,

1369 3549 1442 3582 edd.
1559 3549 1614 3588 (¹¹)
1639 3547 1820 3580 admissum
1831 3559 1894 3580 scr.

1413 3594 1471 3633 (ιε)
1485 3592 1567 3626 Sat.
1581 3599 1658 3627 ι...ο.
1673 3592 1870 3631 11...1e;Ed.
1884 3599 1928 3626 ιο.
1939 3599 1981 3626 1¹1.
1995 3600 2047 3632 ¹8.=
2061 3592 2315 3637 Pap.1⁹;App.
2329 3598 2453 3627 somn.

1703 3683 1762 3723 (it)
1786 3681 1935 3723 contigit
1946 3683 1981 3715 F

2090 3685 2148 3720 (16)
2173 3685 2208 3715 et
2219 3683 2281 3716 ine.
2395 3683 2450 3721 ‘¹⁷1

872 3728 932 3767 (io)
956 3726 1138 3766 venditori]
1152 3727 1292 3767 petitori
1362 3727 1496 3769 corpori
1509 3727 1544 3759 F
1615 3731 1676 3765 (18)
1700 3726 1861 3759 iacuisset
1874 3727 1945 3760 Iac.
1963 3727 2184 3770 Gothosredus

2022 3549 2080 3588 (¹2)
2106 3548 2289 3580 admissum
2301 3546 2456 3591 Kruoqer
2526 3559 2528 3580 ε

2316 3639 2374 3678 (u)
2399 3647 2453 3670 ae·
2524 3651 2528 3689 1³
