2528 3918
182 130 430 173 XXXXVII
460 132 527 173 23.
567 130 839 173 XXXXVIII
873 132 890 172 1

639 254 773 293 XXIII
783 252 809 293 ¹.

369 320 432 352 DE
454 319 767 353 POPULARIBUS
790 319 1074 372 aenomaus.

231 384 247 422 1
278 384 436 421 Pactus
466 385 558 422 libro
589 390 715 421 octavo
744 385 795 421 ad
821 386 975 422 edictum
1027 385 1120 421 Eam
1148 396 1263 431 popu-

179 431 289 466 larem
327 430 504 466 actionem
541 429 709 474 dicimus,
747 440 840 476 quae
879 431 1007 467 suum²
1043 431 1099 466 ius
1139 431 1265 476 populi

221 480 256 510 et
281 487 310 511 r.

180 480 383 557 t112111121311
407 520 498 556 libro
523 521 647 567 primo
671 519 721 556 ad
750 519 903 556 edictum
951 519 989 555 Si
1012 520 1134 573 plures
1159 519 1265 556 simul

181 569 289 611 agant
310 565 477 610 populari
510 565 668 609 actione,
698 568 844 611 praetor
874 565 982 610 eligat
1010 565 1227 601 idoneiorem
1238 567 1263 600 ³.

226 608 250 648 3
283 610 479 646 ULPIANUS
507 611 597 646 libro
621 611 745 658 primo
776 611 826 645 ad
857 611 1010 645 edictum
1057 610 1128 645 Sed
1159 610 1190 646 si
1220 621 1265 646 ex

181 655 303 691 cadem
335 665 445 691 causa
474 656 617 701 saepius
645 658 789 701 agatur,
822 665 902 690 cum
925 654 1018 690 idem
1048 655 1184 690 factum
1207 656 1264 699 sit,

186 704 196 734 1
248 700 411 746 exceptio
435 700 591 746 vulgaris
614 701 665 736 rei
688 700 868 736 iudicatae
891 700 1095 745 opponitur.
1132 700 1174 735 In
1199 711 1263 745 po-

181 745 367 791 pularibus
392 746 595 781 actionibus
617 745 649 781 is
673 746 774 781 cuius
797 745 947 780 interest

227 790 253 827 4
277 790 333 825 ΡΑ
342 799 437 826 ULUs
456 791 547 827 libro
573 791 677 826 tertio
701 791 751 825 acl
766 790 919 825 edictum

995 745 1184 780 raefertur.

988 790 1146 835 opularis
1170 790 1265 826 actio

181 835 339 881 integrae
360 845 536 881 personae
558 835 793 882 permittitur,
822 834 891 870 hoc
915 838 971 871 est
993 835 1052 871 cui
1080 845 1147 880 per
1170 835 1265 871 edic-

181 884 256 916 tum
278 880 463 926 postulare
485 880 581 916 licet.

1471 16 1486 42 N

1483 58 1488 87 l

1250 126 1334 174 790
1493 87 1608 196 zu
1626 141 1846 174 novumn.
1867 142 1966 174 ac‘r.
1996 142 2058 173 na·
2075 142 2203 174 runa.
2224 143 2411 176 mmcns

1377 249 1402 287 5
1427 249 1534 286 loen
1562 250 1654 287 libro
1689 254 1814 288 octavo
1849 250 1899 287 ad
1931 251 2084 288 edictum
2143 250 2213 296 Qui
2245 251 2411 298 populari

1331 295 1471 330 actione
1495 296 1742 341 convenietur,
1771 297 1819 333 ad
1842 295 2122 332 defendendum⁴
2145 301 2412 341 procuratorem

1331 340 1416 375 dare
1439 344 1576 385 potest:
1600 340 1632 376 is
1652 344 1782 385 autem,
1806 342 1868 387 qui
1890 351 1969 377 eam
1993 345 2118 383 movet,
2143 345 2411 386 procuratorem

1332 385 1417 420 dare
1440 396 1513 421 non
1538 389 1671 431 potest.

1378 428 1403 468 6
1441 429 1639 467 Uheulws
1674 430 1766 467 libro
1801 432 1991 468 vicensimo
2026 432 2151 476 quinto
2181 431 2231 466 ad
2260 431 2412 468 edictum

1331 474 1475 510 Mulieri
1505 478 1542 511 et
1583 475 1719 521 pupillo
1748 477 1940 521 populares
1978 476 2139 512 actiones
2169 486 2242 512 non
2272 476 2412 519 dantur,

1334 519 1403 555 nisi
1427 530 1507 555 cum
1531 520 1578 556 ad
1601 530 1662 556 eos
1685 530 1742 556 res
1764 521 1953 566 pertineat.

1380 563 1404 601 7
1431 564 1486 600 ΡΛ
1494 575 1590 601 mus
1610 566 1701 601 libro
1725 566 2028 612 quadraqensimo
2045 566 2170 613 primo
2193 565 2244 601 ad
2261 565 2414 602 edictum

1332 609 1529 656 Populares
1553 610 1714 647 actiones
1738 621 1811 646 non
1833 614 2021 646 transeunt
2043 611 2088 646 ad
2112 621 2203 653 eum,
2228 610 2286 646 cui
2309 610 2412 646 resti·

1334 659 1413 690 tuta
1444 659 1500 690 est
1527 655 1707 691 hereditas
1739 665 1785 690 ex
1807 655 2031 691 Trebelliano
2062 659 2207 692 senatus
2238 656 2412 691 consulto.

1334 705 1350 781 ll
1400 700 1490 779 Itaeim
1507 700 1569 746 qui
1591 700 1701 736 habet
1722 700 1789 736 has
1813 700 1984 744 actiones,
2007 711 2080 736 non
2102 700 2316 745 intellegitur
2335 710 2415 735 esse

1348 756 1415 781 ocu
1458 744 1558 780 etior.

1380 755 1631 828 8PUL1’1ANU8
1656 789 1746 825 libro
1770 791 1894 836 primo
1918 789 1967 826 ad
1995 790 2149 826 edictum
2196 790 2327 826 Omnes
2350 800 2414 834 po-

1334 836 1477 881 pulares
1519 834 1679 871 actiones
1719 845 1834 880 neque
1874 835 1913 870 in
1953 835 2101 871 heredes
2136 835 2267 871 dantur
2300 844 2415 879 neque

1334 890 1446 926 supra
1469 890 1603 916 annum
1623 879 1875 916 extenduntur.

794 1472 974 1523 LIBER
1004 1470 1498 1532 QUADRAGESIMUS
1529 1472 1806 1523 OCTAVUS.

701 1602 722 1640 Ι
731 1600 758 1641 ⁸.

452 1667 515 1700 DE
539 1667 750 1700 Pur-mols
775 1666 965 1700 mmcns
976 1666 1002 1699 ⁶.

233 1733 250 1771 1
280 1732 422 1770 Macen
456 1733 547 1769 libro
571 1733 697 1779 pra‘mo
728 1732 774 1768 dc
807 1733 969 1781 publicis
999 1732 1143 1768 iudiciis
1187 1731 1270 1768 Non

184 1778 302 1815 omnia
323 1778 472 1823 iudicia,
502 1778 540 1813 in
564 1777 692 1823 quibus
718 1778 852 1814 crimen
874 1778 1042 1822 vertitur,
1066 1781 1103 1813 et
1123 1777 1271 1831 publica

182 1829 285 1865 sunt,
325 1823 388 1859 sed
418 1834 461 1859 ea
490 1826 648 1865 tantum,
688 1833 780 1867 quae
813 1833 858 1858 ex
888 1823 1025 1867 legibus
1057 1822 1269 1858 iudiciorum

182 1868 808 1950 {iffiffgffimcgssssffiffi’deussissussss
830 1868 1060 1948 εῗῗέἓζέῗῗς
1095 1867 1188 1948 {2²3¹ss
1214 1867 1271 1948 «ἐξ

207 1941 384 2002 αιτίοἰᾱίίζ
414 1958 508 1994 Iulia
530 1958 735 2003 peculatus,
770 1958 934 1994 Cornelia
963 1958 1008 1993 de
1036 1923 1269 2002 te’stamerlitis,

182 1972 275 2040 Pulla
297 2004 342 2040 de
365 2003 401 2039 vi
423 2004 581 2049 privata,
605 2003 698 2038 Iulia
721 2003 765 2039 de
788 2004 822 2038 vi
845 2003 1009 2048 publica,
1042 2003 1134 2038 Iulia
1157 2003 1269 2038 ambi-

181 2054 252 2091 tus,
275 2049 369 2084 Iulia
390 2047 681 2094 repetundarum,
705 2048 797 2084 Iulia
820 2048 864 2084 de
888 2058 1040 2083 annona.

228 2093 255 2132 2
279 2094 335 2129 ΡΑ
344 2103 439 2129 σισε
468 2093 559 2129 libro
590 2094 716 2139 quinto
741 2093 877 2129 decimo
901 2093 952 2128 ad
974 2093 1127 2129 edictum
1156 2104 1269 2140 prae-

184 2141 274 2175 toris
308 2139 539 2175 Publicorum
556 2137 770 2173 iudiciorum
793 2137 968 2183 quaedam
988 2138 1156 2183 capitalia
1174 2141 1269 2180 sunt,

184 2184 359 2230 quaedam
388 2195 461 2219 non
493 2183 674 2236 capitalia.
722 2183 893 2228 capitalia
924 2187 1026 2227 sunt,
1064 2193 1110 2218 ex
1141 2183 1270 2236 quibus

182 2240 418 2311 &231ssssss
439 2232 506 2319 32¹1?
528 2228 882 2319 fflffifftfiossssi'ss
896 2232 1271 2326 ῗὲῃῗέἒῖἰὲθοὲζᾴἕῖὲὲ

185 2319 338 2355 civitate.
390 2329 475 2354 nam
513 2321 632 2354 cetera
667 2329 740 2354 non
778 2319 902 2362 exilia,
939 2318 1002 2354 sed
1037 2318 1270 2363 relegationes

184 2364 327 2418 proprie
358 2365 543 2400 dicuntur:
582 2367 669 2399 tunc
693 2363 785 2399 enim
817 2364 942 2399 civitas
965 2363 1152 2399 retinetur.
1198 2373 1270 2399 non

184 2409 353 2455 capitalia
376 2412 478 2451 sunt,
511 2419 556 2444 ex
578 2408 709 2454 quibus
739 2409 950 2454 pecuniaria
979 2412 1045 2444 aut
1072 2408 1110 2444 in
1140 2418 1270 2454 corpus

183 2455 232 2491 ali
256 2465 304 2490 ua
327 2454 495 2490 coercitio
545 2463 637 2489 oena
660 2457 716 2489 est
725 2455 750 2489 ⁷.
809 2462 811 2464 ’

231 2466 255 2538 3
287 2499 482 2536 Urmnvs
523 2499 601 2535 ibro
635 2500 842 2545 triqensimo
874 2499 1000 2546 quinto
1025 2498 1075 2534 ad
1097 2498 1271 2535 Sabinum

183 2545 336 2612 Publica
359 2544 542 2580 accusatio
567 2553 629 2579 reo
653 2544 710 2580 vel
732 2554 796 2580 rea
819 2548 903 2580 ante
923 2543 1101 2580 defunctis
1125 2543 1270 2589 permit—

183 2590 212 2625 ti
253 2601 272 2625 r
297 2617 306 2624 .

213 2594 256 2672 Ἦ
289 2634 447 2670 Panos
484 2634 577 2670 libro
617 2634 824 2680 triqensimo
855 2634 1007 2686 septimo
1039 2633 1090 2668 ad
1116 2634 1271 2669 edictum

183 2680 366 2716 Interdum
384 2678 509 2723 evcnit,
530 2682 572 2713 ut
584 2678 866 2732 praeiudicinm⁹
881 2677 1014 2714 iudicio
1032 2678 1176 2724 publico
1194 2677 1271 2721 fiat,

184 2725 278 2761 sicut
299 2725 337 2760 in
360 2725 502 2759 actione
524 2723 613 2768 legis
631 2723 796 2769 Aquiliae
820 2727 856 2759 et
879 2723 967 2759 furti
987 2726 1024 2758 et
1042 2724 1077 2759 vi
1095 2724 1271 2759 bonorum

184 2775 370 2816 raptorum
400 2772 438 2804 et
467 2769 656 2804 interdicto
686 2768 782 2804 unde
812 2769 847 2805 vi
878 2772 914 2804 et
937 2768 982 2803 de
1004 2769 1136 2804 tabulis
1159 2772 1270 2804 testa-

185 2814 296 2851 menti
318 2813 545 2849 exhibendis:
574 2823 658 2849 nam
681 2813 719 2849 in
742 2813 798 2850 his
823 2814 866 2849 de
890 2823 930 2849 re
952 2813 1118 2849 familiari
1141 2813 1270 2859 agitur.

231 2858 256 2897 5
294 2858 489 2894 ULPIANUS
523 2858 614 2894 libro
650 2863 776 2895 octavo
807 2859 863 2894 dis
889 2860 1091 2894 arationum
1143 2859 1179 2894 Is
1211 2859 1272 2904 qui

185 2915 269 2941 reus
301 2903 421 2939 factus
456 2906 512 2939 est
544 2913 699 2948 purgare
733 2914 772 2939 se
807 2903 850 2939 de
877 2907 912 2939 et
940 2914 1008 2939 nec
1039 2908 1122 2939 ante
1151 2907 1272 2949 potest

185 2959 376 2992 accusare,
413 2958 520 2994 quam
554 2947 663 2984 fuerit
698 2953 909 2985 excusatus:
955 2948 1271 2985 constitutionibus

186 2995 279 3030 enim
304 2994 525 3037 observatur,
549 2998 592 3028 ut
614 3003 686 3028 non
709 2993 884 3030 relatione
908 2993 1104 3038 criminum,
1129 2993 1193 3030 sed
1214 2993 1269 3029 in-

191 3043 201 3075 1
253 3038 420 3075 nocentia
438 3048 520 3074 reus
539 3042 721 3083 purgetur.
758 3039 851 3074 Illud
870 3038 1044 3074 incertum
1065 3042 1130 3081 est,
1150 3043 1270 3074 utrum

185 3085 236 3120 ita
259 3084 402 3120 demum
426 3093 597 3119 accusare
617 3087 746 3128 potest,
771 3083 802 3119 si
824 3083 934 3119 fuerit
956 3083 1139 3128 liberatus,
1163 3094 1211 3119 an
1234 3088 1272 3119 et

186 3130 217 3166 si
247 3138 401 3175 poenam
434 3127 599 3164 subierit:
631 3132 687 3163 est
716 3129 807 3163 enim
834 3129 1065 3165 constitutum
1088 3129 1135 3166 ab
1158 3130 1269 3174 impe-

185 3178 307 3211 ratore
334 3177 459 3210 nostro
490 3176 529 3209 et
556 3172 638 3209 divo
669 3177 771 3218 patre
795 3173 870 3209 eius
902 3177 986 3219 post
1009 3173 1270 3210 damnationem

186 3218 454 3256 accusationem
492 3227 598 3264 quem
634 3217 806 3254 inchoare
835 3229 908 3254 non
937 3229 1055 3264 posse.
1103 3219 1167 3255 sed
1201 3219 1271 3255 hoc

188 3269 275 3310 puto
299 3263 347 3299 ad
369 3273 431 3300 eos
463 3262 604 3299 demum
626 3263 821 3309 pertinere,
854 3264 914 3309 qui
937 3263 993 3299 vel
1016 3263 1193 3300 civitatem
1215 3264 1271 3299 vel

188 3314 208 3344 2
254 3309 457 3345 libertatem
481 3308 686 3343 amiserunt.
729 3307 922 3344 Inchoatas
946 3308 1052 3354 plane
1077 3309 1270 3345 delationes

186 3357 271 3390 ante
294 3353 559 3389 damnationem
588 3352 737 3398 implere
760 3352 811 3389 eis
836 3357 872 3388 et
901 3357 986 3399 post
1008 3353 1270 3390 damnationem

185 3398 395 3445 permissum
418 3402 483 3434 est.

199 3505 205 3510 ’
232 3514 272 3551 (ι)
296 3512 455 3547 Εᾰ.ι...ο.
469 3519 506 3552 ες
524 3512 604 3545 Sao.
620 3518 701 3545 7.—
715 3511 924 3554 Bae.60,32‚
938 3519 1023 3546 5...12
1093 3515 1136 3554 (2)
1157 3512 1267 3556 suum]

187 3557 367 3591 suaviter.
446 3560 489 3599 (³)
513 3556 708 3591 idoneorum
722 3556 785 3598 F¹‚
804 3556 996 3590 idonior-um
1008 3557 1060 3591 F²
1146 3560 1188 3599 (4)
1212 3557 1268 3591 de-

186 3601 381 3692 saffiruisss.
401 3656 425 3684 1.
446 3656 528 3684 smo.
548 3656 595 3688 u:
621 3650 685 3683 Ed.
709 3656 736 3683 2.
759 3656 808 3686 ης
837 3649 920 3693 Pap.
940 3656 986 3684 ιο.
1003 3656 1046 3683 1³.
1063 3655 1106 3682 1⁴.
1121 3667 1163 3674 --
1182 3649 1268 3683 Bas.

188 3697 242 3736 60,
255 3702 301 3730 ss.
318 3713 362 3719 -
385 3695 436 3738 Cs.
450 3695 529 3728 Ῑηιι.
542 3696 575 3735 4,
589 3702 621 3728 18
716 3698 758 3731 (s)
784 3694 825 3727 de
844 3693 979 3727 iudiciis
996 3693 1142 3736 publicis
1161 3695 1226 3727 ind.
1242 3695 1275 3726 F·

188 3742 231 3782 (7)
255 3750 294 3772 ex
314 3739 436 3780 quibus
454 3750 560 3782 poena
584 3742 633 3772 est
656 3739 849 3780 pecuniaria
871 3741 931 3772 aut
953 3739 988 3771 in
1013 3749 1131 3782 corpus
1155 3737 1268 3780 aliqua

1384 1595 1410 1635 6
1440 1596 1679 1634 Maaomffvs
1707 1598 1798 1634 libro
1829 1601 1961 1650 quarto
1990 1598 2126 1634 decimo
2157 1599 2418 1634 institutionum

1339 1642 1517 1679 Defuncto
1538 1653 1591 1688 eo,
1612 1643 1674 1689 qui
1692 1653 1775 1678 reus
1793 1642 1862 1679 fuit
1881 1643 2048 1686 criminis,
2071 1646 2109 1679 et
2126 1653 2243 1689 poena
2263 1643 2421 1680 extincta

1338 1688 1375 1723 in
1399 1697 1623 1733 quacumque
1652 1698 1763 1724 causa
1794 1688 1949 1724 criminis
1980 1687 2129 1724 extincti
2156 1687 2262 1724 debet
2282 1688 2315 1724 is
2338 1698 2420 1734 cog·

1338 1743 1506 1775 noscere,
1530 1733 1633 1768 cuius
1658 1733 1702 1769 de
1725 1733 1933 1778 pecuniaria
1955 1743 1995 1768 re
2019 1733 2173 1778 cognitio
2196 1737 2262 1769 est.

1385 1775 1410 1814 7
1440 1777 1584 1814 Macra
1625 1778 1716 1814 libro
1754 1778 1910 1814 secundo
1942 1778 2158 1814 iudiciorum
2189 1778 2421 1825 publicorum

1338 1823 1509 1858 Infamem
1532 1833 1605 1859 non
1629 1833 1674 1858 ex
1698 1823 1793 1858 omni
1811 1822 1957 1858 crimine
1977 1823 2154 1858 sententia
2167 1823 2266 1867 facit,
2289 1822 2354 1859 sed
2377 1833 2422 1859 ex
2441 1840 2446 1846 ·

1337 1867 1691 1958 {3‘0330‘332u2121031d
1704 1868 1840 1948 {3333}
1859 1868 2191 1965 §ifffissfnfflbfflss
2215 1868 2422 1948 {3¹33ss

1559 1940 1569 1957 2

1337 1958 1485 1994 infamia
1514 1969 1588 1994 non
1619 1962 1807 2003 sequetur,
1839 1958 1908 1993 msi
1930 1958 1967 1993 id
1991 1959 2124 1994 crimen
2147 1968 2192 1993 ex
2215 1968 2259 1994 ea
2281 1958 2422 1994 actione

1337 2003 1422 2046 fuit,
1456 2013 1549 2048 quae
1580 2004 1687 2039 etiam
1716 2003 1754 2038 in
1784 2003 1924 2048 privato
1955 2003 2088 2039 indicio
2123 2003 2305 2038 infamiam
2335 2013 2421 2039 con—

1338 2048 1502 2102 demnato
1521 2049 1703 2094 importat,
1726 2048 1835 2084 veluti
1858 2048 1956 2090 furti,
1979 2048 2014 2084 vi
2032 2049 2209 2084 bonorum
2225 2052 2420 2093 raptorum,

1337 2104 1556 2129 Iniuriarum.

1384 2135 1409 2176 8
1434 2138 1491 2174 ΡΑ
1498 2148 1542 2174 σι
1549 2148 1593 2174 vs
1612 2138 1703 2175 libro
1721 2138 1904 2185 sinqulari
1921 2138 1966 2174 de
1984 2139 2128 2174 indicias
2140 2138 2302 2186 publicis
2325 2138 2420 2175 Ordo

1338 2183 1616 2219 exercendorum
1653 2183 1878 2229 publicorum
1915 2183 2123 2229 capitalium
2160 2184 2199 2218 in
2238 2194 2307 2219 usu
2344 2193 2422 2220 esse

1338 2229 1452 2272 desiit,
1477 2229 1628 2264 durante
1651 2233 1770 2264 tamen
1792 2238 1909 2274 poena
1931 2229 2065 2274 legum,
2097 2239 2178 2264 cum
2201 2232 2302 2264 extra
2324 2229 2420 2265 ordi·

1337 2284 1419 2309 nem
1442 2273 1590 2309 crimina
1612 2274 1823 2319 probantur.

1384 2316 1409 2356 9
1443 2318 1680 2354 MARGIANUS
1713 2318 1804 2354 libro
1835 2319 1959 2365 primo
2003 2318 2048 2353 de
2084 2318 2228 2355 iudiciis
2264 2319 2421 2366 publicis

1339 2363 1529 2399 Sciendum
1549 2367 1614 2407 est,
1639 2364 1670 2398 si
1686 2364 1724 2398 in
1746 2363 1893 2408 capitali
1910 2373 2021 2398 causa
2038 2374 2142 2399 suum
2162 2373 2303 2400 servum
2321 2374 2421 2400 reum

1339 2409 1486 2444 crimine
1516 2408 1652 2444 factum
1685 2408 1764 2454 quis
1794 2419 1868 2444 non
1896 2408 2110 2451 defenderit,
2142 2418 2215 2444 non
2242 2418 2323 2444 enm
2353 2420 2420 2454 pro

1338 2453 1507 2489 derelicto
1541 2453 1681 2495 haberi,
1718 2457 1753 2489 et
1781 2453 1880 2497 ideo,
1911 2453 1943 2489 si
1971 2453 2158 2489 absolutus
2187 2453 2316 2497 fuerit,
2347 2465 2420 2490 non

1337 2499 1488 2534 liberum
1510 2498 1599 2541 fieri,
1624 2498 1688 2534 sed
1708 2508 1852 2534 manere
1877 2498 2020 2534 domini.

1387 2542 1438 2581 10
1462 2543 1709 2579 ΡΑΗΜΑΝυε
1736 2543 1828 2580 libro
1851 2543 2008 2579 secundo
2031 2543 2277 2588 definitionum
2322 2543 2421 2580 Inter

1339 2592 1588 2624 accusatorem
1619 2592 1656 2624 et
1683 2598 1784 2624 reum
1815 2588 2016 2633 cognitione
2045 2591 2214 2634 suscepta
2236 2589 2418 2625 excusatio

1338 2644 1405 2713 gro
1429 2634 1577 2670 absente
1600 2633 1702 2686 iustis
1725 2633 1924 2686 rationibus
1945 2632 2160 2686 admittitur:
2183 2643 2251 2669 nec
2272 2644 2338 2679 per
2355 2634 2419 2670 tri-

1338 2689 1470 2759 v22²1¹¹¹32
1482 2679 1744 2776 Ῑῖἒέωῗὲεῗὲῗ
1754 2678 2218 2770 εἶὲῗηῶῗᾊὲἓὲἔὲἒὲἓέο
2234 2678 2421 2760 ἓῖιωωζᾞ

1339 2772 1601 2814 pronunt1etur.

1389 2812 1436 2851 11
1469 2813 1704 2849 Masotfflvs
1731 2814 1822 2850 libro
1852 2813 1989 2849 decimo
2019 2813 2064 2849 de
2092 2813 2236 2850 iudiciis
2260 2813 2421 2860 publicis

1339 2858 1469 2894 Servus
1492 2869 1559 2912 per
1580 2862 1850 2911 procuratorem
1873 2858 2006 2894 domini
2028 2868 2142 2904 aeque
2158 2868 2202 2894 ac
2225 2869 2290 2904 per
2307 2858 2419 2894 domi-

1338 2915 1424 2939 num
1448 2903 1591 2939 detendi
1611 2907 1742 2950 potest.

1391 2946 1442 2986 12
1465 2948 1721 2984 Moorsmvs
1739 2948 1831 2984 libro
1856 2949 1960 2984 tertio
1984 2948 2029 2984 de
2053 2949 2187 2995 poenis
2232 2947 2419 2984 Custodias

1338 2994 1525 3030 auditurus
1536 2994 1564 3015 ¹⁰
1581 2997 1655 3028 tam
1675 2993 1891 3030 clarissimos
1909 2993 2004 3029 viros
2022 3003 2129 3038 quam
2148 2996 2320 3039 patronos
2333 3003 2417 3030 cau-

1339 3049 1476 3083 sarum,
1517 3039 1548 3074 si
1579 3048 1700 3074 omnes
1730 3039 1768 3073 in
1799 3038 1940 3075 civitate
1967 3038 2170 3084 provinciae
2200 3048 2307 3083 quam
2329 3039 2420 3084 regit

1342 3088 1356 3119 1
1405 3085 1567 3129 agunt¹¹,
1607 3083 1778 3119 adhibere
1792 3084 1819 3105 ²²
1858 3083 1975 3120 debet.
2033 3083 2084 3119 Et
2115 3082 2254 3119 feriatis
2293 3082 2418 3119 diebus

1340 3129 1521 3165 custodias
1542 3128 1658 3164 audiri
1680 3138 1787 3174 posse
1805 3129 2018 3174 rescriptum
2035 3131 2100 3172 est,
2123 3128 2175 3163 ita
2196 3131 2238 3163 ut
2254 3127 2419 3164 innoxios

1340 3173 1495 3209 dimittat
1517 3177 1560 3253 eg
1561 3178 1761 3253 1ἓροειιιειῐε,
1793 3174 1854 3219 qui
1878 3173 2057 3209 duriorem
2080 3173 2417 3209 animadversionem

1338 3219 1375 3255 in
1402 3219 1409 3227 ‘
1435 3222 1497 3255 ent
1563 3218 1572 3227 ⁶
1601 3223 1688 3254 erat.

1387 3263 1405 3301 1
1463 3246 1709 3300 Phumnvs
1741 3263 1830 3300 libro
1855 3264 1981 3331 quinto
2005 3263 2140 3299 decimo
2163 3273 2417 3309 responsorum

1337 3310 1557 3346 Accusatore
1580 3307 1750 3344 defuncto
1773 3310 1853 3345 res¹
1900 3308 1946 3344 ab
1978 3307 2066 3351 alio,
2102 3307 2283 3344 iudicante
2312 3317 2416 3353 prae-

1341 3359 1353 3389 1
1405 3353 1482 3391 side
1502 3353 1717 3400 provinciae,
1741 3354 1864 3400 peragi
1886 3355 2016 3399 potest.
2059 3352 2116 3388 Ad
2140 3353 2273 3389 crimen
2294 3351 2418 3388 iudicii

1336 3398 1472 3446 publici
1501 3399 1786 3445 persequendum
1814 3398 1950 3435 frustra
1977 3401 2192 3445 procurator
2219 3397 2416 3450 intervenit,

1336 3512 1493 3547 coercitio
1509 3525 1572 3547 scr.
1696 3515 1739 3556 (s)
1762 3512 1940 3556 perimitur
1959 3511 1990 3545 S
2108 3513 2152 3554 (⁹)
2174 3522 2235 3556 per
2249 3511 2416 3555 privatum

1336 3558 1499 3591 iudicium
1510 3560 1570 3592 ins.
1584 3571 1645 3592 sec.
1662 3559 1697 3592 B
1777 3560 1836 3600 (ιο)
1860 3557 2054 3591 auditurum
2067 3558 2100 3590 F
2173 3558 2228 3597 (11)
2252 3555 2417 3589 custodias

1337 3603 1514 3636 auditurus
1532 3603 1569 3635 in
1589 3603 1724 3637 civitate
1743 3603 1933 3646 provinciae
1954 3612 2054 3645 quam
2072 3602 2161 3644 regit
2182 3604 2251 3634 tam
2273 3601 2415 3634 clarissi-

1336 3659 1406 3682 mos
1423 3648 1512 3681 viros
1531 3658 1630 3690 quam
1647 3650 1806 3692 patronos
1824 3658 1996 3680 causarum
2015 3657 2145 3689 omnes,
2167 3647 2197 3679 si
2219 3646 2256 3679 in
2279 3645 2415 3679 civitate

1336 3695 1442 3737 agunt
1453 3706 1515 3727 scr.
1610 3697 1668 3736 (¹2)
1692 3692 1843 3726 adhiberi
1858 3694 1892 3726 F
1974 3697 2032 3735 (¹8)
2057 3702 2132 3725 reus
2144 3692 2226 3725 Hal.
