2528 3918
201 118 374 163 XXV2

201 241 317 277 mariti
341 240 496 275 solutum
530 239 578 275 sit
607 239 887 282 matrimonium,
918 241 1020 275 heres
1043 239 1164 275 mariti
1184 239 1285 276 here·

202 286 323 322 ditatis
347 285 518 336 petitione
540 284 596 319 vel
618 283 667 320 ad
689 284 924 320 exhibendum
949 284 1091 336 actione
1114 294 1176 320 eas
1199 295 1285 320 con·

201 335 221 365 5
269 340 369 374 sequi
392 329 533 374 poterit.
591 329 713 364 Aristo
745 332 782 365 et
812 329 951 365 condici
964 330 974 350 ¹
1007 339 1039 364 ei
1061 339 1167 375 posse
1189 332 1287 366 recte

201 378 326 421 putat,
371 374 455 419 quia
497 383 540 408 ex
582 374 714 409 iniusta
757 383 867 409 causa
911 373 1008 418 apud
1042 383 1121 409 eam
1155 378 1285 409 essent.

202 422 222 455 6
269 418 374 463 Quod
393 418 422 453 si
439 423 578 454 mortuo
602 418 676 455 viro
701 419 880 460 amoverit,
906 428 978 453 non
999 417 1115 454 facit¹·
1138 417 1286 461 furtum,

201 464 284 509 quia
306 463 358 498 rei
380 463 616 499 hereditariae
646 463 804 499 nondum
827 472 1013 508 possessae
1044 473 1116 498 non
1146 463 1189 498 fit
1209 462 1286 498 fur-

201 514 294 543 tum:
318 507 469 553 ideoque
488 512 551 542 aut
568 507 740 544 vindicari
759 511 927 553 poterunt
941 511 1005 542 aut
1021 507 1059 543 in
1078 507 1288 544 hereditatis

201 552 407 598 petitionem
429 552 580 588 venient.

247 595 271 634 7
315 596 509 633 Urmnvs
539 597 630 634 libro
666 598 847 643 triqesimo
881 600 987 632 sexto
1029 596 1080 631 ad
1112 595 1287 632 Sabinum

200 642 329 677 Mulier
352 641 501 677 habebit
529 652 648 678 rerum
680 646 878 677 amotarum
910 641 1085 676 actionem
1116 640 1287 677 adversus

200 687 315 722 virum
339 691 375 722 et
398 696 630 732 compensare
652 691 772 732 potest
788 686 913 721 mulier
935 696 1018 721 cum
1039 686 1192 729 actione,
1216 696 1288 732 qua

200 731 350 766 maritus
374 741 478 776 agere
500 732 577 767 vult
599 732 645 767 ob
669 742 725 766 res
750 735 898 766 amotas.

246 773 272 814 8
297 775 526 812 Poupomvs
545 777 635 812 libro
658 781 763 811 sexto
787 776 923 811 decimo
947 775 997 810 ad
1019 774 1192 811 Sabinum
1237 774 1286 818 Si,

201 831 282 857 cum
306 820 372 857 dos
395 821 593 857 solveretur
615 820 753 856 mulieri
777 824 841 855 aut
863 820 950 855 satis
976 819 1051 855 doti
1073 819 1186 862 fieret,
1210 819 1285 856 dic-

200 870 277 901 tum
300 876 374 901 non
408 870 503 902 esset
536 870 655 901 actum
690 865 733 900 iri
767 875 886 900 rerum
923 868 1140 907 amotarum,
1176 865 1285 901 nihilo

199 910 315 946 minus
340 910 397 956 agi
418 914 554 956 potest:
586 921 670 946 nam
701 914 736 945 et
760 920 841 946 cum
871 909 937 945 dos
960 909 1058 945 nulla
1080 910 1137 952 sit,
1164 909 1286 945 eadem

203 958 218 990 1
268 955 362 991 actio
398 955 505 991 datur
515 957 540 991 ².
589 955 741 990 Sabinus
776 955 845 997 ait,
881 954 911 990 si
946 954 1071 990 mulier
1097 964 1162 1006 ‘res
1197 964 1286 1007 quas

199 1000 370 1035 amoverit
391 1011 463 1035 non
480 1000 618 1042 reddat,
636 1000 815 1035 aestimari
840 999 968 1035 debere
983 1002 1108 1045 quanti
1129 999 1167 1034 in
1189 999 1286 1035 litem

199 1045 252 1080 vir
274 1045 429 1080 iurasset

247 1087 271 1127 9
308 1089 466 1125 Panos
497 1090 588 1125 libro
632 1089 815 1141 triqesimo
849 1090 999 1135 septimo
1042 1089 1092 1124 ad
1131 1088 1285 1124 edictum

201 1140 286 1172 (non
309 1134 402 1169 enim
426 1144 577 1179 aequum
602 1137 657 1169 est
679 1133 851 1168 invitum³
882 1143 946 1168 suo
979 1133 1094 1178 pretio
1118 1143 1176 1169 res
1200 1143 1285 1169 suas

199 1179 375 1214 vendere).

249 1222 298 1260 10
331 1223 559 1258 Pomomvs
590 1221 681 1257 libro
716 1226 821 1258 sexto
857 1222 993 1258 decimo
1028 1222 1078 1257 ad
1110 1221 1284 1259 Sabinum

198 1268 349 1313 ideoque
383 1278 450 1303 nec
484 1267 612 1302 debere
646 1277 727 1302 eum
761 1277 826 1319 pro
863 1267 1035 1303 evictione
1068 1268 1284 1313 promittere,

199 1313 296 1359 quod
319 1322 363 1348 ex
387 1312 613 1347 contumacia.
634 1311 790 1347 mulieris
814 1312 851 1347 id
873 1312 924 1347 ita
947 1312 1126 1347 acciderit.

250 1356 294 1394 11
338 1356 533 1392 ULPIANUS
564 1357 655 1392 libro
690 1357 873 1403 triqesimo
908 1358 1012 1392 tertio
1047 1357 1097 1392 ad
1130 1357 1284 1394 edictum

199 1401 392 1438 Marcellus
423 1401 514 1437 libro
546 1405 672 1437 octavo
705 1401 919 1481 digestorum
951 1402 1092 1444 scribit,
1125 1402 1200 1438 sive
1232 1402 1286 1438 vir

200 1457 347 1483 uxorem
370 1446 443 1482 sive
465 1457 557 1482 uxor
586 1447 698 1482 virum
754 1457 834 1482 omo
868 1447 1002 1492 expulit
1033 1450 1069 1481 et
1098 1457 1156 1482 res
1186 1457 1284 1484 amo-

203 1495 215 1527 1
266 1495 404 1533 verunt,
427 1502 544 1527 rerum
568 1495 766 1527 amotarum
789 1491 911 1527 teneri.
955 1491 1023 1536 Qui
1045 1501 1164 1527 rerum
1186 1502 1284 1528 amo·

198 1541 317 1572 tarum
339 1536 494 1571 instituit
517 1537 694 1572 actionem
725 1536 755 1571 si
785 1537 869 1571 velit
898 1537 1008 1581 magis
1039 1536 1285 1573 iusiurandum

200 1581 349 1624 deferre,
374 1581 513 1626 cogitur
535 1581 758 1617 adversarius
782 1581 900 1617 iurare
915 1581 1002 1616 nihil
1018 1581 1158 1617 divortii
1174 1592 1286 1618 eausa

199 1630 357 1662 amotum
380 1636 468 1669 esse,
492 1626 575 1661 dum
597 1626 697 1672 prius
728 1626 772 1661 de
803 1626 980 1661 calumnia
1011 1626 1106 1661 iuret
1127 1627 1189 1672 qui
1211 1627 1284 1663 ius-

199 1674 220 1707 2
266 1671 454 1706 iurandum
489 1671 613 1706 defert.
672 1671 796 1706 Iurare
830 1675 950 1706 autem
983 1675 1058 1706 tam
1091 1671 1144 1707 vir
1179 1682 1286 1717 quam

198 1726 291 1752 uxor
314 1720 471 1761 cogetur.
494 1720 597 1761 pater
619 1721 738 1751 autem
761 1716 954 1751 amoventis
984 1716 1104 1752 iurare
1127 1727 1200 1752 non
1224 1727 1285 1753 co-

198 1761 306 1813 gitur,
331 1771 412 1796 cum
435 1761 593 1806 iniquum
605 1763 618 1782 ⁴
642 1761 689 1796 sit
712 1761 756 1796 de
772 1760 885 1796 alieno
902 1760 1001 1797 facto
1020 1762 1128 1796 alium
1143 1762 1284 1798 iurare:

198 1816 230 1842 ιε
253 1815 335 1851 ergo
360 1806 499 1851 cogitur
521 1806 655 1849 iurare,
688 1805 750 1851 qui
780 1806 954 1841 amovisse
984 1805 1125 1842 dicitur.
1146 1822 1150 1826 -
1173 1811 1208 1842 et
1230 1806 1284 1842 id-

200 1851 295 1886 circo
327 1861 395 1886 nec
426 1851 529 1886 heres
561 1851 657 1893 eius,
690 1850 751 1896 qui
806 1861 916 1886 uaeve
938 1851 1112 1887 amovisse
1135 1851 1284 1895 dicetur,

200 1897 220 1931 3
266 1896 385 1931 iurare
409 1899 565 1941 cogetur.
613 1895 651 1931 Si
674 1895 753 1941 quis
798 1895 929 1930 elatum
950 1896 1017 1931 sibi
1040 1896 1286 1933 iusiurandum

198 1939 333 1976 referre
354 1941 449 1983 velit,
474 1951 546 1976 non
569 1940 708 1976 videtur
730 1945 874 1985 praetor
896 1940 1108 1986 permisisse,

250 1982 299 2022 12
324 1984 381 2020 Px
389 1995 483 2021 ULUS
499 1986 591 2022 libro
610 1987 762 2032 septimo
783 1986 940 2021 brevium
971 1996 1044 2021 non
1055 1986 1167 2031 magis
1179 1997 1286 2032 quam

199 2030 231 2065 si
263 2030 357 2110 qufisr
378 2030 410 2065 ei
444 2030 505 2076 qui
538 2030 624 2066 furti
659 2035 742 2075 agat
773 2030 1018 2066 iusiurandum
1041 2030 1178 2067 deferat
1188 2033 1213 2074 ⁶,
1237 2042 1286 2068 an

198 2075 211 2110 i
235 2085 275 2110 se
379 2076 435 2110 sit.

210 2086 234 2120 p
249 2117 298 2157 13
342 2119 536 2156 ULPJANUS
566 2120 657 2155 libro
690 2121 873 2166 triqesimo
910 2121 1013 2156 tertio
1048 2120 1099 2156 ad
1131 2120 1284 2157 edictum

199 2164 282 2200 Ideo
295 2166 310 2186 ⁶
332 2164 455 2200 Labeo
488 2165 612 2200 scribit
642 2165 778 2200 mulieri
807 2175 878 2200 non
910 2175 988 2200 esse
1011 2165 1286 2210 permittendum

199 2208 330 2245 referre
352 2209 609 2251 iusiurandum,
627 2213 663 2245 et
679 2210 730 2245 ita
746 2209 901 2245 edictum
917 2209 1118 2246 ordinatum
1134 2210 1284 2246 videtur.

248 2253 299 2291 14
324 2253 483 2290 PAULUS
511 2254 602 2290 libro
633 2258 759 2290 octavo
790 2255 928 2291 decimo
960 2255 1010 2290 ad
1032 2255 1183 2290 edictum
1230 2255 1286 2291 De

198 2298 304 2334 rebus
328 2300 455 2335 amotis
478 2299 752 2344 permittendum
775 2300 903 2334 marito
936 2299 991 2335 vel
1013 2300 1118 2335 uxori
1141 2300 1184 2335 de
1232 2301 1285 2336 ui-

199 2344 348 2423 busgam
383 2344 489 2380 rebus
523 2344 768 2379 iusiurandum
803 2344 960 2387 deferre,
992 2344 1037 2380 de
1071 2312 1285 2390 quibusciam

222 2399 262 2424 ro
290 2397 362 2424 are.

197 2399 221 2434 p
249 2431 298 2470 15
330 2432 525 2469 Urmws
552 2433 642 2469 libro
675 2433 726 2468 tri
749 2434 858 2468 esimo
888 2438 1020 2479 quarto
1051 2433 1101 2469 ad
1131 2434 1283 2470 edictum

198 2477 296 2513 Nihil
319 2478 478 2520 interest,
502 2482 621 2512 utrum
633 2477 699 2513 sim
748 2487 794 2513 an
811 2477 1005 2523 separatim
1022 2478 1284 2522 habitaverunt,

200 2534 281 2558 cum
305 2523 398 2558 aetio
422 2533 541 2557 rerum
562 2526 760 2558 amotarum
780 2526 962 2574 competat
984 2523 1090 2558 etiam
1114 2523 1285 2560 adversus

199 2578 287 2609 eam,
321 2578 413 2612 quae
445 2578 488 2602 ex
519 2578 563 2603 ea
586 2567 691 2603 domo
715 2567 906 2610 subtraxit,
930 2567 968 2603 in
991 2578 1063 2613 qua
1086 2578 1159 2604 non
1181 2569 1285 2604 simul

201 2615 215 2646 ι
266 2623 347 2647 cum
378 2612 452 2647 viro
483 2612 667 2648 habitavit.
722 2611 821 2648 Uxor
852 2616 889 2648 et
911 2623 1023 2648 nurus
1047 2616 1084 2648 et
1105 2623 1284 2659 pronurus

197 2657 271 2692 viro
303 2661 340 2692 et
371 2667 495 2692 socero
529 2661 564 2693 et
593 2663 785 2702 prosocero
814 2656 951 2692 furtum
978 2656 1100 2693 faeere
1121 2662 1283 2704 possunt,

197 2701 284 2737 furti
308 2706 427 2737 autem
450 2712 523 2737 non
547 2705 722 2737 tenentur.
759 2702 828 2737 nisi
850 2701 944 2738 forte
967 2703 1215 2749 emancipatus
1238 2703 1285 2739 sit

197 2746 309 2826 Qus:
342 2750 429 2782 tunc
454 2746 546 2782 enim
570 2757 681 2782 nurus
704 2747 798 2792 patri
823 2747 898 2782 eius
922 2750 958 2783 et
979 2746 1116 2783 furtum
1137 2747 1226 2784 facit
1249 2752 1285 2784 et

275 2791 282 2798 ⁸
307 2795 456 2827 tenetur.

249 2833 299 2872 16
323 2835 366 2871 H
365 2845 667 2872 ERMOGENIANUS
674 2835 766 2872 libro
776 2836 933 2872 secundo
945 2837 1036 2872 iuris
1047 2837 1285 2883 epitomarum

199 2879 257 2916 Ad
280 2880 404 2916 fiscum
435 2880 551 2916 mariti
582 2881 685 2916 bonis
716 2880 890 2916 devolutis
920 2891 1013 2917 uxor
1043 2892 1162 2917 rerum
1185 2892 1283 2918 amo·

198 2929 316 2960 tarum
347 2926 487 2960 nomine
517 2925 553 2960 in
584 2925 750 2971 simplum
781 2926 1008 2969 convenitur,
1033 2926 1192 2972 quamvis
1224 2927 1284 2962 alii

197 2970 236 3005 in
283 2969 495 3015 uadruplum
519 2970 808 3007 condemnentur.

248 2980 298 3052 1q7
342 3013 535 3050 ULPIAst
574 3015 664 3051 libro
700 3016 750 3050 tri
774 3016 906 3051 esimo⁷
943 3015 994 3051 ad
1035 3015 1189 3052 edictum
1247 3017 1285 3052 Si

200 3059 400 3095 concubina
433 3069 491 3094 res
526 3060 714 3103 amoverit,
776 3071 820 3096 oc
853 3060 930 3096 iure
960 3061 1111 3104 utimur,
1134 3065 1176 3096 ut
1197 3061 1286 3098 furti

199 3108 380 3140 teneatur:
420 3108 676 3149 consequenter
706 3105 883 3148 dicemus,
923 3106 1136 3151 ubicumque
1168 3110 1286 3143 cessat

199 3148 473 3191 matrimonium,
498 3153 538 3183 ut
560 3153 648 3194 puta
670 3150 708 3185 in
731 3160 786 3193 ea,
810 3160 902 3196 quae
932 3151 1043 3186 tutori
1074 3161 1139 3186 suo
1163 3152 1285 3197 nupsit

198 3193 254 3229 vel
278 3197 405 3230 contra
433 3193 602 3228 mandata
633 3195 797 3230 convenit
828 3195 883 3230 vel
914 3195 1028 3231 sicubi
1058 3195 1143 3231 alibi
1167 3200 1285 3232 cessat

199 3238 482 3281 matrimonium,
529 3248 669 3273 cessare
702 3249 821 3274 rerum
862 3244 1060 3275 amotarum
1095 3241 1282 3285 actionem,

205 3288 213 3317 1
267 3284 352 3328 quia
363 3283 638 3328 competitfurti.
663 3283 837 3319 Divortii⁸
860 3295 970 3320 causa
987 3295 1045 3321 res
1069 3290 1206 3322 amotas
1230 3286 1282 3321 di-

201 3327 311 3364 cimus
342 3338 414 3363 non
444 3327 559 3363 solum
590 3337 669 3370 ‹za-S,
701 3339 789 3373 quas
813 3329 936 3365 mulier
959 3330 1099 3372 amovit,
1125 3341 1205 3366 cum
1229 3331 1282 3366 di-

200 3373 303 3408 vortii
334 3372 519 3408 consilium
548 3372 690 3414 inisset,
723 3373 785 3408 sed
817 3374 922 3409 etiam
957 3386 1017 3411 eas
1049 3386 1138 3420 quas
1169 3387 1218 3411 nu
1244 3381 1283 3412 ta

199 3419 218 3451 2
267 3418 454 3459 amoverit,
486 3418 528 3461 si,
552 3427 634 3453 cum
656 3417 864 3461 diseederet,
890 3429 951 3454 eas
978 3420 1152 3456 celaverit
1235 3431 1282 3456 on

199 3462 314 3498 solum
338 3472 397 3497 eas
421 3473 489 3506 res,
514 3472 606 3508 quae
628 3466 780 3504 exstant,
805 3464 841 3498 in
865 3474 983 3499 rerum
1007 3469 1204 3500 amotarum
1227 3466 1282 3501 iu-

199 3506 329 3542 dicium
352 3507 470 3542 venire
494 3507 652 3542 Iulianus
675 3507 736 3550 ait,
760 3518 881 3542 verum
907 3510 1011 3544 etiam
1036 3520 1108 3552 eas,
1133 3520 1224 3555 quae
1246 3511 1283 3546 in

198 3620 238 3659 (ι)
251 3618 405 3651 condicio
417 3619 451 3652 F
515 3621 564 3657 (ι’)
589 3618 671 3652 fecit
680 3618 734 3652 F'
802 3620 846 3661 (2)
860 3619 958 3652 detur
970 3621 1004 3653 F
1078 3623 1121 3663 (3)
1134 3622 1203 3655 nisi
1215 3623 1276 3656 ins.

201 3671 242 3702 (4)
256 3662 395 3705 inquum
408 3663 443 3697 F
495 3666 537 3703 (5)
552 3663 674 3697 referat
685 3664 766 3698 Hal.
815 3666 858 3705 (6)
873 3665 960 3697 idem
973 3666 1054 3699 Hal.
1103 3670 1146 3706 (7)
1160 3670 1280 3709 quarto

199 3708 259 3740 im.
276 3707 426 3750 Krueqer
519 3714 567 3744 (8)
593 3708 676 3741 furti
695 3709 847 3750 divortii]
865 3711 914 3743 eie
932 3722 994 3742 sec.
1009 3711 1053 3750 B,
1075 3710 1214 3744 dlvortii
1227 3711 1278 3744 di-

1275 115 1361 164 328

1347 3622 1450 3655 vortii
1468 3623 1533 3663 F‘,
1557 3622 1695 3655 divortii
1714 3620 1768 3655 F·

1348 3669 1403 3709 (u)
1429 3680 1549 3702 comma
1562 3667 1712 3711 quamvis
1724 3692 1734 3702 .
1747 3692 1756 3701 .
1769 3689 1779 3700 .
1793 3666 1912 3699 debeat
1924 3669 1982 3701 ins.
1993 3674 2072 3712 post
2082 3667 2201 3701 facere.

1856 132 1917 164 DE
1945 133 2143 171 ACTIONE
2169 134 2271 168 Rm.
2298 134 2436 170 mor.
2466 0 2528 170 ξ

1353 250 1472 276 rerum
1495 243 1625 289 namra
1647 250 1727 278 esse
1749 241 1950 278 desierunt:
1974 242 2078 278 simili
2101 243 2205 280 modo
2223 244 2329 281 etiam
2351 246 2439 283 certi
2497 243 2498 246 ’

1355 287 1375 320 3
1423 284 1564 320 condici
1587 295 1649 321 eas
1671 296 1780 331 posse
1803 287 1864 322 ait.
1912 286 2012 331 Quae
2033 287 2108 323 viro
2133 298 2198 324 suo
2222 299 2279 325 res
2302 290 2438 336 pignori

1355 328 1458 364 datas
1482 329 1664 372 amoverit,
1689 330 1760 367 hoc
1782 330 1913 367 iudicio
1936 332 2132 367 tenebitur:

1404 370 1455 411 18
1479 372 1638 410 Panos
1667 374 1758 411 libro
1788 381 1893 412 sexto
1925 378 2174 422 quaestionum
2220 377 2284 414 sed
2317 382 2353 414 et
2374 378 2438 416 do-

1355 417 1449 454 mino
1481 417 1660 454 condictio
1693 424 1880 466 competet.
1916 420 1980 456 sed
2012 421 2173 457 alterutri
2202 423 2330 467 agere⁹
2347 434 2438 470 -per-

1355 462 1565 498 mittendum
1589 467 1654 499 est.

1404 504 1455 545 19
1486 506 1681 546 prlazws
1708 508 1799 545 libro
1830 509 2012 555 triqesimo
2043 515 2174 555 quarto
2205 510 2255 546 ad
2286 511 2438 548 edictum

1356 550 1427 587 Sed
1461 556 1498 587 et
1531 552 1562 587 si
1597 552 1736 588 divortii
1770 557 1931 598 tempore
1960 553 2058 589 fures
2088 555 2126 589 in
2157 554 2299 591 domum
2322 557 2440 593 mariti

1353 595 1533 632 induxerit
1563 600 1600 632 et
1628 607 1693 642 per
1723 607 1783 633 eos
1814 608 1871 633 res
1903 598 2091 640 amoverit,
2122 599 2174 634 ita
2203 604 2244 635 ut
2265 600 2345 645 ipsa
2366 612 2438 637 non

1355 641 1653 684 contrectaverit,
1689 652 1806 677 rerum
1842 648 2040 678 amotarum
2082 643 2212 680 iudicio
2248 645 2437 682 tenebitur.

1354 695 1475 721 verum
1500 690 1555 721 est
1577 686 1700 732 itaque
1723 686 1820 732 quod
1842 687 1964 722 Labeo
1988 688 2131 733 scripsit
2152 699 2299 725 uxorem
2321 700 2439 727 rerum

1354 735 1553 766 amotarum
1575 731 1699 774 teneri,
1724 731 1861 767 etiamsi
1884 732 1931 767 ad
1954 742 2033 767 eam
2055 743 2113 768 res
2135 744 2207 769 non
2231 736 2438 779 pervenerit.

1401 773 1454 813 20
1479 774 1719 812 Mfflcaws
1738 776 1830 812 libro
1853 777 2002 823 septimo
2026 777 2245 824 digestorum
2292 779 2330 815 Si
2353 790 2437 823 rem,

1355 830 1462 865 quam
1496 820 1645 856 maritus
1679 820 1776 856 bona
1808 821 1879 856 fide
1915 826 2069 865 emerat,
2105 833 2196 858 uxor
2231 825 2362 860 amovit
2382 824 2439 861 vel

1354 875 1458 910 opem
1480 864 1553 900 furi
1575 865 1657 900 tulit
1678 864 1785 911 idque
1807 865 1893 902 fecit
1916 866 2054 902 divortii
2070 877 2191 910 causa,
2207 878 2324 904 rerum
2341 879 2438 905 amo·

1353 913 1471 945 tarum
1494 909 1626 945 iudicio
1651 909 1885 946 damnabitur.

1400 952 1450 991 21
1485 953 1645 990 Panas
1675 955 1766 991 libro
1802 956 1983 1007 triqest'mo
2017 957 2167 1002 septimo
2202 957 2253 993 ad
2284 957 2437 994 edictum

1354 999 1392 1035 Si
1423 999 1568 1041 mulier,
1600 1009 1680 1034 cum
1715 999 1759 1035 de
1793 1000 1859 1035 viri
1889 1000 1962 1036 vita
1992 999 2236 1046 desperasset,
2261 1002 2438 1048 subreptis

1354 1042 1567 1089 quibusdam
1589 1044 1697 1079 rebus
1722 1044 1933 1088 divertisset,
1958 1045 1988 1080 si
2014 1046 2232 1082 convaluerit
2254 1047 2317 1089 vir,
2342 1048 2439 1084 utilis

1359 1092 1370 1123 l
1421 1099 1540 1124 rerum
1570 1093 1767 1124 amotarum
1799 1090 1893 1125 aetio
1929 1090 1961 1124 ei
1993 1090 2112 1126 danda
2143 1095 2208 1127 est.
2255 1091 2293 1127 Si
2315 1102 2439 1128 servus

1354 1133 1511 1168 mulieris
1541 1133 1641 1169 iussu
1675 1133 1839 1169 dominae
1871 1134 2010 1170 divortii
2045 1146 2156 1171 causa
2176 1146 2234 1172 res
2258 1138 2438 1180 amoverit,

1353 1178 1484 1214 Pedius
1514 1182 1620 1223 putat
1649 1188 1715 1213 nec
1728 1180 1756 1199 ¹⁰
1785 1179 1921 1214 furtum
1953 1190 2032 1215 eum
2062 1180 2241 1224 facere¹¹,
2273 1182 2437 1226 quoniam

1354 1223 1440 1258 nihil
1471 1222 1564 1258 lueri
1597 1223 1654 1258 sui
1688 1233 1798 1259 causa
1834 1228 2030 1260 contrectet
2064 1235 2129 1261 nec
2163 1225 2272 1262 videri
2306 1226 2438 1262 furtum

1352 1267 1499 1303 facienti
1531 1277 1635 1312 opem
1665 1267 1779 1311 ferre,
1813 1279 1894 1304 cum
1917 1270 2043 1305 mulier
2065 1270 2200 1306 furtum
2223 1282 2295 1307 non
2317 1271 2439 1314 faciat,

1353 1312 1511 1358 quamvis
1535 1322 1655 1348 servus
1679 1313 1716 1348 in
1739 1312 1959 1350 facinoribus
1991 1315 2132 1350 domino
2165 1315 2259 1351 dicto
2292 1316 2439 1352 audiens

1354 1368 1432 1393 esse
1462 1367 1535 1392 non
1566 1356 1753 1393 debeat¹¹:
1787 1358 1849 1393 sed
1879 1369 1998 1394 rerum
2020 1364 2219 1395 amotarum
2242 1361 2336 1396 actio
2361 1362 2438 1396 erit,

1354 1405 1374 1437 2
1420 1403 1471 1437 At
1494 1402 1524 1437 si
1547 1402 1583 1436 in
1607 1401 1726 1437 dotem
1749 1413 1872 1438 servus
1903 1404 2008 1439 datus
2038 1404 2174 1440 furtum
2206 1405 2280 1441 viro
2303 1405 2440 1448 fecerit,

1353 1447 1384 1482 si
1407 1446 1549 1492 quidem
1573 1447 1698 1482 mulier
1721 1448 1829 1482 talem
1854 1458 1932 1483 esse
1953 1459 2031 1484 eum
2046 1449 2176 1492 scierit,
2201 1453 2315 1486 totum
2340 1451 2438 1486 dam-

1353 1502 1439 1527 num
1462 1492 1536 1527 viro
1570 1492 1763 1527 sarcietur:
1795 1493 1890 1538 quod
1921 1493 1951 1528 si
1984 1494 2216 1539 ignoraverit,
2249 1498 2337 1531 tunc
2368 1507 2440 1531 non

1354 1539 1374 1572 3
1421 1536 1517 1572 ultra
1539 1536 1870 1573 condemnationem
1894 1549 2011 1574 noxae
2034 1539 2220 1575 multanda
2243 1540 2320 1575 erit.
2367 1540 2439 1576 Re-

1353 1592 1433 1617 rum
1456 1585 1655 1617 amotarum
1685 1582 1780 1618 aetio
1812 1582 1979 1618 damnum
2002 1588 2249 1629 repraesentat
2279 1585 2385 1620 etiam
2409 1585 2441 1621 si

1354 1629 1375 1661 4
1421 1629 1549 1672 postea
1572 1626 1664 1662 dotis
1687 1627 1824 1662 exactio
1850 1631 2040 1680 competat.
2089 1628 2273 1665 Commodi
2288 1640 2439 1676 quoque,

1354 1671 1385 1751 ἓί
1409 1671 1504 1751 Ἥοᾱ
1527 1671 1785 1751 οέιῗίῇειῖοῐὶηε
1809 1672 1986 1754 αιηέἰῗςιξο
1987 1673 2049 1715 vir,
2074 1674 2165 1753 rat{o
2185 1674 2351 1754 haffida
2373 1678 2438 1727 est:

1457 1726 1521 1752 aee
1569 1727 1588 1751 c
1618 1727 1639 1751 ο
1689 1727 1730 1752 ee
1780 1727 1824 1752 ex
1915 1729 1948 1753 ιο
2019 1728 2130 1753 nasca
2146 1730 2208 1762 ur,
2315 1730 2359 1755 en
2388 1730 2441 1756 rei

1353 1761 1637 1807 persecutionem
1661 1761 1820 1797 continet
1843 1766 1878 1798 et
1899 1762 1979 1798 ideo
1995 1774 2069 1798 ηοη
2086 1773 2180 1799 anno
2197 1763 2330 1807 finitur,
2348 1764 2441 1800 sicut

1354 1810 1391 1842 et
1422 1805 1598 1842 condictio
1630 1806 1780 1842 furtiva:
1820 1811 2005 1852 praeterea
2047 1811 2082 1843 et
2120 1809 2311 1845 heredibus
2342 1819 2438 1845 com-

1355 1854 1375 1887 6
1407 1850 1521 1930 fpetit.
1568 1851 1646 1886 Nec
1670 1852 1745 1887 viro
1762 1862 1828 1887 nee
1842 1852 1982 1887 mulieri
1997 1853 2145 1898 prodest
2158 1853 2195 1888 in
2210 1854 2280 1890 hoe
2295 1853 2438 1897 iudicio,

1354 1895 1386 1931 si
1423 1906 1529 1931 acere
1551 1906 1623 1931 non
1647 1900 1817 1941 possunt:
1849 1897 1981 1942 pendet
2005 1898 2094 1933 enim
2119 1898 2157 1933 id
2181 1908 2225 1934 ex
2247 1897 2358 1934 furto.

1400 1938 1454 1978 22
1478 1940 1671 1976 IULIANUS
1701 1941 1792 1977 libro
1826 1952 1921 1977 nono
1956 1942 2092 1978 decimo
2126 1943 2346 1990 diqestorum
2401 1943 2440 1979 si

1353 1990 1501 2031 propter
1531 1996 1589 2021 res
1621 1989 1758 2021 amotas
1791 1996 1894 2032 egero
1927 1998 2008 2023 cum
2038 1988 2184 2024 muliere
2208 1992 2243 2024 et
2264 1988 2308 2024 lis
2332 1989 2439 2025 aesti-

1353 2036 1451 2066 mata
1474 2030 1531 2073 sit,
1555 2041 1603 2065 an
1626 2031 1720 2066 aetio
1754 2031 1787 2066 ei
1822 2031 1940 2067 danda
1969 2032 2034 2074 sit,
2065 2032 2095 2067 si
2117 2033 2275 2069 amiserit
2297 2044 2438 2079 posses-

1354 2075 1516 2111 sionem?
1546 2079 1663 2111 movet
1685 2086 1753 2119 me,
1778 2076 1861 2121 quia
1881 2076 1961 2112 dolo
1982 2077 2150 2123 adquisiit
2167 2079 2437 2123 possessionem.

1354 2120 1541 2166 respondi:
1600 2121 1637 2155 ui
1671 2121 1743 2156 litis
1778 2121 2058 2157 aestimationem
2094 2123 2235 2166 suffert,
2270 2124 2438 2170 emptoris

1354 2165 1433 2200 loco
1461 2132 1648 2201 haben‘ius
1680 2170 1743 2201 est.
1776 2166 1854 2201 ideo
1886 2167 1916 2201 si
1946 2167 2088 2210 mulier,
2122 2179 2203 2204 cum
2226 2178 2298 2214 qua
2319 2179 2439 2204 rerum

1354 2213 1553 2245 amotarum
1576 2214 1696 2245 actum
1720 2214 1786 2252 est,
1811 2211 2091 2247 aestimationem
2115 2212 2187 2248 litis
2235 2214 2439 2255 raestiterit‚

1354 2255 1524 2291 adversus
1559 2254 1795 2290 vindicantem
1829 2256 1995 2291 maritum
2029 2257 2083 2292 vel
2122 2257 2206 2293 here
2233 2268 2287 2293 em
2321 2259 2439 2294 mariti

1354 2299 1599 2344 exceptionem
1632 2300 1743 2334 habet
1777 2304 1833 2343 et,
1867 2301 1897 2336 si
1920 2301 2077 2336 amiserit
2098 2303 2378 2346 possessionem,
2401 2303 2438 2338 in

1357 2348 1370 2379 1
1421 2354 1495 2379 rem
1519 2344 1612 2380 actio
1638 2344 1671 2379 ei
1694 2344 1812 2379 danda
1836 2349 1900 2380 est.
1948 2345 1986 2381 Si
2015 2346 2141 2381 mulier
2174 2347 2297 2383 mortis
2330 2358 2440 2383 causa

1353 2399 1411 2424 res
1434 2389 1624 2430 amoverit,
1658 2388 1784 2425 deinde
1814 2394 1974 2426 mortuus
1999 2394 2094 2426 esset
2115 2392 2276 2435 maritus,
2299 2392 2438 2428 heredi-

1353 2433 1439 2469 tatis
1458 2433 1641 2486 petitione·
1663 2434 1719 2469 vel
1750 2435 1892 2470 actione
1921 2435 1967 2470 ad
2000 2435 2235 2472 exhibendum
2268 2437 2438 2483 consequi

1353 2482 1484 2524 potent
1505 2478 1609 2514 heres
1631 2478 1668 2514 1d
1691 2479 1786 2524 quod
1809 2483 1967 2515 amotum
1990 2483 2055 2515 est.

1400 2520 1452 2560 23
1477 2524 1705 2558 AFRICANUS
1734 2523 1825 2560 libro
1859 2528 1984 2560 octavo
2101 2526 2258 2561 stionum
2304 2525 2436 2562 Redin-

2016 2570 2180 2606 1vortium
2201 2569 2338 2606 factum
2361 2571 2437 2613 erit,

1353 2571 1490 2613 tegrato
1515 2568 1739 2604 matrimonio
1775 2569 1805 2604 si
1833 2569 1961 2604 iterum

1354 2613 1400 2648 ob
1424 2623 1482 2648 res
1497 2617 1635 2648 amotas
1652 2613 1780 2658 prioris
1797 2613 1937 2649 divortii
1957 2625 2077 2658 causa,
2093 2615 2178 2651 item
2195 2614 2242 2651 ob
2257 2615 2437 2662 impensas

1354 2657 1635 2703 donationesque
1651 2658 1771 2703 priore
1786 2659 2010 2696 matrimonio
2026 2659 2143 2696 factas
2157 2670 2300 2696 manere
2324 2661 2436 2697 actio-

1354 2713 1434 2738 nem
1458 2702 1679 2738 existimavit.

1400 2745 1454 2784 24
1496 2747 1690 2784 Urmms
1716 2747 1807 2783 libro
1839 2749 1967 2801 quium
2009 2749 2221 2796 reqularum
2289 2750 2344 2787 Ob
2378 2760 2437 2787 res

1353 2795 1490 2828 amotas
1514 2792 1569 2828 vel
1591 2791 1754 2838 proprias
1784 2793 1849 2828 vin
1879 2793 1934 2829 vel
1966 2793 2073 2829 etiam
2095 2793 2234 2831 dotales
2263 2797 2338 2831 tam
2360 2795 2436 2831 vin-

1353 2837 1483 2873 dicatio
1508 2847 1615 2883 quam
1638 2837 1813 2873 condictio
1837 2837 1911 2873 viro
1935 2838 2103 2875 adversus
2125 2839 2308 2876 mulierem
2340 2850 2436 2877 com-

1352 2882 1453 2928 petit,
1479 2886 1515 2918 et
1536 2883 1574 2917 in
1596 2885 1775 2928 potestate
1799 2886 1862 2925 est,
1887 2893 1959 2928 qua
1981 2883 2065 2919 velit
2087 2884 2229 2920 actione
2250 2885 2314 2921 uti.

1399 2924 1451 2964 25
1489 2926 1723 2962 Martenses
1762 2927 1852 2962 libro
1888 2929 1991 2964 tertio
2026 2939 2067 2964 re
2118 2929 2235 2965 larum
2303 2929 2436 2966 Rerum

1354 2972 1493 3018 quidem
1516 2975 1715 3008 amotarum
1745 2972 1914 3008 iudicium
1944 2973 1996 3008 sic
2026 2973 2075 3009 ha
2100 2977 2135 3009 et
2165 2974 2304 3018 locum,
2327 2975 2359 3010 si
2382 2974 2435 3010 di-

1352 3017 1455 3052 vortii
1478 3017 1625 3053 consilio
1656 3026 1713 3052 res
1744 3021 1884 3053 amotae
1912 3016 2046 3054 fuerint
2076 3021 2113 3054 et
2135 3023 2297 3055 secutum
2320 3019 2434 3055 divor-

1352 3062 1440 3097 tium
1462 3061 1580 3097 fuerit.
1617 3060 1680 3097 sed
1713 3061 1743 3097 si
1776 3061 1814 3097 in
1847 3062 2070 3099 matrimonio
2105 3073 2197 3099 uxor
2225 3064 2353 3100 marito
2377 3074 2435 3100 res

1353 3106 1579 3148 subtraxerit,
1602 3106 1687 3142 licet
1703 3110 1821 3142 cessat
1838 3117 1957 3143 rerum
1980 3111 2179 3144 amotarum
2199 3108 2304 3151 actio,
2316 3112 2435 3145 tamen

1352 3152 1449 3197 ipsas
1472 3161 1529 3186 res
1553 3151 1701 3186 maritus
1725 3151 1912 3188 condicere
1924 3156 2060 3205 potest:
2085 3163 2168 3188 nam
2185 3153 2263 3189 iure
2277 3154 2436 3199 gentium

1354 3195 1493 3248 condici
1514 3200 1600 3241 puto
1623 3206 1731 3240 posse
1753 3207 1810 3232 res
1834 3197 1880 3232 ab
1897 3197 1965 3240 his,
1989 3197 2049 3243 qui
2065 3208 2137 3234 non
2154 3207 2199 3234 ex
2212 3197 2308 3234 iusta
2324 3208 2435 3234 causa

1352 3240 1602 3323 9⁰{sfidfflffis
1640 3285 1730 3321 libro
1766 3290 1896 3338 quarto
1932 3286 1998 3339 qd·
2023 3286 2176 3323 edt‘ctum
2203 3287 2434 3334 provt'nct'ale

1351 3330 1484 3366 Rerum
1507 3334 1707 3366 amotarum
1729 3335 1823 3366 actio
1848 3330 2022 3367 condictio
2047 3335 2109 3367 est.

1397 3373 1450 3413 27
1474 3374 1721 3411 ΡΔΗΜΑΝΠΒ
1741 3375 1831 3411 libro
1854 3379 1984 3421 quarto
2007 3386 2263 3422 responsorum
2298 3375 2431 3412 Rerum

1352 3424 1550 3456 amotarum
1573 3421 1667 3456 actio
1692 3421 1738 3455 ob
1762 3419 1926 3456 adulterii
1949 3420 2092 3463 crimen,
2117 3431 2187 3466 quo
2204 3420 2331 3457 mulier
2347 3431 2432 3467 pos-

1351 3465 1466 3501 tulata
1489 3469 1553 3502 est.
1579 3476 1649 3500 non
1675 3465 1846 3500 differtur.

1398 3507 1450 3547 28
1475 3509 1531 3545 ΡΑ
1539 3520 1635 3546 ems
1654 3510 1744 3545 libro
1767 3512 1872 3545 sexto
1895 3510 2143 3555 quaestionum
2190 3509 2227 3545 Si
2247 3520 2339 3546 uxor
2357 3519 2431 3545 rem

1882 3624 1926 3663 (0)
1959 3633 2093 3665 agerere
2113 3623 2148 3655 F
2256 3623 2315 3663 (ιο)
2339 3633 2382 3656 ne
2401 3622 2436 3655 Γ
