2528 3918
199 108 358 153 xm7

198 237 276 269 tare
299 232 428 268 debere
452 229 646 266 debitorem
671 232 752 271 aut,
784 228 814 264 si
844 239 918 264 non
949 232 1152 275 exspectat,
1186 239 1286 263 man-

199 278 337 314 dandas
359 277 391 312 ei
411 276 569 311 actiones
589 273 760 309 adversus
782 278 976 320 emptorem
995 274 1155 319 periculo
1167 277 1286 309 tamen

199 322 402 359 venditoris.
460 319 532 356 uod
552 319 582 354 si
602 319 743 371 accepit
759 319 830 354 iam
836 320 1048 400 tpecuniam,
1068 318 1288 364 superfluum

200 372 219 404 3
267 367 393 402 reddit.
472 377 495 400 n
529 364 762 410 pigneraticio
797 364 834 399 iu
860 364 929 400 icio
964 365 1060 399 venit
1096 368 1131 399 et
1166 364 1196 399 si
1230 373 1287 398 res

224 412 337 457 iguori
367 411 470 446 datas
502 409 595 445 male
625 410 793 445 tractavit
825 409 980 445 creditor
1002 409 1057 444 vel
1081 419 1201 444 servos
1226 408 1286 443 de-

199 424 358 492 ssilitavit.
406 456 514 501 plane
548 455 579 490 si
613 465 678 500 pro
715 454 896 490 maleficiis
932 454 1005 490 suis
1040 453 1200 489 coercuit
1233 454 1288 488 vel

200 502 310 538 vinxit
332 501 385 536 vel
409 500 540 553 optulit
562 499 810 545 praefecturae
832 500 887 535 vel
911 499 1075 545 praesidi,
1102 498 1287 534 dicendum

199 551 253 583 est
276 546 508 591 pigneraticia
532 544 742 581 creditorem
766 556 837 580 non
861 545 983 580 teneri.
1016 553 1132 623 ¹quare
1155 543 1185 579 si
1204 554 1287 589 pro-

198 592 313 628 stituit
344 591 511 626 ancillam
540 590 596 626 vel
627 590 725 626 aliud
754 590 993 635 improbatum
1033 599 1137 624 acere
1162 589 1286 634 coegit,

197 638 278 673 ilico
303 637 340 682 pi
387 646 430 672 us
454 635 605 672 ancillae
628 635 787 671 solvitur.

244 680 298 719 25
322 647 429 717 ffiu
457 681 549 718 libro
580 681 787 733 triqensimo
813 680 936 731 primo
969 679 1019 714 ad
1034 679 1202 731 ‘edictum
1250 679 1287 731 Si

198 738 318 763 servos
342 727 547 772 pigneratos
571 726 731 761 artificiis
755 726 923 761 instruxit
947 724 1122 766 creditor,
1155 735 1185 759 Sl
1209 735 1286 769 qui-

198 773 278 807 dem
300 772 372 808 iam
393 772 552 807 imbutos
575 771 629 806 vel
652 771 835 807 voluntate
867 769 1057 812 debitoris,
1090 769 1158 805 erit
1190 770 1284 805 actio

199 817 398 853 contraria:
425 817 456 853 si
478 827 561 853 vero
586 816 673 851 nihil
697 816 822 851 horum
847 814 1067 857 intercessit,
1091 815 1122 850 si
1146 815 1287 860 quidem

200 861 361 898 artificiis
383 862 614 904 necessariis,
639 861 706 896 erit
730 861 822 896 actio
848 859 1048 902 contraria,
1072 871 1144 895 non
1167 864 1287 895 tamen

198 908 267 951 sic,
303 912 344 943 ut
379 911 528 953 cogatur
561 906 670 942 servis
695 916 816 941 carere
839 916 905 950 pro
936 905 1136 950 quantitate
1166 916 1285 950 sump-

197 958 300 988 tuum
324 952 473 988 debitor.
511 953 605 988 sicut
628 951 719 986 enim
751 951 936 995 neglegere
967 949 1200 986 creditorem¹
1222 950 1286 985 do-

197 999 253 1034 lus
278 1002 315 1034 et
337 999 445 1043 culpa
469 1008 574 1043 quam
597 1001 760 1049 praestat
782 1006 855 1031 non
877 995 1031 1040 patitur,
1064 995 1116 1030 ita
1139 1006 1206 1031 nec
1230 1001 1285 1030 ta-

198 1044 268 1079 lem
293 1043 434 1079 efficere
465 1054 539 1078 rein
570 1047 808 1087 pigneratam,
840 1045 882 1076 ut
911 1041 1027 1086 gravis
1059 1041 1106 1075 sit
1136 1040 1287 1076 debitori

197 1089 244 1124 ad
266 1088 555 1134 reciperandum:
588 1092 676 1132 puta
707 1087 836 1121 saltum
868 1085 1038 1131 grandem
1061 1086 1200 1131 pignori
1224 1086 1286 1120 da-

197 1138 272 1170 tum
297 1134 343 1169 ab
366 1134 526 1175 homine,
558 1133 618 1177 qui
641 1133 699 1167 vix
721 1132 820 1167 luere
849 1135 986 1176 potest,
1019 1131 1149 1166 nedum
1181 1142 1286 1166 exco-

197 1180 287 1221 lere,
319 1184 360 1214 tu
392 1182 579 1223 acceptum
609 1178 747 1222 pignori
780 1176 966 1212 excoluisti
995 1176 1068 1219 sic,
1099 1181 1140 1211 ut
1170 1176 1287 1221 magni

196 1224 301 1269 pretii
324 1224 473 1260 faceres.
507 1223 664 1268 alioquin
688 1233 760 1258 non
783 1225 840 1257 est
862 1232 1014 1267 aequum
1034 1225 1098 1256 aut
1116 1232 1287 1266 quaerere

198 1279 254 1304 me
277 1269 366 1304 alios
400 1268 592 1304 creditores
623 1272 687 1303 aut
718 1267 796 1312 cogi
828 1267 1026 1303 distrahere
1058 1266 1154 1312 quod
1184 1267 1287 1302 velim

195 1319 379 1367 receptum
415 1318 477 1350 aut
510 1313 575 1348 tibi
608 1313 782 1358 paenuria
824 1316 1001 1347 coactum·
1031 1312 1284 1357 derelinquere.

196 1359 310 1395 medie
332 1359 438 1404 igitur
460 1359 550 1393 haec
574 1369 597 1393 a
618 1358 736 1393 iudice
760 1362 865 1394 erunt
889 1357 1126 1402 dispicienda,
1160 1362 1202 1392 ut
1224 1369 1285 1393 ne-

222 1415 267 1440 ue
302 1404 474 1440 delicatus
511 1404 649 1439 debitor
685 1413 801 1449 neque
831 1413 1004 1439 onerosus
1037 1403 1191 1438 creditor
1222 1413 1285 1438 au-

223 1450 326 1485 'atur.

242 1492 295 1532 26
321 1494 427 1530 IDEM
433 1494 523 1530 libro
537 1494 640 1529 tertio
654 1493 939 1540 disputationum
985 1493 1068 1529 Non
1081 1498 1135 1528 est
1147 1494 1285 1536 mirum,

196 1540 227 1575 si
258 1550 301 1575 ex
325 1549 549 1591 quacumque
573 1549 684 1574 causa
707 1539 939 1583 magistratus
963 1538 1000 1573 in
1024 1539 1286 1583 possessionem

196 1585 349 1630 aliquem
383 1585 535 1626 miserit,
571 1584 700 1636 pignus
737 1584 925 1626 constitui,
958 1594 1038 1619 cum
1072 1588 1285 1620 testamento

196 1641 336 1675 quoque
359 1630 486 1675 pignus
510 1629 679 1665 constitui
698 1639 805 1674 posse
823 1629 1017 1674 imperator
1036 1629 1181 1664 noster²
1206 1640 1286 1665 cum

198 1678 213 1710 1
262 1679 366 1720 patre
400 1674 606 1719 saepissime
639 1674 834 1719 rescripsit.
890 1674 1082 1709 Sciendum
1117 1679 1189 1717 est,
1225 1675 1286 1710 ubi

195 1720 296 1755 iussu
318 1720 546 1773 magistratus
571 1719 697 1765 pignus
723 1719 963 1762 constituitur,
988 1730 1061 1754 non
1085 1719 1174 1755 alias
1200 1730 1285 1755 con-

195 1765 306 1809 stitui,
330 1766 398 1801 nisi
420 1769 564 1801 ventum
586 1764 695 1800 fuerit
716 1765 753 1800 in
777 1765 1048 1810 possessionem.

240 1808 293 1847 27
320 1810 428 1846 Imm
455 1810 546 1846 libro
569 1813 674 1846 seoeto
699 1810 909 1856 opinionum
954 1810 1096 1845 Petenti
1126 1814 1286 1845 mutuam

197 1855 384 1935 pecuniam
408 1855 587 1898 creditori,
613 1865 695 1890 cum
717 1865 804 1900 prae
826 1866 935 1890 manu
959 1855 1098 1891 debitor
1122 1866 1194 1890 non
1218 1856 1282 1891 ha-

220 1906 304 1943 eret,
330 1901 467 1946 species
491 1900 570 1936 auri
594 1900 709 1943 dedit,
733 1904 774 1935 ut
796 1900 935 1946 pignori
958 1900 1054 1946 apud
1078 1900 1186 1935 alium
1210 1911 1286 1936 cre-

197 1946 344 1981 ditorem
367 1950 530 1998 poneret.
568 1945 599 1981 si
621 1945 693 1981 iam
717 1945 895 1981 solutione
917 1946 1087 1981 liberatas
1105 1951 1285 1991 receptas-

196 2002 264 2036 que
288 2002 349 2027 eas
372 2002 402 2026 is
434 1991 496 2044 qui
526 1994 735 2036 susceperat
764 1995 878 2034 tenet,
911 1991 1079 2026 exhibere
1109 1991 1286 2027 iubendus

197 2041 267 2072 est:
300 2036 396 2082 quod
427 2047 457 2072 si
489 2036 692 2072 etiamnunc
723 2035 820 2081 apud
855 2036 1066 2072 creditorem
1102 2036 1287 2072 creditoris

196 2086 288 2124 sunt,
312 2082 496 2117 voluntate
520 2081 655 2117 domini
677 2091 792 2117 nexae
814 2081 989 2124 videntur,
1014 2081 1077 2117 sed
1098 2085 1139 2116 ut
1157 2082 1285 2117 libera-

195 2131 252 2162 tae
274 2127 482 2170 tradantur,
518 2126 661 2162 domino
686 2137 807 2162 earum
831 2128 977 2172 propria
1000 2127 1094 2163 aetio
1119 2126 1286 2162 adversus

195 2183 297 2207 suum
323 2171 535 2208 creditorem
560 2172 740 2217 competit.

242 2214 295 2255 28
321 2217 515 2253 [mmmm
541 2217 634 2253 libro
664 2217 854 2253 undecimo
878 2216 1100 2263 diqestorum
1147 2217 1185 2252 Si
1209 2228 1285 2253 cre-

195 2263 298 2306 ditor,
346 2262 384 2297 ui
407 2272 481 2297 rem
503 2261 641 2308 pignori
665 2265 866 2307 acceperat,
891 2262 1022 2298 amissa
1045 2262 1120 2298 eius
1144 2273 1286 2308 posses-

196 2308 295 2343 sione
346 2307 489 2343 erviana
512 2308 655 2342 actione
678 2307 820 2353 petierit
843 2311 879 2342 et
899 2307 971 2342 litis
1004 2307 1285 2343 aestimationem

196 2357 411 2388 consecutus
443 2352 507 2395 sit,
542 2357 670 2398 postea
701 2352 840 2388 debitor
871 2353 1020 2388 eandem
1054 2363 1129 2388 rem
1159 2357 1284 2399 petens

195 2398 403 2443 exceptione
418 2403 669 2440 summovetur,
694 2398 763 2433 nisi
786 2397 914 2433 offerat
936 2398 970 2433 ei
993 2397 1133 2434 debitor
1141 2399 1167 2441 ³,
1192 2398 1285 2444 quod

202 2447 212 2478 l
265 2454 330 2488 pro
362 2453 404 2478 eo
436 2443 591 2478 solutum
616 2447 679 2478 est.
728 2442 766 2478 Si
789 2452 911 2479 servus
934 2454 999 2488 pro
1023 2443 1196 2495 peculiari
1219 2455 1291 2485 no-¹

195 2489 288 2523 mine
320 2489 446 2533 pignus
481 2488 680 2533 acceperit,
715 2488 810 2524 actio
849 2488 1083 2534 pigneraticia
1114 2488 1284 2524 adversus

195 2533 374 2568 dominum
398 2533 549 2569 debitori
573 2533 754 2578 competit.

239 2576 293 2615 29
317 2578 426 2613 IDEM
450 2578 541 2614 libro
572 2579 875 2625 quadraqensimo
907 2582 1038 2624 quarto
1063 2578 1284 2625 diaestorum

194 2623 231 2658 Si
255 2633 329 2658 rem
353 2623 505 2658 alienam
528 2624 626 2659 bona
648 2623 718 2658 fide
741 2624 867 2659 emeris
893 2628 929 2659 et
951 2624 1036 2659 mihi
1060 2624 1199 2670 pignori
1223 2623 1283 2658 de-

195 2668 287 2703 deris
312 2679 355 2703 ac
379 2668 540 2713 precario
564 2669 762 2714 rogaveris,
795 2669 924 2704 deinde
953 2679 1010 2704 me
1034 2669 1197 2705 dominus
1220 2669 1283 2704 he-

193 2713 312 2748 redem
342 2713 552 2755 instituerit,
585 2713 737 2749 desinit⁴
769 2714 898 2766 pignus
923 2724 1002 2750 esse
1025 2718 1062 2750 et
1094 2714 1172 2750 sola
1203 2725 1282 2759 pre-

196 2758 451 2837 cafiiibrogatio
483 2759 676 2803 supererit:
707 2758 841 2795 idcirco
873 2759 1047 2805 usucapio
1081 2763 1144 2795 tua
1173 2759 1282 2794 inter-

195 2813 240 2848 pe
268 2813 289 2837 a
314 2807 396 2838 itur.

241 2845 294 2885 30
319 2847 375 2882 ΡΑ
383 2857 478 2883 (lhos
505 2848 595 2884 libro
628 2850 753 2895 quinto
784 2850 1023 2896 epitomarum
1047 2849 1176 2895 Alfeni
1195 2849 1286 2884 Vari

195 2892 413 2944 diqestorum
461 2892 528 2937 Qui
563 2895 707 2930 ratiario
741 2894 960 2937 crediderat,
998 2905 1080 2930 cum
1112 2894 1159 2929 ad
1191 2893 1283 2929 diem

194 2947 347 2983 pecunia
370 2947 441 2972 non
465 2938 678 2982 solveretur,
702 2943 815 2974 ratem
837 2940 875 2975 in
898 2939 1042 2975 flumine
1067 2949 1134 2975 sua
1157 2943 1281 2974 aucto-

194 2982 300 3017 ritate
324 2982 491 3034 detinuit:
525 2988 651 3035 postea
673 2984 805 3020 flumen
830 2985 941 3020 crevit
964 2989 1000 3020 et
1021 2989 1134 3020 ratem
1158 2984 1281 3019 abstu-

194 3027 244 3062 lit.
283 3027 314 3062 si
336 3027 447 3062 invito
471 3029 616 3064 ratiario
641 3030 863 3072 retinuisset,
887 3030 964 3065 eius
988 3029 1146 3075 periculo
1170 3033 1282 3064 ratem

193 3072 304 3108 fuisse
335 3072 533 3117 respondit:
567 3074 629 3109 sed
660 3075 690 3109 si
721 3075 860 3110 debitor
892 3085 959 3110 sua
988 3075 1172 3110 voluntate
1196 3085 1280 3109 con-

196 3117 370 3159 cessisset,
394 3122 436 3152 ut
458 3117 634 3160 retineret,
661 3120 802 3165 culpam
827 3120 1015 3155 dumtaxat
1038 3120 1071 3155 ei
1093 3124 1279 3165 praestan-

197 3162 292 3204 dam,
316 3172 389 3197 non
413 3162 481 3197 vim
505 3163 683 3199 maiorem,

240 3205 290 3245 31
318 3207 544 3243 Ammiws
572 3208 661 3243 libro
693 3214 818 3245 octavo
849 3211 1099 3255 quaestionum
1145 3209 1183 3244 Si
1207 3219 1279 3244 ser·

195 3262 258 3288 vus
317 3252 431 3297 ignori
466 3251 570 3287 datus
603 3254 768 3289 creditori
798 3254 934 3290 furtum
966 3254 1095 3296 faciat,
1130 3254 1281 3290 liberum

195 3301 250 3333 est
304 3297 431 3333 ebitori
462 3307 601 3332 servum
632 3309 697 3343 pro
721 3309 836 3334 noxae
861 3299 1039 3335 deditione
1062 3299 1279 3345 relinquere:

194 3341 292 3388 quod
314 3342 345 3378 si
360 3341 484 3395 ‘sciens
507 3341 621 3377 furem
638 3343 782 3422 d’iffiwri
804 3345 889 3379 mihi
913 3344 1060 3387 dederit,
1085 3344 1152 3379 etsi
1175 3354 1280 3389 para-

194 3393 253 3423 tus
276 3387 386 3423 fuerit
408 3397 474 3432 pro
498 3398 614 3423 noxae
719 3393 756 3423 to
781 3389 876 3433 apud
898 3399 955 3425 me
977 3390 1195 3434 relinquere,
1226 3389 1280 3424 ni-

194 3433 267 3469 hilo
291 3433 406 3468 minus
428 3431 633 3468 habiturum
656 3443 712 3468 me
734 3433 770 3478 pi
795 3435 1000 3470 neraticiam
1023 3435 1217 3476 actionem,
1242 3438 1282 3469 ut

194 3478 396 3514 indemnem
428 3487 484 3512 me
515 3481 683 3523 praestet.
720 3488 763 3513 ea
789 3488 842 3513 em
866 3479 1040 3515 servanda
1072 3490 1150 3515 esse
1173 3479 1280 3514 Iulia-

196 3534 263 3559 nus
287 3523 338 3558 ait
360 3523 467 3558 etiam
491 3533 573 3558 cuin
596 3522 777 3568 depositus
801 3523 856 3558 vel
886 3524 1130 3561 commodatus
1158 3534 1281 3560 servus

196 3567 332 3604 furtum
354 3567 475 3604 faciat.

510 3684 553 3724 (2)
577 3683 626 3716 sic
638 3681 699 3722 ΙΝ,
715 3686 827 3714 nostre
840 3682 883 3714 F'

459 3729 501 3770 (4)
528 3727 659 3760 desinet
671 3726 723 3760 Γ*

999 3688 1042 3721 (³)
1067 3683 1284 3724 debitorJqui

803 3729 845 3768 (5)
872 3738 939 3759 rem
955 3729 1014 3760 ins.
1111 3731 1155 3769 (a)
1180 3738 1282 3760 acre-

198 3684 238 3723 (ι)
263 3693 331 3714 rem
346 3685 403 3716 ins.

199 3727 292 3760 dedit
303 3740 365 3761 scr.

1274 102 1353 150 184

1806 118 1867 150 DE
1895 120 2215 152 PIGNERATICIA
2243 122 2440 154 Acmona
2508 98 2516 113 e

1402 226 1456 265 32
1481 228 1717 265 Masouivos
1733 229 1824 266 libro
1837 234 1968 276 quarto
1978 231 2189 311 rgqularum
2235 233 2324 269 Cum
2343 234 2440 270 debi-

1355 277 1452 316 tore,
1484 274 1544 326 qui
1568 274 1729 327 alienam·
1742 285 1816 310 rem
1839 276 1977 321 pIgnori
2027 276 2115 319 edit,
2147 282 2266 323 potest
2289 279 2442 315 creditor

1357 322 1537 354 contraria
1559 321 1790 365 pigneraticia
1859 331 1928 363 ere,
1953 322 2020 357 etsi
2039 322 2206 359 solvendo
2227 323 2364 360 debitor
2384 325 2439 361 sit.

1402 361 1454 402 33
1480 363 1588 400 Imm
1616 365 1706 401 libro
1729 366 1835 412 sinqu
1852 366 1912 401 ari
1933 366 1983 401 ad
2002 367 2200 412 formulam
2223 367 2440 415 hypotheca-

1355 410 1448 444 riam
1495 408 1533 444 Si
1555 410 1743 455 pecuniam
1767 410 1907 446 debitor
1931 411 2094 454 solverit,
2126 417 2246 457 potest
2277 414 2439 459 pignera-

1355 454 1441 490 ticia
1471 454 1613 490 actione
1644 455 1693 490 uti
1725 454 1772 490 ad
1801 455 2072 501 reciperandam
2104 453 2326 503 ἀντίχρησινι
2359 469 2442 495 nain

1357 510 1438 534 cum
1460 499 1588 545 pignus
1612 500 1669 542 sit,
1693 500 1763 536 hoc
1786 501 1894 536 verbo
1918 502 2050 546 poterit
2073 502 2136 537 uti.

1402 542 1455 582 34
1480 544 1721 580 MARCELLUS
1747 545 1838 582 libro
1868 547 2052 592 sinqulari
2080 557 2334 593 responsorum
2380 548 2440 584 Ti-

1355 590 1425 625 tius
1450 600 1531 625 cum
1555 589 1764 626 credidisset
1786 591 1974 635 pecuniam
1998 590 2206 637 Sempronio
2231 597 2267 627 et
2291 593 2336 629 ob
2362 603 2439 628 eam

1355 635 1482 680 pignus
1516 635 1715 680 accepisset
1748 635 1979 680 futurumque
2010 641 2123 679 esset,
2159 641 2200 672 ut
2230 637 2441 674 distraheret

1356 681 1460 714 eam⁵
1483 679 1655 723 creditor,
1681 680 1765 725 quia
1787 681 1941 725 pecunia
1964 692 2036 716 non
2060 681 2273 725 solveretur,
2306 683 2396 728 petit
2419 694 2441 718 a

1357 725 1532 760 creditore
1542 726 1567 768 ⁰,
1590 729 1633 760 ut
1654 725 1804 761 fundum
1828 730 1924 761 certo
1949 726 2067 770 pretio
2091 729 2247 772 emptum
2270 728 2440 763 haberet⁷

1355 774 1392 805 et
1410 781 1492 805 cum
1510 770 1746 815 impetrasset,
1771 770 1971 816 epistulam,
1996 781 2067 823 qua
2084 782 2123 807 se
2142 772 2340 808 vendidisse
2359 773 2440 809 fun-

1356 815 1441 850 dum
1465 815 1632 851 creditori
1655 815 1887 868 significaret,
1921 816 2053 851 emisit:
2086 827 2237 862 quaero,
2271 828 2317 852 an
2347 818 2442 854 hanc

1354 860 1594 896 venditionem
1617 860 1757 896 debitor
1780 871 1948 896 revocare
1971 861 2085 906 possit
2107 861 2285 898 offerendo
2310 868 2442 899 sortem

1355 909 1391 941 et
1412 916 1541 941 usuras
1565 916 1658 950 quae
1681 905 1866 941 debentur.
1902 906 2094 942 Marcellus
2114 907 2296 952 respondit
2315 918 2441 943 secun-

1355 950 1440 986 dum
1464 961 1526 994 ea,
1551 961 1642 996 quae
1665 951 1853 996 proposita
1876 955 2012 994 essent,
2037 961 2205 987 revocare
2229 963 2300 988 non
2323 963 2438 998 posse.

1401 993 1453 1033 35
1479 996 1755 1032 onamvrmvs
1783 996 1874 1032 libro
1898 1000 2023 1032 octavo
2047 997 2308 1033 institutionum
2355 998 2442 1034 Cum

1355 1045 1391 1076 et
1414 1041 1519 1076 sortis
1544 1041 1686 1077 nomine
1709 1045 1745 1076 et
1767 1051 1957 1077 usurarum
1989 1041 2121 1087 aliquid
2145 1041 2295 1078 debetur
2318 1044 2364 1078 ab
2389 1054 2441 1087 eo,

1355 1086 1413 1166 api
1439 1087 1505 1122 sub
1524 1086 1731 1132 pignoribus
1751 1086 1940 1132 pecuniam
1960 1086 2076 1129 debet,
2102 1087 2271 1140 quidquid
2295 1098 2339 1123 ex
2358 1099 2441 1124 ven-

1392 1132 1489 1167 tione
1508 1132 1694 1177 pignorum
1713 1132 1917 1177 recipiatur,
1941 1132 2093 1177 primum
2113 1143 2240 1176 usuris,
2265 1144 2354 1178 quas
2372 1134 2442 1169 iam

1355 1181 1441 1212 tunc
1477 1177 1597 1212 deberi
1633 1181 1794 1220 constat,
1831 1177 1959 1212 deinde
1990 1177 2020 1212 si
2076 1177 2136 1213 uid
2168 1183 2330 1223 superest
2353 1180 2442 1215 sorti

1355 1226 1504 1267 accepto
1527 1221 1713 1257 ferendum
1736 1226 1808 1258 est:
1834 1233 1900 1257 nec
1924 1222 2055 1257 audien
2079 1233 2122 1258 us
2147 1226 2201 1258 est
2225 1223 2375 1266 debitor,
2400 1225 2441 1267 si,

1356 1278 1437 1302 cum
1460 1277 1587 1312 pamm
1609 1267 1776 1303 idoneum
1800 1278 1839 1303 se
1858 1278 1935 1303 esse
1955 1268 2057 1310 sciat,
2082 1268 2188 1312 eligit,
2212 1279 2282 1313 quo
2303 1270 2444 1305 nomine

1361 1315 1372 1347 l
1424 1313 1609 1348 exonerari
1667 1313 1770 1358 ignus
1806 1323 1910 1348 suum
1943 1312 2052 1348 malit.
2110 1313 2244 1358 Pignus
2279 1319 2443 1350 manente

1355 1368 1420 1402 pro
1447 1357 1574 1393 rietate
1598 1324 1767 1393 debitoris
1791 1358 1904 1394 solam
1927 1357 2188 1403 possessionem
2206 1359 2379 1395 transfert
2397 1360 2442 1395 ad

1356 1413 1417 1438 cre
1445 1403 1591 1438 itorem:
1616 1407 1737 1448 potest
1754 1406 1875 1439 tamen
1895 1407 1931 1439 et
1949 1403 2110 1448 precario
2131 1407 2167 1439 et
2185 1415 2250 1449 pro
2265 1404 2442 1441 conducto

1355 1448 1497 1484 debitor
1519 1459 1559 1484 re
1581 1459 1650 1484 sua
1673 1449 1737 1483 uti.

1401 1491 1454 1531 36
1486 1493 1681 1530 ULPIANUS
1702 1494 1794 1530 libro
1817 1493 2005 1529 undecimo
2029 1493 2079 1529 ad
2100 1494 2254 1530 edictum
2301 1494 2339 1530 Si
2364 1496 2442 1540 quis

1355 1539 1391 1574 in
1415 1539 1561 1584 pignore
1583 1550 1649 1584 pro
1681 1549 1769 1574 auro
1802 1549 1863 1574 aes
1895 1538 2106 1574 subiecisset
2136 1539 2322 1582 creditori,
2355 1551 2441 1585 qua-

1356 1584 1436 1619 liter
1448 1588 1625 1627 teneatur,
1647 1584 1847 1629 quaesitum
1861 1588 1924 1619 est.
1959 1584 1997 1618 in
2019 1594 2090 1629 qua
2110 1585 2229 1629 specie
2248 1586 2444 1621 rectissime

1356 1629 1509 1665 Sabinus
1533 1629 1668 1672 scribit,
1695 1630 1724 1664 si
1748 1629 1890 1674 quidem
1914 1629 1998 1664 dato
2025 1639 2112 1665 auro
2137 1639 2197 1665 aes
2221 1630 2442 1672 subiecisset,

1357 1674 1446 1710 furti
1469 1675 1599 1710 teneri:
1632 1675 1729 1720 quod
1752 1674 1783 1710 si
1805 1674 1842 1709 in
1865 1674 1983 1709 dando
2016 1685 2077 1709 aes
2109 1675 2335 1717 subiecisset,
2367 1680 2441 1710 tur-

1355 1720 1447 1765 piter
1469 1719 1609 1761 fecisse,
1635 1730 1706 1755 non
1729 1719 1844 1755 furem
1868 1730 1955 1754 esse.
1991 1719 2054 1754 sed
2078 1724 2114 1755 et
2134 1720 2193 1755 hic
2242 1725 2303 1756 uto
2323 1721 2441 1765 pigne-

1355 1765 1519 1800 raticium
1548 1764 1718 1800 iudicium
1749 1765 1868 1800 locum
1898 1764 2050 1807 habere,
2084 1768 2120 1800 et
2149 1765 2200 1800 ita
2216 1732 2441 1811 li'omponius

1355 1810 1489 1845 scribit.
1539 1810 1601 1846 sed
1643 1814 1679 1846 et
1713 1814 1815 1845 extra
1849 1809 2009 1845 ordinem
2045 1810 2267 1846 stellionatus
2302 1812 2442 1846 nomine

1359 1858 1372 1890 1
1423 1855 1619 1900 plectetur,
1651 1860 1692 1890 ut
1723 1859 1777 1891 est
1807 1855 2012 1900 saepissime
2042 1855 2265 1900 rescriptum.
2314 1856 2383 1891 Sed
2407 1861 2444 1892 et

1355 1901 1386 1936 si
1410 1900 1489 1945 quis
1513 1911 1587 1936 rem
1611 1901 1764 1936 alienam
1786 1900 1872 1935 mihi
1894 1900 2034 1945 pignori
2057 1900 2194 1935 dederit
2217 1901 2332 1937 sciens
2356 1913 2440 1947 pru-

1357 1945 1442 1981 dens
1469 1956 1514 1981 ue
1544 1946 1600 1981 vel
1623 1946 1653 1981 si
1677 1946 1755 1991 quis
1779 1945 1840 1981 alii
1863 1945 2054 1990 obligatam
2077 1945 2164 1980 mihi
2187 1947 2354 1991 obligavit
2377 1957 2441 1982 nec

1355 2001 1411 2026 me
1471 2001 1490 2026 e
1523 1992 1591 2026 hoc
1624 1991 1884 2033 certioraverit,
1921 1990 2045 2026 eodem
2081 1991 2225 2026 crimine
2255 1992 2438 2036 plectetur.

1356 2037 1462 2080 plane
1486 2036 1516 2071 si
1540 2047 1583 2071 ea
1605 2047 1662 2072 res
1688 2047 1746 2071 ain
1771 2037 1807 2071 la
1830 2039 1885 2071 est
1908 2040 1944 2071 et
1967 2035 2013 2071 ad
2036 2035 2213 2071 modicum
2238 2037 2330 2072 aeris
2363 2037 2440 2072 fue-

1354 2082 1402 2116 rit
1424 2081 1628 2126 pignerata,
1654 2081 1723 2117 dici
1772 2082 1889 2117 ebebit
1912 2091 2054 2116 cessare
2076 2092 2149 2116 non
2172 2081 2286 2117 solum
2309 2082 2438 2118 stellio-

1356 2130 1463 2162 natus
1498 2127 1650 2169 crimen,
1687 2127 1750 2162 sed
1781 2127 1887 2162 etiam
1917 2126 2185 2171 pigneraticiam
2216 2131 2251 2162 et
2281 2127 2325 2162 de
2360 2127 2435 2163 dole

1355 2171 1550 2214 actionem,
1582 2172 1685 2217 quasi
1708 2172 1745 2207 in
1769 2172 1867 2207 nullo
1893 2177 2017 2216 captus
2041 2172 2105 2214 sit,
2138 2172 2198 2217 qui
2224 2172 2363 2217 pignori
2386 2183 2441 2208 se-

1357 2216 1474 2252 cundo
1499 2217 1579 2253 loco
1604 2227 1690 2253 acce
1716 2218 1754 2252 it.

1401 2259 1453 2299 37
1479 2261 1536 2297 ΡΑ
1544 2272 1639 2298 obes
1666 2262 1694 2298 li
1715 2274 1757 2298 ro
1791 2264 1916 2308 quinto
1941 2262 1991 2298 ad
2012 2262 2198 2298 Plautium
2245 2262 2283 2297 Si
2315 2262 2440 2307 pignus

1355 2307 1439 2342 mihi
1462 2307 1632 2342 traditum
1655 2307 1830 2343 locassem
1853 2307 2014 2350 domino,
2047 2318 2111 2352 per
2141 2307 2354 2342 locationem
2384 2318 2440 2342 re-

1354 2352 1449 2388 tineo
1473 2353 1754 2397 possessionem,
1786 2353 1870 2398 quia
1892 2357 2082 2398 antequam
2106 2352 2320 2388 conduceret
2343 2352 2440 2388 debi-

1354 2402 1433 2444 tor,
1457 2407 1530 2433 non
1552 2397 1661 2433 fuerit
1685 2398 1760 2433 eius
1784 2398 1982 2443 possessio,
2008 2399 2114 2433 cum⁸
2137 2402 2173 2433 et
2195 2398 2333 2433 animus
2357 2398 2441 2433 mihi

1354 2442 1526 2478 retinendi
1550 2442 1596 2478 sit
1620 2448 1655 2478 et
1679 2442 1893 2478 conducenti
1916 2454 1988 2478 non
2012 2443 2060 2478 sit
2082 2443 2220 2478 animus
2243 2443 2440 2488 possessio-

1355 2498 1435 2523 nem
1458 2498 1480 2523 a
1506 2487 1651 2524 iscendi.

1400 2529 1453 2570 38
1478 2499 1735 2569 &oola-wives
1761 2532 1852 2568 libro
1878 2534 2001 2579 primo
2033 2533 2320 2579 differentiarum
2367 2533 2439 2568 Pu-

1353 2578 1438 2624 pillo
1474 2578 1630 2623 capienti
1663 2578 1790 2624 pignus
1827 2581 1972 2623 propter
2015 2582 2146 2613 metum
2188 2578 2440 2623 pigneraticiae

1353 2623 1504 2659 actionis
1529 2623 1733 2659 necessaria
1757 2627 1810 2658 est
1833 2623 1962 2658 tutoris
1987 2623 2195 2659 auctoritas.

1399 2666 1453 2706 39
1478 2667 1584 2704 IDEM
1612 2669 1703 2705 libro
1736 2672 1868 2714 quarto
1899 2679 2155 2714 responsorum
2202 2667 2314 2704 Gaius
2339 2667 2439 2704 Seius

1353 2714 1398 2749 ob
1422 2713 1611 2766 pecuniam
1634 2718 1792 2749 mutuam
1814 2713 1965 2748 fundum
1988 2724 2092 2748 suum
2109 2712 2222 2748 Lucio
2245 2713 2339 2748 Titio
2363 2714 2438 2758 pig-

1353 2769 1431 2794 nori
1456 2758 1570 2794 dedit:
1603 2763 1730 2804 postea
1760 2763 1906 2804 pactum
1935 2758 2028 2793 inter
2051 2768 2112 2794 eos
2135 2758 2272 2793 factum
2295 2763 2368 2801 est,
2400 2762 2441 2793 ut

1352 2804 1507 2839 creditor
1549 2804 1676 2849 pignus
1711 2815 1815 2840 suum
1848 2803 1886 2838 in
1921 2803 2233 2848 conpensationem
2267 2804 2439 2848 pecuniae

1351 2860 1438 2885 suae
1463 2853 1560 2884 certo
1585 2853 1744 2895 tempore
1768 2847 1984 2894 possideret:
2009 2858 2130 2884 verum
2154 2854 2237 2884 ante
2261 2848 2438 2893 expletum

1351 2899 1491 2939 tempus
1516 2894 1671 2930 creditor
1695 2905 1776 2930 cum
1800 2903 1966 2938 suprema
1997 2904 2063 2929 sua
2096 2893 2295 2936 ordinaret,
2327 2897 2436 2929 testa-

1350 2944 1468 2975 mento
1494 2940 1605 2981 cavit,
1637 2943 1677 2975 ut
1701 2939 1791 2974 alter
1814 2948 1858 2974 ex
1880 2938 1961 2974 filiis
1985 2939 2059 2974 suis
2083 2939 2230 2974 haberet
2253 2949 2333 2974 eum
2355 2938 2437 2973 fun-

1351 2985 1435 3020 dum
1459 2989 1495 3020 et
1518 2984 1654 3020 addidit
1678 2988 1794 3029 ‘quem
1818 2983 1861 3018 de
1885 2983 1998 3019 Lucio
2023 2984 2118 3019 Titio
2144 2984 2234 3026 emi’‚
2260 2994 2341 3019 cum
2365 2995 2437 3019 non

1350 3030 1511 3065 emisset:
1542 3030 1612 3065 hoc
1643 3033 1896 3064 testamentum
1927 3028 2020 3064 inter
2051 3034 2190 3065 ceteros
2221 3029 2372 3073 signavit
2402 3034 2438 3063 et

1351 3075 1462 3110 Gaius
1495 3074 1615 3116 Seius,
1648 3075 1708 3119 qui
1737 3073 1807 3109 fuit
1838 3073 1987 3109 debitor.
2032 3084 2184 3119 quaero,
2215 3084 2262 3108 an
2293 3084 2338 3109 ex
2368 3074 2438 3109 hoc

1350 3119 1446 3165 quod
1470 3120 1620 3172 signavit
1642 3118 1898 3164 praeiudicium
1923 3119 2067 3170 aliquod
2091 3119 2158 3154 sibi
2179 3118 2322 3161 fecerit,
2356 3130 2437 3154 cum

1350 3165 1484 3200 nullum
1508 3168 1780 3200 instrumentum
1805 3163 2015 3199 venditioms
2038 3163 2260 3208 proferatur,
2292 3163 2354 3199 sed
2379 3174 2436 3200 so-

1349 3210 1422 3245 lum
1453 3213 1618 3255 pactum,
1653 3213 1694 3245 ut
1725 3209 1879 3245 creditor
1910 3208 1998 3244 certi
2020 3209 2189 3253 temporis
2211 3208 2351 3244 fructus
2376 3219 2436 3243 ca-

1349 3258 1460 3300 peret.
1519 3254 1721 3290 Herennius
1756 3253 1980 3289 Modestinus
2015 3253 2201 3298 respondit
2237 3253 2436 3289 contractui

1349 3300 1505 3379 pignoris
1529 3310 1601 3336 non
1626 3300 1770 3341 obesse,
1806 3298 1902 3343 quod
1926 3298 2064 3334 debitor
2088 3303 2336 3334 testamentum
2360 3308 2435 3333 cre-

1375 3345 1493 3386 'toris,
1525 3345 1562 3380 in
1593 3355 1663 3390 quo
1688 3355 1727 3380 se
1751 3344 1876 3379 emisse
1899 3343 2027 3388 pignus
2052 3344 2246 3388 expressit,
2279 3343 2436 3389 signasse

1349 3390 1568 3434 proponitur.

1395 3434 1448 3472 40
1474 3434 1721 3470 PAmmAiws
1740 3433 1831 3469 libro
1856 3433 1960 3467 tertio
1983 3443 2240 3478 responsorum
2286 3431 2437 3468 Debitor

1349 3490 1371 3514 a
1395 3479 1570 3515 creditore
1593 3479 1719 3524 pignus
1743 3477 1838 3524 quod
1861 3477 1957 3512 dedit
1979 3477 2114 3512 frustra
2137 3477 2239 3520 emit,
2273 3488 2353 3512 cum
2385 3477 2436 3512 rei

1350 3534 1436 3560 suae
1455 3524 1554 3560 nulla
1575 3524 1705 3569 emptio
1725 3523 1789 3559 sit:
1815 3532 1880 3558 nec
1901 3523 1931 3558 si
1954 3522 2100 3558 minoris
2120 3522 2244 3558 emerit
2263 3526 2299 3558 et
2308 3521 2435 3574 pignus

1349 3573 1449 3615 petat
1472 3574 1536 3605 aut
1559 3569 1752 3604 dominium
1774 3567 1947 3610 vindicet,
1982 3567 2014 3603 ei
2044 3578 2116 3603 non
2140 3571 2255 3603 totum
2278 3566 2433 3603 debitum

1353 3682 1474 3723 ditore]
1488 3682 1529 3715 ab
1544 3693 1581 3715 eo
1595 3681 1730 3715 debitor
1741 3695 1803 3716 scr.
1919 3684 1961 3722 (7)
1988 3681 2139 3713 haberem
2152 3679 2187 3713 F
2290 3682 2334 3722 (8)
2359 3690 2433 3712 oum

1355 3728 1417 3761 det.
