2528 3918
128 176 200 206 UTI
228 173 485 206 POSSIDE'HS

127 297 199 321 rem
222 286 260 320 in
284 296 433 320 vacuam
458 284 719 330 possessionem
742 284 813 326 ire,
846 294 950 327 quem
982 282 1130 319 colonus
1158 281 1214 318 in-

125 336 221 366 trare
245 331 446 376 prohibuit:
505 334 605 366 06166
634 332 774 373 emptor
802 329 836 363 vi
867 329 1034 364 colonum
1058 327 1213 374 expulit:

126 377 169 412 de
191 376 392 411 interdictis
418 387 466 410 un
493 386 510 410 e
534 375 567 409 vi
591 374 792 419 quaesitum
817 378 880 409 est.
926 374 1094 418 placebat
1118 373 1214 410 colo-

125 433 209 457 num
233 422 422 457 interdicto
446 420 621 456 venditori
644 420 770 462 teneri,
796 419 879 464 quia
903 420 990 454 nihil
1013 420 1213 461 interesset,

124 468 240 512 ipsum
272 478 319 501 an
349 467 458 502 alium
489 476 534 501 ex
564 465 747 500 voluntate
786 466 862 499 eius
898 465 1044 500 missum
1080 464 1215 499 intrare

125 512 365 557 prohibuerit:
397 521 513 556 neque
538 511 630 545 enim
654 515 737 545 ante
762 510 930 545 omissam
952 510 1215 555 possessionem

125 558 252 601 videri,
286 568 391 602 quam
423 557 453 592 si
485 555 620 591 tradita
649 555 777 590 fuisset
800 556 970 599 emptori,
1004 556 1088 600 quia
1111 565 1214 590 nemo

125 614 165 638 eo
198 604 315 638 animo
347 608 457 646 esset,
490 606 531 636 ut
562 601 824 646 possessionem
856 600 1036 636 omitteret
1067 605 1215 646 propter

124 653 328 693 emptorem,
354 658 460 693 quam
478 652 618 691 emptor
637 645 788 690 adeptus
808 657 882 681 non
901 646 1041 681 fuisset.
1079 650 1214 691 empto-

124 705 196 728 rem
221 703 373 738 quoque‚
399 693 459 738 qui
478 696 606 737 postea
626 692 695 726 vim
713 691 886 734 adhibuit,
912 696 948 727 et
966 691 1084 736 ipsum
1103 692 1213 726 inter-

125 739 220 774 dicto
246 739 372 774 colono
396 738 527 773 teneri:
557 747 631 772 non
655 736 748 771 enim
771 737 817 771 ab
842 738 932 781 ipso,
959 737 1021 772 sed
1046 748 1068 772 a
1091 736 1213 771 vendi-

123 790 200 819 tore
223 794 288 828 per
312 784 382 819 vim
404 783 555 819 fundum
579 792 658 818 esse
681 793 899 827 possessum,
926 783 1007 817 cui¹
1032 781 1211 827 possessio

124 833 220 865 esset
251 829 383 864 ablata.
433 829 634 873 quaesitum
668 831 742 870 est,
781 838 827 862 an
862 828 1014 873 emptori
1051 827 1215 863 succurri

123 875 269 916 debeat,
310 875 341 910 si
372 875 555 910 voluntate
586 873 781 908 venditoris
821 873 987 908 colonum
1024 877 1152 918 postea
1180 873 1215 908 vi

122 920 328 965 expulisset.
377 920 451 955 dixi
474 930 547 954 non
572 929 649 954 esse
672 918 884 960 iuvandum,
919 919 979 963 qui
1005 918 1214 953 mandatum

126 970 139 999 1
190 965 352 1000 111161111111
376 965 585 1009 susceperit.
633 963 738 1008 Eum,
765 964 825 1009 qui
848 964 999 999 fundum
1023 964 1215 999 vindicavit

123 1011 168 1045 ab
194 1020 255 1053 eo,
288 1021 369 1046 cum
404 1021 473 1056 quo
506 1009 697 1044 interdicto
729 1009 825 1044 unde
849 1009 883 1044 vi
906 1010 1024 1054 potuit
1049 1009 1213 1054 experiri,

122 1055 299 1100 pendente
327 1055 459 1091 iudicio
492 1056 602 1090 nihilo
633 1056 749 1090 minus
773 1055 963 1090 interdicto
988 1058 1086 1089 recte
1110 1065 1214 1099 agere

147 1102 269 1136 lacuit.

124 1113 144 1146 p
173 1144 223 1184 19
253 1147 530 1182 TRYPHOMNUS
558 1146 648 1181 libro
679 1146 805 1190 quinto
830 1145 967 1181 decimo
1000 1145 1056 1181 dele
1084 1147 1214 1180 utana-

123 1204 206 1227 num
254 1191 385 1227 Merito
409 1191 570 1226 Iulianus
593 1191 796 1236 respondit,
830 1191 860 1225 si
890 1201 947 1226 me
977 1190 1020 1226 de
1060 1191 1156 1225 undo
1182 1191 1215 1225 vi

123 1237 312 1279 deieceris,
344 1238 381 1271 in
414 1248 483 1281 quo
515 1247 572 1271 res
606 1240 787 1271 moventes
820 1236 983 1278 fuerunt,
1018 1247 1098 1272 cum
1129 1236 1215 1270 mihi

122 1283 311 1318 interdicto
344 1282 438 1317 unde
468 1282 503 1317 vi
526 1281 715 1316 restituere
739 1281 870 1317 debeas
894 1292 968 1316 non
992 1282 1107 1317 solum
1130 1293 1214 1326 pos-

122 1328 316 1363 sessionem
347 1328 430 1369 soli,
463 1327 527 1363 sed
555 1331 592 1361 et
623 1337 666 1362 ea
696 1337 788 1372 quae
818 1327 868 1362 ibi
891 1327 1056 1369 fuerunt,
1090 1337 1214 1372 quam-

123 1384 229 1418 quam
262 1383 325 1418 ego
358 1383 494 1408 moram
526 1372 663 1414 fecero,
706 1383 775 1417 quo
807 1372 923 1407 minus
954 1372 1145 1408 interdicto
1179 1377 1214 1407 te

123 1419 357 1462 convenirem,
386 1418 579 1453 subtractis
604 1419 749 1452 tamen2
772 1418 991 1453 mortalitate
1016 1418 1127 1454 servis
1152 1422 1216 1453 aut

121 1464 313 1509 pecoribus
351 1464 473 1499 aliisve
509 1464 617 1498 rebus
656 1474 744 1498 casu
780 1463 1075 1499 intercidentibus
1112 1469 1215 1498 tuum

121 1515 241 1544 tamen
272 1520 363 1544 onus
395 1509 506 1544 nihilo
538 1508 655 1544 minus
688 1509 725 1543 in
769 1508 822 1543 eis
863 1509 1092 1544 restituendis
1126 1520 1213 1552 esse,

146 1555 205 1589 uia
241 1565 286 1590 ex
320 1555 400 1600 ipso
429 1558 590 1599 tempore
619 1554 742 1589 delicti
770 1555 851 1600 plus
883 1565 988 1599 quam
1021 1554 1215 1590 frustrator

121 1566 263 1636 debitor
287 1600 503 1635 constitutus
529 1610 568 1635 es
578 1600 603 1634 3.

169 1644 222 1683 20
247 1645 380 1680 LABEO
406 1645 496 1680 libro
522 1646 626 1680 tertio
645 1644 829 1691 pithanon
853 1657 876 1680 α
899 1644 1018 1681 Paulo
1043 1647 1214 1692 epitoma-

124 1697 242 1726 torum
288 1690 328 1726 Si
361 1691 510 1726 colonus
542 1694 625 1725 tuus
655 1690 689 1725 vi
719 1690 877 1725 deiectus
909 1694 981 1733 est,
1013 1701 1096 1736 ages
1120 1692 1216 1727 unde

121 1737 155 1771 vi
185 1737 387 1772 interdicto.
442 1735 535 1771 idem
567 1736 598 1771 si
631 1735 827 1779 inquilinus
864 1740 948 1771 tuus
988 1736 1022 1771 vi
1055 1737 1214 1772 deiectus

122 1781 241 1817 fuerit.
290 1781 465 1817 PAULUs:
495 1781 589 1816 idem
619 1781 690 1816 dici
719 1785 839 1826 potest
863 1781 906 1816 de
931 1782 1048 1817 coloni
1074 1783 1213 1826 colono,

123 1828 206 1863 item
229 1827 391 1872 inquilini
413 1827 599 1872 inquilino.

586 1987 700 2026 XVII
710 1987 735 2025 ⁴.

486 2065 565 2097 UTI
589 2065 858 2098 POSSIDETIS.

173 2142 190 2180 1
228 2143 422 2178 ULPJANUS
451 2142 541 2177 libro
571 2144 825 2189 seoeaqensz'mo
855 2154 951 2178 nono
982 2143 1031 2179 ad
1060 2144 1214 2180 edictum

123 2189 184 2223 Ait
207 2192 368 2233 praetor:
403 2187 475 2223 ‘Uti
507 2197 567 2222 eas
586 2188 722 2233 ,aedes‚
757 2188 886 2232 quibus
911 2189 955 2224 de
979 2189 1114 2234 agitur,
1148 2201 1214 2226 nec

122 2235 169 2269 ‘vi
193 2245 258 2269 nec
284 2234 376 2268 clam
400 2244 466 2268 nec
489 2234 652 2277 precario
686 2233 778 2268 alter
802 2234 847 2269 ab
871 2234 984 2270 altero
1010 2235 1214 2280 possidetis,

123 2282 204 2324 ‘quo
229 2279 345 2314 minus
369 2279 421 2313 ita
443 2278 668 2323 possideatis,
692 2279 762 2313 vim
787 2278 864 2314 fieri
887 2284 980 2315 veto.
1018 2280 1062 2315 de
1081 2281 1213 2316 cloacis

123 2325 204 2360 Δ1106
242 2323 470 2359 interdictum
506 2334 578 2358 non
612 2323 717 2359 dabo.
769 2325 905 2369 ⁵neque
935 2326 1066 2371 pluris,
1107 2337 1213 2370 quam

123 2370 260 2415 ‘quanti
290 2380 347 2405 res
381 2369 465 2404 erit:
505 2370 600 2404 intra
630 2380 778 2412 annum,
818 2381 888 2415 quo
920 2372 1074 2415 primum
1107 2382 1212 2416 expe-

127 2422 139 2450 1
192 2415 322 2450 ‘riundi
360 2419 519 2460 potestas
554 2414 679 2457 fuerit,
719 2426 824 2460 agere
852 2417 1080 2460 permittam'.
1134 2417 1214 2453 Hoc

123 2460 350 2496 interdictum
375 2460 418 2495 de
443 2460 509 2495 soli
538 2462 771 2505 possessore6
801 2461 975 2506 scriptum
1007 2466 1079 2504 est,
1111 2473 1213 2507 quem

123 2506 298 2551 potiorem
329 2510 474 2550 praetor
504 2505 541 2539 in
566 2506 632 2541 soli
654 2506 882 2551 possessione
905 2507 1057 2551 habeat,
1090 2513 1127 2543 et
1160 2513 1215 2544 est

124 2555 142 2586 2
190 2551 465 2596 prohibitorium
484 2550 530 2585 ad
547 2551 769 2586 retinendam
787 2553 1065 2596 possessionem.
1097 2554 1213 2589 Huius

124 2601 243 2632 autem
275 2596 455 2631 interdicti
484 2596 708 2640 proponendi
738 2607 849 2632 causa
880 2598 969 2633 haec
1000 2597 1084 2641 fuit,
1119 2600 1214 2643 quod

123 2647 290 2687 separata
330 2652 407 2677 esse
447 2641 552 2676 debet
588 2642 769 2686 possessio
805 2653 827 2676 a
858 2644 1095 2687 proprietate:
1136 2645 1214 2679 fieri

124 2688 252 2723 etenim
276 2691 413 2732 potest,
445 2691 486 2721 ut
516 2687 608 2721 alter
634 2697 823 2731 possessor
853 2688 915 2730 sit,
947 2688 1110 2725 dominus
1140 2701 1213 2725 non

123 2733 189 2775 sit,
223 2733 314 2767 alter
344 2732 505 2767 dominus
539 2731 679 2775 quidem
712 2732 776 2774 sit,
809 2743 997 2776 possessor
1028 2745 1110 2770 vero
1141 2746 1214 2770 non

123 2778 188 2814 sit:
213 2777 291 2812 fieri
315 2781 444 2822 potest,
470 2780 511 2811 ut
535 2781 571 2812 et
592 2787 782 2821 possessor
800 2778 895 2813 idem
917 2783 952 2813 et
972 2779 1135 2815 dominus
1153 2782 1210 2816 sit.

125 2827 143 2857 3
192 2823 291 2857 Inter
327 2822 523 2867 litigatores
564 2833 646 2867 ergo
687 2824 850 2867 quotiens
890 2828 943 2859 est
981 2825 1212 2870 proprietatis

124 2868 378 2909 controversia,
404 2872 467 2902 aut
493 2869 658 2902 convenit
680 2869 773 2904 inter
794 2869 1003 2913 litigatores,
1028 2875 1108 2905 uter
1127 2882 1212 2915 pos-

123 2924 243 2950 sessor
267 2914 323 2954 sit,
349 2916 430 2948 uter
452 2913 594 2957 petitor,
623 2918 688 2948 aut
710 2925 782 2949 non
806 2915 980 2950 convenit.
1030 2916 1061 2951 si
1085 2927 1211 2952 conve-

123 2959 194 3001 nit,
220 2959 424 2994 absolutum
449 2962 521 2993 est:
554 2958 613 2993 ille
636 2960 854 3003 possessoris
880 2961 1084 3003 commodo,
1110 2973 1213 3007 quem

125 3004 288 3040 convenit
304 3003 499 3048 possidere,
523 3004 607 3038 ille⁷
627 3005 789 3048 petitoris
810 3015 916 3040 onere
934 3005 1112 3051 fungetur.
1151 3008 1211 3043 sed

125 3051 155 3085 si
178 3050 271 3084 inter
294 3049 392 3094 ipsos
413 3049 660 3091 contendatur,
684 3054 765 3085 uter
784 3051 976 3095 possideat,
1003 3052 1085 3096 quia
1103 3053 1210 3087 alter-

125 3100 203 3130 uter
232 3105 270 3130 se
302 3094 415 3139 magis
439 3094 622 3139 possidere
646 3094 829 3138 adfirmat,
862 3101 964 3139 tunc,
998 3098 1029 3132 si
1058 3108 1116 3133 res
1147 3099 1213 3133 soli

124 3140 180 3183 sit,
205 3140 265 3175 in⁸
291 3140 392 3174 cuius
416 3140 645 3185 possessione
669 3141 906 3184 contenditur,
939 3142 986 3177 ad
1009 3143 1078 3178 hoc
1102 3143 1211 3178 inter-

124 3188 145 3219 4
193 3185 327 3220 dictum
350 3185 587 3220 remittentur.
635 3184 704 3220 Est
734 3186 845 3230 igitur
875 3187 944 3222 hoc
971 3188 1211 3232 interdictum,

125 3230 221 3275 quod
243 3231 344 3275 volgo
368 3230 422 3265 uti
445 3230 636 3275 possidetis
661 3231 874 3275 appellatur,
899 3233 1104 3268 retinendae
1128 3244 1211 3278 pos·

124 3276 292 3311 sessionis
318 3280 413 3317 (nam
436 3276 543 3311 huius
567 3275 620 3310 rei
644 3286 754 3310 causa
777 3277 954 3319 redditur,
988 3289 1032 3313 ne
1066 3279 1117 3313 vis
1147 3278 1213 3314 fiat

126 3321 157 3355 ei
180 3321 241 3401 alui
263 3321 438 3366 possidet)
463 3326 498 3355 et
523 3325 781 3365 consequenter
803 3323 1015 3367 proponitur
1044 3327 1127 3368 post
1157 3325 1211 3359 in-

125 3370 179 3400 ter
208 3366 315 3401 'ctum
339 3366 434 3401 unde
457 3366 501 3400 vi.
549 3366 639 3400 illud
662 3367 756 3401 enim
779 3367 960 3402 restituit⁰
986 3369 1020 3403 vi
1044 3370 1211 3404 amissam

126 3411 404 3455 possessionem,
437 3411 506 3446 hoc
530 3411 760 3446 interdictum
782 3415 921 3456 tuetur,
951 3424 996 3448 ne
1026 3415 1212 3450 amittatur

125 3456 314 3502 possessio,
336 3455 488 3502 denique
505 3461 652 3502 praetor
667 3459 691 3477 ¹⁰
710 3456 908 3502 possidenti
920 3458 990 3494 vim
1002 3457 1080 3494 fieri
1095 3463 1210 3496 vetat:

126 3573 165 3612 (1)
191 3570 287 3602 6111116
297 3583 358 3603 scr.
455 3574 497 3611 (2)
522 3570 644 3613 tamen]
661 3571 797 3603 interim
809 3583 871 3603 scr.
965 3574 1006 3612 (3)
1032 3575 1081 3605 661
1093 3573 1130 3606 F

170 3618 212 3657 (4)
237 3616 302 3648 Ed.
314 3632 361 3638 —
374 3616 461 3650 Bas.
474 3617 530 3657 58,
543 3623 585 3649 17.
597 3632 644 3639 -—
666 3615 716 3659 Cf
733 3616 812 3650 Cod.
826 3616 859 3657 8,
873 3622 889 3649 6
989 3618 1033 3657 (5)
1060 3630 1144 3660 quae
1162 3630 1210 3650 se-

125 3668 275 3704 quuntur,
290 3662 434 3703 pertinet
452 3672 514 3694 non
534 3662 580 3693 ad
598 3661 802 3695 interdictum
823 3662 873 3694 uti
882 3663 1071 3704 possidetis,
1090 3664 1150 3695 sed
1166 3664 1212 3695 ad

126 3706 261 3738 edictum
284 3707 324 3738 de
343 3706 463 3739 iudicio
485 3707 643 3739 secutorio
743 3706 788 3748 (6)
814 3704 854 3738 de
873 3704 938 3738 soli
956 3707 1149 3750 possessore]
1171 3707 1210 3740 de

126 3760 164 3781 eo
174 3762 237 3784 scr.
333 3752 374 3791 (7)
400 3761 499 3792 quem
511 3751 667 3784 convenit
678 3761 747 3783 non
758 3750 925 3794 possidere
937 3752 997 3785 ins.
1090 3754 1135 3793 (8)
1160 3753 1208 3795 in]

126 3795 166 3827 de
185 3796 256 3828 edd.
396 3797 441 3837 (9)
465 3795 597 3827 restitui
617 3797 652 3828 F
781 3797 840 3837 (1ο)
865 3796 928 3829 1106
946 3796 1144 3839 interdicto,
1168 3808 1210 3830 ne

1206 156 1284 203 691

1963 164 2199 206 XXXXIII
2235 167 2297 207 16.
2326 168 2372 206 17

1286 285 1322 317 61
1352 282 1442 317 illud
1474 282 1613 327 quidem
1644 283 1872 319 interdictum
1903 286 2087 331 obpugnat
2121 299 2375 333 possessorem,

1285 329 1354 363 hoc
1378 332 1512 363 tuetur.
1561 331 1598 363 et
1622 332 1664 362 ut
1686 328 1817 364 Pedius
1842 331 1910 373 ait,
1943 332 2057 368 01111116
2084 333 2126 368 116
2150 334 2377 377 possessione

1286 373 1529 409 controversia
1552 377 1618 408 aut
1641 384 1682 408 eo
1707 374 1879 418 pertinet,
1909 381 1966 419 ut,
1998 378 2094 422 quod
2119 390 2191 413 non
2214 379 2375 424 posside-

1285 430 1374 461 mus,
1399 419 1504 454 nobis
1529 418 1752 461 restituatur,
1778 425 1840 454 aut
1864 421 1910 455 ad
1934 422 2014 464 hoc,
2040 427 2081 458 ut
2099 424 2252 459 retinere
2272 426 2375 460 nobis

1284 464 1392 499 liceat
1416 464 1513 509 quod
1536 464 1772 509 possidemus.
1819 466 2004 502 restitutae
2028 470 2262 512 possessionis
2289 470 2375 505 ordo

1285 514 1348 544 aut
1365 509 1557 545 interdicto
1577 509 1766 554 expeditur
1788 514 1852 544 aut
1868 521 1931 554 per
1952 512 2145 549 actionem:
2170 515 2377 550 retinendae

1284 556 1406 599 itaque
1428 555 1669 600 possessionis
1694 555 1827 600 duplex
1850 557 1906 590 via
1930 562 2001 600 est,
2035 563 2099 593 aut
2126 561 2287 604 exceptio
2314 565 2377 595 aut

1284 600 1524 636 interdictum.
1571 600 1738 646 exceptio
1764 600 1870 635 datur
1894 612 1937 636 ex
1960 603 2080 638 multis
2105 605 2222 640 causis
2254 605 2287 640 ei
2318 606 2377 650 qui

1286 649 1303 679 5
1352 645 1526 690 possidet.
1573 646 1754 691 Perpetuo
1788 650 1908 680 autem
1938 647 2007 682 hoc
2036 649 2224 685 interdicto
2253 650 2377 686 insunt

1283 691 1393 725 haec:
1427 691 1536 736 ‘quod
1565 700 1633 727 nec
1664 691 1699 726 vi
1729 701 1796 726 nec
1829 691 1921 726 clam
1952 703 2017 727 nec
2047 696 2208 738 precario
2242 696 2288 731 ab
2316 696 2375 730 illo

1285 741 1305 771 6
1354 736 1539 781 ‘possides’
1554 738 1594 771 ¹¹.
1624 736 1860 771 Interdictum
1877 742 1997 772 autem
2014 749 2256 782 possessorem
2272 751 2375 786 prae-

1287 781 1335 816 dii
1358 785 1491 823 tuetur,
1517 780 1614 827 quod
1637 785 1693 817 est
1717 782 1768 817 uti
1791 782 1996 826 possidetis.
2040 784 2132 819 actio
2157 786 2250 820 enim
2275 798 2375 821 num-

1285 837 1392 871 quam
1410 827 1504 862 ultro
1525 827 1726 871 possessori
1746 827 1863 871 datur,
1889 828 2019 872 quippe
2039 829 2211 865 61111161112
2232 831 2264 865 ei
2282 832 2377 876 quod

1287 876 1303 906 7
1353 872 1546 917 possideat.
1584 873 1664 907 Hoc
1683 872 1913 908 interdictum
1929 873 2049 908 10611111
2066 875 2185 917 1161161,
2207 876 2281 912 sive
2298 877 2376 921 quis

1284 921 1401 952 totum
1421 916 1573 952 fundum
1590 918 1776 962 possidere
1793 929 1831 954 se
1848 918 1955 961 dicat,
1977 919 2049 953 sive
2065 931 2130 964 pro
2148 925 2246 956 cer-ta
2261 927 2375 966 parte,

1286 966 1305 997 8
1353 963 1426 998 sive
1458 974 1522 1008 pro
1554 963 1705 999 indiviso
1738 964 1931 1008 possideat.
1980 964 2059 999 Hoc
2091 965 2317 1001 interdictum
2339 967 2377 1001 111

1285 1009 1450 1043 011111111116
1476 1009 1582 1043 etiam
1612 1009 1918 1053 possessionibus,
1952 1020 2043 1054 quae
2074 1017 2158 1044 sunt
2186 1012 2269 1054 soli,
2302 1013 2377 1048 sine

1285 1054 1394 1089 dubio
1436 1054 1556 1089 locum
1595 1054 1760 1096 habebit,
1805 1054 1996 1090 dummodo
2038 1056 2213 1099 possideri
2251 1058 2376 1102 possit.

1285 1102 1305 1134 9
1354 1098 1457 1143 Quod
1481 1100 1532 1134 ait
1555 1104 1703 1144 praetor
1726 1101 1763 1135 in
1786 1100 1998 1135 interdicto:
2033 1105 2109 1135 ‘nec
2139 1102 2173 1136 vi
2198 1113 2263 1137 nec
2288 1103 2378 1137 clam

1286 1147 1363 1179 ‘nec
1387 1145 1552 1189 precario
1578 1145 1669 1180 alter
1693 1146 1738 1180 ab
1764 1146 1878 1181 altero
1902 1145 2116 1191 possidetis’,
2141 1147 2210 1182 hoc
2234 1157 2276 1182 eo
2297 1158 2377 1192 per-

1284 1191 1393 1229 tinet,
1426 1194 1485 1233 ut,
1511 1191 1543 1226 si
1567 1191 1646 1235 quis
1671 1190 1832 1235 possidet
1855 1191 1890 1226 vi
1913 1195 1979 1226 aut
2002 1191 2092 1226 clam
2117 1197 2180 1226 aut
2204 1194 2377 1237 precario,

1285 1236 1315 1271 si
1340 1235 1481 1280 quidem
1506 1237 1551 1271 ab
1576 1236 1657 1280 alio,
1682 1236 1799 1281 prosit
1821 1237 1854 1272 ei
1878 1237 2070 1281 possessio,
2096 1237 2126 1271 si
2144 1248 2226 1272 vero
2248 1239 2292 1272 ab
2316 1239 2377 1272 ad-

1284 1282 1441 1316 versario
1469 1293 1553 1324 suo,
1587 1292 1660 1317 non
1691 1282 1819 1318 debeat
1844 1293 1924 1317 eum
1948 1286 2097 1327 propter
2119 1283 2189 1318 hoc
2214 1284 2310 1328 quod
2333 1285 2378 1318 ab

1287 1337 1328 1362 eo
1353 1327 1514 1371 possidet
1537 1327 1697 1362 vincere:
1729 1328 1796 1362 has
1829 1328 1922 1362 enim
1952 1328 2198 1372 possessiones
2223 1339 2294 1364 non
2320 1329 2377 1364 de-

1285 1373 1369 1407 bere
1393 1371 1568 1416 proficere
1592 1373 1712 1417 palam
1737 1377 1801 1408 est.

1332 1415 1356 1454 2
1381 1418 1542 1453 PAULUS
1571 1418 1662 1453 libro
1694 1429 1788 1454 sexa
1816 1419 1951 1454 ensz'mo
1985 1419 2111 1464 quinto
2144 1419 2193 1453 ad
2226 1419 2379 1454 edictum

1284 1463 1385 1498 Iusta
1411 1463 1504 1498 enim
1529 1474 1575 1497 an
1599 1463 1733 1499 iniusta
1757 1474 1778 1498 a
1808 1475 1931 1499 versus
1956 1468 2093 1500 ceteros
2117 1464 2296 1509 possessio
2321 1465 2379 1507 sit,

1284 1509 1321 1543 in
1353 1510 1422 1544 1106
1458 1509 1649 1544 interdicto
1688 1509 1777 1544 nihil
1814 1510 1942 1544 refert:
1981 1510 2250 1554 qualiscumque
2287 1511 2379 1545 enim

1284 1565 1474 1599 possessor
1502 1555 1571 1589 hoc
1603 1555 1699 1599 ipso,
1730 1555 1827 1599 quod
1858 1566 2048 1600 possessor
2078 1559 2150 1597 est,
2183 1555 2263 1600 plus
2292 1556 2379 1590 iuris

1284 1600 1394 1634 habet
1418 1610 1525 1644 quam
1548 1600 1608 1634 ille
1633 1601 1693 1644 qui
1717 1611 1790 1635 non
1813 1600 1985 1645 possidet.

1332 1643 1356 1682 3
1397 1644 1592 1680 ULPIANUS
1630 1646 1721 1680 libro
1753 1647 1983 1689 sexaqesz'mo
2015 1657 2110 1681 nono
2147 1646 2196 1681 ad
2226 1645 2379 1681 edictum

1287 1690 1322 1725 Si
1356 1690 1427 1725 duo
1460 1690 1670 1735 possideant
1701 1691 1738 1725 in
1772 1685 1940 1733 solidum,
1978 1691 2180 1733 videamus,
2220 1691 2304 1735 quid
2333 1692 2380 1727 sit

1286 1736 1487 1771 dicendum.
1535 1736 1631 1780 quod
1671 1736 1824 1781 qualiter
1863 1737 2054 1782 procedat,
2095 1740 2308 1780 tractemus,
2340 1737 2379 1781 si

1286 1781 1365 1826 quis
1403 1786 1624 1827 proponeret
1659 1782 1928 1833 possessionem
1965 1783 2098 1817 iustam
2134 1787 2166 1816 et
2199 1782 2377 1818 iniustam.

1286 1838 1350 1871 ego
1382 1826 1548 1871 possideo
1582 1837 1626 1862 ex
1657 1831 1753 1862 111616
1784 1838 1912 1870 661166,
1942 1831 1981 1862 111
2007 1828 2040 1862 vi
2064 1831 2128 1862 aut
2153 1828 2261 1862 clam:
2294 1828 2326 1864 si
2357 1839 2379 1863 a

1285 1883 1340 1907 me
1365 1872 1543 1916 possides,
1568 1873 1734 1917 superior
1757 1884 1837 1909 sum
1860 1873 2070 1916 interdicto,
2099 1873 2129 1908 si
2153 1884 2235 1908 vero
2260 1884 2334 1908 non
2357 1884 2379 1908 a

1285 1928 1351 1961 me,
1376 1921 1504 1952 neuter
1517 1918 1544 1938 ¹³
1568 1921 1732 1952 nostrum
1750 1918 1930 1954 vincetur:
1956 1929 2039 1954 nam
2057 1922 2092 1954 et
2108 1923 2149 1953 tu
2166 1918 2327 1964 possides
2345 1923 2380 1954 et

1289 1967 1303 1997 1
1353 1973 1431 2007 ego.
1478 1963 1557 1998 Hoc
1587 1963 1819 1999 interdictum
1851 1964 1984 2009 duplex
2013 1968 2067 1999 est
2097 1968 2133 1999 et
2162 1965 2216 2006 hi,
2249 1965 2378 2008 quibus

1286 2012 1305 2042 2
1355 2008 1543 2053 competit,
1582 2012 1620 2043 et
1651 2012 1793 2044 actores
1807 2010 1834 2030 ¹4
1866 2014 1903 2045 et
1933 2010 1986 2045 rei
2017 2014 2112 2045 sunt.
2159 2009 2238 2044 Hoc
2269 2010 2377 2045 inter-

1286 2053 1422 2088 dictum
1447 2053 1582 2088 sufficit
1606 2054 1656 2096 ei,
1691 2055 1752 2099 qui
1783 2054 1977 2091 aedificare
1999 2055 2036 2090 in
2060 2066 2126 2090 suo
2150 2055 2376 2100 prohibetur:

1286 2099 1417 2134 etenim
1440 2099 1570 2134 videris
1589 2099 1675 2134 mihi
1695 2100 1932 2144 possessionis
1952 2101 2230 2136 controversiam
2247 2100 2377 2143 facere,

1286 2149 1305 2179 3
1354 2145 1415 2189 qui
1445 2145 1616 2189 prohibes
1650 2155 1705 2180 me
1738 2146 1791 2180 uti
1821 2156 1902 2181 mea
1924 2146 2163 2191 possessione.
2213 2145 2302 2181 Cum
2324 2146 2377 2180 in-

1286 2190 1441 2234 quilinus
1466 2190 1650 2225 dominum
1674 2191 1780 2226 aedes
1799 2191 1948 2227 reficere
1966 2192 2143 2227 volentem
2160 2191 2376 2236 prohiberet,

1285 2246 1398 2280 aeque
1431 2239 1634 2280 competere
1665 2236 1895 2272 interdictum
1928 2237 1982 2272 uti
2013 2236 2204 2282 possidetis
2241 2237 2378 2282 placuit

1285 2280 1481 2325 testarique
1519 2280 1700 2316 dominum
1738 2293 1810 2316 non
1871 2283 2036 2317 rohibere
2068 2282 2294 2326 inquilinum,
2333 2293 2377 2317 ne

1285 2330 1306 2361 4
1352 2327 1551 2368 habitaret,
1585 2327 1648 2362 sed
1672 2338 1717 2362 ne
1741 2328 1840 2372 possi
1867 2332 1952 2363 eret.
2002 2328 2090 2362 ltem
2114 2327 2314 2369 videamus,
2347 2327 2378 2362 si

1284 2375 1412 2407 auctor
1435 2371 1543 2406 vicini
1567 2373 1620 2406 tui
1644 2382 1688 2407 ex
1711 2372 1822 2407 fundo
1847 2377 1910 2408 tuo
1936 2373 2024 2408 vites
2053 2373 2091 2407 in
2121 2383 2205 2407 suas
2229 2373 2375 2407 arbores

1284 2417 1505 2460 transduxit,
1541 2417 1626 2461 quid
1657 2418 1745 2453 iuris
1778 2418 1836 2453 sit.
1887 2423 1922 2453 et
1954 2419 2005 2453 ait
2028 2418 2247 2462 Pomponius
2270 2428 2376 2462 posse

1283 2467 1319 2497 te
1344 2463 1375 2497 ei
1399 2463 1611 2497 denuntiare
1637 2467 1672 2498 et
1694 2463 1784 2499 vites
1807 2463 2031 2509 praecidere,
2063 2463 2170 2508 idque
2195 2467 2230 2497 et
2252 2463 2374 2498 Labeo

1283 2508 1426 2550 scribit,
1461 2512 1525 2542 aut
1549 2508 1603 2542 uti
1626 2519 1708 2543 eum
1732 2509 1902 2544 debere¹⁵
1925 2509 2114 2544 interdicto
2140 2508 2193 2543 uti
2215 2508 2374 2553 posside-

1283 2555 1329 2588 tis
1354 2553 1399 2588 de
1423 2564 1464 2588 eo
1489 2554 1589 2596 loco,
1616 2565 1686 2598 quo
1711 2554 1851 2590 radices
1878 2556 2106 2589 continentur
2128 2554 2267 2588 vitium:
2294 2564 2375 2588 nam

1284 2599 1314 2634 si
1337 2599 1403 2634 tibi
1426 2598 1496 2633 vim
1520 2598 1655 2641 fecerit,
1682 2610 1752 2645 quo
1776 2600 1893 2636 minus
1918 2610 1979 2635 eas
2005 2600 2092 2635 vites
2112 2599 2168 2634 vel
2187 2598 2374 2643 praecidas

1282 2644 1338 2679 vel
1367 2644 1602 2687 transducas,
1636 2645 1705 2680 vim
1734 2645 1801 2679 tibi
1824 2645 1944 2680 facere
1967 2645 2125 2687 videtur,
2156 2655 2225 2689 quo
2259 2645 2374 2679 minus

1282 2689 1486 2735 possideas:
1512 2690 1644 2725 etenim
1661 2691 1722 2735 qui
1741 2690 1858 2725 colere
1876 2690 2028 2725 fundum
2047 2690 2269 2734 prohibetur,
2317 2700 2373 2724 os-

1283 2740 1301 2769 5
1353 2735 1467 2770 sidere
1491 2735 1712 2779 prohibetur,
1737 2735 1853 2780 inquit
1872 2735 2105 2780 Pomponius.
2141 2735 2231 2770 Item
2254 2700 2356 2769 vigea

1283 2791 1372 2822 mus,
1398 2781 1428 2815 si
1450 2780 1626 2825 proiectio
1652 2792 1762 2825 supra
1786 2781 1893 2816 vicini
1916 2781 2033 2816 solum
2056 2791 2129 2816 non
2152 2780 2230 2815 iure
2250 2780 2374 2814 haberi

1283 2826 1440 2868 dicatur,
1475 2836 1522 2860 an
1544 2826 1776 2860 interdictum
1800 2827 1853 2860 uti
1877 2826 2068 2871 possidetis
2093 2826 2140 2861 sit
2163 2825 2247 2860 utile
2271 2825 2374 2859 alteri

1282 2871 1453 2906 adversus
1473 2872 1635 2906 alterum.
1674 2876 1708 2906 et
1733 2875 1787 2906 est
1811 2871 1908 2916 apud
1923 2871 2086 2906 Cassium
2109 2870 2260 2905 relatum
2285 2870 2371 2905 utri-

1283 2927 1351 2961 que
1384 2926 1462 2951 esse
1494 2916 1671 2959 inutilem,
1705 2917 1788 2961 quia
1820 2917 1911 2952 alter
1935 2916 2049 2952 solum
2073 2915 2249 2961 possidet,
2283 2915 2371 2949 alter

1283 2966 1302 2997 6
1352 2973 1432 2996 611111
1458 2962 1606 2997 6611111116
1635 2961 1869 3007 superficiem.
1917 2961 2041 2996 Labeo
2067 2971 2206 3006 quoque
2228 2960 2353 2996 scribit

1282 3019 1325 3043 ex
1350 3007 1499 3042 aedibus
1523 3007 1611 3042 meis
1635 3008 1672 3041 in
1697 3008 1802 3042 aedes
1828 3011 1910 3042 tuas
1934 3007 2133 3052 proiectum
2156 3006 2289 3040 habeo:
2314 3005 2369 3038 iu-

1281 3053 1426 3088 ter-dicis
1445 3063 1596 3095 mecum,
1622 3053 1653 3087 si
1677 3063 1756 3087 eum
1780 3053 1900 3087 locum
1923 3052 2180 3097 possideamus,
2207 3050 2267 3094 qui
2285 3060 2368 3094 pro-

1281 3099 1374 3133 iecto
1399 3101 1540 3141 tegetur
1553 3098 1590 3132 ¹⁷.
1628 3108 1684 3139 an,
1712 3109 1781 3141 quo
1800 3097 1941 3132 facilius
1962 3096 2097 3142 possim
2115 3095 2267 3145 retinere
2285 3105 2368 3145 pos7

1282 3143 1478 3179 sessionem
1501 3142 1577 3177 eius
1601 3143 1852 3186 proiectionis,
1884 3142 2057 3177 interdico
2087 3145 2205 3175 tecum
2229 3150 2279 3174 616
2306 3144 2368 3173 ‘uti

1282 3193 1390 3223 ‘nunc
1433 3187 1596 3223 ossidetis
1613 3198 1674 3222 eas
1691 3188 1810 3230 aedes,
1831 3199 1875 3223 ex
1892 3188 2020 3232 quibus
2037 3186 2217 3230 proiectus
2231 3185 2258 3205 ¹⁸
2278 3183 2369 3235 estJ?

1283 3237 1299 3267 ’ῖ
1350 3234 1395 3268 Se
1443 3234 1474 3268 si
1497 3243 1608 3277 supra
1625 3233 1745 3275 aedes,
1770 3244 1858 3278 quas
1879 3232 2055 3277 possideo,
2082 3229 2289 3265 cenaculum
2310 3233 2367 3279 sit,

1280 3279 1317 3313 in
1349 3288 1418 3323 quo
1451 3278 1541 3313 alius
1575 3279 1677 3322 quasi
1702 3278 1864 3314 dominus
1889 3281 2063 3318 moretur,
2095 3274 2368 3325 interdicto-uti

1281 3323 1472 3369 possidetis
1501 3333 1557 3357 me
1590 3324 1641 3357 uti
1672 3334 1779 3368 posse
1802 3324 1924 3358 Labeo
1950 3322 2017 3363 ait,
2047 3331 2119 3355 non
2144 3330 2223 3371 eum
2247 3329 2307 3363 qui
2330 3329 2367 3352 1n

1281 3368 1451 3404 cenaculo
1483 3370 1698 3403 moretur¹⁹z
1740 3379 1880 3413 semper
1911 3366 2003 3401 enim
2035 3376 2077 3400 su
2105 3363 2258 3398 erficiem
2290 3364 2366 3398 solo

1281 3414 1418 3449 cedere.
1466 3413 1572 3466 plane
1609 3414 1640 3449 si
1680 3414 1888 3449 cenaculum
1927 3422 1971 3446 ex
2007 3410 2079 3455 pub
2098 3410 2151 3444 'co
2161 3410 2194 3429 2⁰
2230 3408 2366 3460 aditum

1280 3459 1421 3501 habeat,
1447 3463 1498 3493 alt
1521 3459 1644 3494 Labeo
1675 3459 1784 3494 videri
1817 3468 1888 3493 non
1912 3457 1957 3490 ab
1983 3465 2024 3489 eo
2049 3453 2155 3490 aedes
2178 3453 2365 3498 possiden,

1280 3572 1456 3604 amittatur
1477 3572 1646 3614 possessio,
1670 3572 1804 3614 praetor
1827 3569 1903 3610 (del.
1929 3570 2043 3599 tuetur
2068 3574 2099 3599 et
2117 3566 2278 3608 denique)
2302 3579 2364 3600 scr.

1281 3618 1335 3657 (11)
1364 3621 1402 3656 §§
1421 3624 1448 3649 4.
1463 3624 1479 3650 6
1501 3617 1740 3650 continuandae
1761 3617 1860 3647 eiecta
1884 3618 1930 3651 §5
1953 3612 2111 3645 collocata
2134 3612 2201 3643 loco
2224 3623 2287 3643 non
2307 3624 2365 3644 suo

1281 3663 1340 3703 (12)
1366 3660 1511 3695 sufficiat
1525 3661 1579 3694 F2
1693 3661 1752 3701 (13)
1775 3660 1934 3691 neutrum
1951 3657 1986 3690 F
2092 3658 2147 3697 (14)
2173 3656 2296 3688 actoris
2316 3655 2367 3689 F2

1280 3709 1338 3747 (15)
1364 3717 1439 3739 eum
1456 3706 1574 3740 debere
1593 3706 1654 3739 del.
1671 3705 1831 3744 (similiter
1842 3703 1988 3743 Pothier)
2095 3703 2152 3743 (16)
2176 3700 2310 3743 inutile]
2330 3701 2365 3733 id

1278 3751 1363 3784 utile
1376 3753 1536 3792 (similiter
1549 3751 1711 3790 Cuiacius)
1724 3761 1784 3781 scr.
1845 3749 1905 3789 (17)
1931 3747 2056 3789 tegitur
2070 3747 2143 3779 edd.
2202 3746 2263 3788 (18)
2287 3756 2365 3789 pro-

1278 3797 1402 3829 iectum
1419 3797 1469 3829 F2
1563 3797 1621 3837 (19)
1646 3796 1829 3826 moreretur
1848 3793 1882 3824 F
1969 3792 2032 3834 (20)
2056 3790 2229 3833 publicum
2247 3792 2282 3824 F

2027 3849 2091 3880 87*
