2528 3918
166 102 406 147 xxvm1

215 222 265 262 17
291 224 347 259 ΡΑ
355 233 450 259 vsvs
469 223 559 259 libro
592 222 696 258 tertio
725 222 981 258 sententiarum
996 223 1006 242 ¹
1046 221 1088 255 In
1107 219 1263 255 adversa·

166 269 327 315 corporis
357 267 561 303 valetudine
590 271 708 302 mente
738 271 866 313 captus
889 277 931 302 eo
962 271 1122 310 tempore
1143 269 1255 300 testa-

166 320 323 351 mentum
346 313 466 349 facere
489 322 562 347 non
584 316 714 357 potest.

216 356 266 396 18
297 358 492 394 Urmia-vs
512 357 602 392 libro
619 357 743 403 primo
766 356 817 392 ad
834 355 1008 397 Sabinum
1054 355 1090 390 Is
1107 354 1166 390 cui
1180 354 1258 399 lege

166 404 270 440 bonis
293 402 523 438 interdictum
547 407 603 436 est
624 405 877 437 testamentum
898 401 1020 436 facere
1043 410 1115 435 non
1138 403 1259 451 potest

167 454 214 488 et,
239 448 270 483 si
291 447 428 489 fecerit,
451 447 530 499 ipso
554 447 632 482 iure
654 457 727 483 non
749 446 861 481 valet:
886 445 982 490 quod
1004 449 1125 480 tamen
1147 445 1257 479 inter·

167 493 321 528 dictione
342 496 517 527 vetustius
540 491 706 527 habuerit
727 495 990 532 testamentum,
1013 490 1083 525 hoc
1113 489 1256 525 valebit.

165 538 292 573 merito
317 547 398 582 ergo
423 547 490 572 nec
513 536 614 572 testis
645 536 691 571 ad
722 540 974 571 testamentum
1008 533 1171 570 adhiberi
1192 544 1257 579 po-

172 587 186 618 l
234 582 328 624 terit,
354 592 435 617 cum
459 592 504 617 ne
529 590 574 616 ue
597 581 802 617 testamenti
824 580 1016 615 factionem
1039 579 1183 614 habeat.
1220 578 1259 613 Si

167 627 246 672 quis
270 627 316 662 ob
341 636 484 662 carmen
523 636 683 662 amosum
705 626 904 667 damnetur,
928 628 1075 660 senatus
1094 623 1257 659 consulto

167 682 375 717 expressum
398 675 464 714 est,
487 675 529 706 ut
550 671 761 706 intestabilis
786 670 849 705 sit:
874 680 957 715 ergo
976 679 1044 704 nec
1067 673 1258 704 testamen-

166 722 244 753 tum
266 716 385 752 facere
407 716 539 761 poterit
562 726 628 751 nec
652 715 699 751 ad
721 719 972 750 testamentum
995 714 1167 749 adhiberi.

216 759 267 799 19
291 760 547 797 Monasmvvs
566 761 657 796 libro
682 761 808 806 quinto
824 759 1091 806 pandectarum
1137 758 1176 793 Si
1191 757 1259 792 fili—

168 817 211 843 us
234 806 389 841 familias
411 810 475 841 aut
497 806 654 851 pupillus
679 810 743 840 aut
758 815 881 840 servus
897 804 1040 839 tabulas
1056 802 1261 839 testamenti

166 851 294 887 fecerit
315 850 517 896 signaverit,
552 850 748 886 secundum
779 859 840 885 eas
872 850 1047 884 bonorum
1078 848 1259 900 possessio

168 896 247 932 dari
270 906 342 931 non
365 900 501 941 potest,
532 895 615 930 licet
645 895 740 930 filius
773 894 928 929 familias
962 894 1043 929 ειιι2
1075 893 1163 928 iuris
1197 897 1262 927 aut

167 952 219 988 pn
243 941 324 976 illus
347 940 459 986 pubes
483 945 547 975 aut
568 951 688 976 servus
711 940 800 975 liber
822 939 941 975 factus
958 938 1161 980 decesserit,
1177 937 1262 983 quia

168 997 194 1022 n
317 990 403 1021 sunt
431 985 577 1020 tabulae
606 985 827 1027 testamenti,
860 994 949 1030 quas
986 984 1017 1019 is
1047 983 1134 1019 fecit
1142 984 1168 1025 ³,
1200 982 1262 1028 qui

169 1030 375 1067 testamenti
396 1030 552 1066 faciendi
572 1029 782 1066 facultatem
806 1040 879 1065 non
900 1029 1078 1064 habuerit.

215 1073 269 1114 20
301 1074 495 1111 ULPIANUS
515 1075 605 1111 libro
623 1076 746 1121 primo
771 1074 820 1109 ad
836 1073 1011 1110 Sabinum
1057 1073 1127 1118 Qui
1149 1077 1259 1108 testa-

169 1126 289 1157 mento
312 1120 416 1156 heres
446 1120 662 1162 instituitur,
692 1120 730 1154 in
761 1118 885 1154 eodem
915 1122 1128 1154 testamento
1159 1117 1261 1153 testis

171 1176 249 1218 esse
270 1175 344 1200 non
366 1168 498 1210 potest.
531 1164 627 1210 quod
648 1165 687 1199 in
709 1164 880 1216 legatario
892 1168 941 1216 ‘et
961 1163 1000 1198 in
1021 1173 1062 1198 eo
1078 1162 1141 1208 qui
1162 1166 1262 1197 tutor

169 1215 403 1297 ffi‘Qssi‘
422 1210 728 1290 31333‘3222‘53‘5‘
736 1209 938 1298 {msseiffl
955 1211 1263 1304 Jsssseffepssiffliss

174 1304 190 1336 i
238 1300 370 1346 pubes,
404 1299 435 1334 si
462 1300 501 1334 in
530 1303 709 1344 potestate
739 1298 787 1333 sit
815 1298 1008 1334 testatoris.
1066 1297 1262 1333 Potestans

170 1349 292 1381 autem
313 1344 459 1379 verbum
482 1354 555 1379 non
578 1344 694 1379 solum
717 1343 765 1378 ad
786 1343 920 1379 liberos
944 1343 1006 1388 qui
1028 1346 1114 1378 sunt
1135 1342 1174 1377 in
1195 1351 1261 1386 po-

170 1394 300 1426 testate
322 1388 547 1424 referendum
578 1393 651 1431 est,
682 1398 805 1424 verum
837 1388 944 1424 etiam
974 1387 1022 1423 ad
1054 1397 1133 1423 eum
1157 1396 1263 1432 quem

169 1434 319 1471 redemit
348 1434 394 1469 ab
423 1433 609 1476 hostibus,
642 1433 802 1479 quamvis
831 1433 974 1478 placeat
1002 1433 1100 1467 hunc
1123 1441 1264 1467 servum

170 1490 245 1516 non
267 1489 356 1521 esse,
381 1478 444 1514 sed
466 1478 607 1514 vinculo
631 1478 786 1524 quodam
800 1478 956 1520 retineri,
974 1477 1087 1513 donec
1110 1476 1264 1522 pretium

171 1527 193 1561 2
238 1524 363 1560 solvat.
416 1523 487 1559 Per
518 1523 738 1559 contrarium
767 1522 891 1568 quaeri
920 1526 1059 1568 potest,
1091 1533 1140 1557 an
1160 1525 1264 1567 pater

171 1569 259 1612 eius,
283 1569 345 1615 qui
368 1567 413 1604 de
437 1569 611 1604 castrensi
633 1568 773 1614 peculio
797 1571 918 1613 potest
940 1567 1078 1609 testari,
1102 1565 1265 1602 adhiberi

170 1615 218 1651 ab
249 1624 291 1650 eo
325 1613 372 1649 ad
401 1617 655 1649 testamentum
684 1613 787 1649 testis
818 1612 943 1665 possit.
999 1616 1036 1648 et
1069 1611 1263 1647 Marcellus

169 1659 261 1695 libro
297 1658 435 1694 decimo
470 1658 687 1704 digestorum
719 1658 868 1693 scribit⁴
902 1667 1028 1703 posse:
1082 1660 1119 1693 et
1151 1656 1265 1691 frater

171 1707 192 1741 3
239 1714 323 1749 ergo
346 1703 491 1750 poterit.
537 1703 638 1748 Quae
661 1707 781 1738 autem
803 1703 842 1738 in
873 1706 1087 1738 testamento
1112 1700 1264 1737 diximus

170 1759 280 1795 super
303 1747 557 1794 prohibendis⁸⁵
578 1748 790 1784 testimoniis
814 1758 937 1783 eorum
951 1747 1012 1793 qui
1034 1747 1073 1782 in
1086 1749 1267 1799 potestate

169 1798 266 1837 sunt,
289 1793 328 1829 in
350 1793 514 1829 omnibus
545 1793 755 1829 testimoniis
785 1792 954 1838 accipias,
977 1792 1041 1828 ubi
1055 1792 1103 1827 ali
1127 1790 1189 1827 uid
1203 1800 1265 1826 ne·

170 1843 193 1875 4
262 1838 326 1874 otii
347 1838 499 1883 geritur,
557 1848 596 1874 er
625 1838 722 1891 quod
753 1837 973 1884 adquiratur.
1029 1836 1086 1872 Ne
1170 1836 1266 1871 ‘osus

171 1883 234 1931 qui
259 1894 314 1918 em
346 1883 448 1919 testis
482 1849 644 1918 adfiiben
675 1887 805 1936 potest,
842 1893 923 1918 cum
958 1892 1104 1927 compos
1139 1880 1266 1916 mentis

171 1939 245 1965 non
276 1928 344 1964 sit:
389 1927 452 1963 sed
483 1928 515 1963 si
545 1928 655 1964 habet
685 1927 1000 1970 intermissionem,
1033 1937 1075 1963 eo
1105 1930 1267 1972 tempore
1291 1941 1293 1944 ⁴

171 1972 335 2010 adhiberi
357 1976 494 2018 potest:
526 1977 777 2009 testamentum
809 1982 950 2017 quoque
981 1971 1078 2018 quod
1100 1975 1185 2007 ante
1207 1970 1266 2006 fu-

171 2028 290 2055 rorem
314 2018 580 2060 consummavit,
605 2017 737 2053 valebit
760 2021 797 2053 et
819 2018 995 2052 bonorum
1017 2016 1196 2062 possessio
1223 2026 1268 2051 ex

173 2066 193 2099 5
241 2073 284 2099 eo
307 2066 520 2098 testamento
545 2063 727 2108 competit.
772 2062 867 2097 Eum
900 2062 961 2107 qui
990 2062 1024 2097 le
1048 2071 1068 2096 e
1097 2064 1266 2106 repetun-

173 2107 300 2161 darum
323 2107 512 2159 damnatus
536 2111 592 2143 est
625 2107 672 2143 ad
694 2111 947 2159 testamentum
978 2073 1138 2142 adfiiberi
1160 2116 1268 2151 posse

173 2157 357 2195 mstimo,
392 2162 559 2198 quoniam
592 2153 630 2187 in
662 2152 832 2187 iudicium
866 2152 969 2187 testis
1004 2161 1082 2187 esse
1114 2154 1265 2186 vetatur.

173 2201 196 2235 Β
241 2197 371 2233 Mulier
401 2197 642 2233 testimonium
673 2197 790 2233 dicere
818 2196 857 2232 in
887 2199 1101 2232 testamento
1126 2195 1268 2241 quidem

173 2253 247 2279 non
269 2242 412 2287 poterit,
436 2242 526 2277 alias
549 2246 670 2277 autem
718 2252 799 2278 osse
828 2245 955 2277 testem
986 2250 1064 2277 esse
1087 2240 1268 2276 mulierem

174 2290 382 2333 argumento
407 2291 462 2323 est
482 2286 541 2322 lex
564 2287 655 2323 Iulia
704 2297 723 2322 e
746 2286 949 2329 adulteriis,
980 2295 1073 2332 quae
1102 2285 1269 2321 adulterii

174 2332 380 2369 damnatam
420 2335 547 2367 testem
587 2331 740 2377 produci
778 2331 834 2367 vel
875 2331 994 2366 dicere
1027 2330 1269 2366 testimonium

175 2380 195 2412 ¹1
241 2381 349 2413 vetat.
398 2377 528 2412 Servus
552 2387 694 2422 quoque
722 2376 847 2415 merito
879 2376 927 2412 ad
956 2375 1143 2412 sollemnia
1166 2375 1267 2410 adhi-

173 2422 252 2458 beri
275 2433 348 2457 non
370 2425 508 2467 potest,
541 2432 623 2457 cum
645 2422 732 2457 iuris
756 2421 867 2457 civilis
891 2420 1172 2457 communionem
1194 2431 1269 2455 non

176 2470 197 2503 8
242 2466 376 2503 habeat
398 2467 435 2501 in
458 2471 585 2510 totum,
609 2476 654 2503 ne
676 2466 852 2512 praetoris
876 2465 1018 2512 quidem
1040 2465 1156 2501 edicti.
1218 2464 1270 2500 Et

175 2515 312 2548 veteres
361 2515 551 2547 utaverunt
574 2522 654 2554 eos,
686 2511 747 2557 qui
779 2515 927 2556 propter
949 2510 1135 2547 sollemnia
1157 2514 1267 2546 testa-

176 2556 286 2593 menti
308 2522 532 2599 aghibentur,
557 2556 688 2592 durare
704 2556 843 2599 debere,
867 2556 983 2592 donec
1001 2565 1168 2601 suprema
1183 2566 1268 2591 con-

177 2606 198 2637 9
244 2601 389 2637 testatio
413 2606 616 2647 peragatur.
662 2601 747 2637 Non
759 2605 880 2636 tamen
902 2600 1177 2646 intellegentiam
1195 2610 1269 2635 ser-

177 2646 293 2682 monis
363 2646 371 2653 ‘
397 2646 405 2654 '
445 2657 504 2681 us:
539 2647 609 2682 hoc
643 2646 737 2683 enim
761 2645 861 2682 divus
883 2646 1031 2682 Marcus
1054 2645 1160 2682 Didio
1184 2644 1269 2680 Iuli-

178 2701 248 2726 ano
271 2691 309 2726 in
331 2695 434 2734 teste,
460 2691 520 2736 qui
535 2691 665 2727 Latine
688 2702 761 2727 non
776 2694 935 2733 noverat,
959 2690 1160 2735 rescripsit:
1185 2700 1270 2725 nain

179 2736 211 2772 si
232 2735 287 2771 vel
310 2745 418 2771 sensu
468 2736 617 2788 ercipiat
640 2736 729 2781 quis,
754 2736 812 2771 cui
834 2736 886 2772 rei
909 2736 1088 2771 adhibitus
1113 2735 1169 2778 sit,
1193 2734 1269 2771 suf-

182 2783 223 2817 10
270 2780 386 2816 ficere.
461 2780 505 2816 ed
529 2791 559 2816 si
584 2781 718 2817 detenti
752 2781 823 2817 sint
844 2781 945 2816 inviti
973 2780 1024 2817 ibi
1057 2783 1179 2823 testes,
1202 2790 1269 2826 pu-

178 2828 260 2861 tant
282 2835 355 2860 non
377 2825 496 2861 valere
519 2830 779 2861 testamentum.

226 2867 284 2922 21·
306 2869 411 2905 lmen
431 2870 522 2906 libro
545 2871 701 2907 secundo
725 2870 775 2906 ad
797 2870 970 2907 Sabinum
1015 2870 1176 2906 Heredes
1201 2880 1270 2923 pa-

179 2914 251 2967 lam
274 2918 337 2957 ita,
361 2918 402 2950 ut
425 2915 585 2950 exaudiri
607 2920 770 2961 possunt,
793 2915 1024 2960 nuncupandi
1047 2915 1162 2951 sint⁶:
1184 2914 1270 2951 lice-

180 2959 236 2995 bit
258 2969 338 3004 ergo
362 2960 509 2995 testanti
532 2960 585 2995 vel
609 2971 729 2996 nuncu
756 2971 816 2996 are
838 2960 987 2996 heredes
1017 2960 1073 2996 vel
1096 2959 1270 2996 scribere:

181 3004 246 3057 sed
268 3004 300 3039 si
322 3014 443 3056 nuncu
469 3008 517 3056 at,
541 3005 659 3050 palam
683 2972 799 3041 defiet.
836 3005 921 3051 quid
945 3009 999 3041 est
1021 3005 1166 3057 palam?
1199 3015 1271 3040 non

181 3052 305 3094 utique
327 3059 365 3084 in
387 3059 437 3094 pu
463 3049 581 3091 licum,
606 3050 667 3085 sed
691 3054 732 3085 ut
755 3050 915 3086 exaudiri
946 3054 1078 3095 possit:
1111 3049 1273 3086 exaudiri

181 3097 303 3146 autem
325 3104 398 3129 non
422 3093 467 3128 ab
492 3094 666 3137 omnibus,
692 3095 755 3130 sed
778 3105 801 3130 a
823 3095 997 3131 testibus:
1031 3099 1068 3130 et
1099 3095 1130 3130 si
1153 3094 1272 3140 plures

180 3139 317 3174 fuerint
346 3141 456 3174 testes
488 3138 656 3181 adhibiti,
688 3140 822 3175 sufficit
852 3140 1057 3176 sollemnem
1087 3149 1273 3175 numerum

186 3187 202 3219 1
242 3183 430 3235 ‘exaudiit-e.
476 3182 514 3218 Si
533 3183 622 3235 quid
645 3189 726 3228 post
755 3185 891 3220 factum
921 3188 1171 3221 testamentum
1194 3195 1272 3219 mu-

181 3231 254 3263 tari
275 3228 429 3274 placuit,
462 3238 582 3263 omnia
613 3239 657 3264 ex
691 3229 825 3273 integro
849 3229 1014 3265 facienda
1037 3234 1131 3265 sunt.
1178 3228 1272 3274 quod

182 3283 266 3309 vero
290 3272 370 3318 quis
393 3273 580 3309 obscurius
603 3273 638 3308 in
670 3277 881 3309 testamento
913 3274 968 3310 vel
998 3278 1185 3319 nuncupat
1218 3273 1274 3309 vel

183 3318 319 3360 scribit,
343 3327 390 3353 an
411 3321 495 3370 post
518 3318 701 3353 sollemnia
720 3319 910 3363 explanare
925 3319 1050 3364 possit,
1071 3318 1271 3364 quaeritur:

183 3366 226 3398 ut
281 3367 344 3398 uta
367 3362 528 3398 Stichum
561 3362 750 3407 legaverat,
775 3374 855 3398 cum
903 3364 998 3399 lux-es
1022 3364 1182 3405 haberet,
1207 3373 1274 3399 nec

185 3407 250 3443 dec
265 3407 379 3443 aravit
401 3407 445 3443 de
493 3418 539 3443 uo
563 3408 727 3442 sentiret:
761 3407 854 3443 Titio
893 3409 1016 3453 egavit,
1042 3419 1124 3444 cum
1143 3408 1273 3444 multos

185 3451 299 3488 Titios
323 3452 456 3488 amicos
506 3452 644 3488 aberet:
677 3456 856 3487 erraverat
878 3453 914 3487 in
928 3453 1070 3489 nomine
1092 3453 1147 3488 vel
1170 3462 1273 3498 prae·

186 3568 225 3602 (ι)
250 3565 435 3597 sentiarum
459 3564 504 3604 F;
528 3565 646 3609 legitur
669 3566 702 3605 3,
726 3571 777 3604 ⁴a,
798 3571 825 3598 u

187 3611 230 3650 (³)
255 3608 333 3641 fecti
348 3610 382 3642 F
490 3615 533 3647 (4)
557 3609 695 3652 scripsit
708 3607 761 3644 Ρ*

187 3663 289 3695 super
301 3653 517 3696 perhibendis
529 3653 583 3687 Γ*

187 3697 323 3730 nomine
335 3710 392 3731 om.
406 3698 456 3731 Γ*

875 3610 917 3647 (5)
942 3610 1201 3651 sapei-bibendis
1212 3610 1247 3643 F
1253 3609 1275 3650 ¹,

697 3655 742 3695 (6)
768 3656 848 3686 sunt
859 3654 932 3687 deu.

594 3701 638 3739 (8)
664 3702 777 3731 notam
790 3698 851 3732 det.
997 3701 1040 3738 (9)
1066 3699 1210 3732 actionis
1222 3698 1274 3732 F’

1243 95 1332 143 372

1492 31 1561 73 k‘N

1550 74 1560 127 ἶ
1738 110 1816 149 Qui
1842 110 2135 142 TESTAMENTA
2161 110 2261 143 rac.
2290 110 2414 145 ross.

1325 220 1491 255 nomine⁷
1513 220 1569 255 vel
1592 219 1809 264 cognomine,
1841 229 1923 255 cum
1955 220 1994 254 in
2023 229 2174 264 corpore
2203 229 2276 255 non
2299 229 2416 256 erras.-

1325 269 1397 300 set:
1427 264 1605 309 poteritne
1653 268 1755 300 ostea
1777 263 1978 304 declarare,
2011 263 2056 299 de
2078 274 2149 308 quo
2172 264 2351 300 senserit?
2382 268 2418 300 et

1325 314 1413 354 puto
1437 319 1560 354 posse:
1610 309 1618 316 '
1648 309 1656 317 ‘
1703 309 1796 344 enim
1826 319 1923 345 nunc
1954 309 2028 351 dat,
2051 308 2115 344 sed
2138 308 2261 344 datum
2304 309 2312 317 ‘
2364 309 2417 337 ''-

1326 359 1396 389 cat.
1428 353 1492 389 sed
1515 357 1550 388 et
1572 353 1604 389 si
1626 355 1772 389 notam⁸
1794 358 1920 400 postea
1942 353 2113 389 adiecerit
2133 353 2251 399 legato
2274 364 2296 389 v
2352 364 2419 389 sua

1325 408 1413 435 voce
1435 398 1491 434 vel
1513 398 1640 434 litteris
1663 398 1719 434 vel
1742 409 1916 434 summam
1931 399 1987 434 vel
2002 407 2132 434 nomen
2145 398 2308 443 legatarii
2323 398 2419 444 quod

1326 455 1400 480 non
1430 443 1626 490 scripserat
1653 443 1710 479 vel
1739 454 1962 479 nummorum
1993 443 2220 488 qualitatem,
2251 452 2300 479 an
2322 448 2419 479 recte

1326 489 1477 525 fecerit?
1508 494 1546 525 et
1567 492 1656 535 puto
1681 487 1786 524 etiam
1820 488 2027 533 qualitatem
2058 498 2282 524 nummorum
2313 497 2419 533 posse

1327 538 1455 580 postea
1488 534 1589 570 addi:
1633 544 1716 569 nam
1750 533 1817 570 etsi
1852 533 1993 570 adiecta
2027 544 2100 568 non
2133 532 2271 573 fuisset,
2296 533 2421 578 utique

1327 580 1487 625 placeret
1510 579 1766 615 coniectionem
1788 580 1865 615 fieri
1896 578 1972 616 eius
2030 578 2103 613 uod
2132 577 2276 630 reliquit
2297 577 2352 613 vel
2376 587 2418 613 ex

1327 624 1452 659 vicinis
1477 624 1663 669 scripturis
1684 624 1742 659 vel
1764 634 1808 659 ex
1839 630 2011 660 consuetu
2039 626 2047 632 “
2076 636 2095 661 e
2151 627 2238 660 atris
2267 621 2416 660 familiai

1329 672 1349 704 2
1395 669 1450 704 vel
1472 669 1634 714 regionis.
1680 668 1723 703 In
1745 670 1985 713 testamentis,
2015 671 2053 705 in
2076 681 2137 716 qui
2162 680 2205 706 us
2228 670 2339 705 testes
2361 677 2419 702 ro-

1327 714 1401 759 gati
1424 714 1551 749 adesse
1574 714 1715 755 debent,
1740 718 1782 748 ut
1811 718 2062 750 testamentum
2092 714 2175 758 fiat,
2199 714 2345 750 alterius
2368 712 2421 750 rei

1329 769 1441 795 causa
1462 759 1557 794 forte
1579 763 1724 803 rogatos
1748 758 1795 793 ad
1818 759 2021 795 testandum
2052 770 2126 795 non
2160 769 2239 796 esse
2271 759 2419 795 idoneos

1327 804 1459 849 placet.
1507 803 1603 849 quod
1626 803 1678 839 sic
1702 803 1780 838 acci
1806 803 1949 839 iendum
1973 809 2038 846 est,
2061 810 2113 847 ut,
2137 804 2221 840 licet
2243 804 2291 840 ad
2313 804 2421 839 aliam

1328 860 1404 884 rem
1426 849 1499 884 sint
1520 848 1637 894 rogati
1658 848 1715 883 vel
1738 858 1781 883 co
1809 849 1896 891 ecti,
1919 849 1950 884 si
1972 854 2091 885 tamen
2115 854 2199 884 ante
2220 850 2419 885 testimoni·

1328 905 1390 929 um
1412 894 1649 930 certiorentur
1678 892 1726 928 ad
1753 897 2005 929 testamentum
2039 904 2079 929 se
2102 894 2291 937 adhibitos,
2314 904 2422 940 posse

1329 942 1350 975 3
1397 949 1458 975 eos
1481 938 1722 975 testimonium
1744 948 1848 973 suum
1870 944 1968 974 recte
1989 939 2186 984 perhibere.
2232 938 2312 975 Uno
2333 949 2420 975 con-

1327 988 1431 1020 textu
1454 983 1584 1020 actus⁹
1605 983 1732 1019 testari
1755 987 1907 1028 oportet.
1934 987 1990 1019 est
2012 987 2131 1019 autem
2153 994 2226 1020 uno
2250 988 2422 1020 contextu

1328 1029 1466 1065 nullum
1489 1034 1610 1064 actum
1632 1027 1786 1063 alienum
1808 1032 2020 1064 testamento
2039 1028 2300 1065 intermiscere:
2325 1028 2423 1075 quod

1329 1075 1360 1110 si
1372 1076 1400 1096 ¹⁰
1430 1073 1565 1119 aliquid
1595 1073 1775 1118 pertinens
1806 1072 1854 1108 ad
1882 1076 2136 1109 testamentum
2163 1073 2287 1115 faciat,
2309 1078 2421 1110 testa-

1329 1123 1488 1155 mentum
1510 1129 1583 1154 non
1605 1118 1762 1152 vitiatur.

1376 1162 1430 1201 22
1461 1163 1571 1200 Imm
1600 1163 1691 1198 libro
1727 1162 1910 1209 mqesimo
1943 1173 2039 1198 nono
2073 1162 2124 1198 ad
2155 1162 2310 1199 edictum
2365 1163 2424 1199 Ad

1329 1210 1473 1245 testium
1495 1217 1681 1244 numerum
1703 1206 1809 1242 simul
1831 1206 1992 1243 adhiberi
2014 1217 2205 1253 possumus
2235 1211 2277 1243 ut
2297 1217 2363 1253 ego
2387 1212 2425 1243 et

1329 1259 1433 1300 pater
1463 1258 1500 1289 et
1531 1253 1652 1306 plures
1665 1278 1675 1295 ,
1705 1251 1767 1297 qui
1788 1251 1920 1287 fuimus
1934 1253 1959 1273 ¹¹
1992 1251 2030 1287 in
2054 1252 2211 1288 eiusdem
2232 1256 2423 1298 potestate.

1335 1303 1349 1335 1
1399 1299 1652 1335 Condicionem
1664 1297 1693 1318 ¹²
1726 1297 1872 1332 testium
1905 1302 1992 1333 tunc
2033 1297 2210 1342 inspicere
2244 1297 2423 1339 debemus,

1331 1345 1457 1380 cum²²⁸
1476 1343 1669 1389 signarent,
1689 1352 1762 1377 non
1782 1342 1905 1378 mortis
1921 1345 2101 1387 tempore:
2126 1342 2158 1378 si
2175 1342 2282 1387 igitur
2294 1343 2321 1364 ¹³
2344 1353 2424 1378 cum

1330 1390 1523 1435 signarent,
1546 1387 1637 1423 tales
1658 1387 1803 1429 fuerint,
1826 1391 1867 1422 ut
1890 1386 2051 1423 adhiberi
2072 1387 2224 1433 possint,
2248 1387 2337 1423 nihil
2359 1397 2423 1423 no—

1332 1438 1352 1470 2
1399 1438 1466 1477 cet,
1490 1433 1522 1469 si
1568 1432 1629 1468 uid
1651 1438 1779 1478 postea
1802 1432 1853 1467 eis
1877 1432 2072 1477 contigerit.
2119 1432 2158 1468 Si
2180 1432 2226 1467 ab
2248 1433 2328 1478 ipso
2351 1437 2423 1467 tes-

1329 1483 1448 1515 tatore
1486 1489 1533 1514 aii
1572 1488 1633 1513 um
1662 1487 1835 1522 accepero
1870 1482 1907 1512 et
1936 1477 2137 1522 signavero,
2171 1481 2423 1513 testamentum

1332 1527 1352 1560 3
1397 1524 1503 1566 valet,
1528 1523 1633 1568 quasi
1662 1522 1778 1557 alieno
1802 1522 2022 1566 signaverim.
2077 1521 2117 1557 Si
2147 1522 2249 1568 signa
2277 1522 2426 1557 turbata

1333 1573 1354 1604 4
1400 1569 1473 1604 sint
1497 1569 1542 1604 ab
1566 1568 1579 1602 i
1605 1578 1645 1603 so
1669 1570 1861 1609 testatore,
1894 1577 1966 1602 non
1988 1566 2130 1602 videtur
2151 1567 2341 1612 signatum.
2386 1566 2425 1602 Si

1333 1614 1413 1659 quis
1437 1623 1482 1649 ex
1503 1617 1589 1649 testi
1614 1623 1657 1647 us
1673 1622 1803 1647 nomen
1819 1622 1923 1647 suum
1938 1622 2012 1647 non
2027 1611 2270 1657 adscripserit,
2285 1622 2425 1648 verum-

1331 1663 1453 1694 tamen
1475 1657 1675 1703 signaverit,
1707 1667 1773 1702 pro
1806 1666 1848 1692 eo
1879 1660 1934 1692 est
1964 1660 2073 1702 atque
2096 1657 2127 1692 si
2150 1656 2330 1692 adhibitus
2353 1666 2426 1692 non

1334 1707 1451 1740 esset:
1491 1708 1528 1739 et
1558 1702 1607 1745 si,
1640 1705 1682 1738 ut
1711 1701 1813 1737 multi
1843 1701 1993 1744 faciunt,
2028 1701 2258 1747 adscripserit
2279 1712 2330 1744 se,
2353 1711 2427 1737 non

1334 1752 1354 1784 5
1401 1753 1522 1784 tamen
1544 1747 1754 1792 signaverit,
1786 1745 1905 1781 adhuc
1934 1746 2028 1781 idem
2059 1746 2228 1782 dicemus.
2281 1746 2428 1791 Signum

1334 1797 1455 1829 autem
1477 1797 1598 1828 utrum
1618 1791 1726 1827 anulo
1749 1795 1891 1826 tantum
1913 1791 1951 1826 in
1976 1801 2112 1827 ressum
2135 1791 2356 1834 adhibemus,
2380 1801 2428 1826 an

1334 1849 1417 1875 vero
1441 1842 1478 1873 et
1499 1838 1531 1874 si
1553 1848 1625 1873 non
1649 1836 1768 1879 anulo,
1791 1846 1914 1871 verum
1970 1836 2001 1872 'o
2026 1836 2181 1881 quodam
2201 1836 2362 1882 inpresso
2374 1835 2428 1872 ¹⁴?

1334 1883 1432 1919 varie
1455 1883 1549 1919 enim
1571 1881 1732 1918 homines
1756 1881 1908 1933 signant.
1946 1885 1982 1916 et
2003 1881 2116 1926 magis
2139 1885 2212 1924 est,
2236 1883 2316 1917 ιι(;1ιὶ
2345 1885 2427 1916 tan-

1334 1933 1412 1964 tum
1436 1928 1543 1963 anulo
1557 1928 1585 1949 ¹⁶
1608 1926 1688 1972 quis
1710 1930 1825 1971 possit
1855 1926 2014 1971 signare,
2047 1926 2131 1961 dum
2152 1931 2274 1962 tamen
2295 1925 2429 1962 habeat

1336 1977 1357 2010 6
1401 1986 1447 2016 χα
1472 1973 1564 2015 ακτῆ
1588 1986 1622 2006 α.
1669 1971 1782 2007 Posse
1812 1975 1848 2006 et
1877 1975 1986 2006 nocte
2015 1971 2148 2016 signari
2177 1975 2429 2007 testamentum

1336 2022 1355 2054 ’1
1403 2029 1427 2053 n
1520 2017 1570 2053 du
1595 2016 1696 2052 itatio
1715 2020 1779 2052 est.
1806 2015 1971 2060 Signatas
1989 2016 2133 2051 tabulas
2153 2015 2269 2062 accipi
2287 2020 2430 2061 oportet

1334 2067 1373 2144 gt
1395 2063 1426 2115 si
1447 2062 1569 2105 linteo,
1594 2071 1664 2107 quo
1679 2061 1827 2097 tabulae
1841 2061 2022 2096 involutae
2040 2065 2136 2104 sunt,
2151 2061 2252 2106 signa
2265 2060 2430 2107 inpressa

1351 2112 1478 2144 uerint.

1381 2150 1434 2190 23
1459 2152 1568 2188 [οι-Μ
1585 2151 1677 2187 libro
1701 2156 1832 2197 quarto
1856 2151 2139 2196 disputationum
2184 2150 2222 2186 Si
2235 2154 2428 2187 testamen-

1335 2203 1423 2240 tum,
1448 2197 1546 2242 quod
1567 2196 1800 2241 resignaverit
1821 2199 1983 2238 testator,
2006 2195 2136 2231 iterum
2164 2195 2341 2275 ⁸,i-fmtum
2369 2195 2428 2231 fu·

1337 2243 1404 2279 erit
1427 2246 1563 2287 septem
1585 2241 1731 2277 testium
1753 2241 1873 2285 signis,
1898 2251 1971 2276 non
1994 2240 2061 2276 erit
2082 2240 2177 2286 impe
2212 2243 2341 2283 ectum,
2364 2239 2429 2276 sed

1336 2291 1417 2323 utro
1442 2297 1488 2322 ue
1509 2287 1587 2322 iure
1607 2285 1740 2321 valebit
1761 2289 1836 2321 tam
1858 2285 1952 2321 civili
1974 2295 2081 2330 quam
2102 2285 2295 2338 praetorio.

1374 2329 1408 2369 '2
1461 2333 1738 2366 Froaimrnvos
1758 2330 1851 2366 libro
1867 2329 2004 2366 decimo
2024 2330 2286 2365 institutionum
2309 2328 2425 2366 Unum

1336 2380 1588 2413 testamentum
1611 2375 1771 2421 pluribus
1795 2374 1963 2420 exemplis
1987 2374 2197 2419 consignare
2211 2374 2292 2420 quis
2310 2377 2428 2420 potest

1335 2422 1444 2467 idque
1465 2420 1643 2456 interdum
1666 2420 1908 2456 necessarium
1931 2424 2003 2461 est,
2026 2419 2122 2455 forte
2144 2419 2176 2455 si
2198 2419 2428 2464 navigaturus

1337 2470 1374 2503 et
1396 2477 1518 2502 secum
1536 2465 1635 2545 li'lerre
1658 2471 1694 2500 et
1715 2465 1913 2510 relinquere
1930 2464 2142 2500 iudiciorum
2157 2474 2304 2500 suorum
2318 2467 2428 2500 testa-

1336 2511 1471 2548 tionem
1492 2521 1535 2546 ve
1551 2510 1588 2545 ἰ.

1383 2554 1436 2594 25
1461 2555 1508 2591 ΙΑ
1517 2564 1687 2591 νοιεινυε
1706 2555 1798 2590 libro
1852 2555 1953 2590 uinco
1976 2555 2222 2601 posteriorum
2251 2553 2430 2590 Labeonis

1338 2601 1376 2637 Si
1398 2602 1440 2644 is,
1465 2601 1526 2646 qui
1547 2603 1801 2636 testamentum
1840 2603 1970 2641 sceret,
1994 2598 2184 2635 heredibus
2199 2598 2321 2644 primis
2337 2610 2428 2635 nun-

1339 2646 1491 2692 cupatis,
1515 2646 1722 2691 priusquam
1747 2643 1923 2680 secundos
1947 2644 2159 2690 exprimeret
2181 2643 2340 2686 heredes,
2364 2644 2429 2679 ob-

1338 2691 1538 2733 mutuisset,
1574 2701 1609 2725 in
1656 2691 1664 2698 '

1468 2735 1487 2771 f
1529 2736 1537 2743 ·
1719 2690 1879 2742 coepisse
1913 2699 1994 2724 eum
2027 2692 2278 2724 testamentum
2309 2688 2430 2725 facere

1339 2747 1447 2782 quam
1485 2745 1598 2771 ecisse

1653 2745 1737 2770 arus
1761 2734 1978 2780 digestorum
2009 2733 2100 2769 libro
2131 2734 2246 2779 primo
2270 2733 2430 2769 Servium

1339 2781 1565 2827 respondisse
1588 2779 1750 2825 scripsit:
1774 2779 1826 2815 ita
1851 2790 1895 2815 ue
1917 2779 2050 2824 primos
2073 2778 2223 2814 heredes
2241 2788 2286 2813 ex
2301 2788 2343 2814 eo
2356 2782 2429 2814 tes-

1339 2829 1497 2862 tamento
1536 2836 1610 2861 non
1639 2824 1793 2860 futuros.
1881 2824 1969 2859 abeo
2000 2828 2076 2859 tum
2105 2824 2175 2859 hoc
2207 2833 2329 2859 verum
2351 2832 2430 2859 esse

1340 2871 1530 2913 existimat,
1554 2870 1585 2906 si
1609 2872 1790 2906 constaret
1811 2868 1966 2904 voluisse
1987 2868 2108 2914 plures
2124 2878 2215 2911 eum,
2235 2867 2297 2913 qui
2317 2871 2429 2903 testa·

1339 2919 1497 2951 mentum
1519 2915 1682 2957 fecisset,
1713 2913 1862 2950 heredes
1895 2913 2145 2958 pronuntiare:
2169 2923 2234 2958 ego
2256 2922 2324 2948 nec
2347 2911 2429 2948 Ser-

1340 2961 1434 2997 vium
1457 2965 1546 3006 puto
1570 2958 1668 2995 aliud
1691 2958 1856 2994 sensisse.

1387 3003 1441 3043 26
1468 3005 1592 3042 θυαε
1618 3004 1708 3039 libro
1731 3004 1896 3039 vicesimo
1918 3002 2074 3038 secundo
2098 3001 2148 3037 ad
2168 3001 2322 3037 edictum
2338 3012 2430 3048 pro-

1340 3050 1493 3086 vinciale
1539 3049 1627 3085 Cum
1650 3048 1725 3094 lege
1756 3048 1835 3101 quis
1865 3046 2077 3083 intestabilis
2106 3046 2249 3082 iubetur
2272 3056 2361 3088 esse,
2386 3056 2428 3082 eo

1340 3095 1506 3141 pertinet,
1529 3104 1575 3130 ne
1598 3094 1674 3129 eius
1688 3092 1929 3129 testimonium
1945 3091 2138 3136 recipiatur
2155 3095 2192 3126 et
2207 3101 2248 3127 eo
2266 3091 2429 3136 amplius,

1341 3144 1382 3175 ut
1429 3139 1548 3175 uidam
1571 3141 1713 3184 putant,
1737 3147 1825 3174 neve
1838 3138 1864 3159 ¹⁷
1887 3137 1900 3172 i
1925 3137 1956 3172 si
1979 3136 2119 3172 dicatur
2141 3136 2393 3172 testimonium.

1387 3150 1440 3222 2&
1468 3184 1612 3220 Cnsvs
1632 3183 1722 3219 libro
1747 3183 1872 3229 quinto
1920 3182 2030 3217 ccimo
2053 3181 2272 3227 diqestorum
2305 3180 2429 3233 Domi·

1341 3229 1412 3264 tius
1434 3229 1557 3264 Labeo
1591 3228 1693 3263 Celso
1725 3237 1791 3264 suo
1825 3226 1983 3263 salutem.
2031 3225 2192 3269 Quaero,
2215 3235 2263 3261 an
2285 3228 2430 3261 testium

1341 3284 1488 3309 numero
1522 3272 1709 3308 habendus
1744 3273 1790 3307 sit
1822 3272 1865 3315 is,
1924 3271 1972 3312 ui,
2008 3281 2089 3306 cum
2121 3275 2267 3317 rogatus
2298 3273 2353 3306 est
2383 3269 2430 3305 ad

1341 3321 1593 3354 testamentum
1615 3317 1854 3369 scribendum,
1886 3282 1980 3368 53⁹¹.ss
2011 3325 2150 3361 quoque
2175 3326 2256 3351 cum
2285 3314 2429 3350 tabulas

1341 3362 1607 3443 sglripgissethsi
1634 3367 1803 3442 naventtgu
1824 3361 2005 3440 Iuventigs
2030 3360 2154 3448 ῼξΙεᾶιε
2176 3359 2427 3440 Ιῖιζδεοὲιίοὲιιο

1341 3418 1500 3443 sum.
1627 3418 1741 3442 onin
1847 3416 2050 3441 ouisi
2126 3416 2145 3441 e
2262 3415 2297 3439 m
2387 3415 2429 3439 n-

1342 3452 1494 3488 sulueris
1507 3453 1546 3495 ¹⁰,
1571 3456 1634 3487 aut
1657 3451 1771 3487 valide
1793 3416 1982 3486 setffiltaqest
2005 3416 2218 3487 consulta‘tio
2241 3453 2324 3485 tua:
2346 3448 2427 3494 plus

984 3567 1027 3604 (2)
1052 3565 1284 3598 familiasuiF'
1348 3567 1407 3605 (ιο)
1431 3565 1462 3597 si
1474 3565 1581 3598 om.F
1633 3566 1687 3605 (ιι)
1710 3574 1824 3596 sumus
1836 3564 1909 3597 edd.
1965 3565 2023 3602 (m
2048 3562 2294 3595 condicioneF
2356 3562 2427 3602 (η’)

1345 3612 1416 3641 tum
1428 3608 1480 3642 Γ*
1526 3611 1584 3650 (13)
1598 3612 1678 3642 tuno
1691 3610 1752 3642 ins.
1765 3608 1818 3641 F’
1886 3611 1943 3648 (14)
1956 3608 2144 3650 inpressum
2156 3619 2219 3640 scr.
2288 3607 2347 3647 (15)
2361 3616 2427 3649 quo

1047 3658 1088 3695 (τ)
1113 3655 1165 3687 vel
1178 3665 1274 3697 prae·
1344 3653 1437 3695 velit,
1450 3664 1518 3686 non
1531 3654 1591 3688 ine.
1605 3653 1765 3694 (similiter
1776 3653 1978 3687 Hotomanus
1990 3653 2125 3695 aliique)
2195 3652 2253 3692 (ιο)
2267 3650 2386 3683 anulos
2398 3651 2433 3684 F

1343 3700 1354 3738 (
1362 3706 1393 3732 1¹1
1398 3703 1408 3737 )
1433 3708 1474 3731 ne
1486 3698 1539 3731 vel
1549 3710 1603 3732 scr
1721 3699 1780 3739 (ιε)
1805 3701 1865 3730 aut
1877 3699 1937 3731 ins.
1950 3696 2004 3730 Γ*
2117 3697 2176 3737 (1⁹)
2201 3694 2386 3729 consuleris
2395 3695 2432 3728 F
