2528 3918
137 156 195 186 ΕΤ
222 154 583 186 FIDEICOMMISSIS

139 270 155 302 1
204 264 368 301 Marcelli
390 265 614 306 sententiam,
637 273 729 308 quae
751 273 837 299 vera
860 266 924 299 est.
983 263 1054 299 Sed
1077 263 1223 309 Papini-

137 321 227 347 anus
249 309 343 346 libro
358 319 452 345 nono
465 308 602 344 (1881810
650 308 874 344 uaestionum
891 308 951 349 ait,
976 310 1044 344 etsi
1067 313 1151 355 post
1173 308 1224 344 le·

135 360 222 408 gata
242 365 304 391 sae
330 354 387 390 ius
411 354 594 399 adscripta
616 353 628 387 i
654 363 709 388 em
733 353 802 389 1108
818 334 971 389 subiecit
993 355 1103 391 semel
1118 364 1224 407 prae-

136 400 224 437 stari
245 366 336 436 velie
359 403 395 435 et
417 399 486 435 hoc
510 402 593 434 ante
614 398 799 444 impletum
820 402 1072 435 testamentum
1088 399 1225 441 fecerit,

135 446 228 499 ipso
246 445 326 480 iure
355 443 468 479 videri
500 448 620 480 cetera
652 443 771 497 legata
801 443 980 489 adempta.
1036 445 1100 481 sed
1131 445 1224 490 quo¹

136 490 287 571 ffiagis·
267 490 335 525 erit
352 489 580 534 ademptum?
602 499 676 568 ng?
691 488 786 568 ί81111111
797 493 959 534 apparet.
1000 494 1036 525 et
1054 490 1105 525 ait
1119 498 1227 536 posse

175 546 208 571 81
231 535 393 580 exiguius
417 544 497 570 esse
545 544 625 569 raes
665 545 689 568 n
715 544 774 568 um

187 579 236 617 15
266 580 423 616 PAULUS
443 545 544 614 libr—c?
560 579 664 614 tertio
689 578 739 614 ad
748 578 923 614 Sabinum
970 579 1039 624 Qui
1059 583 1227 633 quartam

136 630 275 672 partem
285 625 462 661 bonorum
477 624 597 668 legare
608 623 730 667 voluit,
748 623 928 659 dimidiam
941 625 1096 670 scripsit.
1137 624 1227 660 Ριο-

138 671 240 706 8111118
262 673 360 706 recte
384 669 435 704 ait
456 679 564 714 posse
588 668 732 704 defendi
755 673 920 714 quartam
943 669 1108 723 legatam,
1168 669 1229 705 uia

136 716 294 751 inesset2
316 714 492 750 dimidiae.
538 713 632 749 idem
647 714 716 749 erit
740 718 776 750 et
799 715 830 750 si
845 715 1104 769 quinquaginta
1116 726 1160 751 vo
1176 715 1230 750 uit

136 762 255 806 legare
279 764 316 796 et
340 763 481 796 centum
504 759 641 812 scripta
663 759 753 795 8181.
778 759 1034 814 quinquaginta
1048 760 1143 797 enim
1167 760 1228 796 de-

137 807 327 841 bebuntur.
375 804 440 841 sed
462 808 499 840 et
514 804 545 840 si
566 804 648 850 plus
671 804 790 849 legare
806 805 918 840 voluit
929 810 966 841 et
981 806 1098 841 minus
1114 805 1228 851 scrip-

140 855 155 885 1
206 851 262 892 sit,
286 850 420 886 valebit
442 849 609 903 legatum.
658 849 696 885 Si
714 850 793 894 quis
816 860 925 885 unam
947 861 1122 904 summam
1137 850 1228 886 filia-

136 897 205 931 bus
228 895 408 940 legaverit,
432 898 475 930 ut
496 894 603 930 etiam
615 894 660 930 de
682 898 851 940 postuma
861 896 1020 939 sentiret,
1045 896 1075 932 si
1099 906 1142 931 ea
1156 906 1230 931 non

138 945 193 976 est
215 944 312 982 nata,
336 939 520 985 superstiti
543 939 697 975 solidum
721 939 921 976 debebitur.

187 983 238 1023 16
264 985 493 1021 POMPONIUS
513 985 605 1020 libro
630 985 757 1038 quinto
781 985 832 1020 ad
853 984 1029 1021 Sabinum
1077 985 1115 1022 Si
1139 985 1229 1022 duo-

137 1031 206 1067 bus
230 1041 288 1067 res
314 1030 532 1066 coniunctim
547 1030 667 1074 legata
685 1030 742 1072 sit,
767 1030 926 1075 quamvis
943 1031 1033 1066 alter
1056 1031 1094 1066 in
1110 1041 1231 1066 rerum

137 1079 267 1111 natura
289 1086 364 1112 non
386 1075 507 1116 fuerit,
532 1075 637 1111 alteri
661 1075 774 1111 solam
795 1080 937 1129 partem
960 1076 1108 1112 deberi⁸
1166 1080 1230 1112 uto

142 1125 156 1156 1
206 1131 329 1156 verum
352 1131 443 1157 esse.
489 1120 603 1156 Heres
628 1120 768 1156 adiecto
800 1121 834 1156 ei
864 1121 1009 1157 nomine
1033 1087 1230 1164 cuiusdam,

139 1166 200 1211 qui
223 1167 327 1202 heres
351 1176 424 1201 non
447 1165 503 1205 sit.
529 1165 615 1200 dare
638 1165 827 1201 damnatus
851 1170 967 1201 totum
989 1166 1146 1220 legatum
1170 1166 1230 1202 de-

137 1212 217 1247 bet:
241 1221 324 1246 nam
348 1215 385 1246 et
407 1210 439 1246 si
462 1211 553 1246 duos
565 1220 610 1246 ex
621 1211 814 1247 heredibus
837 1212 911 1247 suis
931 1212 1157 1292 nominatima

138 1256 343 1292 damnasset
365 1259 402 1292 et
424 1256 515 1292 alter
537 1255 770 1291 hereditatem
793 1267 866 1292 non
889 1256 1034 1299 adisset,

138 1306 195 1337 set
216 1305 331 1336 totum
354 1300 519 1341 deberet,
552 1300 582 1336 si
611 1311 697 1346 pars
729 1301 807 1337 eius
836 1302 900 1346 qui
931 1312 1006 1338 non
1028 1312 1051 1337 a
1107 1305 1163 1338 set
1185 1277 1232 1337 8(1

139 1350 159 1381 2
208 1356 290 1382 eum
313 1346 373 1399 qui
397 1327 531 1382 adisse’t
553 1346 765 1390 pervenerit.
814 1346 853 1382 Si
876 1346 971 1382 Titio
994 1350 1032 1383 et
1053 1346 1230 1400 postumis

138 1392 294 1436 legatum
317 1391 374 1431 sit,
398 1401 471 1426 non
493 1394 578 1426 nato
602 1394 770 1436 postumo
793 1395 910 1427 totum
931 1391 1048 1427 Titius
1071 1391 1230 1428 vindica-

137 1437 202 1472 bit.
250 1436 315 1472 sed
338 1439 374 1471 et
397 1436 429 1471 si
450 1439 604 1471 testator
627 1436 722 1471 Titio
746 1440 783 1471 et
804 1436 980 1481 postumis
1004 1437 1124 1473 viriles
1146 1447 1231 1483 par-

137 1486 192 1517 tes
216 1481 294 1516 dari
316 1480 488 1516 voluisset
510 1481 566 1516 vel
581 1480 689 1516 etiam
712 1481 750 1516 id
765 1482 1013 1526 expressisset,
1038 1485 1155 1518 totum
1177 1482 1230 1519 le-

136 1529 260 1571 gatum
283 1525 379 1561 Titio
403 1525 556 1561 debetur
577 1536 651 1561 non
673 1530 759 1562 nato
776 1530 956 1571 postumo.

187 1569 236 1607 17
270 1570 466 1606 Uipsanas
501 1570 592 1606 libro
635 1571 761 1624 quinto
803 1572 940 1607 decimo
974 1571 1024 1607 ad
1053 1570 1231 1607 Sabinum

138 1616 207 1660 Qui
229 1616 373 1651 filiabus
395 1615 534 1660 legavit
559 1615 591 1651 si
607 1616 822 1651 mentionem
845 1616 966 1661 aliqua
1018 1620 1096 1652 arte
1118 1620 1230 1653 testa-

137 1661 247 1697 menti
269 1664 458 1706 postumae
480 1660 575 1703 fecit,
599 1660 767 1696 videtur
755 1672 794 1696 ιιι
817 1661 1027 1698 filiarume
1027 1666 1111 1706 gato
1127 1666 1164 1698 et
1187 1662 1232 1698 de

206 1710 374 1759 postuma
404 1705 570 1741 sensisse.
626 1705 666 1741 Si
688 1706 767 1751 quis
798 1706 852 1741 ita
873 1707 1062 1752 legaverit:
1095 1707 1138 1744 ‘si
1184 1718 1232 1743 ua

136 1751 211 1786 filia
234 1751 320 1786 mibi
342 1751 494 1795 genitur,
527 1751 560 1786 ei
582 1751 687 1787 heres
710 1762 811 1787 meus
836 1756 979 1788 centum
1003 1752 1119 1793 dato’,
1149 1764 1174 1798 p
1188 1764 1231 1788 u-

136 1794 238 1832 ribus
261 1796 356 1831 natis
380 1796 520 1831 videtur
542 1795 690 1849 singulis
713 1797 925 1832 tantundem
948 1797 1106 1842 legasse:
1135 1797 1232 1843 quod

136 1843 188 1877 ita
212 1841 459 1886 accipiendum
491 1845 565 1884 est,
597 1841 667 1876 nisi
698 1841 841 1894 evidens
875 1842 922 1877 sit
945 1843 1127 1878 contraria
1149 1853 1230 1879 sen-

138 1890 158 1921 2
205 1887 319 1922 tentia
340 1886 536 1922 testatoris.
595 1886 633 1921 Si
655 1886 717 1921 uni
747 1897 793 1922 ex
823 1887 1017 1923 heredibus
1047 1887 1157 1923 fuerit
1178 1888 1230 1923 le-

137 1937 271 1976 gatum,
294 1932 364 1966 hoc
389 1931 512 1967 deberi
528 1931 561 1966 ei
573 1931 693 1967 officio
710 1931 838 1967 iudicis
851 1932 1006 1968 familiae
1021 1933 1230 1969 herciscun-

138 1977 205 2012 dae
221 1976 449 2012 manifestum
465 1980 537 2012 est:
562 1976 627 2012 sed
641 1979 679 2012 et
694 1977 725 2012 si
740 1977 955 2013 abstinuerit
965 1987 1005 2013 se
1019 1977 1230 2021 hereditate,

138 2022 309 2067 consequi
332 2031 414 2057 eum
436 2021 506 2057 hoc
529 2021 685 2066 legatum
707 2031 816 2075 posse
839 2025 982 2058 constat

186 2063 237 2104 18
261 2066 289 2102 I
290 2075 457 2102 1711411178
492 2066 584 2102 libro
625 2067 808 2113 triqesimo
841 2068 966 2114 primo
1006 2067 1229 2120 diqestorum

138 2115 175 2147 et
198 2111 341 2164 quidem
370 2114 486 2147 totum
516 2111 674 2156 legatum
696 2115 820 2157 petere
843 2115 982 2165 potest,
1015 2113 1175 2158 quamvis
1208 2123 1231 2149 a

137 2160 250 2193 881881
271 2157 283 2192 1
310 2166 350 2192 so
374 2156 549 2192 inutiliter
572 2157 605 2192 ei
627 2156 784 2201 legatum
806 2156 944 2193 fiusset.

297 2211 465 2237 spamus
496 2200 588 2237 libro
628 2203 754 2247 quinto
795 2202 932 2238 decimo
973 2202 1024 2237 ad
1053 2201 1230 2239 Sabinum

137 2200 275 2291 Legata
297 2246 474 2282 inutiliter
497 2246 582 2282 data
603 2246 823 2299 Papinianus
854 2250 960 2293 putat
981 2247 1074 2283 libro
1099 2258 1229 2293 quaes-

136 2293 273 2327 tionum
298 2291 502 2327 confirmari
531 2301 598 2337 per
619 2292 878 2344 repetitionem,
902 2292 940 2327 id
963 2296 1020 2328 est
1042 2303 1108 2338 per
1134 2293 1230 2329 hanc

138 2338 355 2388 scripturam
383 2341 510 2382 postea
543 2336 638 2372 forte
669 2337 706 2371 in
746 2337 920 2373 codicillis
952 2337 1106 2374 factam:
1148 2339 1230 2374 ‘hoc

138 2382 302 2434 ‘amplius
326 2382 475 2418 exheres
499 2392 599 2418 meus
623 2381 726 2423 dato',
752 2386 789 2418 et
804 2382 982 2419 diversum
1006 2393 1086 2419 esse
1108 2383 1146 2418 ιιι
1168 2383 1230 2419 1118

137 2427 334 2473 scriptura:
360 2429 462 2472 ‘quas
485 2426 657 2479 pecunias
680 2427 807 2472 legavi,
832 2429 960 2472 quibus
984 2427 1061 2464 dies
1084 2427 1228 2474 adposi-

137 2475 206 2508 ‘tus
228 2482 304 2508 11011
327 2475 391 2515 881,
416 2482 537 2507 annua
558 2471 655 2507 bima
677 2473 785 2508 trima
808 2472 865 2508 die
888 2474 992 2509 heres
1016 2483 1117 2510 meus
1142 2474 1229 2510 dare

136 2517 296 2553 ‘damnas
309 2517 512 2553 est0’1non
525 2517 616 2552 enim
633 2517 703 2552 hoc
719 2518 833 2562 egisse
849 2521 1068 2558 testatorem,
1086 2522 1127 2553 ut
1143 2529 1228 2555 con-

135 2562 297 2598 firmaret
319 2571 411 2607 quae
433 2562 574 2597 inutilia
597 2566 691 2602 sunt,
715 2563 779 2598 sed
801 2566 843 2615 111
865 2562 958 2599 diem
982 2564 1128 2599 utilibus
1143 2575 1228 2609 pro-

138 2611 154 2643 1
204 2607 504 2673 rogaret21dem
521 2606 647 2643 eodem
668 2607 749 2643 loco
774 2611 811 2644 et
833 2608 871 2643 ιιι
893 2608 1089 2644 substituto
1113 2609 1228 2661 impu-

135 2653 256 2688 beris⁴
287 2652 450 2697 scripsit,
483 2656 534 2695 ut,
567 2652 598 2688 si
628 2651 738 2688 fuerit
767 2653 814 2688 ab
847 2653 1034 2705 impubere
1056 2654 1230 2690 inutiliter

134 2698 310 2742 legatum
342 2698 585 2733 substitutus-'³
607 2697 677 2733 hoc
709 2697 857 2739 debeat,
888 2698 920 2734 si
951 2698 1033 2734 ‘hoc
1063 2709 1120 2733 am
1146 2699 1227 2736 lius’

134 2742 293 2787 legatum
315 2743 361 2778 ab
385 2753 428 2778 eo
453 2742 500 2778 sit
521 2742 685 2777 relictum
702 2742 836 2787 aliquid
850 2753 918 2779 nec
932 2743 994 2779 1118
1010 2744 1107 2788 patri
1149 2754 1228 2781 eres

137 2791 156 2822 2
204 2788 381 2823 exstiterit
403 2791 440 2824 et
463 2788 667 2823 decesserit.
714 2788 758 2822 In
780 2788 898 2832 legato
921 2788 1086 2833 pluribus
1102 2789 1227 2825 relicto

136 2833 167 2869 si
216 2836 312 2869 artes
335 2832 496 2869 adiectae
519 2843 592 2868 non
616 2836 711 2875 sunt,
736 2843 778 2869 ae
802 2844 870 2869 uae
894 2837 1092 2869 servantur

206 2876 231 2915 Ο
256 2877 486 2914 POMPONIUS
499 2878 590 2914 libro
608 2879 733 2930 quinto
750 2890 774 2913 a
811 2877 987 2914 Sabmum
1036 2878 1227 2923 6(1111(11108

137 2933 259 2958 servos
281 2923 442 2965 haberet,
478 2934 588 2958 unum
619 2933 665 2959 ex
686 2923 742 2959 his
773 2923 938 2968 legasset,
963 2927 1005 2959 ut
1027 2934 1100 2960 non
1122 2925 1225 2961 intel-

136 2967 314 3012 legeretur
337 2978 441 3013 quem
463 2968 630 3013 legasset,
653 2968 818 3013 legatarii
841 2972 897 3005 est
920 2969 1058 3005 electio.

183 3010 232 3050 21
268 3012 463 3049 Uzmzws
495 3013 585 3049 libro
629 3015 756 3059 quinto
797 3014 933 3050 decimo
968 3014 1018 3050 ad
1051 3013 1226 3050 Sabinum

138 3056 253 3136 Grffie
274 3058 392 3138 legato
416 3061 453 3094 et
475 3069 567 3104 quae
593 3062 721 3104 postea
745 3058 923 3096 accedunt
946 3059 992 3095 ad
1015 3059 1226 3105 legatarium

165 3111 185 3137 e
232 3112 302 3138 nen

138 3112 162 3147 p
185 3144 238 3183 22
263 3146 491 3184 Poupomvs
510 3148 608 3201 libro·
622 3149 749 3195 quinto
773 3148 823 3184 ad
837 3148 1011 3185 Sabinum
1058 3149 1097 3185 Si
1119 3160 1226 3202 grege

136 3191 254 3236 legato
278 3192 398 3238 aliqua
419 3203 554 3246 pecora
576 3193 654 3229 vivo
685 3197 859 3230 testatore
882 3198 1024 3230 mortua
1046 3198 1167 3230 essent
1188 3206 1226 3230 111

137 3246 331 3282 eorumque
352 3238 471 3274 locum
505 3238 647 3291 aliqua⁷
678 3243 799 3275 essent
829 3239 1042 3281 substituta,
1075 3240 1226 3276 eundem

136 3291 280 3326 gregem
302 3281 430 3318 videri:
453 3287 504 3319 81
525 3284 558 3320 81
581 3283 801 3320 deminutum
833 3294 877 3320 ex
908 3294 950 3320 eo
1028 3295 1092 3338 ege
1113 3295 1225 3331 pecus

137 3330 233 3362 esset
255 3329 292 3361 et
314 3326 370 3362 vel
393 3338 484 3364 unus
500 3328 567 3364 bos
582 3332 798 3374 superesset,
823 3340 904 3365 eum
919 3329 979 3365 vin
1005 3330 1092 3366 88ι1
1106 3341 1225 3375 posse,

138 3371 297 3422 quamvis
320 3381 407 3415 grex
430 3371 579 3409 desisset
601 3383 699 3410 esse:
724 3374 1019 3427 quemadmodum
1041 3375 1159 3411 insula
1174 3375 1224 3411 le-

137 3421 232 3461 gata,
257 3427 287 3452 81
312 3417 499 3452 combusta
521 3422 627 3460 esset,
652 3429 738 3455 area
759 3419 875 3464 possit
897 3419 1082 3456 vindicari.

184 3459 238 3498 23
264 3460 320 3496 ΡΑ
328 3471 372 3496 m:
378 3471 423 3497 vs
443 3462 534 3497 libro
558 3464 662 3499 tertio
694 3464 745 3499 ad
766 3463 941 3500 Sabinum
995 3464 1034 3500 Si
1057 3465 1136 3510 quis
1161 3466 1224 3501 bo-

138 3518 266 3542 norum
289 3510 439 3558 partem
450 3506 637 3551 legaverit,
670 3512 710 3544 ut
740 3509 848 3545 hodie
870 3509 922 3552 fit,
947 3510 1023 3546 sine
1046 3476 1224 3546 fructibus

137 3552 348 3593 restituitur,
373 3551 442 3587 11181
464 3562 564 3587 mora
585 3553 827 3589 intercesserit
849 3554 1001 3591 heredis.

185 3594 238 3633 24
262 3596 492 3632 Pomomvs
511 3596 602 3632 libro
626 3599 751 3643 quinto
776 3599 826 3634 ad
840 3598 1014 3635 Sabinum
1061 3599 1165 3643 Quod
1188 3600 1226 3634 in

140 3709 179 3748 (ι)
205 3709 295 3756 quod
308 3711 383 3742 dett.

456 3710 499 3749 (2)
515 3709 667 3742 inesseF
719 3711 763 3752 (3)
788 3714 822 3743 81
834 3712 925 3744 hoc·
911 3724 972 3745 zm.
983 3711 1034 3744 F2
1103 3713 1147 3754 (4)
1160 3723 1223 3754 pu-

139 3752 228 3786 beris
243 3750 286 3787 F

360 3756 403 3793 (5)
428 3752 639 3787 substitusF
727 3758 769 3795 (6)
794 3756 1041 3796 81111317)
1065 3756 1133 3789 alia
1146 3757 1223 3790 Hal.

1209 136 1293 184 417

2259 135 2385 180 XXX

1291 271 1413 298 rerum
1442 264 1575 297 natura
1606 260 1724 296 adhuc
1759 271 1832 296 non
1863 261 1927 303 sit,
1969 261 2086 314 legari
2108 270 2238 314 posse,
2279 260 2389 297 veluti

1293 306 1477 360 ‘quidquid
1492 306 1555 342 illa
1571 305 1703 341 ancilla
1728 306 1948 351 peperisset,
1974 306 2152 342 8011811111.
2182 306 2308 342 velita
2332 313 2388 342 ex

1294 352 1387 387 ‘vino
1412 351 1509 406 qupd
1531 350 1694 387 infundo
1719 361 1798 386 meo
1815 354 1938 385 natum
1954 353 2019 387 est’
2044 351 2101 388 vel
2117 351 2223 388 ‘fetus
2246 354 2389 387 tantum

1297 401 1313 432 1
1364 394 1484 432 ’(181οΪ
1541 395 1580 432 Si
1602 406 1708 431 usum
1741 395 1900 431 fructum
1923 396 2076 432 habeam
2106 406 2265 450 eumque
2290 396 2388 449 lega-

1294 442 1414 484 verim,
1439 442 1509 478 nisi
1531 444 1659 487 postea
1680 441 1938 493 proprietatem
1962 442 2063 477 eius⁸
2086 445 2215 479 nactus
2236 442 2313 483 sim,
2336 441 2389 477 in-

1295 490 1316 523 2
1362 469 1451 523 utile
1473 487 1630 531 legatum
1653 491 1718 522 est.
1766 485 1805 521 Si
1827 485 1906 531 quis
1928 490 2012 531 post
2034 489 2287 523 testamentum
2311 486 2388 522 fac-

1294 535 1371 568 tum
1394 532 1507 567 fundo
1532 531 1674 566 Titiano
1705 531 1825 576 legato
1855 534 1996 576 partem
2027 532 2074 567 ali
2098 542 2182 568 uam
2205 532 2389 575 adiecerit,

1295 587 1402 631 quam
1425 576 1529 612 fundi
1552 575 1687 612 Titiani
1711 575 1919 618 destinaret,
1951 575 1989 611 id
2012 586 2081 621 quo
2130 577 2310 614 adiectum
2333 558 2393 614 est'.

1295 622 1390 675 exigi
1413 632 1435 657 a
1457 622 1639 674 legatario
1661 624 1782 674 potest
1805 623 1855 663 (et
1878 621 2004 657 81181118
2028 625 2084 657 881
2107 632 2217 659 causa
2240 623 2391 658 alluvio-

1294 667 1364 707 nis)
1382 670 1418 703 81
1433 667 1587 702 maxime
1610 666 1642 702 si
1664 676 1710 702 ex
1733 666 1803 702 alio
1827 676 1925 711 agro,
1950 666 2012 711 qui
2026 665 2096 702 fuit
2119 667 2194 704 eius
2212 679 2294 704 cum
2316 672 2390 704 tes-

1296 715 1316 748 3
1363 716 1562 748 tamentum
1585 711 1732 754 faceret,
1767 721 1847 747 eam
1869 714 2009 757 partem
2041 711 2183 748 adiecit.
2232 713 2336 758 Quod
2359 712 2393 750 si

1295 761 1389 810 post
1401 760 1654 793 testamentum
1678 755 1815 792 factum
1830 766 1876 793 ex
1891 756 2002 792 fundo
2020 756 2162 793 Titiano
2179 758 2313 803 aliquid
2329 758 2390 794 de-

1296 803 1408 838 traxit
1431 805 1467 838 81
1498 802 1559 838 alii
1582 801 1694 836 fundo
1727 801 1876 844 adiecit,
1907 801 2098 837 videndum
2121 805 2194 844 est,
2226 808 2398 839 utrumne

1297 858 1378 884 eam
1400 857 1552 900 quoque
1564 850 1704 899 partem
1727 828 1921 891 legatarius
1951 847 2130 892 petiturus
2162 829 2211 884 811
2241 859 2288 883 811
2321 848 2397 884 hoc·

1297 893 1425 935 minus,
1451 892 1555 938 quasi
1577 891 1681 927 fundi
1704 891 1840 927 Titiani
1863 902 1942 928 8888
1966 892 2129 935 desierit,
2162 903 2244 929 cum
2267 897 2394 930 nostra·

1298 937 1536 974 destinatione
1559 936 1751 973 fundorum
1769 937 1914 990 1101111118
1929 940 1966 973 81
1989 938 2150 979 domus⁹,
2176 948 2249 974 non
2263 942 2394 974 natura

1298 983 1613 1020 constituerentur.
1654 986 1691 1018 et
1706 982 1819 1027 magis
1841 985 1907 1025 est,
1932 986 1974 1017 ut
1990 983 2086 1028 quod
2101 964 2162 1018 8111
2178 983 2393 1019 (188118811181

1298 1032 1320 1064 4
1367 1032 1423 1064 est
1446 1028 1652 1073 ademptum
1675 1037 1755 1063 esse
1778 1027 1951 1063 videatur.
2011 1027 2049 1063 Si
2072 1038 2198 1064 navem
2229 1029 2392 1074 legavero

1298 1076 1336 1110 et
1358 1073 1563 1119 specialiter
1597 1083 1714 1108 meam
1737 1072 1856 1108 adseri
1883 1083 1963 1108 sero
1996 1083 2145 1118 eamque
2202 1084 2241 1126 er
2272 1077 2394 1127 partes

1298 1122 1413 1155 totam
1435 1118 1617 1160 resecem,
1656 1118 1779 1153 carina
1802 1128 1844 1153 ea
1870 1128 1926 1154 em
1947 1123 2114 1155 manente
2234 1130 2255 1155 0
2278 1119 2396 1155 11118118

1299 1167 1398 1200 recte
1422 1174 1445 1199 a
1466 1163 1639 1208 legatario
1663 1162 1917 1199 vindicaretur.

1346 1207 1400 1246 25
1425 1208 1483 1244 ΡΑ
1490 1218 1535 1244 σι
1542 1218 1586 1244 vs
1607 1208 1699 1244 libro
1717 1209 1821 1244 tertio
1839 1208 1890 1244 ad
1899 1207 2076 1245 Sabinum
2122 1210 2156 1245 A
2171 1209 2247 1246 filio
2265 1210 2396 1246 herede

1300 1255 1407 1290 etiam
1430 1264 1521 1299 pure
1543 1253 1639 1306 patri
1670 1253 1787 1306 legari
1814 1257 1936 1299 potest
1966 1264 2033 1290 nec
2067 1255 2235 1298 interest,
2269 1265 2317 1290 an
2340 1255 2399 1291 die

1301 1299 1449 1335 cedente
1479 1299 1588 1344 legati
1618 1299 1657 1334 in
1693 1298 1807 1351 patris
1865 1302 2019 1335 otestate
2050 1300 2116 1335 sit:
2147 1300 2270 1354 igitur
2299 1304 2336 1337 et
2367 1301 2398 1337 81

1299 1345 1402 1425 iuglsu
1424 1345 1539 1390 patris
1564 1343 1662 1379 adita
1673 1347 1721 1379 811
1736 1344 1822 1380 here
1851 1344 1929 1389 tas,
1952 1344 2190 1391 imputabitur
2204 1346 2238 1382 ei
2259 1346 2297 1382 in
2312 1346 2397 1381 Fal-

1301 1401 1334 1426 81
1373 1400 1441 1425 818.

1347 1433 1402 1472 26
1425 1434 1659 1471 Poupomvs
1677 1433 1769 1470 libro
1787 1435 1915 1480 quinto
1939 1434 1990 1470 ad
2005 1434 2181 1471 Sabinum
2221 1435 2306 1472 Non
2322 1447 2398 1490 am-

1325 1480 1395 1517 lius
1418 1480 1620 1525 legatorum
1643 1479 1787 1515 nomine
1811 1479 1859 1515 ad
1889 1489 2102 1525 quemquam
2134 1482 2316 1527 pertinere
2346 1483 2399 1519 vi·

1299 1491 1405 1561 {etur
1428 1535 1535 1578 quam
1559 1524 1655 1570 quod
1678 1524 1833 1560 deducto
1857 1534 1919 1567 eo,
1954 1525 2051 1570 quod
2082 1527 2280 1573 explendae
2312 1538 2397 1564 con-

1302 1574 1318 1605 1
1366 1570 1518 1606 dicionis
1544 1580 1656 1605 causa
1671 1569 1795 1604 datum
1810 1573 1917 1612 88881,
1941 1576 2155 1616 superesset.
2204 1572 2243 1608 Si
2260 1577 2399 1609 certum

1299 1625 1437 1697 ἓιξέᾞῖἶ
1455 1614 2399 1702 iirsssssflirssrssiffiiffuii⁸¹idneZffssgin'S‘mguifflmssi

1301 1706 1408 1751 culpa
1431 1705 1573 1741 heredis
1595 1704 1755 1750 perierit,
1788 1705 1946 1741 deterior
1994 1709 2010 1740 t
2031 1706 2196 1751 legatarii
2221 1708 2396 1745 condicio.

1300 1754 1321 1786 2
1369 1751 1461 1786 Cum
1491 1750 1669 1786 bonorum
1699 1753 1805 1795 parte
1839 1750 1873 1785 18
1898 1754 1959 1786 818
1990 1750 2137 1787 dubium
2168 1753 2235 1796 sit,
2275 1757 2397 1790 utrum

1300 1760 2397 1883 8888188888018811.δί88188131

1299 1890 1422 1930 partes
1442 1895 1522 1938 esse
1537 1885 1675 1938 legatas
1691 1886 1993 1922 existimaverunt.
2041 1887 2105 1922 sed
2121 1892 2263 1941 oportet
2274 1889 2398 1926 heredi

1299 1931 1474 1973 succurri,
1498 1934 1540 1966 ut
1561 1930 1640 1975 ipse
1663 1930 1781 1975 eligat,
1806 1931 1880 1967 sive
1903 1941 2023 1967 rerum
2045 1936 2169 1977 partes
2192 1933 2265 1970 sive
2289 1936 2396 1972 aesti-

1299 1976 1493 2012 mationem
1518 1975 1603 2011 dare
1621 1975 1799 2012 maluerit.
1846 1976 1884 2011 18
1906 1976 1962 2012 his
1986 1980 2108 2013 tamen
2123 1978 2233 2015 rebus
2283 1983 2396 2016 artem

1300 2021 1386 2057 dare
1410 2022 1515 2057 heres
1539 2021 1768 2064 conceditur,
1801 2031 1893 2066 quae
1924 2022 2002 2058 sine
2026 2022 2155 2059 damno
2180 2024 2286 2060 divi
2310 2036 2395 2079 pos-

1299 2070 1401 2111 sunt3
1428 2067 1485 2102 sin
1507 2069 1627 2102 autem
1650 2066 1706 2102 vel
1728 2066 1943 2102 naturaliter
1957 2067 2127 2104 indivisae
2151 2069 2224 2105 sint
2240 2070 2296 2106 vel
2319 2071 2397 2108 sine

1299 2094 1430 2147 damno
1454 2111 1579 2147 divisio
1602 2118 1725 2147 earum
1747 2111 1827 2147 fieri
1857 2122 1931 2148 non
1953 2115 2092 2157 potest,
2123 2115 2325 2152 aestimatio
2348 2117 2395 2153 ab

1299 2157 1430 2193 herede
1455 2156 1657 2192 omnimodo
1681 2156 1902 2202 praestanda
1925 2162 1991 2194 est.

1345 2199 1399 2239 27
1424 2201 1585 2237 PAULUS
1605 2201 1697 2237 libro
1713 2213 1810 2238 nono
1834 2202 1885 2237 ad
1897 2201 2084 2238 Plautium
2130 2203 2256 2241 Potest
2275 2209 2395 2242 autem

1297 2247 1403 2283 heres
1426 2247 1484 2282 vel
1495 2248 1524 2268 ¹⁰
1546 2246 1779 2299 paucioribus
1794 2247 1851 2283 vel
1872 2247 1911 2282 in
1926 2258 1999 2283 una
2021 2259 2061 2285 re
2076 2249 2239 2285 relictam
2253 2254 2394 2303 partem

1297 2292 1332 2328 18
1356 2292 1472 2328 atario
1497 2291 1594 2334 dare,
1618 2292 1657 2327 in
1680 2302 1787 2337 quam
1803 2292 1860 2328 vel
1882 2292 2076 2338 legatarius
2094 2296 2317 2331 consenserit
2339 2296 2395 2332 vel

1362 2348 1407 2374 ex
1430 2337 1689 2379 aestimaverit,
1725 2348 1771 2373 ne
1794 2347 1942 2374 necesse
1965 2339 2116 2375 haberet
2138 2340 2332 2385 legatarius
2355 2342 2394 2377 in

1299 2383 1464 2419 omnibus
1481 2383 1592 2418 rebus
1608 2364 1788 2419 vindicare
1812 2383 2024 2428 portionem.

1344 2425 1399 2466 28
1431 2427 1628 2464 ULPIANUS
1648 2428 1740 2463 libro
1775 2439 1872 2463 nono
1896 2429 2032 2464 decimo
2056 2428 2107 2464 ad
2128 2427 2304 2465 Sabinum
2351 2430 2390 2466 Si

1299 2473 1470 2509 creditori
1485 2483 1576 2513 meo,
1592 2475 1692 2507 tutus
1709 2472 1878 2508 adversus
1896 2484 1976 2508 eum
1994 2473 2216 2528 exceptione,
2240 2474 2279 2510 id
2297 2475 2393 2520 quod

1298 2519 1332 2554 ei
1363 2518 1477 2554 debeo
1508 2518 1640 2562 legem,
1672 2517 1760 2553 utile
1790 2518 1945 2562 legatum
1978 2522 2052 2561 est,
2085 2519 2171 2565 quia
2201 2519 2392 2556 remissa¹¹

1298 2564 1463 2616 exceptio
1487 2563 1637 2605 videtur,
1662 2563 1756 2598 sicut
1768 2563 1902 2616 Aristo
1926 2563 1977 2598 ait
1998 2563 2037 2599 id
2091 2563 2166 2601 uod
2197 2564 2393 2602 honoraria

1297 2609 1439 2644 actione
1462 2608 1549 2643 mihi
1572 2608 1724 2643 debetur
1747 2607 1779 2644 si
1800 2608 1939 2661 legetur
1960 2608 2057 2651 mihi,
2068 2575 2238 2654 ί1838111111
2261 2610 2391 2654 valere,

1300 2658 1315 2688 1
1367 2654 1452 2698 quia
1476 2652 1588 2689 civilis
1602 2653 1690 2688 811111
1712 2652 1820 2689 datur
1835 2653 1928 2689 actio
1951 2664 2018 2699 pro
2035 2654 2242 2691 honoraria.
2289 2655 2390 2692 Mar-

1298 2698 1409 2735 cellus
1424 2699 1518 2734 libro
1534 2698 1703 2735 vicesimo
1719 2702 1845 2734 octavo
1863 2702 1977 2744 putat,
1994 2710 2069 2735 rem
2093 2710 2201 2746 quam
2217 2710 2262 2736 ex
2274 2700 2390 2746 stipu-

1296 2744 1373 2780 latu
1396 2744 1483 2779 mihi
1507 2743 1615 2780 debes
1651 2744 1682 2779 si
1705 2743 1895 2788 legaveris‚
1928 2744 2016 2780 utile
2038 2755 2117 2781 esse
2140 2745 2317 2790 legatum,
2350 2749 2392 2783 ut

1297 2799 1412 2825 neue
1437 2789 1600 2824 Falcidia
1622 2789 1692 2824 hoc
1714 2789 1872 2824 minuat·

1343 2800 1398 2872 {9
1422 2834 1584 2870 Pavws
1611 2833 1703 2869 libro
1734 2838 1841 2869 sexto
1873 2833 1924 2869 ad
1956 2834 2069 2880 leqem
2093 2834 2227 2870 Iuliam
2259 2838 2295 2871 et
2317 2835 2390 2871 Pa-

1292 2878 1911 2969 {53’33013ffl1235ss1333ufflffi
1928 2883 2391 2968 «ι’ῗὲἓῖἓιὲξῗέῗῖἱῖηιῖἓξξῗ

1293 2969 1329 3005 18
1354 2973 1463 3005 811118.

1330 2980 1397 3053 g30
1430 3013 1626 3050 Uapfflws
1646 3014 1738 3049 libro
1750 3025 1846 3049 nono
1857 3013 1994 3050 decemo
2019 3015 2069 3050 ad
2079 3014 2253 3051 Sabinum
2290 3015 2387 3051 Talis

1293 3060 1492 3105 scriptura:
1519 3062 1618 3103 quas
1641 3059 1812 3104 pecunias
1842 3058 1966 3104 legavi,
1992 3060 2121 3113 quibus
2146 3060 2222 3096 dies
2245 3060 2386 3105 adposi-

1295 3108 1367 3141 61118
1391 3115 1465 3140 808
1487 3107 1553 3146 est,
1578 3114 1639 3139 eas
1662 3104 1767 3140 heres
1791 3114 1891 3141 meus
1916 3115 2037 3140 annua
2067 3105 2164 3141 bima
2193 3105 2300 3140 trima
2331 3104 2387 3140 die

1295 3150 1416 3192 ‘dato,
1441 3148 1488 3184 ad
1513 3159 1667 3194 corpora
1679 3149 1798 3194 legata
1808 3160 1881 3185 non
1895 3151 2062 3204 pertinet,
2087 3150 2152 3187 sed
2174 3150 2220 3185 ad
2235 3160 2279 3186 ea
2318 3160 2386 3185 uae

1298 3199 1311 3229 1
1363 3194 1522 3240 pondere
1545 3204 1692 3230 numero
1716 3204 1885 3231 mensura
1909 3195 2147 3231 continentur.
2202 3195 2252 3229 Et
2344 3204 2387 3229 ea

1294 3243 1436 3275 tantum
1458 3239 1576 3292 legata
1591 3239 1755 3284 pertinet,
1773 3240 1904 3285 quibus
1929 3240 2004 3276 (1188
2020 3252 2093 3276 808
2110 3244 2164 3276 est
2180 3240 2225 3275 ad
2253 3239 2385 3275 ositus:

1294 3284 1448 3330 proinde
1471 3283 1503 3319 81
1526 3283 1620 3320 forte
1642 3295 1733 3330 pure
1755 3285 1911 3338 legatum
1935 3289 2001 3328 est,
2025 3296 2071 3321 ex
2093 3286 2162 3320 1188
2186 3295 2208 3320 8
2245 3284 2386 3320 ectione

1295 3334 1314 3364 2
1363 3329 1572 3375 prorogabit
1572 3339 1627 3364 ur.
1675 3329 1769 3374 Quid
1799 3330 1831 3366 si
1861 3330 1956 3366 forte
1988 3334 2129 3366 88811181
2152 3329 2239 3364 mihi
2268 3329 2386 3373 legata

1293 3379 1382 3411 sunt
1403 3374 1624 3426 praesentia,
1659 3378 1780 3411 utrum
1803 3386 1923 3410 annua
1946 3375 2003 3410 (118
2027 3375 2208 3410 dabuntur
2230 3384 2277 3408 an
2299 3383 2384 3409 vero

1293 3419 1526 3472 praesentia?
1551 3422 1587 3455 et
1610 3420 1660 3455 ait
1683 3419 1826 3456 Servius
1850 3424 1886 3456 et
1908 3421 2031 3455 Labeo
2080 3429 2225 3455 raesens
2250 3418 2383 3454 deberi.

1296 3464 1456 3516 quamvis
1479 3463 1588 3509 igitur
1610 3475 1833 3519 supervacua
1848 3465 1895 3500 sit
1917 3466 2007 3500 haec
2023 3475 2045 3499 a
2072 3464 2187 3506 ectio,
2235 3467 2384 3499 uantum

1294 3509 1344 3544 ad
1365 3509 1436 3544 vim
1459 3513 1495 3544 et
1517 3509 1684 3546 effectum
1706 3510 1814 3562 legati
1828 3510 1993 3555 pertinet,
2017 3513 2137 3544 tamen
2151 3508 2198 3543 8(1
2240 3518 2282 3543 08
2297 3518 2382 3561 pro:

1296 3558 1316 3589 3
1364 3553 1470 3595 ficiet,
1494 3558 1536 3589 ut
1556 3555 1739 3600 praesenti
1769 3554 1826 3590 die
1849 3555 2004 3598 legatum
2028 3553 2210 3589 debeatur.
2258 3552 2330 3588 Sed
2353 3552 2384 3588 si

1293 3599 1333 3634 in
1364 3609 1476 3635 annos
1507 3599 1665 3644 singulos
1696 3603 1758 3636 aut
1789 3599 1948 3644 singulos
1979 3608 2116 3634 menses
2150 3598 2197 3634 sit
2226 3597 2383 3643 legatum

1297 3714 1341 3753 (8)
1365 3713 1452 3753 eius]
1461 3713 1512 3745 rei
1523 3726 1587 3748 scr.
1657 3715 1702 3753 (9)
1726 3713 1843 3746 modus
1854 3725 1917 3745 scr.
1996 3713 2057 3752 (ιο)
2082 3722 2118 3743 18
2131 3724 2189 3745 ms
2270 3713 2325 3753 (11)
2350 3711 2382 3744 ei

1296 3757 1357 3789 ins.
1371 3756 1424 3789 F²
1493 3759 1551 3799 (12)
1577 3758 1710 3791 differat
1725 3758 1919 3791 Heineccius

2064 3813 2107 3845 53
