2528 3918
209 125 313 169 XIII
344 127 370 167 6

210 258 274 294 ego
300 257 345 282 ue
367 246 437 282 hoc
460 245 690 286 interlevero,
723 244 753 279 si
784 243 926 297 quidem
950 243 998 279 ad
1020 244 1091 279 hoc
1108 242 1180 295 ‚tibi
1203 252 1301 295 com-3

208 303 265 329 mo
292 302 416 333 avero,
453 294 494 325 ut
525 293 712 325 caveretur
742 288 808 324 tibi
838 289 876 324 in
908 299 969 331 eo,
1004 293 1118 324 teneri
1149 297 1206 339 me
1236 288 1302 322 tibi

210 336 388 374 contrario
430 335 578 371 iudicio:
616 334 646 370 si
679 334 810 377 minus,
835 335 973 380 neque¹
1010 344 1065 368 me
1101 333 1302 368 certiorasti

207 382 257 418 ibi
282 380 557 426 chirographum
581 389 660 415 esse
683 379 876 426 scriptum:
910 379 1016 414 etiam
1049 377 1181 413 teneris
1204 377 1301 419 mihi,

208 427 340 473 inquit,
366 424 603 467 commodati,
626 425 753 468 immo,
778 425 847 467 ait,
873 425 980 460 etiam
1002 423 1108 465 furti,
1134 422 1302 475 quoniam

209 472 311 507 aliter
344 472 408 506 re²
440 469 666 506 commodata
697 480 784 506 usus
818 480 875 512 es,
911 467 1209 514 quemadmodum
1242 478 1303 512 qui

209 527 311 562 equo,
335 516 460 561 inquit,
484 515 541 551 vel
559 515 768 551 vestimento
789 515 891 550 aliter
911 524 1016 559 quam
1038 512 1303 549 commodatum

209 565 229 598 9
277 565 332 597 est
355 561 485 602 utitur,
508 560 597 596 furti
620 564 773 596 tenetur.
821 560 943 604 Usque
966 558 1057 594 adeo
1082 562 1202 593 autem
1225 557 1301 593 dili-

208 606 327 653 gentia
349 606 386 642 in
410 616 450 641 re
474 605 701 642 commodata
724 604 940 651 praestanda
964 607 1037 646 est,
1070 606 1112 638 ut
1136 602 1242 638 etiam
1265 603 1302 638 in

209 662 271 695 ea,
304 661 397 698 quae
428 651 589 697 sequitur
619 661 693 686 rem
718 650 997 690 commodatam,
1030 649 1208 694 praestari
1240 648 1301 684 de-

209 698 311 733 beat:
345 701 386 732 ut
416 700 505 742 puta
528 706 656 742 equam
681 696 746 731 tibi
771 694 1010 736 commodavi,
1043 704 1149 739 quam
1182 694 1302 739 pullus

209 742 464 778 comitabatur:
498 741 604 778 etiam
636 742 724 787 pulli
748 744 783 775 te
807 739 1007 775 custodiam
1030 742 1217 784 praestare
1241 739 1301 774 de-

211 791 252 823 10
299 788 383 823 bere
405 790 542 823 veteres
565 786 837 832 responderunt.
885 784 1068 819 Interdum
1099 784 1206 830 plane
1238 784 1301 819 do-

208 833 282 868 lum
312 832 429 868 solum
459 832 495 868 in
529 842 568 867 re
601 831 825 867 commodata
849 830 908 875 qui
932 830 1069 875 rogavit
1091 829 1302 875 praestabit,

208 883 249 914 ut
280 882 370 924 puta
400 878 431 913 si
462 877 542 923 quis
573 876 624 912 ita
648 876 830 912 convenit:
867 875 921 910 vel
953 875 983 910 si
1017 885 1083 910 sua
1115 874 1304 910 dumtaxat

209 934 321 959 causa
345 922 592 964 commodavit,
618 931 772 967 sponsae
794 920 888 956 forte
908 930 996 956 suae
1015 920 1070 955 vel
1090 920 1205 962 uxori,
1254 930 1301 955 uo

207 969 393 1004 honestius
419 968 517 1003 culta
540 967 587 1003 ad
610 977 648 1002 se
672 966 927 1008 deduceretur,
960 964 1015 1000 vel
1039 965 1069 1001 si
1093 966 1172 1018 quis
1196 965 1235 1000 lu
1262 975 1302 1000 os

209 1013 317 1051 edens
340 1017 486 1059 praetor
517 1011 690 1049 scaenicis
724 1010 980 1053 commodavit,
1013 1010 1066 1046 vel
1097 1010 1166 1056 ipsi
1197 1020 1302 1056 prae-

211 1062 248 1094 11
298 1059 368 1094 tori
392 1059 471 1104 quis
495 1058 589 1094 ultro
615 1056 862 1092 commodavit.
911 1055 1019 1091 Nunc
1037 1055 1240 1098 videndum,
1265 1056 1302 1090 in

208 1104 338 1150 quibus
361 1104 549 1149 speciebus
576 1102 790 1138 commodati
815 1101 908 1137 actio
934 1101 1052 1136 locum
1077 1101 1221 1136 habeat.
1268 1106 1304 1136 et

209 1153 264 1186 est
285 1159 308 1185 a
335 1149 384 1184 ud
406 1153 542 1185 veteres
567 1148 610 1183 de
633 1146 836 1182 huiusmodi
867 1147 1055 1192 speciebus
1089 1146 1300 1182 dubitatum.

212 1197 250 1230 12
334 1205 388 1230 em
419 1194 484 1229 tibi
514 1193 614 1236 dedi,
646 1197 687 1227 ut
718 1192 887 1228 creditori
919 1195 981 1227 tuo
1013 1192 1154 1237 pignori
1178 1191 1300 1227 dares:

209 1239 354 1276 dedisti:
388 1250 460 1275 non
484 1239 709 1284 repigneras,
742 1242 783 1272 ut
806 1237 892 1272 mihi
915 1236 1057 1272 reddas.
1106 1237 1227 1273 Labeo
1253 1237 1304 1272 ait

209 1284 423 1322 commodati
447 1285 622 1320 actionem
653 1283 771 1319 locum
803 1283 956 1325 habere,
989 1281 1087 1328 quod
1118 1292 1182 1327 ego
1214 1286 1301 1327 puto

208 1341 328 1366 verum
353 1339 440 1372 esse,
465 1329 533 1365 nisi
556 1338 692 1364 merces
717 1327 925 1364 intervenit:
959 1331 1046 1363 tunc
1071 1327 1163 1362 enim
1187 1328 1242 1363 vel
1266 1328 1302 1362 in

207 1375 343 1411 factum
374 1375 428 1410 vel
459 1385 502 1410 ex
534 1374 653 1409 locato
679 1373 857 1409 conducto
881 1373 1058 1418 agendum
1083 1373 1160 1408 erit.
1195 1373 1302 1418 plane

209 1421 238 1457 si
262 1431 325 1466 ego
347 1431 413 1473 pro
437 1423 474 1455 te
491 1429 565 1454 rem
587 1419 726 1464 pignori
746 1418 875 1454 dedero
896 1422 961 1453 tua
979 1418 1176 1461 voluntate,
1201 1428 1301 1453 man-

208 1466 282 1501 dati
306 1470 373 1500 er1t
395 1465 502 1500 actio.
538 1464 631 1500 idem
650 1464 774 1500 Labeo
796 1467 894 1499 recte
913 1463 1009 1507 dicit,
1030 1463 1061 1499 si
1080 1474 1103 1499 a
1120 1473 1176 1499 me
1197 1464 1303 1509 culpa

208 1511 302 1547 absit
319 1510 580 1556 repignerandi,
603 1509 757 1545 creditor
769 1513 888 1545 autem
900 1509 990 1545 nolit
1001 1509 1149 1545 reddere
1160 1509 1300 1555 pignus,

209 1559 409 1601 competere
431 1555 497 1590 tibi
520 1555 566 1590 ad
589 1556 658 1590 hoc
684 1555 872 1590 dumtaxat
896 1554 1131 1597 commodati,
1163 1559 1204 1589 ut
1234 1554 1301 1589 tibi

208 1602 366 1637 actiones
390 1600 560 1636 adversus
582 1611 662 1636 eum
681 1604 870 1646 praestem.
908 1600 1034 1636 abesse
1054 1603 1173 1635 autem
1196 1600 1303 1645 culpa

208 1658 231 1682 a
262 1657 318 1682 me
350 1646 511 1689 videtur,
544 1646 618 1681 sive
649 1646 721 1681 iam
744 1646 834 1681 solvi
856 1645 1047 1698 pecuniam
1071 1645 1143 1681 sive
1166 1645 1303 1681 solvere

207 1703 285 1728 sum
309 1696 470 1738 paratus.
507 1694 689 1736 sumptum
712 1691 819 1737 plane
841 1691 914 1726 htis
939 1694 1127 1736 ceteraque
1151 1701 1302 1736 aequum

209 1741 248 1773 13
297 1741 352 1773 est
364 1747 445 1772 eum
465 1736 695 1781 adgnoscere,
718 1737 779 1782 qui
794 1736 1058 1772 commodatum
1069 1736 1222 1782 accepit.
1265 1736 1303 1772 Si

208 1793 263 1818 me
285 1782 475 1827 rogaveris,
500 1787 540 1818 ut
563 1792 702 1817 servum
725 1782 791 1817 tibi
815 1792 897 1817 cum
916 1782 1020 1817 lance
1039 1781 1302 1818 commodarem

207 1832 243 1864 et
266 1838 388 1864 servus
411 1827 551 1863 lancem
574 1827 788 1873 perdiderit,
813 1826 979 1863 Cartilius
1004 1827 1079 1862 ait³
1102 1827 1302 1873 periculum

207 1873 253 1909 ad
276 1877 313 1908 te
335 1873 534 1919 respicere,
558 1883 640 1908 nam
664 1876 701 1908 et
722 1873 862 1908 lancem
884 1872 996 1907 videri
1020 1872 1300 1908 commodatam:

208 1928 318 1962 quare
341 1918 483 1963 culpam
505 1918 543 1953 in
568 1928 646 1954 eam
670 1928 812 1964 quoque
834 1917 1102 1971 praestandam.
1138 1918 1246 1964 plane
1270 1917 1301 1953 si

206 1974 327 2000 servus
353 1974 434 1999 cum
458 1973 501 1999 ea
523 1963 664 2009 fugerit,
689 1973 767 1999 eum
791 1974 852 2008 qul
876 1963 1140 1999 commodatum
1161 1963 1303 2009 accepit

210 2013 250 2044 14
297 2019 369 2044 non
392 2009 524 2051 teneri,
557 2009 627 2044 nisi
658 2008 764 2054 fugae
813 2009 966 2044 raestitit
991 2009 1144 2054 culpam.
1194 2008 1232 2044 Si
1256 2008 1301 2044 de

208 2065 262 2090 me
284 2054 446 2099 petisses,
471 2058 512 2089 ut
535 2054 729 2090 triclinium
751 2054 779 2089 ti
805 2055 818 2089 i
842 2058 1035 2089 sternerem
1056 2058 1093 2089 et
1113 2058 1301 2099 argentum

207 2100 253 2134 ad
277 2099 508 2135 ministerium
530 2099 750 2145 praeberem,
775 2103 811 2135 et
833 2099 963 2140 fecero,
989 2099 1115 2135 deinde
1137 2099 1299 2145 petisses,

208 2150 247 2180 ut
277 2144 370 2180 idem
401 2145 564 2197 sequenti
599 2144 656 2180 die
686 2144 843 2180 facerem
868 2148 904 2180 et
928 2155 1009 2180 cum
1034 2144 1218 2180 commode
1242 2154 1299 2180 ar-

206 2195 351 2235 gentum
375 2189 470 2225 domi
493 2189 628 2225 referre
651 2201 723 2225 non
747 2200 908 2235 possem,
940 2190 990 2225 ibi
1020 2190 1090 2226 hoc
1122 2190 1299 2235 reliquero

207 2239 243 2270 et
266 2235 427 2280 perierit:
453 2245 525 2280 qua
549 2235 691 2270 actione
715 2235 770 2280 agi
794 2235 909 2281 possit
932 2239 968 2270 et
992 2236 1093 2271 cuius
1119 2240 1214 2270 esset
1236 2245 1298 2280 pe-

207 2281 384 2316 riculum?
417 2280 542 2316 Labeo
564 2280 607 2316 de
627 2280 785 2326 periculo
799 2280 943 2326 scripsit
955 2281 1104 2316 multum
1115 2281 1299 2323 interesse,

208 2325 388 2361 custodem
413 2326 518 2371 posui
542 2336 589 2361 an
612 2336 703 2361 non:
736 2326 766 2361 si
798 2326 920 2371 posui,
954 2325 1000 2361 ad
1023 2336 1079 2361 me
1102 2326 1300 2378 periculum

208 2376 382 2417 spectare,
407 2371 438 2406 si
460 2371 588 2414 minus,
614 2371 660 2406 ad
684 2381 763 2406 eum
787 2381 896 2416 penes
921 2381 1025 2417 quem
1049 2371 1214 2407 relictum
1234 2375 1298 2406 est.

208 2427 271 2461 ego
296 2421 383 2462 puto
410 2416 626 2452 commodati
650 2416 794 2462 quidem
817 2416 1005 2461 agendum,
1030 2426 1152 2452 verum
1178 2420 1299 2452 custo-

208 2461 301 2496 diam
326 2472 406 2496 eum
430 2466 615 2507 praestare
638 2461 786 2504 debere,
812 2472 921 2507 penes
946 2472 1050 2507 quem
1073 2472 1130 2498 res
1155 2462 1301 2498 relictae

212 2510 250 2541 15
299 2510 400 2548 sunt,
426 2507 494 2542 nisi
518 2507 615 2542 aliud
640 2507 847 2542 nominatim
872 2507 1048 2543 convenit.
1097 2507 1135 2542 Si
1158 2507 1300 2543 duobus

210 2551 406 2587 vehiculum
432 2552 694 2588 commodatum
719 2553 765 2587 sit
797 2553 852 2588 vel
882 2553 1039 2588 locatum
1071 2552 1194 2595 simul,
1220 2551 1298 2588 Cel-

209 2606 270 2632 sus
283 2597 377 2632 filius
397 2598 563 2642 scripsit⁴
582 2597 674 2633 libro
695 2601 796 2633 sexto
819 2597 1034 2643 digestorum
1047 2597 1170 2643 quaeri
1181 2607 1299 2643 posse,

209 2645 326 2676 utrum
358 2642 529 2687 unusquis
557 2653 601 2678 ue
634 2653 756 2678 eorum
787 2643 824 2677 in
857 2643 1010 2678 solidum
1034 2653 1081 2678 an
1103 2653 1169 2723 gro
1193 2646 1297 2688 parte

209 2691 380 2722 teneatur.
418 2691 453 2722 et
472 2688 523 2722 ait
566 2699 692 2723 uorum
712 2687 854 2733 quidem
873 2688 911 2723 in
931 2688 1082 2723 solidum
1226 2688 1233 2695 '

210 2731 262 2766 vel
292 2732 557 2783 possessionem
593 2743 669 2769 esse
705 2744 777 2768 non
811 2744 937 2779 posse:
981 2744 1048 2769 nec
1084 2744 1298 2779 quemquam

208 2780 320 2822 partis
353 2778 511 2822 corporis
546 2777 727 2813 dominum
759 2789 854 2822 esse,
891 2778 954 2814 sed
990 2779 1100 2814 totius
1137 2779 1298 2824 corporis

209 2832 272 2866 pro
291 2821 440 2857 indiviso
460 2833 525 2867 pro
546 2827 648 2868 parte
666 2823 859 2859 dominium
879 2824 1020 2860 habere.
1056 2834 1160 2859 usum
1179 2828 1298 2860 autem

210 2866 340 2901 balinei
372 2867 512 2911 quidem
535 2868 591 2903 vel
614 2869 774 2913 porticus
799 2870 854 2904 vel
879 2869 996 2914 campi
1018 2869 1298 2914 uniuscuiusque

208 2911 253 2963 in.
268 2911 418 2946 solidum
443 2922 519 2947 esse
544 2917 669 2958 (neque
693 2915 786 2949 enim
809 2915 925 2950 minus
949 2925 1006 2950 me
1029 2915 1102 2955 uti,
1158 2914 1231 2950 uod
1263 2919 1298 2950 et

209 2956 299 2991 ahus
334 2960 524 2997 uteretur):
565 2969 685 2993 verum
724 2959 761 2994 iu
791 2959 953 2995 vehiculo
987 2970 1123 2995 commo
1151 2963 1210 2995 ato
1243 2960 1297 2995 vel

210 3001 327 3036 locato
363 3012 427 3046 pro
464 3006 565 3046 parte
599 3003 738 3048 quidem
771 3004 900 3040 effectu
931 3015 987 3040 me
1018 3015 1121 3040 usum
1152 3005 1296 3045 habere,

210 3046 293 3091 quia
313 3056 385 3081 non
405 3047 524 3082 omnia
543 3047 624 3083 loca
644 3049 795 3084 vehiculi
810 3050 972 3084 teneam‘z
1003 3049 1065 3085 sed
1086 3060 1164 3085 esse
1183 3050 1297 3085 verius

210 3091 261 3126 ait
292 3095 329 3127 et
360 3090 480 3126 dolum
512 3097 547 3127 et
572 3094 712 3138 culpam
737 3099 772 3129 et
796 3095 1010 3140 diligentiam
1037 3098 1072 3130 et
1097 3095 1297 3130 custodiam

209 3137 245 3172 in
268 3139 384 3171 totum
407 3147 463 3172 me
486 3142 667 3182 praestare
701 3139 847 3175 debere:
881 3150 991 3185 quare
1022 3139 1093 3175 duo
1125 3139 1297 3186 quodam-

208 3180 312 3217 modo
337 3181 389 3217 rei
411 3181 640 3218 habebuntur
664 3188 717 3226 et,
751 3185 781 3220 si
811 3185 901 3220 alter
925 3190 1121 3221 conventus
1144 3186 1295 3230 praesti-

209 3226 301 3269 terit,
322 3226 487 3262 liberabit
506 3227 656 3262 alterum
673 3233 709 3263 et
721 3230 895 3266 ambobus
909 3230 1077 3275 competit
1088 3230 1175 3265 furti
1189 3230 1294 3273 actio,

255 3269 279 3309 6
305 3270 534 3307 POMPONIUS
554 3271 651 3324 ’libro
684 3275 809 3325 quinto
833 3275 883 3310 ad
905 3274 1078 3311 Sabinum
1125 3279 1165 3311 ut
1188 3275 1294 3310 alter-

209 3321 288 3352 utro
358 3321 439 3352 ente
462 3316 606 3352 altenus
630 3322 723 3353 actio
749 3324 875 3355 contra
897 3320 1011 3356 furem
1034 3320 1191 3355 tollatur.

255 3359 278 3398 7
347 3371 513 3397 LPIANUS
545 3362 636 3397 libro
671 3364 860 3399 vicensimo
896 3369 1022 3401 octavo
1057 3365 1107 3401 ad
1141 3365 1295 3401 edictum

209 3407 311 3443 Unde
334 3406 536 3453 quaeritur,
568 3406 599 3442 si
629 3407 720 3442 alter
743 3408 829 3444 furti
854 3410 979 3455 egerit,
1012 3420 1059 3446 an
1088 3410 1165 3456 ipse
1198 3410 1295 3446 solus

210 3452 339 3488 debeat
362 3451 577 3488 commodati
601 3453 790 3488 conveniri.
829 3459 863 3489 et
894 3456 945 3490 ait
969 3455 1112 3497 Celsus,
1144 3455 1175 3491 si
1206 3455 1296 3492 alter

210 3497 442 3534 conveniatur
461 3497 521 3550 qui
539 3496 628 3533 furti
646 3508 718 3533 non
736 3499 817 3543 egit,
842 3503 878 3534 et
901 3504 1049 3545 paratus
1070 3501 1116 3536 sit
1135 3500 1293 3546 periculo

209 3553 272 3578 suo
298 3542 504 3578 convenin⁸
526 3542 678 3578 alterum
702 3543 761 3589 qui
785 3543 871 3579 furti
895 3545 1029 3590 agendo
1052 3545 1189 3581 lucrum
1212 3556 1293 3581 sen-

1127 2688 1297 2723 ominium

713 3660 759 3701 (2)
785 3658 917 3691 alittcre
932 3661 964 3692 F
1078 3663 1119 3702 (3)
1145 3664 1225 3693 curt.
1240 3661 1288 3693 ait

737 3705 791 3743 (4¹)
817 3707 932 3736 tenear
947 3705 977 3736 F
1054 3706 1095 3743 (5)
1109 3706 1288 3739 convenire

850 3757 892 3786 (7)
908 3749 979 3780 cius
993 3751 1054 3783 del.
1170 3754 1213 3787 (8)
1232 3751 1286 3783 cui

213 3662 253 3702 (ι)
277 3660 398 3702 neque}
412 3669 472 3693 nee
485 3658 516 3693 si
527 3671 589 3693 sor.

213 3706 273 3738 del.
293 3705 342 3737 F²
418 3704 461 3746 (4)
474 3702 594 3737 scribit
607 3703 660 3737 F’

216 3751 245 3782 F
253 3749 267 3769 ²
381 3752 423 3789 (6)
438 3748 697 3784 acommodando
712 3749 743 3782 F

1286 115 1363 164 180

1864 133 2136 166 cormonAn
2166 134 2253 166 vm,
2281 133 2462 167 CONTRA

1371 243 1419 278 sit
1442 252 1487 277 ex
1510 252 1550 278 re
1573 242 1817 286 commodata,
1851 243 1982 280 debere
2012 254 2094 281 eum
2116 244 2233 281 audiri
2256 248 2292 281 et
2315 245 2462 282 absolvi.
2516 246 2519 248 ’

1376 291 1390 322 1
1441 286 1512 322 Sed
1535 287 1566 323 si
1588 287 1674 333 legis
1698 289 1860 334 Aquiliae
1885 289 2056 326 adversus
2081 290 2216 326 socium
2240 290 2316 326 eius
2339 291 2465 327 habuit

1372 332 1618 368 commodator
1641 333 1837 376 actionem,
1861 335 2051 370 videndum
2076 335 2160 378 erit,
2185 345 2230 371 ne
2253 335 2377 371 cedere
2403 336 2462 372 de-

1371 378 1467 419 beat,
1491 378 1522 413 si
1544 377 1639 413 forte
1664 377 1833 414 damnum
1853 379 1952 415 dedit
1970 380 2072 422 alter,
2099 380 2194 426 quod
2216 380 2275 416 hic
2297 381 2358 426 qui
2379 392 2463 417 con-

1370 422 1512 458 venitur
1537 423 1751 459 commodati
1775 425 1918 461 actione
1941 426 2074 461 sarcire
2106 426 2350 471 compellitur:
2382 437 2464 462 nam

1372 472 1408 503 et
1441 468 1471 502 si
1495 467 1665 504 adversus
1689 469 1806 514 ipsum
1830 470 1956 506 habuit
1979 470 2144 516 Aquiliae
2168 471 2344 506 actionem
2368 482 2464 507 com-

1372 513 1548 555 modator,
1573 514 1823 558 aequissimum
1848 519 1921 557 est,
1946 520 1986 550 ut
2010 515 2225 551 commodati
2248 516 2384 561 agendo
2409 528 2463 552 re-

1371 558 1491 593 mittat
1524 558 1719 594 actionem:
1751 559 1821 594 nisi
1851 559 1945 596 forte
1969 561 2047 606 quis
2071 561 2201 596 dixerit
2224 561 2360 606 agendo
2387 572 2464 597 eum

1373 613 1392 638 e
1424 603 1502 648 lege
1524 603 1668 649 Aquilia
1701 604 1771 640 hoc
1802 605 1919 640 minus
1954 609 2249 648 consecuturum,
2284 617 2390 652 quam
2423 617 2464 641 ex

1373 658 1485 684 causa
1509 648 1724 685 commodati
1748 654 1962 686 consecutus
1996 655 2069 687 est:
2104 651 2199 697 quod
2230 651 2370 687 videtur
2401 653 2464 687 ha-

1372 694 1457 729 bere
1480 694 1667 730 rationem.

1419 736 1443 776 8
1468 739 1699 775 POMPONIUS
1718 740 1810 776 libro
1834 741 1960 787 quinto
1985 741 2035 776 ad
2057 740 2231 777 Sabinum
2278 741 2345 777 Rei
2369 753 2463 778 com-

1373 784 1539 820 modatae
1572 789 1609 820 et
1631 786 1892 830 possessionem
1916 790 1952 820 et
1974 786 2229 832 proprietatem
2252 787 2463 823 retinemus:

1419 827 1444 867 9
1476 829 1671 866 ULPJANUS
1691 830 1783 866 libro
1806 831 1964 867 secundo
1985 831 2036 867 ad
2051 831 2206 867 edictum
2252 842 2355 868 nemo
2374 833 2465 868 enim

1373 875 1631 911 commodando
1645 876 1659 896 ⁶
1683 886 1758 911 rem
1781 875 1871 911 facit
1893 876 1968 912 eius
1994 876 2053 912 cui
2077 876 2292 913 commodat.

1421 919 1472 959 10
1497 919 1606 956 IDEM
1625 920 1717 957 libro
1740 922 1931 957 vicensimo
1954 933 2051 957 nono
2071 922 2122 958 ad
2139 921 2314 958 Sabinum
2360 923 2464 965 Eum,

1373 965 1433 1011 qui
1456 976 1531 1001 rem
1556 966 1816 1002 commodatam
1841 966 2000 1012 accepit,
2033 967 2064 1002 si
2094 967 2132 1002 in
2165 977 2243 1002 eam
2271 979 2347 1004 rem
2379 979 2465 1004 usus

1373 1015 1428 1046 est
1450 1011 1487 1046 in
1512 1022 1618 1056 quam
1643 1021 1729 1048 acce
1755 1011 1794 1053 it,
1819 1011 1907 1047 nihil
1929 1015 2126 1058 praestare,
2151 1013 2181 1048 si
2206 1022 2284 1048 eam
2307 1014 2345 1049 in
2368 1014 2466 1050 nulla

1372 1060 1476 1102 parte
1500 1056 1607 1102 culpa
1630 1066 1697 1092 sua
1745 1057 1932 1092 eteriorem
1955 1056 2060 1099 fecit,
2084 1068 2207 1093 verum
2231 1062 2302 1094 est:
2328 1069 2412 1094 nam
2436 1060 2465 1095 si

1376 1106 1389 1136 1
1442 1101 1548 1147 culpa
1572 1102 1673 1137 eius⁷
1704 1102 1792 1138 fecit
1815 1102 2044 1145 deteriorem,
2081 1103 2270 1139 tenebitur.
2319 1104 2357 1139 Si
2391 1115 2466 1140 rem

1371 1147 1565 1193 inspectori
1597 1147 1697 1190 dedi,
1730 1157 1777 1183 an
1801 1148 1923 1183 similis
1948 1148 1995 1184 sit
2021 1148 2052 1183 ei
2077 1148 2135 1184 cui
2159 1149 2384 1185 commodata
2407 1161 2464 1186 res

1373 1196 1437 1234 est,
1463 1192 1658 1238 quaeritur.
1696 1197 1732 1228 et
1763 1193 1794 1228 si
1824 1193 1966 1238 quidem
1998 1204 2077 1229 mea
2109 1204 2219 1230 causa
2250 1194 2349 1237 dedi,
2381 1195 2464 1231 dum

1372 1237 1451 1273 volo
1476 1238 1631 1290 pretium
1655 1238 1860 1284 exquirere,
1886 1238 2006 1274 dolum
2030 1239 2115 1274 mihi
2138 1243 2279 1275 tantum
2302 1245 2464 1293 praesta-

1372 1283 1442 1319 bit:
1468 1293 1498 1318 s1
1522 1283 1589 1325 sui,
1615 1286 1651 1319 et
1674 1283 1892 1319 custodiam:
1919 1288 1955 1319 et
1977 1284 2057 1320 ideo
2078 1284 2167 1320 furti
2185 1285 2333 1321 habebit
2352 1287 2463 1322 actio-

1372 1339 1463 1364 nem.
1500 1328 1562 1363 sed
1587 1333 1623 1364 et
1646 1328 1679 1364 si
1709 1328 1792 1364 dum
1822 1329 1977 1365 refertur
2006 1329 2130 1375 periit,
2166 1330 2197 1365 si
2251 1331 2369 1367 uidem
2402 1342 2464 1377 ego

1372 1373 1622 1409 mandaveram
1646 1384 1711 1427 per
1735 1384 1839 1420 quem
1869 1375 2084 1418 remitteret,
2116 1375 2240 1421 pericu
2255 1387 2316 1411 um
2347 1387 2463 1412 meum

1373 1419 1457 1454 erit:
1483 1419 1513 1455 si
1537 1430 1621 1455 vero
1646 1430 1723 1472 ipse
1748 1420 1806 1455 cui
1828 1420 1940 1455 voluit
1964 1420 2158 1463 commisit,
2184 1431 2297 1467 aeque
2321 1422 2463 1468 culpam

1371 1464 1458 1499 mihi
1481 1465 1691 1510 praestabit,
1716 1465 1747 1500 si
1770 1465 1826 1501 sui
1851 1475 1961 1501 causa
1985 1466 2136 1511 accepit,

1421 1508 1468 1547 11
1497 1509 1554 1545 ΡΑ
1563 1520 1658 1546 Unus
1674 1510 1766 1547 libro
1787 1511 1912 1557 quinto
1935 1510 1986 1546 ad
1996 1510 2169 1547 Sabinum
2240 1512 2278 1547 ui
2298 1523 2371 1548 non
2390 1517 2464 1548 tam

1370 1555 1538 1591 idoneum
1561 1555 1740 1592 hominem
1759 1556 1914 1601 elegerit,
1933 1559 1975 1591 ut
1993 1560 2090 1592 recte
2108 1556 2146 1592 id
2163 1567 2208 1603 pe
2245 1557 2314 1592 erri
2331 1558 2463 1603 possit:

1421 1598 1472 1638 12
1504 1599 1699 1637 Urpmws
1734 1601 1825 1637 libro
1859 1602 2050 1638 vicensimo
2082 1613 2177 1638 nono
2209 1602 2260 1637 acl
2290 1601 2463 1639 Sabinum

1375 1649 1387 1681 1
1440 1646 1471 1682 si
1495 1647 1564 1682 mei
1589 1657 1718 1689 causa,
1751 1646 1872 1683 dolum
1894 1650 2046 1682 tantum.
2096 1646 2365 1684 Commodatam
2387 1659 2462 1684 rem

1370 1692 1500 1727 missus
1524 1692 1585 1744 qui
1607 1695 1786 1737 repeteret
1809 1703 1891 1728 cum
1914 1692 2125 1738 recepisset,
2157 1693 2306 1738 aufugit.
2344 1694 2375 1729 si
2398 1694 2461 1730 do-

1371 1737 1487 1772 minus
1513 1747 1546 1773 ei
1569 1737 1647 1772 dari
1669 1738 1834 1780 iusserat,
1860 1737 2002 1773 domino
2026 1738 2136 1783 perit:
2160 1739 2191 1774 si
2215 1740 2463 1775 commonendi

1372 1792 1484 1818 causa
1506 1782 1653 1818 miserat
1675 1787 1716 1819 ut
1747 1782 1942 1818 referretur
1974 1794 2031 1819 res
2063 1784 2307 1826 commodata,
2339 1785 2371 1820 ei
2404 1786 2463 1830 qui

1372 1827 1645 1864 commodatus⁸
1669 1832 1732 1864 est.

1420 1871 1470 1910 13
1496 1873 1726 1909 POMPONIUS
1745 1873 1835 1910 libro
1855 1873 2043 1910 undecimo
2065 1873 2115 1910 ad
2126 1873 2300 1910 Sabinum
2347 1875 2381 1910 Is
2404 1876 2463 1927 qui

1372 1919 1635 1954 commodatum
1671 1919 1813 1965 accepit
1843 1919 1875 1955 si
1905 1930 1979 1956 non
2009 1920 2216 2000 :apparentis
2247 1920 2298 1955 rei
2321 1931 2464 1956 nomme

1372 1964 1586 1999 commodati
1611 1964 1878 2007 condemnetur,
1903 1975 2012 2001 caven
2038 1976 2098 2001 um
2123 1965 2155 2000 ei
2179 1969 2252 2008 est,
2278 1969 2319 2001 ut
2341 1977 2381 2002 re
2409 1977 2462 2002 er-

1373 2012 1387 2044 1
1439 2014 1512 2045 tam
1537 2010 1699 2045 dominus
1722 2010 1754 2045 ei
1773 2014 1942 2056 praestet.
1990 2009 2028 2046 Si
2048 2021 2151 2056 quem
2174 2015 2361 2056 quaestum
2396 2012 2465 2047 ecit

1369 2055 1400 2090 is
1425 2055 1486 2100 qui
1510 2055 1762 2100 experiendum
1793 2055 1877 2101 quid
1909 2056 2070 2102 accepit,
2104 2055 2213 2092 veluti
2245 2056 2275 2092 si
2306 2056 2465 2092 iumenta

1369 2099 1505 2135 fuerint
1528 2111 1641 2146 eaque
1672 2101 1792 2136 locata
1822 2101 1911 2144 sint,
1943 2101 1980 2136 id
2011 2101 2129 2147 ipsum
2159 2102 2382 2147 praestabit⁹
2405 2103 2463 2148 qui

1371 2145 1629 2191 experiundum
1654 2145 1768 2182 dedit:
1794 2157 1910 2192 neque
1933 2147 2026 2182 enim
2051 2150 2135 2182 ante
2159 2156 2237 2182 eam
2261 2157 2335 2182 rem
2355 2158 2457 2193 quae-

1370 2191 1441 2226 stui
1466 2191 1592 2236 cuique
1617 2201 1694 2227 esse
1718 2196 1869 2237 oportet,
1890 2192 2102 2244 priusquam
2125 2192 2284 2237 periculo
2310 2193 2384 2228 eius
2405 2193 2461 2228 sit.

1371 2239 1390 2271 2
1439 2235 1476 2271 Si
1506 2236 1618 2272 libero
1649 2237 1803 2279 homini,
1840 2248 1901 2282 qui
1931 2237 2016 2272 mihi
2048 2238 2143 2272 bona
2174 2237 2245 2273 fide
2276 2238 2463 2280 serviebat,

1370 2282 1472 2326 quasi
1496 2292 1597 2317 servo
1622 2292 1698 2317 rem
1721 2282 2000 2325 commodavero,
2025 2282 2218 2324 videamus,
2243 2293 2291 2318 an
2311 2283 2462 2319 habeam

1371 2327 1585 2362 commodati
1617 2327 1803 2363 actionem.
1840 2338 1923 2363 nam
1957 2332 1992 2363 et
2017 2327 2140 2363 Celsus
2171 2327 2266 2363 filius
2281 2329 2308 2349 ¹⁰
2331 2329 2461 2371 aiebat,

1370 2372 1399 2407 si
1423 2371 1605 2408 iussissem
1630 2383 1710 2408 eum
1733 2372 1870 2418 aliquid
1892 2372 2024 2414 facere,
2048 2373 2104 2408 vel
2127 2373 2287 2408 mandati
2313 2384 2394 2409 cum
2419 2384 2460 2410 eo

1366 2417 1424 2452 -vel
1435 2418 1666 2470 praescriptis
1686 2418 1802 2453 verbis
1825 2428 1868 2453 ex
1895 2418 1977 2453 eriri
1996 2429 2052 2454 me
2070 2428 2197 2464 posse:
2221 2418 2315 2454 idem
2337 2429 2418 2464 ergo
2435 2421 2460 2440 ¹¹

1370 2466 1406 2498 et
1435 2473 1473 2498 ιιι
1505 2463 1729 2498 commodato
1762 2464 1828 2498 erit
1884 2463 2059 2499 'cendum
2095 2474 2162 2499 nec
2195 2463 2335 2507 obstat,
2368 2464 2462 2510 quod

1370 2519 1441 2543 non
1464 2508 1534 2543 hac
1558 2512 1676 2543 mente
1708 2519 1789 2544 cum
1822 2519 1883 2551 eo,
1918 2509 1978 2554 qui
2008 2508 2099 2544 liber
2130 2509 2225 2544 bona
2256 2508 2327 2545 fide
2359 2510 2461 2546 nobis

1369 2553 1535 2595 serviret,
1569 2553 1860 2589 contraheremus
1892 2554 1996 2600 quasi
2028 2564 2109 2589 eum
2140 2554 2335 2599 obligatum
2360 2555 2460 2591 habi-

1368 2599 1456 2634 turi:
1493 2599 1702 2644 plerumque
1733 2599 1825 2635 enim
1855 2598 1892 2634 id
1923 2599 2072 2641 accidit,
2103 2602 2145 2634 ut
2178 2604 2280 2635 extra
2304 2599 2340 2635 id
2365 2600 2461 2645 quod

1369 2648 1535 2689 ageretur
1567 2644 1680 2680 tacita
1711 2644 1878 2690 obligatio
1911 2649 2099 2687 nascatur,
2134 2644 2244 2680 veluti
2283 2655 2363 2680 cum
2395 2656 2460 2691 per

1369 2698 1524 2724 errorem
1546 2689 1743 2726 indebitum
1766 2689 1924 2725 solvendi
1948 2700 2059 2725 causa
2082 2689 2199 2725 datur.

1420 2733 1468 2771 14
1500 2734 1695 2771 ΠιΡΙΑΝυε
1723 2735 1814 2771 libro
1839 2735 2144 2781 quadraqensimo
2169 2739 2294 2771 octavo
2318 2735 2368 2771 ad
2390 2735 2456 2772 Sa-

1369 2779 1488 2816 binum
1536 2779 1573 2815 Si
1603 2790 1727 2816 servus
1759 2790 1857 2816 meus
1888 2790 1962 2815 rem
1987 2790 2100 2815 meam
2124 2780 2189 2815 tibi
2213 2781 2340 2816 scienti
2364 2781 2458 2817 nolle

1369 2835 1424 2860 me
1446 2824 1512 2860 tibi
1536 2825 1753 2861 commodari
1784 2825 2076 2867 commodaverit,
2111 2829 2146 2860 et
2177 2825 2391 2861 commodati
2425 2830 2460 2862 et

1366 2869 1454 2949 {arti
1484 2870 1646 2906 nascitur
1676 2870 1770 2906 actio
1804 2874 1839 2906 et
1868 2874 2053 2916 praeterea
2077 2870 2253 2906 condictio
2279 2881 2323 2906 ex
2347 2881 2458 2907 causa

1383 2915 1509 2950 urtiva.

1417 2959 1466 2997 15
1491 2959 1652 2996 PAULvs
1667 2960 1757 2996 libro
1778 2960 1968 2996 vicensimo
1990 2972 2086 2996 nono
2098 2960 2149 2996 ad
2159 2960 2316 2996 edictum
2352 2960 2456 2997 Com·

1367 3005 1512 3041 modare
1534 3015 1724 3050 possumus
1750 3005 1855 3041 etiam
1879 3005 2030 3041 alienam
2054 3016 2139 3046 rem,
2165 3016 2272 3052 quam
2295 3006 2455 3052 posside-

1366 3061 1456 3091 muS,
1480 3050 1623 3086 tametsi
1645 3050 1799 3086 scientes
1823 3050 1974 3086 alienam
1998 3050 2230 3096 possidemus,

1415 3093 1465 3134 16
1498 3095 1738 3132 MARCELLUS
1769 3096 1859 3131 libro
1897 3097 2022 3142 quinto
2059 3096 2279 3142 diqestorum
2327 3095 2380 3131 ita
2416 3101 2457 3131 ιιι

1366 3141 1442 3176 et¹2
1465 3141 1496 3176 si
1518 3140 1578 3177 fur
1600 3140 1654 3176 vel
1675 3140 1808 3187 praedo
1833 3141 2118 3184 commodaverit,
2143 3142 2275 3179 habeat
2299 3151 2454 3177 commo-

1365 3186 1440 3222 dati
1464 3186 1651 3222 actionem.

1414 3229 1463 3268 17
1488 3230 1545 3267 ΡΑ
1554 3241 1648 3267 ULUS
1675 3231 1766 3267 libro
1797 3231 1987 3267 vicensimo
2019 3242 2113 3266 nono
2138 3231 2188 3266 ad
2210 3231 2365 3267 edictum
2411 3231 2452 3266 In

1365 3276 1589 3312 commodato
1620 3276 1711 3312 haec
1742 3276 1880 3322 pactio,
1912 3286 1957 3312 ne
1989 3276 2091 3312 dolus
2123 3279 2342 3322 praestetur,
2375 3281 2456 3312 rata

1368 3325 1381 3356 1
1432 3332 1504 3357 non
1537 3325 1600 3357 est.
1650 3321 1838 3357 Contraria
1871 3321 2084 3357 commodati
2116 3321 2210 3357 actio
2245 3321 2354 3357 etiam
2377 3321 2455 3357 sine

1364 3366 1551 3411 principali
1584 3367 1715 3402 moveri
1744 3370 1882 3419 potest,
1914 3366 2007 3402 sicut
2039 3371 2074 3402 et
2106 3371 2246 3402 ceterae
2278 3376 2370 3411 quae
2402 3366 2453 3401 di-

1365 3414 1384 3446 2
1433 3415 1563 3447 cuntur
1599 3415 1808 3448 contrariae.
1865 3410 1903 3447 Si
1938 3422 1982 3447 ex
2017 3411 2114 3447 facto
2151 3411 2290 3447 heredis
2326 3415 2455 3456 agatur

1364 3456 1595 3498 commodati,
1627 3457 1664 3492 in
1696 3456 1846 3492 solidum
1871 3457 2144 3499 condemnatur,
2176 3457 2259 3492 licet
2284 3466 2327 3492 ex
2350 3461 2453 3502 parte

1364 3504 1383 3536 3
1431 3501 1534 3537 heres
1558 3506 1622 3537 est.
1672 3501 1772 3537 Sicut
1795 3505 1913 3536 autem
1937 3502 2129 3537 voluntatis
2155 3505 2190 3537 et
2210 3500 2321 3537 officii
2342 3501 2451 3546 magis

1364 3557 1470 3592 quam
1494 3547 1721 3582 necessitatis
1745 3550 1800 3582 est
1824 3547 2066 3590 commodare,
2098 3547 2150 3582 ita
2183 3546 2323 3582 modum
2356 3556 2451 3581 com-

1358 3661 1602 3693 commodatum
1614 3661 1761 3704 scr-sere
1774 3667 1810 3693 ut
1818 3656 1863 3694 D.
1881 3658 2098 3705 Gothosreduae
2190 3664 2234 3700 (o)
2247 3662 2279 3693 ei
2294 3660 2352 3694 ιἠε.
2369 3660 2446 3693 Hal.

1358 3706 1417 3746 (10)
1431 3705 1542 3738 ofilius
1556 3704 1609 3737 Γ,
1680 3707 1734 3744 (u)
1750 3715 1828 3747 ergo
1843 3706 1903 3738 dcl.
1921 3705 1972 3738 F²
2040 3711 2097 3743 (12)
2127 3709 2161 3739 et
2173 3706 2235 3739 del.
2252 3705 2301 3738 F'
