2528 3918
207 95 299 138 v2

203 216 384 253 vindicare
407 216 524 257 debet,
549 214 644 260 quod
662 215 834 251 intestata
850 218 966 252 matre
986 215 1155 251 habitura
1173 220 1285 252 esset:

204 263 325 307 itaque
359 261 429 296 dici
463 263 583 312 potest
618 269 696 295 eam
726 269 818 305 quae
849 261 980 296 omissa
1010 264 1065 297 est
1096 260 1220 302 etiam,
1256 260 1287 296 si

205 311 318 343 totam
353 304 585 340 hereditatem
626 304 673 340 ab
706 303 876 341 intestato
911 309 1012 350 petat
1046 309 1081 340 et
1114 305 1286 350 optineat,

205 352 317 388 solam
340 350 544 385 habituram
574 349 777 385 universam
807 350 1086 392 successionem,
1142 349 1285 385 uemad-

205 396 348 432 modum
382 396 412 430 si
454 394 569 430 altera
602 394 779 430 omisisset
819 394 1009 439 legitimam
1042 396 1105 430 her
1153 395 1284 430 'tatem.

204 441 267 477 sed
279 451 352 476 non
366 444 421 475 est
431 438 701 483 admittendum,
713 443 754 475 ut
766 438 936 475 adversus
949 450 1107 475 sororem
1120 439 1287 474 audiatur

204 485 340 531 agendo
365 484 410 520 de
439 483 659 520 inofficioso:
691 488 878 530 praeterea
909 484 1097 520 dicendum
1129 487 1184 519 est
1214 495 1287 520 non

205 541 284 567 esse
303 530 452 566 similem
480 529 659 565 omittenti
677 539 767 571 eam,
788 540 879 574 quae
899 540 943 564 ex
955 532 1167 564 testamento
1180 528 1284 564 adiit:

204 580 239 612 et
261 575 341 611 ideo
365 575 412 610 ab
436 579 604 610 extraneo
629 574 809 610 semissem
833 573 1081 609 vindicandum
1105 577 1141 608 et
1164 572 1285 609 defen·

204 620 359 656 dendum
371 623 486 656 totum
497 620 680 656 semissem
692 629 769 655 esse
790 618 1035 661 auferendum,
1060 618 1163 663 quasi
1181 619 1286 654 semis

202 670 301 701 totus
320 665 367 701 ad
385 666 480 700 hanc
499 665 687 710 pertineat.
711 664 906 700 secundum
926 663 1022 708 quod
1033 674 1105 698 non
1116 663 1154 698 in
1173 667 1286 699 totum

203 714 455 746 testamentum
478 709 688 751 infirmatur,
713 709 776 744 sed
798 719 863 753 pro
888 712 991 753 parte
1013 708 1184 744 intestata
1207 707 1284 744 effi-

203 756 315 798 citur,
357 755 443 791 licet
483 755 586 800 quasi
619 754 777 790 furiosae
810 753 979 788 iudicium
1013 753 1174 789 ultimum
1210 753 1285 789 eius

202 801 402 836 damnetur.
438 804 593 836 ceterum
624 800 655 835 si
685 800 763 853 quis
794 798 971 850 putav-erit
999 797 1073 833 filia
1103 798 1286 843 optinente

201 850 319 882 totum
355 848 609 881 testamentum
642 844 830 885 infirmari,
867 842 1056 878 dicendum
1090 847 1146 879 est
1179 843 1285 879 etiam

201 892 402 927 institutam
424 890 471 926 ab
494 890 662 926 intestato
687 898 792 934 posse
816 887 915 923 adire
936 887 1186 924 hereditatem:
1218 899 1285 924 nec

203 937 297 972 enim
320 946 413 981 quae
436 945 480 970 ex
509 938 722 970 testamento
755 932 859 974 adiit,
915 932 989 968 uod
1019 937 1126 978 putat
1154 933 1284 975 valere,

202 980 416 1027 repudiare]
461 980 593 1015 'timam
607 978 839 1014 hereditatem
851 977 884 1012 vi
910 981 1000 1020 etur,
1017 988 1124 1023 quam
1144 978 1286 1023 quidem

201 1026 317 1062 nescit
339 1026 407 1062 sibi
455 1024 577 1061 eferri:
612 1035 691 1059 cum
724 1027 760 1058 et
789 1023 826 1057 hi
851 1022 912 1067 qui
943 1023 1060 1058 sciant
1088 1023 1144 1059 ius
1169 1033 1283 1066 suum,

202 1071 370 1116 eligentes
389 1070 427 1106 id
446 1070 541 1122 quod
560 1073 689 1114 putant
708 1067 775 1103 sibi
788 1078 867 1103 com
894 1071 1000 1110 etere,
1022 1078 1095 1104 non
1108 1068 1283 1104 amittant.

202 1116 298 1168 quod
323 1116 439 1151 evenit
461 1126 498 1150 in
521 1119 693 1160 patrono,
727 1112 788 1158 qui
817 1112 986 1165 iu.¹⁰i¹¹¹¹.¹
1009 1112 1178 1166 defuncti·
1191 1112 1286 1149 falsa

200 1171 377 1241 {3333ss
393 1159 824 1251 ssssssssssffixffiznssssss·
833 1157 1286 1255 tazffleffiszssff‘x

201 1251 330 1296 quibus
361 1253 513 1302 apparet
543 1259 615 1284 non
645 1252 743 1283 recte
773 1251 887 1283 totam
917 1247 1151 1284 hereditatem
1180 1258 1284 1294 prae-

199 1296 343 1331 teritam
365 1295 558 1336 vindicare,
583 1304 663 1329 cum
686 1292 839 1328 rescisso
861 1296 1076 1329 testamento
1100 1293 1208 1329 etiam
1230 1293 1284 1328 in-

199 1341 347 1377 stitutae
370 1340 505 1375 salvum
528 1340 582 1374 ius
607 1338 653 1374 sit
676 1337 862 1373 adeundae
883 1337 1102 1374 hereditatis.

246 1383 299 1423 20
323 1384 526 1421 Scaevoia
558 1383 649 1419 libro
671 1384 829 1419 secundo
853 1384 1102 1428 quaestionum
1148 1383 1217 1428 Qui
1240 1383 1286 1419 de

198 1430 399 1466 inofficioso
423 1429 500 1465 vult
522 1428 649 1470 dicere,
681 1428 766 1463 licet
788 1431 937 1472 negetur
958 1428 1064 1471 filius,
1089 1427 1284 1465 Carbonia-

199 1486 282 1511 nam
294 1476 468 1511 bonorum
479 1473 741 1519 possessionem
759 1483 834 1508 non
845 1472 952 1508 debet
963 1473 1127 1519 accipere
1140 1473 1284 1512 (totiens

199 1521 292 1556 enim
316 1530 358 1555 ea
380 1519 593 1564 indulgenda
616 1522 682 1559 est,
707 1517 888 1563 quotiens,
919 1518 951 1553 si
968 1528 1050 1554 vere
1067 1518 1162 1555 filius
1178 1523 1283 1562 esset,

201 1567 306 1601 heres
338 1569 433 1600 esset
462 1567 525 1599 aut
554 1564 730 1599 bonorum
757 1573 967 1615 possessor,
1005 1568 1047 1598 ut
1076 1563 1217 1600 interim
1249 1568 1285 1600 et

198 1609 382 1656 possideat
413 1613 449 1645 et
480 1609 598 1644 alatur
630 1612 666 1644 et
695 1608 898 1644 actionibus
928 1608 1188 1661 praeiudicium
1211 1620 1284 1645 non

197 1656 374 1701 patiatur:
407 1654 468 1700 qui
500 1664 584 1689 vero
617 1653 661 1689 de
683 1653 884 1689 inofficioso
909 1653 1007 1696 dicit,
1032 1664 1098 1689 nec
1122 1654 1283 1690 actiones

199 1710 341 1736 movere
364 1699 471 1735 debet
500 1710 566 1735 nec
598 1699 704 1734 aliam
726 1698 836 1734 ullam
859 1709 965 1743 quam
987 1698 1195 1735 hereditatis
1218 1710 1282 1745 pe-

196 1746 361 1780 titionem
384 1754 550 1780 exercere
573 1754 639 1779 nec
662 1741 744 1786 ali),
775 1753 821 1779 ne
851 1753 1021 1789 uinquam
1051 1744 1205 1780 melioris
1237 1745 1284 1780 sit

197 1790 428 1832 condicionis,
453 1800 561 1835 quam
583 1789 615 1824 si
639 1789 830 1824 confitetur
853 1788 1091 1825 adversarius.

243 1833 294 1872 21
322 1834 482 1870 Panos
509 1834 601 1870 libro
632 1834 737 1869 tertio
767 1844 1025 1879 responsorum
1077 1834 1191 1877 Eum,
1223 1835 1283 1880 qui

196 1879 387 1915 inofficiosi
420 1879 625 1915 testamenti
668 1879 861 1924 querellam
902 1879 1057 1914 instituit
1091 1883 1126 1915 et
1157 1879 1284 1915 fraude

196 1925 338 1961 heredis
358 1924 492 1970 scripti,
517 1925 621 1976 quasi
639 1924 782 1960 tertiam
794 1927 933 1969 partem
953 1924 1162 1960 hereditatis
1174 1925 1283 1961 tacite

198 1973 345 2015 rogatus
378 1974 472 2005 esset
503 1980 535 2005 ei
569 1970 774 2011 restituere,
805 1969 947 2014 reliquit
982 1980 1060 2005 eam
1094 1970 1282 2012 actionem,

197 2026 270 2051 non
292 2014 404 2050 videri
424 2015 624 2050 deseruisse
643 2014 837 2060 querellam
848 2018 885 2049 et
906 2014 985 2050 ideo
1006 2025 1079 2049 non
1101 2015 1284 2059 prohiberi

201 2065 212 2094 1
266 2070 347 2095 eum
377 2063 538 2105 repetere
568 2059 774 2093 inchoatam
806 2057 994 2093 actionem.
1053 2059 1143 2094 Item
1197 2069 1282 2094 uae-

197 2105 304 2140 situm
328 2109 392 2145 est,
417 2114 465 2138 an
487 2103 592 2139 heres
615 2102 814 2138 audiendus
833 2106 899 2145 est,
923 2106 1008 2138 ante
1028 2102 1073 2139 de
1091 2102 1171 2139 inof
1195 2103 1283 2139 ciosi

196 2148 392 2196 querellam
434 2152 553 2184 actam
588 2147 793 2184 desiderans
837 2147 978 2183 restitui
1013 2148 1082 2184 sibi
1115 2159 1160 2184 ea
1193 2159 1283 2194 quae

195 2196 302 2232 solvit
314 2196 336 2230 ².
368 2194 554 2239 respondit
577 2193 626 2235 ei,
659 2193 720 2238 qui
743 2193 859 2229 sciens
883 2193 1079 2229 indebitum
1101 2193 1281 2229 fideicom-

195 2241 343 2276 missum
365 2239 479 2281 solvit,
503 2239 638 2274 nullam
660 2248 699 2274 re
725 2238 905 2274 etitionem
927 2248 972 2273 ex
991 2248 1034 2273 ea
1053 2249 1165 2274 causa
1185 2249 1281 2274 com·-

196 2289 216 2321 2
263 2289 394 2330 petere.
442 2284 540 2319 Idem
563 2293 619 2319 res
647 2294 695 2319 on
721 2283 758 2326 ἰ,
783 2283 897 2318 evicta
919 2283 1118 2319 hereditate
1140 2293 1206 2328 per
1227 2283 1282 2319 in-

197 2330 348 2366 officiosi
372 2329 565 2375 querellam
597 2339 619 2364 a
675 2338 716 2364 eo
748 2328 809 2374 qui
831 2327 935 2364 heres
966 2328 1151 2364 institutus
1175 2332 1281 2371 esset,

195 2373 1075 2463 {iiiiidiossmffisiffessasseflp‘ii‘esseeetffieffi
1101 2373 1281 2463 &mmmmm

197 2465 305 2501 debiti
336 2464 459 2500 heredi
489 2465 653 2500 instituto
685 2463 856 2499 adversus
892 2473 973 2498 euin
1008 2463 1069 2508 qui
1103 2464 1283 2509 superavit

196 2521 276 2546 com
303 2515 398 2545 etere
422 2514 458 2544 et
481 2509 807 2554 compensationem
830 2508 950 2543 debiti.

242 2521 301 2592 25
323 2555 601 2590 TRrPHoivmus
636 2554 727 2590 libro
762 2554 913 2600 septimo
949 2553 1085 2589 decimo
1120 2553 1281 2607 disputa-

197 2601 332 2635 tionum
368 2599 480 2634 Filius
494 2610 566 2634 non
585 2598 788 2644 impeditur,
813 2609 884 2644 quo
906 2598 1023 2634 minus
1041 2597 1282 2634 inofficiosum

196 2649 447 2680 testamentum
470 2644 593 2679 matris
618 2647 817 2686 accusaret,
843 2644 873 2679 si
896 2647 1000 2688 pater
1023 2644 1099 2679 eius
1123 2643 1281 2689 legatum

197 2700 241 2724 ex
263 2693 474 2724 testamento
495 2689 617 2724 matris
639 2689 791 2734 accipiet
808 2688 863 2724 vel
885 2688 1018 2723 adisset
1037 2688 1280 2732 hereditatem,

196 2744 411 2779 quamquam
442 2734 479 2768 in
511 2734 586 2769 eius
622 2737 717 2769 esset
750 2737 946 2779 potestate:
991 2743 1058 2769 nec
1098 2734 1282 2779 prohiberi

196 2783 334 2824 patrem
365 2779 437 2813 dixi
468 2779 543 2813 iure
572 2778 636 2813 filii
667 2789 856 2814 accusare:
890 2789 974 2814 nam
996 2778 1193 2823 indignatio
1217 2779 1281 2814 filii

199 2827 214 2858 1
265 2827 329 2858 est.
377 2823 427 2857 Et
450 2824 696 2867 quaerebatur,
721 2823 751 2859 si
774 2834 847 2859 non
871 2834 893 2859 o
919 2823 1085 2859 tinuisset
1108 2824 1146 2859 in
1170 2834 1278 2860 accu-

196 2868 322 2910 sando,
343 2878 388 2902 an
402 2868 497 2912 quod
509 2869 602 2912 patri
614 2869 736 2904 datum
755 2873 809 2904 est
822 2869 894 2914 pub
911 2868 1090 2904 caretur?
1114 2870 1281 2914 quoniam

198 2913 258 2948 alii
283 2913 505 2948 commodum
528 2914 697 2948 victoriae
720 2918 826 2958 parat
849 2919 885 2949 et
907 2914 944 2949 in
967 2914 1036 2949 hac
1061 2924 1172 2950 causa
1193 2914 1282 2949 nihil

197 2968 242 2993 ex
265 2958 383 2993 officio
415 2958 547 3001 patris,
580 2958 642 2992 sed
674 2963 788 2993 totum
820 2958 863 2994 de
893 2959 1027 2994 meritis
1057 2958 1120 2995 filii
1151 2959 1278 3004 agitur.

196 3003 248 3038 et²
266 3002 507 3037 inclinandum
521 3007 575 3037 est
595 3014 665 3038 non
685 3003 834 3048 perdere
852 3008 989 3049 patrem
1009 3004 1077 3039 sibi
1097 3004 1228 3047 datum,
1249 3004 1281 3040 si

197 3050 218 3083 2
264 3047 460 3083 secundum
468 3051 716 3082 testamentum
724 3049 993 3093 pronuntiatum
1000 3048 1138 3085 fuisset.
1163 3049 1279 3085 Multo

196 3093 307 3137 magis
331 3092 362 3127 si
385 3091 469 3126 mihi
492 3092 645 3136 legatum
668 3097 818 3128 testator
841 3093 949 3136 dedit,
974 3094 1075 3129 cuius
1099 3094 1143 3129 de
1162 3093 1280 3129 inoffi-

197 3138 296 3173 cioso
319 3140 534 3172 testamento
558 3137 651 3171 filius
676 3148 782 3181 agens
806 3138 959 3174 decessit
981 3149 1038 3174 me
1061 3139 1191 3175 herede
1224 3149 1279 3174 re·

195 3182 300 3224 licto,
332 3191 466 3261 egoque
497 3181 745 3232 hereditariam
770 3194 915 3219 causam
972 3184 1067 3229 eregi
1100 3188 1136 3219 et
1166 3184 1280 3220 victus

195 3237 295 3263 sum.
326 3227 339 3261 i
388 3225 484 3271 quod
507 3226 591 3260 milii
616 3236 656 3261 eo
681 3231 893 3264 testamento
917 3239 955 3264 re
971 3228 1077 3264 'ctum
1102 3232 1175 3271 est,
1207 3239 1280 3264 non

195 3271 360 3317 perdam:
402 3270 455 3306 uti
480 3280 526 3306 ue
567 3271 597 3305 si
631 3271 702 3305 iam
737 3272 926 3308 defunctus
961 3283 1066 3318 agere
1100 3284 1163 3309 coe
1190 3277 1278 3309 erat.

196 3319 216 3352 3
263 3316 353 3351 Item
376 3315 406 3351 si
478 3315 595 3360 rogavi
620 3325 711 3357 eum,
737 3317 796 3361 qui
819 3318 1022 3353 instituerat
1043 3318 1140 3354 litem
1184 3329 1204 3354 e
1225 3318 1279 3354 in-

197 3360 359 3397 officioso
394 3364 607 3396 testamento
644 3360 718 3395 eius
778 3362 812 3395 ui
848 3363 931 3397 mihi
974 3363 1127 3408 legatum
1171 3363 1279 3405 dedit,

195 3406 363 3451 litemque
383 3414 550 3451 peregero
574 3405 715 3439 nomine
738 3405 761 3439 fi
776 3406 800 3439 ii
821 3417 883 3441 nec
904 3408 1108 3452 optinuero:
1133 3408 1280 3453 perdere

195 3461 251 3486 me
274 3451 428 3496 legatum
451 3460 523 3485 non
546 3459 567 3485 o
595 3453 698 3490 ortet,
723 3450 806 3494 quia
830 3462 900 3485 non
924 3463 1002 3487 sum
1025 3452 1207 3497 indignus,
1239 3455 1280 3487 ut

195 3495 380 3531 auferatur
401 3494 487 3530 mihi
509 3503 532 3529 a
599 3504 641 3529 co
665 3494 702 3528 id
721 3495 815 3539 quod
837 3496 1043 3532 derelictum
1062 3498 1076 3519 ³
1100 3501 1173 3533 est:
1198 3507 1279 3533 cum

196 3655 236 3693 (ι)
261 3653 453 3686 desiderans
473 3664 496 3685 r.
512 3663 537 3685 ι.
551 3663 579 3686 ο.
592 3663 623 3695 q.
645 3651 748 3684 solvit
768 3655 846 3685 ante
866 3653 906 3685 de
928 3654 1018 3685 inoff.
1034 3664 1064 3695 q.
1087 3657 1195 3686 actam
1214 3665 1276 3687 scr.

197 3700 242 3739 (2)
268 3698 391 3740 agitur,
405 3708 443 3730 eo
455 3709 514 3731 ser.
610 3699 652 3738 (3)
676 3696 832 3730 relictum
845 3698 917 3731 edd.
1012 3699 1054 3738 (⁴)
1080 3701 1113 3730 et
1124 3697 1278 3731 obtineat

1291 91 1345 140 80

1736 109 1795 140 DE
1823 109 2115 142 mormmoso
2143 111 2436 146 'l'Es'ruOEu‘ro

1354 226 1428 268 non
1450 217 1596 268 proprio
1629 217 1789 260 nomine,
1822 217 1885 253 sed
1915 218 1992 254 iure
2023 218 2208 254 cuiusdam
2239 221 2439 258 successio-

1355 271 1410 296 ms
1492 287 1500 296 .

1401 270 1650 343 2:3⁸¹PAzrws
1683 305 1774 342 libro
1805 307 1989 354 sinqulari
2017 307 2061 343 de
2092 307 2299 354 inofficioso
2331 313 2436 346 testa-

1354 353 1472 386 mento
1518 349 1557 386 Si
1585 360 1702 395 ponas
1732 350 1844 387 filium
1866 352 2127 397 emancipatum
2175 353 2380 390 raeteritum
2403 358 2439 390 et

1355 404 1399 430 ex
1429 404 1471 430 eo
1503 398 1670 440 nepotem
1692 395 1729 431 in
1751 400 1929 441 potestate
1950 401 2127 433 retentum
2175 397 2315 434 eredem
2337 399 2438 435 insti-

1354 442 1471 475 tutum
1503 450 1602 476 esse:
1633 439 1726 476 filius
1750 445 1870 486 potest
1893 446 2018 477 contra
2040 442 2150 477 filium
2172 452 2295 487 suum,
2327 447 2438 479 testa-

1354 484 1441 519 toris
1475 495 1519 520 ne
1545 489 1642 521 otem
1697 488 1792 521 etere
1824 487 1997 522 bonorum
2029 487 2306 532 possessionem,
2340 489 2441 534 queri

1354 533 1474 581 autem
1505 496 1549 565 ἐξ
1579 530 1640 566 ino
1682 529 1779 566 cioso
1810 534 2022 567 testamento
2057 542 2130 567 non
2163 533 2306 578 poterit.
2343 533 2440 579 quod

1354 584 1385 609 si
1409 574 1645 627 exheredatus
1676 575 1722 628 sit
1752 575 1846 611 filius
1878 577 2143 656 emangilpatus,
2176 578 2308 623 poterit
2338 578 2439 623 queri

1355 623 1391 654 et
1412 623 1464 654 ita
1485 623 1651 664 iungetur
1673 619 1745 656 filio
1769 630 1834 656 suo
1859 625 1896 656 et
1918 621 1983 656 sim
2045 632 2125 656 cum
2145 631 2187 657 eo
2208 622 2440 659 hereditatem

1358 666 1372 698 1
1421 665 1607 709 optinebit.
1655 664 1694 700 Si
1723 665 1955 701 hereditatem
1987 666 2032 701 ab
2055 665 2245 702 heredibus
2267 667 2440 704 institutis

1355 709 1562 744 exheredati
1594 713 1755 745 emerunt
1777 709 1831 745 vel
1854 720 1912 746 res
1936 711 1964 746 s'
2115 711 2267 747 scientes
2291 722 2352 748 eos
2375 713 2438 748 he-

1354 753 1456 789 redes
1488 764 1586 790 esse:
1621 758 1686 790 aut
1717 754 1965 791 conduxerunt
1990 755 2144 801 praedia
2179 756 2319 793 aliudve
2353 757 2439 803 quid

1354 799 1467 834 simile
1496 798 1678 835 fecerunt:
1708 800 1765 835 vel
1799 799 1981 835 solverunt
2012 800 2134 836 heredi
2157 801 2253 846 quod
2275 803 2440 839 testatori

1354 843 1550 879 debebant:
1581 844 1751 880 iudicium
1783 843 1941 880 defuncti
1975 855 1997 880 a
2069 855 2192 882 oscere
2215 846 2380 882 videntur
2404 851 2439 883 et

1355 891 1374 923 2
1421 899 1445 924 a
1467 890 1625 934 querella
1658 889 1904 926 excluduntur.
1953 888 1992 924 Si
2039 900 2084 926 uo
2111 890 2181 926 sint
2203 890 2267 926 filii
2290 892 2438 928 exhere-

1355 933 1429 969 dati
1463 937 1500 969 et
1533 934 1638 971 ambo
1670 935 1714 970 de
1743 933 1942 970 inofficioso
1974 938 2187 971 testamento
2221 939 2371 982 egerunt
2404 941 2441 972 et

1354 989 1446 1014 unus
1469 982 1596 1024 postea
1619 979 1804 1016 constituit
1822 989 1894 1015 non
1914 989 2030 1025 agere,
2053 990 2138 1025 pars
2158 981 2233 1016 eius
2255 981 2358 1017 alteri
2375 982 2438 1017 ad·

1355 1023 1493 1066 crescit.
1529 1024 1691 1070 idemque
1714 1025 1791 1067 erit,
1818 1028 1853 1059 et
1875 1024 1906 1060 si
1928 1028 2087 1070 tempore
2110 1025 2276 1062 exclusus
2301 1026 2358 1062 sit.

1400 1066 1454 1106 24
1485 1068 1681 1106 omaus
1707 1070 1798 1105 libro
1821 1068 1965 1121 quadra
1990 1070 2125 1105 cnsimo
2148 1074 2277 1107 octavo
2300 1071 2351 1106 ad
2371 1070 2439 1107 Sa-

1354 1113 1475 1149 binum
1518 1114 1623 1151 Circa
1644 1114 1835 1150 inofficiosi
1858 1124 1946 1159 quer
1992 1124 2050 1149 am
2072 1115 2211 1151 evenire
2233 1115 2441 1162 plerumque

1355 1158 1510 1203 adsolet,
1542 1163 1584 1195 ut
1605 1160 1643 1195 in
1665 1170 1738 1195 una
1761 1162 1869 1204 atque
1892 1158 2015 1194 eadem
2039 1169 2150 1195 causa
2173 1159 2333 1196 diversae
2356 1171 2437 1197 sen·

1354 1204 1486 1240 tentiae
1515 1203 1752 1250 proferantur.
1790 1203 1874 1249 quid
1906 1204 1998 1239 enim
2030 1204 2061 1239 si
2091 1204 2203 1240 fratre
2225 1209 2352 1250 agente
2376 1205 2438 1241 he·

1353 1248 1456 1285 redes
1476 1249 1600 1295 scripti
1619 1250 1746 1285 diversi
1765 1249 1852 1284 iuris
1871 1248 2043 1284 fuerunt?
2066 1249 2163 1294 quod
2180 1249 2211 1285 si
2230 1249 2350 1293 fuerit,
2374 1261 2441 1295 pro

1353 1298 1457 1375 Earte
1487 1298 1659 1338 testatus,
1695 1305 1760 1340 pro
1784 1297 1887 1339 parte
1909 1294 2099 1329 intestatus
2123 1293 2319 1331 decessisse
2343 1295 2438 1331 vide·

1379 1340 1462 1374 itur.

1399 1382 1452 1421 25
1473 1384 1678 1420 Iorulibro
1689 1384 1848 1420 secundo
1861 1384 2144 1430 disputationum
2181 1384 2219 1420 Si
2230 1395 2304 1421 nou
2315 1385 2440 1421 mortis

1354 1439 1465 1465 causa
1494 1429 1603 1465 fuerit
1626 1429 1815 1472 donatum,
1850 1428 1913 1464 sed
1942 1428 2036 1464 inter
2065 1429 2183 1472 vivos,
2218 1430 2288 1465 hac
2318 1433 2439 1465 tamen

1354 1474 1671 1520 contemplatione,
1695 1478 1737 1509 ut
1759 1474 1796 1509 in
1819 1477 1983 1519 quartam
2006 1473 2200 1510 habeatur:
2225 1478 2345 1520 potest
2368 1474 2438 1511 dici

1351 1519 1544 1555 inofficiosi
1563 1519 1754 1564 querellam
1774 1529 1925 1561 cessare,
1950 1518 1981 1554 si
2004 1522 2166 1564 quartam
2187 1519 2225 1555 in
2249 1519 2442 1556 donatione

1352 1564 1462 1600 habet
1486 1567 1560 1606 aut,
1585 1564 1615 1600 si
1638 1564 1755 1600 minus
1777 1564 1922 1606 habeat,
1946 1563 2041 1609 quod
2065 1563 2164 1599 deest
2185 1563 2250 1600 viri
2272 1565 2358 1600 boni
2381 1575 2438 1600 ar-

1352 1609 1486 1645 bitratu
1508 1609 1707 1655 repleatur:
1733 1613 1797 1644 aut
1815 1613 1912 1644 certe
1932 1608 2085 1644 conferri
2103 1612 2268 1654 oportere
2287 1609 2324 1645 id
2344 1609 2440 1655 quod

1357 1658 1369 1690 1
1421 1654 1591 1690 donatum
1613 1658 1678 1690 est.
1726 1654 1764 1690 Si
1810 1655 1886 1697 uis,
1919 1664 1999 1689 cum
2024 1664 2096 1689 non
2118 1654 2233 1699 possit
2255 1653 2300 1690 de
2321 1654 2439 1690 inoffi-

1353 1700 1450 1735 cioso
1472 1700 1582 1745 queri,
1606 1699 1653 1734 ad
1676 1710 1783 1745 quere
1811 1709 1869 1734 am
1892 1698 2068 1734 admissus
2091 1709 2156 1744 pro
2206 1703 2283 1735 arte
2305 1700 2438 1735 rescin-

1352 1745 1436 1780 dere
1458 1748 1710 1780 testamentum
1732 1747 1882 1824 temffitet
1905 1747 1940 1779 et
1962 1754 2071 1779 unum
2095 1743 2162 1779 sibi
2210 1744 2352 1780 eredem
2376 1745 2438 1780 eli·

1351 1794 1432 1836 gat,
1458 1793 1584 1826 contra
1607 1800 1711 1835 quem
1733 1790 1793 1825 ino
1837 1788 1924 1825 ciosi
1947 1788 2138 1834 querellam
2160 1788 2326 1824 instituat
2334 1789 2361 1832 ⁴,
2385 1789 2438 1825 di·

1352 1835 1505 1871 cendum
1540 1839 1611 1878 est,
1649 1835 1733 1880 quia
1762 1836 2014 1870 testamentum
2045 1844 2110 1879 pro
2143 1837 2247 1879 parte
2276 1834 2374 1870 valet
2404 1838 2441 1869 et

1352 1880 1605 1926 praecedentes
1619 1890 1699 1915 eum
1709 1889 1885 1926 personae
1904 1878 2070 1914 exclusae
2089 1882 2184 1922 sunt,
2209 1889 2289 1915 cum
2310 1878 2439 1915 effectu

1351 1936 1433 1961 eum
1457 1925 1649 1971 querellam
1671 1924 1877 1960 instituisse.

1398 1968 1451 2008 26
1476 1970 1584 2006 low
1602 1970 1693 2006 libro
1717 1974 1842 2006 octavo
1866 1969 2151 2016 disputationum
2198 1968 2236 2004 Si
2266 1968 2334 2004 sub
2366 1968 2437 2005 hac

1353 2015 1562 2050 condicione
1591 2015 1701 2049 fuerit
1731 2015 1833 2049 heres
1856 2014 2039 2050 institutus
2064 2014 2107 2049 ‘si
2130 2014 2290 2049 Stichum
2313 2024 2439 2049 manu-

1352 2059 1505 2095 miserit’
1531 2063 1568 2094 et
1589 2059 1870 2101 manumisisset,
1902 2063 1938 2094 et
1970 2062 2204 2104 posteaquam
2233 2058 2439 2094 manumisit

1351 2104 1590 2140 inofficiosum
1621 2104 1677 2139 vel
1698 2103 1869 2139 iniustum
1892 2107 2143 2140 testamentum
2165 2103 2437 2149 pronuntietur:

1351 2160 1504 2195 aequum
1527 2152 1583 2185 est
1604 2148 1689 2184 huic
1712 2158 1853 2194 quoque
1876 2148 2056 2191 succurri,
2088 2152 2130 2184 ut
2161 2148 2253 2184 servi
2307 2148 2436 2184 retium

1351 2205 1374 2230 a
1396 2194 1613 2230 manumisso
1637 2193 1802 2239 accipiat,
1826 2203 1872 2229 ne
1894 2193 2031 2229 frustra
2053 2203 2194 2229 servum
2216 2203 2281 2239 per
2306 2198 2354 2228 at.

1397 2237 1451 2276 27
1474 2239 1584 2275 loru
1612 2238 1703 2274 libro
1734 2242 1839 2274 sexto
1875 2240 2085 2285 opinionum
2131 2237 2169 2273 Si
2198 2238 2364 2274 instituta
2394 2237 2439 2273 de

1350 2284 1550 2327 inofficioso
1563 2286 1776 2319 testamento
1799 2283 2030 2319 accusatione
2050 2282 2094 2318 de
2112 2282 2174 2318 lite
2192 2286 2299 2328 pacto
2321 2287 2437 2318 trans-

1351 2333 1471 2365 actum
1494 2332 1549 2365 est
1571 2338 1637 2364 nec
1659 2327 1748 2363 fides
1773 2328 1818 2363 ab
1854 2328 1984 2364 herede
2013 2327 2247 2363 transactioni
2276 2331 2437 2373 praesta-

1354 2378 1368 2409 1
1418 2378 1487 2417 tur,
1511 2373 1703 2409 inofficiosi
1727 2383 1874 2408 causam
1896 2373 2069 2418 integram
2094 2382 2172 2408 esse
2194 2372 2341 2418 placuit.
2378 2372 2437 2415 Ei,

1374 2419 1412 2455 ui
1436 2429 1475 2455 se
1496 2418 1610 2454 filium
1633 2418 1709 2454 eius
1742 2428 1820 2454 esse
1849 2417 2029 2460 adfirmat,
2064 2418 2126 2462 qui
2155 2420 2369 2453 testamento
2401 2416 2438 2452 id

1375 2464 1546 2510 enegavit,
1570 2467 1690 2499 tamen
1715 2473 1795 2498 eum
1818 2462 2055 2504 exheredavit,
2081 2462 2126 2497 de
2144 2462 2344 2498 inofficioso
2365 2465 2437 2497 tes·

1351 2512 1371 2544 2
1418 2513 1576 2544 tamento
1601 2518 1712 2544 causa
1735 2512 1908 2553 superest.
1943 2508 1999 2543 De
2010 2507 2209 2543 inofficioso
2221 2510 2436 2543 testamento

1351 2557 1370 2590 3
1418 2554 1538 2590 militis
1574 2554 1691 2589 dicere
1725 2563 1791 2588 nec
1826 2553 1926 2589 miles
1961 2555 2089 2598 potest.
2145 2552 2201 2588 De
2233 2551 2435 2588 inofficioso

1349 2603 1564 2652 testamento
1598 2608 1643 2633 ne
1670 2609 1710 2634 os
1743 2601 1870 2634 contra
1899 2602 2066 2650 patruum
2101 2607 2204 2633 suum
2235 2597 2294 2650 vel
2324 2597 2435 2632 alium

1350 2644 2438 2739 3gffsssssssttefitsssmassssssnsse3¹53&..5333ss1323&ssss

1349 2734 1506 2779 inopiam
1554 2733 1654 2779 upilli
1677 2733 1846 2768 alimenta
1867 2743 1932 2778 pro
1956 2732 2061 2767 modo
2083 2731 2320 2774 facultatium,
2345 2741 2437 2777 quae

1349 2778 1627 2860 ξέῗᾱὲἓὲἔαὲἷῗὲ
1649 2777 2249 2867 teffiffifieffiaffiffissffi
2270 2776 2436 2857 pgrtseugi

1632 2849 1642 2865 2

1349 2873 1371 2904 4
1417 2869 1619 2904 ministrare
1630 2877 1776 2903 necesse
1788 2867 1921 2903 habere
1933 2876 2045 2912 usque
2057 2866 2103 2901 ad
2124 2866 2231 2902 finem
2250 2866 2333 2901 litis.
2381 2865 2436 2901 De

1349 2917 1562 2950 testamento
1607 2913 1751 2955 matrIs,
1793 2922 1886 2958 quae
1918 2912 2121 2947 existimans
2156 2911 2291 2957 perisse
2325 2910 2436 2946 filium

1349 2959 1456 2994 alium
1480 2958 1646 2994 heredem
1667 2957 1840 2999 instituit,
1873 2956 1917 2992 de
1948 2956 2148 2992 inofficioso
2181 2955 2281 3010 queri
2304 2958 2433 3000 potest.

1394 3001 1448 3041 28
1471 3002 1632 3039 Pinus
1650 3002 1742 3038 libro
1764 3001 1948 3047 sinqulari
1968 3001 2013 3036 de
2027 3012 2065 3036 se
2093 3000 2359 3037 temvnralibus³
2382 3001 2435 3035 iu-

1349 3048 1454 3085 diciis
1500 3047 1589 3083 Cum
1612 3050 1727 3082 mater
1749 3046 1894 3081 militem
1917 3046 2027 3081 filium
2074 3046 2149 3082 also
2183 3045 2343 3081 audisset
2373 3044 2434 3080 de-

1349 3093 1498 3129 cessisse
1522 3096 1558 3128 et
1579 3095 1792 3127 testamento
1813 3090 1960 3126 heredes
1980 3091 2068 3126 alios
2087 3090 2309 3132 instituisset,
2334 3089 2434 3125 divus

1347 3137 1553 3173 Hadrianus
1585 3135 1741 3172 decrevit
1773 3135 2005 3171 hereditatem
2037 3135 2084 3171 ad
2114 3135 2225 3171 filium
2284 3134 2435 3170 ertinere

1347 3184 1410 3226 ita,
1433 3186 1475 3218 ut
1496 3182 1679 3217 libertates
1703 3184 1739 3215 et
1761 3180 1794 3215 le
1818 3185 1879 3215 ata
1902 3184 2138 3226 praestentur.
2175 3180 2234 3215 liic
2296 3179 2345 3214 ud
2368 3178 2431 3214 ad-

1348 3228 1536 3263 notatum⁸
1567 3225 1663 3272 quod
1696 3225 1741 3260 de
1776 3225 1800 3260 li
1827 3225 2000 3260 ertatibus
2036 3230 2073 3260 et
2104 3225 2228 3270 legatis
2261 3223 2432 3259 adicitur:

1349 3283 1431 3308 nam
1455 3282 1536 3308 cum
1558 3270 1794 3306 inofficiosum
1816 3273 2067 3306 testamentum
2089 3269 2259 3313 arguitur,
2283 3268 2372 3304 nihil
2391 3278 2434 3303 ex

1349 3328 1391 3353 eo
1415 3320 1628 3352 testamento
1652 3314 1756 3351 valet.

1394 3359 1448 3400 29
1479 3360 1674 3397 memma
1693 3359 1784 3395 libro
1808 3359 1933 3405 quinto
1956 3360 2166 3404 opinionum
2203 3358 2241 3394 Si
2265 3364 2434 3403 suspecta

1349 3406 1496 3442 collusio
1522 3406 1568 3442 sit
1590 3403 1767 3457 legatariis
1799 3403 1892 3439 inter
1922 3404 2073 3456 scriptos
2103 3403 2251 3439 heredes
2287 3407 2323 3437 et
2354 3412 2433 3437 eum

1348 3452 1407 3496 qui
1432 3451 1476 3486 de
1499 3449 1698 3486 inofficioso
1718 3452 1929 3484 testamento
1951 3453 2040 3494 agit:
2066 3448 2191 3484 adesse
2211 3447 2316 3482 etiam
2336 3447 2431 3491 lega-

1347 3496 1459 3532 tarios
1484 3500 1520 3531 et
1542 3495 1760 3530 voluntatem
1783 3493 1941 3529 defuncti
1971 3493 2063 3528 tueri
2101 3492 2333 3529 constitutum
2365 3494 2429 3531 est,

1346 3654 1517 3687 secundum
1534 3653 1829 3696 Gmecossortaue
1843 3652 1905 3685 ins.
2014 3653 2056 3692 (5)
2082 3650 2122 3682 de
2133 3647 2431 3682 centumviralibus

1348 3698 1429 3731 Hal.
1502 3698 1546 3737 (6)
1571 3697 1799 3730 adnotandum
1813 3697 1890 3729 dett.
