2528 3918
186 127 358 172 XXXX
391 131 415 171 7

178 248 286 286 etiam
320 249 429 285 invito
461 248 605 285 herede.
669 249 765 296 qnod
798 249 830 286 si
871 260 944 286 non
988 249 1125 296 patitur
1160 249 1266 286 heres

179 294 298 341 pareri
332 296 345 335 (
371 297 434 330 uta
461 293 568 330 offert
595 294 736 338 decem,
773 305 865 341 quae
897 295 983 331 dare
1012 296 1131 331 iussus
1163 298 1266 338 erat),

178 339 305 385 procul
353 338 436 375 ubio
458 339 552 375 liber
574 343 645 382 est,
668 340 753 386 quia
770 350 840 394 per
862 340 1026 378 hev-,edem
1050 344 1148 376 stare
1168 340 1266 375 vide-

179 390 250 427 tur,
274 394 346 429 quo
368 384 486 420 minus
499 384 745 422 condicionem
768 396 816 421 im
842 386 925 421 leat.
962 389 999 420 et
1021 385 1122 431 parvi
1145 385 1265 428 refert,

179 429 224 466 de
253 429 394 475 peculio
426 429 458 465 ei
489 429 618 465 offerat
646 440 694 466 an
717 431 763 466 ab
838 442 858 466 ο
882 434 1050 476 accepta:
1083 440 1165 466 rece
1191 434 1267 465 tum

179 478 235 510 est
253 474 359 517 enim,
383 477 425 510 ιιι
443 485 566 510 servus
590 475 790 520 peculiares
808 486 949 528 quoque
967 486 1130 511 nummos
1173 475 1266 511 ando

179 519 361 565 perveniat
394 519 440 555 ad
471 519 689 566 libertatem,
726 521 799 556 sive
828 522 919 566 ips1¹
953 521 1075 556 heredi
1104 520 1177 557 sive
1207 521 1268 556 alii

179 567 200 600 2
246 564 334 600 dare
356 565 476 601 iussus
489 569 555 601 est.
590 565 678 602 Inde
727 566 898 608 nectitur,
924 565 954 600 si
976 565 1071 602 forte
1095 565 1269 602 debeatur

178 610 332 655 pecunia
362 610 446 646 huic
477 620 579 647 servo
610 611 665 647 vel
696 622 718 647 a
774 610 922 652 herede,
956 611 1052 656 quod
1075 611 1112 646 in
1135 610 1269 647 domini

180 655 353 691 rationem
375 654 458 701 plus
481 660 708 701 erogaverat,
738 656 792 692 vel
816 656 863 691 ab
887 659 1070 699 extraneo,
1095 666 1161 692 nec
1184 656 1269 692 velit

180 700 282 736 heres
321 700 519 738 debitorem
559 702 748 737 convenire
784 701 840 736 vel
880 701 1091 737 statulibero
1131 701 1268 737 solvere

179 744 385 791 pecuniam:
417 755 466 782 an
488 745 618 782 debeat
640 746 685 781 ad
708 746 908 782 libertatem
931 747 1134 791 pervenire,
1188 746 1268 782 uasi

179 800 315 826 moram
440 790 606 827 heredem
622 792 798 845 patiatur.
847 795 883 826 et
911 795 975 827 aut
1005 791 1160 837 legatum
1210 792 1268 827 uic

179 836 390 872 statulibero
413 835 484 872 fuit
513 837 694 882 pecuhum
718 840 782 871 aut
804 847 894 872 non:
927 836 957 872 si
980 836 993 871 l
1037 841 1135 873 atum
1158 847 1267 883 pecu-

180 881 265 916 lium
287 881 375 924 fuit,
406 880 549 917 Servius
574 882 698 917 scribit
721 891 857 917 moram
882 892 962 917 eum
984 882 1010 917 li
1036 883 1160 918 ertatis
1183 893 1267 928 pas-

179 936 258 962 sum
288 926 335 962 ob
366 926 436 962 hoc
458 927 595 972 ipsum,
633 926 730 972 quod
752 926 786 963 ei
810 927 944 972 aliquid
974 937 1019 963 ex
1042 928 1181 964 ratione
1205 927 1267 963 do-

179 971 309 1007 minica
348 971 539 1007 deberetur
577 981 644 1007 nec
678 972 713 1008 ei
752 972 798 1007 ab
837 972 969 1008 herede
1005 977 1266 1018 praestaretur:

179 1027 285 1062 quam
321 1017 533 1053 sententiam
568 1020 604 1051 et
633 1016 757 1053 Labeo
792 1018 933 1062 probat.
989 1018 1087 1054 Idem
1124 1018 1268 1054 Servius

178 1062 309 1107 probat
339 1066 375 1097 et
405 1062 437 1097 si
467 1062 504 1097 in
533 1072 576 1098 eo
608 1072 744 1098 moram
766 1062 877 1098 faciat
900 1063 1019 1106 heres,
1052 1063 1149 1108 quod
1179 1063 1269 1099 nolit

177 1107 319 1152 exigere
342 1117 365 1142 a
388 1107 628 1143 debitoribus:
662 1118 746 1143 nam
774 1111 1028 1152 perventurum
1052 1108 1099 1144 ad
1121 1108 1266 1144 liberta-

178 1156 250 1188 tem
272 1153 334 1187 ait.
380 1152 467 1187 mihi
501 1162 643 1198 quoque
673 1152 813 1188 videtur
843 1163 965 1188 verum
997 1153 1092 1198 quod
1116 1153 1267 1189 ‘Servius

177 1197 239 1233 ait.
286 1208 368 1233 cum
405 1197 515 1242 igitur
546 1207 665 1233 veram
703 1201 869 1243 putemus
906 1198 1118 1234 sententiam
1156 1199 1266 1242 Servi,

177 1242 369 1285 videamus,
393 1252 441 1278 an
465 1247 502 1278 et
525 1243 556 1278 si
574 1253 646 1278 non
670 1242 779 1278 fuerit
799 1243 1067 1288 praelegatum²
1089 1245 1268 1290 peculium

177 1298 299 1331 servo,
331 1287 424 1323 idem
456 1287 585 1323 debeat
607 1288 696 1323 dici:
729 1292 872 1324 constat
895 1289 987 1324 enim
1018 1289 1267 1325 statuliberum

177 1333 221 1368 de
243 1333 384 1387 peculio
434 1343 514 1369 osse
539 1333 625 1368 dare
642 1333 697 1369 vel
720 1333 789 1378 ipsi
811 1333 935 1369 heredi
957 1334 1095 1370 iussum
1110 1335 1165 1370 vel
1188 1335 1266 1371 alii:

177 1382 213 1414 et
236 1389 267 1414 si
290 1388 371 1414 eum
420 1388 482 1413 are
503 1378 690 1423 impediat,
722 1379 906 1424 perveniet
935 1380 1125 1415 statuliber
1155 1380 1202 1415 ad
1225 1381 1267 1415 li-

178 1423 362 1459 bertatem.
410 1423 562 1468 denique
587 1424 693 1459 etiam
723 1423 869 1459 remedii
892 1424 973 1460 loco
997 1425 1066 1460 hoc
1089 1429 1266 1461 monstra-

175 1473 235 1504 tur
259 1468 402 1505 domino
427 1469 640 1511 statuliberi,
662 1472 704 1504 ut
728 1479 807 1504 eum
826 1475 995 1505 extraneo
1019 1470 1157 1506 iussum
1181 1470 1268 1506 dare

176 1514 381 1560 prohibeat,
417 1524 462 1550 ne
501 1517 537 1549 et
568 1524 731 1550 nummos
770 1514 899 1560 perdat
930 1525 1012 1550 cum
1045 1516 1265 1552 statulibero,

175 1559 325 1604 proinde
343 1558 486 1595 defendi
508 1562 629 1605 potest
651 1563 688 1595 et
710 1560 741 1595 si
763 1570 836 1594 non
855 1560 931 1595 vult
955 1561 1095 1605 exigere
1112 1561 1167 1597 vel
1190 1561 1267 1606 ipse

176 1604 324 1647 solvere,
348 1608 389 1640 ut
412 1604 470 1640 hic
494 1605 637 1648 habeat,
662 1604 757 1640 unde
777 1605 978 1641 condicioni
1000 1610 1135 1652 pareat,
1160 1606 1266 1642 liber-

178 1653 288 1686 tatem
322 1654 543 1696 competere:
589 1654 625 1686 et
658 1651 708 1685 ita
749 1649 895 1686 Cassius
943 1661 1085 1696 quoque
1129 1651 1266 1687 scribit.

176 1698 196 1730 3
243 1695 326 1731 Νοιι
349 1695 465 1731 solum
489 1699 607 1731 autem
631 1695 663 1731 si
686 1695 773 1743 dare
795 1695 933 1731 iussum
956 1696 1043 1732 dare
1066 1696 1266 1742 prohibeat,

175 1740 365 1777 statuliber
401 1740 449 1776 ad
479 1741 683 1776 libertatem
721 1741 898 1787 pervenit,
937 1752 1059 1777 verum
1098 1742 1205 1778 etiam
1237 1742 1267 1779 si

175 1786 369 1823 ascendere
399 1785 615 1831 Capitolium
645 1787 783 1822 iussum
813 1786 1008 1822 ascendere
1039 1791 1150 1831 vetet,
1183 1787 1268 1823 item

175 1831 207 1868 si
231 1830 377 1878 Capuae
406 1831 492 1867 dare
521 1831 659 1867 iussum
683 1831 845 1876 Capuam
867 1833 920 1867 ire
943 1832 1150 1877 prohibeat:
1183 1843 1267 1868 nam

176 1876 237 1923 qui
259 1877 427 1922 prohibet
450 1886 591 1912 servum
613 1876 810 1922 proficisci,
841 1876 1100 1922 intellegendus
1124 1882 1180 1914 est
1201 1878 1266 1913 im-

175 1922 297 1968 pedire
319 1922 432 1968 magis
455 1921 545 1958 velle
574 1922 776 1957 libertatem
806 1932 913 1968 quam
942 1923 1061 1968 operis
1085 1923 1178 1960 servi
1202 1923 1266 1959 uti.

175 1970 196 2002 4
242 1967 313 2003 Sed
331 1971 366 2003 et
389 1967 420 2003 si
442 1967 579 2003 iussum
601 1967 768 2003 coheredi
791 1967 877 2003 dare
900 1978 973 2004 non
996 1969 1156 2013 patiatur
1173 1979 1267 2005 unus

176 2023 220 2048 ex
237 2012 429 2048 heredibus
449 2012 545 2056 dare,
570 2022 683 2058 aeque
699 2012 790 2048 liber
811 2012 894 2048 erit:
920 2013 983 2048 sed
1004 2013 1048 2056 is,
1074 2014 1131 2050 cui
1147 2014 1267 2050 iussus

175 2062 254 2094 erat
282 2057 368 2093 dare
399 2061 436 2094 et
458 2058 548 2093 liber
572 2067 668 2100 esse,
697 2057 854 2094 familiae
879 2058 1111 2095 erciscundae
1133 2059 1266 2095 iudicio

175 2103 221 2139 ab
252 2113 294 2139 eo
328 2103 389 2155 qui
417 2102 566 2148 impedit
589 2106 843 2148 consequetur,
877 2103 973 2148 quod
1005 2114 1072 2139 sua
1094 2104 1267 2140 intererat

176 2153 195 2184 5
242 2148 462 2194 prohlbitum
486 2147 735 2184 statuliberum
759 2159 831 2184 non
855 2158 944 2184 esse.
984 2148 1021 2184 Si
1045 2149 1169 2185 decem
1191 2150 1266 2185 ius-

174 2204 236 2230 sus
262 2193 347 2229 dare
371 2196 408 2229 et
429 2192 523 2229 liber
545 2203 623 2229 esse
641 2193 797 2239 quinque
821 2193 892 2237 det,
917 2195 1014 2229 non³
1036 2195 1198 2239 pervenit
1220 2195 1267 2230 ad

175 2239 395 2293 libertatem,
425 2238 493 2274 nisi
521 2241 644 2292 totum·
667 2238 743 2274 det:
779 2238 922 2274 interim
949 2239 1058 2284 igitur
1086 2239 1267 2294 vindicare

175 2294 332 2365 &iffi
348 2283 1020 2371 ffl2ff221ffssffiffussussssmssiafftiff·
1036 2285 1266 2373 21523225111‘1‘3]

176 2375 279 2411 cuius
304 2379 387 2410 ante
412 2373 607 2410 dominium
630 2384 702 2410 non
726 2379 805 2410 erat
832 2374 1058 2410 translatum.
1105 2375 1157 2410 ita
1179 2386 1266 2421 pen-

175 2420 275 2456 debit
297 2419 544 2466 praecedentis
574 2429 733 2455 summae
756 2419 944 2463 alienatio,
979 2420 1031 2456 sic
1054 2423 1193 2463 tamen,
1227 2424 1268 2456 ut

176 2476 248 2502 non
280 2469 377 2501 retro
407 2464 541 2500 nummi
572 2464 662 2500 fiant
685 2464 912 2510 accipientis,
951 2465 1015 2501 sed
1045 2469 1152 2510 tunc,
1187 2476 1267 2502 cum

177 2514 198 2546 6
245 2510 388 2546 residua
427 2520 565 2546 summa
603 2509 713 2545 fuerit
744 2510 919 2546 exsoluta.
969 2509 1008 2546 Si
1040 2511 1122 2564 plus
1161 2521 1267 2557 quam

176 2557 294 2592 iussus
319 2559 397 2592 erat
415 2555 553 2591 dederit
571 2556 772 2598 statuliber,
796 2559 885 2601 puta
903 2555 1024 2591 decem
1040 2567 1161 2592 iussus
1182 2556 1268 2592 dare

175 2601 299 2646 viginti
334 2600 441 2643 dedit,
477 2601 551 2636 sive
581 2600 779 2636 numeravit
809 2601 882 2636 sive
914 2601 952 2636 in
981 2602 1126 2638 sacculo
1158 2601 1266 2646 dedit,

175 2646 337 2692 pervenit
361 2646 408 2682 ad
430 2646 632 2682 libertatem
657 2649 693 2681 et
716 2645 937 2691 superfluum
961 2650 1081 2692 potest
1092 2651 1264 2700 repetere.

178 2695 196 2725 “1
246 2690 284 2727 Si
315 2691 396 2736 quis
432 2701 574 2727 servum
603 2691 742 2727 iussum
773 2691 896 2727 decem
929 2691 1014 2727 dare
1046 2696 1082 2727 et
1118 2692 1268 2728 liberum

178 2746 258 2772 esse
288 2736 486 2772 vendiderit
516 2736 592 2772 sine
623 2736 781 2782 peculio,
818 2740 939 2772 utrum
963 2737 1084 2773 statim
1108 2737 1198 2772 liber
1221 2737 1269 2773 sit

178 2781 295 2827 (quasi
326 2781 526 2826 prohibitus
550 2781 712 2817 videatur
735 2781 778 2817 de
807 2782 948 2826 peculio
974 2782 1060 2818 dare
1083 2783 1152 2818 hoc
1175 2783 1266 2827 ipso,

178 2826 273 2872 quod
297 2827 372 2862 sine
394 2827 534 2871 peculio
560 2827 754 2862 distractus
777 2830 845 2870 est)
878 2837 925 2862 an
948 2837 1030 2863 vero
1056 2838 1137 2863 cum
1160 2827 1268 2864 fuerit

203 2871 378 2907 rohibitus
408 2872 587 2916 peculium
623 2872 794 2917 tangere?
830 2875 865 2907 et
921 2875 983 2908 uto
1014 2875 1102 2908 tunc
1127 2873 1267 2908 demum

204 2917 329 2953 berum
352 2915 442 2960 fore,
467 2927 548 2952 cum
571 2917 693 2953 volens
718 2917 804 2953 dare
828 2927 894 2962 pro
923 2917 1072 2960 beatur,
1098 2929 1170 2954 non
1193 2922 1266 2953 sta-

180 2965 199 2996 8
246 2961 311 2997 tim
346 2961 408 2997 ubi
442 2962 559 2997 veniit.
608 2962 645 2997 Si
684 2963 763 3007 quis
803 2973 944 2998 servum
977 2962 1114 2999 iussum
1145 2963 1268 2999 decem

179 3006 265 3043 dare
289 3010 326 3043 et
348 3006 499 3042 liberum
522 3016 600 3042 esse
624 3018 644 3042 ο
671 3007 765 3043 erari
784 3007 995 3059 prohibeat,
1020 3008 1074 3043 vel
1099 3008 1147 3052 si,
1171 3008 1268 3054 quod

180 3062 225 3088 ex
243 3051 361 3097 operis
382 3051 456 3103 suis
477 3056 596 3099 meret,
622 3018 811 3088 aflstulerlt
834 3052 867 3088 ei
890 3053 1004 3095 heres,
1027 3053 1083 3088 vel
1106 3053 1148 3096 si,
1172 3053 1269 3099 quod

180 3107 224 3133 ex
253 3095 480 3133 mercedibus
510 3106 585 3132 suis
618 3098 750 3142 coegit,
792 3097 914 3132 heredi
946 3097 1102 3140 dederit,
1144 3109 1191 3134 an
1222 3098 1268 3134 ad

179 3142 379 3178 libertatem
410 3141 620 3187 perveniat?
652 3146 687 3177 et
719 3146 825 3187 puto,
861 3142 894 3178 si
941 3143 1057 3178 uidem
1083 3154 1126 3178 ex
1150 3144 1267 3190 operis

180 3187 318 3223 dederit
338 3186 394 3222 vel
418 3185 664 3238 undecumque
688 3187 827 3222 dederit
836 3189 860 3230 ⁵,
890 3154 939 3223 ad
959 3187 1162 3224 libertatem
1211 3199 1266 3224 er-

180 3237 383 3268 venturum:
425 3231 519 3285 quod
551 3241 582 3267 si
613 3232 846 3276 prohibeatur
885 3243 905 3267 ο
934 3234 1043 3275 erari,
1079 3244 1153 3269 non
1185 3200 1267 3270 {ore

181 3277 349 3320 liberum,
385 3287 470 3322 quia
508 3276 651 3321 operari
689 3276 830 3312 domino
867 3278 911 3312 de
938 3283 982 3313 et.
1031 3278 1138 3330 plane
1175 3279 1205 3314 si
1235 3278 1267 3314 ei

181 3322 303 3357 ablata
325 3321 435 3357 fuerit
458 3321 612 3366 pecunia
633 3331 678 3356 ex
698 3323 815 3366 operis
836 3322 996 3366 collecta,
1021 3323 1170 3359 hberum
1189 3323 1267 3360 fore

181 3366 354 3409 arbitror,
414 3367 474 3401 uia
505 3366 549 3401 de
579 3366 720 3419 peculio
744 3366 829 3401 dare
858 3367 1077 3419 prohibetur.
1126 3378 1213 3404 sane
1237 3369 1267 3404 si

180 3415 332 3448 testator
355 3377 412 3446 νθῗ
434 3421 477 3446 ex
501 3421 618 3456 opens
641 3415 683 3446 ut
706 3410 766 3446 det
788 3412 909 3455 iussit,
940 3413 1159 3457 prohibitum
1182 3424 1203 3449 ο
1231 3424 1266 3449 e·

183 3461 202 3490 9
249 3456 321 3491 rari
345 3455 392 3491 ad
414 3456 615 3491 libertatem
639 3461 889 3502 perventurum
914 3467 986 3493 non
1010 3458 1147 3494 dubito.
1222 3458 1267 3494 ed

182 3504 217 3535 et
252 3500 282 3536 si
317 3507 464 3546 argento
508 3501 693 3537 subtracto
731 3500 785 3536 vel
823 3501 929 3536 rebus
964 3502 1043 3538 aliis
1087 3502 1267 3539 distractis

182 3556 343 3581 nummos
374 3555 540 3582 corraeos
571 3545 724 3589 dederit,
764 3546 945 3591 perveniet
976 3547 1022 3582 ad
1053 3547 1266 3590 libertatem,

182 3661 221 3700 (ι)
247 3660 315 3702 ipse
328 3660 360 3692 F
425 3661 467 3700 (2)
492 3658 637 3702 legatum
649 3672 710 3692 scr.
779 3660 823 3701 (3)
847 3668 915 3692 non
929 3670 988 3692 om.
1002 3660 1035 3691 F'
1117 3663 1159 3702 (4)
1185 3659 1264 3693 alie-

183 3706 283 3736 natur
294 3716 355 3737 scr.
436 3706 478 3744 (5)
503 3703 631 3737 dederit
644 3705 703 3737 del.
782 3705 826 3746 (6)
851 3702 985 3737 aliiecr.
1055 3706 1099 3747 (7)
1121 3705 1272 3748 120th

184 3752 229 3788 (8)
254 3758 274 3780 a
293 3748 370 3781 nobi
394 3749 454 3787 F',
474 3759 495 3781 a
515 3749 611 3782 uobis
631 3750 679 3782 F’
777 3754 822 3789 (9)
846 3751 885 3781 ιιι
904 3761 963 3782 σπι.
977 3748 1010 3782 F
1105 3751 1165 3791 (ιο)
1190 3753 1264 3782 tan-

1253 123 1340 172 (33⁰

1498 0 1569 60 LX

1558 61 1567 114 J

2014 143 2076 173 DE
2104 143 2418 176 STA'mLIers

1337 249 1513 294 quamvis,
1537 250 1570 287 si
1592 261 1754 288 nummos
1778 251 1983 288 subtractos
2008 251 2180 298 dedisset,
2206 253 2253 289 ad
2275 254 2419 291 liberta-

1336 298 1408 330 tem
1438 305 1511 331 non
1587 297 1758 333 rveniret:
1792 306 1860 333 nec
1883 297 1975 332 enim
2005 296 2144 334 videtur
2166 298 2324 343 dedisse,
2358 300 2422 336 sed

1335 340 1448 384 magis
1472 339 1536 376 red
1562 341 1679 378 idisse.
1727 341 1789 378 sed
1811 352 1878 378 nec
1902 342 1933 378 si
1956 342 2061 378 aliis⁶
2083 343 2302 389 subripuerit
2318 356 2421 380 num-

1337 395 1414 421 mos
1438 388 1474 420 et
1495 385 1619 423 heredi
1643 386 1788 431 dederit,
1814 387 1860 423 ad
1883 388 2083 423 libertatem
2106 389 2305 434 perveniet,
2338 390 2422 436 quia

1336 429 1439 466 avelli
1469 431 1604 467 nummi
1634 432 1667 467 ei
1698 432 1759 477 qui
1790 434 1931 478 accepit
1961 436 2125 478 possunt.
2196 434 2278 470 lane
2308 435 2339 470 si
2370 435 2422 471 sic

1337 476 1539 521 consumpti
1577 476 1730 520 fuerint,
1769 481 1811 512 ut
1849 478 1947 513 nullo
1986 488 2072 513 casu
2106 487 2149 513 av
2199 479 2207 487 ⁰
2245 479 2385 524 possint
2396 481 2422 522 ⁷,

1341 523 1380 554 10
1429 530 1496 556 eon
1524 525 1597 557 etet
1626 521 1783 558 libertas.
1838 522 1921 559 Non
1958 524 2073 559 solum
2103 527 2222 559 autem
2254 524 2285 560 si
2319 525 2421 562 heres

1337 575 1472 601 moram
1536 567 1585 602 cit
1606 566 1774 610 libertati,
1798 567 1862 604 sed
1885 573 1922 604 et
1946 568 1977 604 si
1999 571 2099 604 tutor
2120 569 2177 604 vel
2200 573 2346 606 curator
2369 573 2424 607 vel

1362 615 1553 663 recurator
1583 611 1640 647 vel
1668 612 1760 648 alius
1794 613 1924 693 Ἧιίνίε,
1955 614 1994 648 in
2027 614 2128 650 cuius
2159 624 2315 659 persona
2338 625 2422 651 con-

1374 656 1467 692 ciom
1490 656 1686 702 parendum
1709 660 1780 700 est,
1819 658 2002 694 'bertatem
2028 663 2230 704 competere
2253 659 2421 696 dicemus.

1337 704 1373 736 et
1395 711 1483 737 sane
1513 702 1582 738 hoc
1613 702 1690 737 iure
1712 702 1846 738 utimur
1878 704 1916 739 in
1939 704 2169 747 statulibero,
2205 708 2246 740 ut
2269 704 2424 741 sufficiat

1335 755 1401 791 per
1435 756 1515 782 eum
1543 757 1616 783 non
1647 751 1763 789 stare,
1823 758 1868 783 uo
1907 749 2023 785 minus
2055 749 2257 785 condicioni
2285 754 2422 795 pareat.

1340 795 1377 826 11
1427 791 1465 827 Si
1488 793 1567 845 quis
1591 792 1714 828 heredi
1735 793 1773 828 in
1831 794 1918 829 ebus
1941 797 1957 828 t
1979 794 1986 802 “
2013 794 2087 830 'nta
2108 795 2280 840 proximis
2300 795 2424 831 mortis

1337 839 1521 873 testatoris
1553 837 1640 873 dare
1679 838 1798 874 iussus
1829 838 1954 882 fuerit,
2019 839 2122 876 einde
2152 841 2256 876 heres
2287 840 2424 876 tardius

1337 881 1483 926 adierit,
1517 882 1708 919 Trebatius
1741 888 1776 918 et
1807 883 1947 926 Labeo,
1972 883 2004 919 si
2027 885 2103 920 sine
2126 884 2208 921 dolo
2232 885 2326 921 malo
2350 890 2423 921 tar-

1338 926 1417 962 dius
1448 927 1593 970 adierit,
1625 927 1768 963 dantem
1800 938 1882 964 eum
1913 928 2008 964 intra
2039 929 2114 966 dies
2137 930 2283 975 triginta
2306 930 2425 966 aditae

1337 972 1544 1009 hereditatis
1579 972 1626 1008 ad
1654 973 1854 1009 libertatem
1885 974 2087 1019 pervenire:
2125 985 2217 1027 quae
2248 976 2426 1012 sententia

1336 1027 1421 1053 vera
1444 1022 1510 1054 est.
1557 1018 1621 1054 sed
1644 1018 1730 1064 quid
1754 1019 1784 1054 si
1808 1018 1895 1054 data
1917 1029 2027 1064 opera
2049 1021 2183 1055 traxit?
2222 1030 2269 1056 an
2293 1021 2339 1057 ob
2362 1021 2425 1056 id⁸

1337 1063 1476 1108 statim,
1509 1063 1568 1098 ut⁹
1598 1063 1697 1098 adita
1725 1068 1781 1100 est
1813 1063 2011 1108 hereditas,
2044 1064 2091 1100 ad
2119 1065 2320 1102 libertatem
2345 1076 2424 1112 per-

1338 1108 1481 1143 veniat?
1513 1108 1598 1160 quid
1628 1109 1722 1144 enim
1751 1108 1782 1144 si
1804 1112 1892 1144 tunc
1923 1109 2068 1154 habuit,
2100 1114 2183 1162 post
2205 1110 2338 1146 aditam
2361 1112 2424 1147 hae

1339 1153 1424 1189 bere
1461 1153 1591 1189 desiit?
1641 1153 1705 1190 sed
1740 1158 1775 1189 et
1809 1154 1866 1190 hic
1902 1155 2044 1200 expleta
2077 1155 2218 1191 Videtur
2252 1156 2424 1200 condicio,

1337 1199 1504 1244 quoniam
1527 1209 1593 1244 per
1616 1209 1695 1234 eum
1719 1210 1791 1234 non
1816 1200 1964 1243 steterit,
1990 1210 2060 1246 quo
2083 1200 2202 1236 minus
2225 1201 2425 1246 impleatur.

1340 1246 1381 1278 12
1429 1243 1468 1279 Si
1492 1244 1571 1290 quis
1595 1244 1647 1280 sic
1668 1254 1754 1280 acce
1779 1246 1846 1280 erit
1863 1245 2065 1281 libertatem
2090 1247 2181 1281 ‘cum
2201 1245 2322 1282 decem
2341 1246 2427 1283 dare

1337 1289 1492 1335 ‘poterit,
1516 1289 1607 1325 liber
1628 1290 1730 1332 esto',
1787 1290 1947 1326 rebatius
1971 1290 2040 1333 ait,
2069 1291 2154 1326 licet
2174 1291 2342 1328 habuerit
2364 1291 2425 1328 de-

1337 1344 1414 1370 cem
1444 1334 1499 1369 vel
1527 1334 1677 1370 idoneus
1710 1334 1820 1370 fuerit
1850 1335 1897 1371 ad
1926 1335 2184 1381 adquirendum
2214 1341 2250 1372 et
2281 1347 2425 1373 conser-

1335 1379 1490 1415 vandum
1503 1381 1531 1401 ¹⁰
1554 1380 1753 1425 peculium,
1781 1384 1902 1416 tamen
1933 1392 2006 1417 non
2036 1381 2125 1417 alias
2157 1381 2204 1417 ad
2227 1382 2426 1418 libertatem

1334 1428 1605 1471 perventurum,
1638 1425 1707 1461 nisi
1730 1425 1868 1461 dederit
1890 1430 1953 1461 aut
1983 1437 2050 1471 per
2072 1437 2154 1462 eum
2177 1437 2250 1463 non
2273 1428 2425 1470 steterit,

1339 1473 1379 1505 13
1426 1480 1497 1515 quo
1522 1470 1639 1506 minus
1663 1470 1738 1506 det:
1764 1481 1857 1516 quae
1880 1472 2056 1507 sententia
2073 1482 2157 1507 vera
2181 1476 2245 1508 est.
2283 1472 2427 1508 Stichus

1335 1525 1456 1551 annua
1480 1515 1576 1551 bima
1598 1515 1705 1551 trima
1728 1515 1785 1551 die
1808 1516 1917 1552 denos
1938 1526 2065 1553 aureos
2082 1517 2204 1553 heredi
2227 1517 2259 1554 si
2280 1517 2426 1562 dederit,

1334 1560 1426 1596 liber
1460 1570 1539 1596 esse
1567 1561 1689 1597 iussus
1721 1564 1785 1597 est.
1833 1557 1865 1597 si
1893 1562 2009 1607 prima
2037 1562 2210 1607 pensione
2238 1564 2338 1599 stetit
2388 1574 2427 1599 er

1335 1605 1512 1648 heredem,
1538 1616 1608 1651 quo
1632 1606 1749 1642 minus
1773 1607 1954 1652 acciperet
1977 1606 2117 1650 decem,
2148 1613 2343 1654 exspectan
2369 1619 2425 1644 am

1336 1660 1416 1687 esse
1439 1651 1582 1686 trimam
1614 1651 1822 1697 pensionem
1844 1652 1983 1697 placet,
2019 1653 2104 1698 quia
2132 1656 2170 1688 et
2197 1657 2338 1699 tempus
2363 1654 2425 1689 ad-

1335 1696 1469 1731 iectum
1492 1700 1548 1732 est
1572 1699 1607 1732 et
1630 1695 1749 1732 adhuc
1781 1701 1975 1742 supersunt
1998 1697 2091 1733 duae
2113 1698 2315 1743 pensiones.
2363 1699 2426 1734 sed

1336 1741 1367 1777 si
1391 1741 1514 1777 eadem
1539 1740 1662 1777 decem
1686 1741 1764 1777 sola
1781 1742 1924 1785 habeat,
1949 1752 2042 1788 quae
2059 1742 2190 1788 optulit
2212 1743 2259 1778 ad
2275 1744 2427 1789 primam

1336 1787 1560 1832 pensionem,
1601 1796 1648 1822 an
1682 1787 1789 1822 etiam
1820 1787 1867 1823 ad
1897 1792 2102 1832 sequentem
2131 1798 2270 1834 quoque
2300 1790 2425 1835 prosit,

1337 1831 1369 1867 si
1399 1831 1552 1867 offerat?
1584 1835 1621 1868 et
1651 1842 1699 1867 an
1721 1836 1758 1868 et
1782 1832 1829 1867 ad
1857 1833 2017 1876 tertiam,
2057 1833 2089 1869 si
2118 1843 2272 1879 sequens
2301 1835 2425 1880 pensio

1335 1887 1410 1913 non
1439 1877 1486 1913 sit
1516 1887 1603 1913 acce
1628 1878 1692 1912 ta?
1730 1881 1765 1912 et
1794 1881 1883 1923 puto
1922 1877 2088 1914 sufficere
2115 1879 2206 1915 haec
2235 1879 2358 1915 eadem
2391 1883 2427 1915 et

1335 1922 1576 1968 paenitentiae
1631 1922 1729 1958 credi
1759 1923 1878 1958 locum
1907 1934 1982 1959 non
2004 1934 2101 1960 esse:
2134 1924 2230 1978 quod
2262 1928 2297 1961 et
2320 1925 2425 1961 Pom-

1339 1970 1381 2002 14
1426 1967 1557 2013 ponius
1581 1968 1722 2013 probat.
1771 1968 1864 2013 Quid
1886 1969 1918 2004 si
1941 1979 2076 2012 servus,
2101 1980 2160 2014 qm
2186 1979 2307 2005 annua
2333 1971 2426 2006 bima

1335 2011 1442 2048 trima
1473 2012 1530 2048 die
1557 2012 1678 2048 iussus
1716 2017 1771 2049 est
1803 2013 1895 2049 dena
1927 2014 2023 2058 dare,
2054 2018 2132 2050 tota
2164 2015 2269 2051 simul
2299 2015 2427 2052 offerat

1335 2057 1460 2093 heredi
1490 2068 1564 2093 non
1592 2062 1803 2103 exspectata
1835 2059 1915 2095 die?
1952 2059 2007 2095 vel
2039 2060 2161 2096 decem
2193 2060 2306 2106 primo
2331 2071 2426 2097 anno

1336 2102 1429 2139 datis
1464 2103 1622 2139 secundo
1662 2113 1756 2139 anno
1792 2103 1913 2149 viginti
1951 2105 2107 2150 optulit?
2151 2106 2338 2151 benignius
2373 2110 2427 2142 est

1335 2158 1417 2184 eum
1446 2148 1485 2183 in
1514 2147 1716 2184 libertatem
1746 2150 1947 2194 pervenire,
1988 2160 2070 2186 cum
2092 2151 2278 2196 utriusque
2334 2152 2425 2188 rovi-

1336 2193 1458 2229 dentia
1479 2193 1632 2229 infertur
1655 2197 1692 2230 et
1714 2194 1822 2238 servi,
1880 2199 2032 2231 uatenus
2061 2197 2237 2232 maturius
2259 2196 2296 2231 in
2333 2197 2425 2232 'ber-

1336 2242 1447 2274 tatem
1479 2239 1682 2284 perveniat,
1713 2243 1750 2275 et
1780 2205 1939 2283 baethis,
1973 2244 2149 2286 quatenus
2181 2241 2349 2277 dilatione
2370 2242 2426 2277 in-

1336 2287 1512 2330 terempta
1534 2283 1618 2319 ilico
1643 2284 1816 2330 accipiat,
1874 2285 1947 2321 uod
1976 2289 2061 2331 post
2083 2289 2223 2331 tempus
2257 2288 2426 2340 consequi

1341 2332 1379 2364 15
1427 2332 1581 2374 poterat.
1630 2329 1668 2364 Si
1690 2330 1742 2365 ita
1765 2330 1812 2365 sit
1849 2329 1858 2338 “
1886 2334 1980 2366 ertas
2004 2341 2106 2367 servo
2131 2332 2235 2374 data,
2267 2332 2298 2367 si
2322 2343 2424 2377 quin-

1337 2375 1491 2419 quennio
1516 2374 1638 2410 heredi
1662 2375 1839 2418 servierit,
1870 2375 1996 2411 deinde
2019 2386 2099 2411 eum
2123 2377 2227 2413 heres
2251 2377 2425 2413 manumi-

1337 2420 1438 2463 serit,
1471 2419 1591 2455 statim
1621 2419 1713 2455 liber
1741 2420 1796 2462 fit,
1834 2421 1937 2466 quasi
1966 2431 2033 2466 per
2060 2431 2141 2456 eum
2170 2421 2218 2458 sit
2247 2421 2424 2467 effectum,

1340 2475 1410 2509 quo
1434 2464 1551 2500 minus
1574 2465 1607 2501 ei
1631 2465 1781 2501 serviat:
1807 2466 1966 2511 quamvis
1989 2466 2020 2502 si
2043 2477 2115 2502 non
2138 2470 2322 2512 pateretur
2345 2479 2424 2503 eum

1337 2510 1405 2545 sibi
1428 2510 1581 2553 servire,
1613 2520 1686 2546 non
1710 2510 1830 2546 statim
1843 2512 1868 2532 ¹¹
1892 2511 2110 2556 perveniret,
2135 2522 2243 2566 quam
2267 2512 2299 2548 si
2323 2513 2424 2559 quin-

1337 2555 1530 2601 quennium
1561 2555 1803 2600 praeterisset.
1850 2556 1942 2592 ratio
1974 2557 2080 2593 huius
2111 2567 2164 2593 re1
2185 2557 2329 2594 evidens
2353 2562 2422 2594 est:

1336 2600 1576 2636 manumissus
1600 2601 1702 2636 enim*
1717 2601 1869 2646 amplius
1894 2602 2025 2638 servire
2044 2613 2117 2638 non
2137 2606 2272 2648 potest:
2297 2607 2337 2639 at
2352 2604 2383 2640 is
2398 2604 2425 2625 ¹²

1337 2655 1442 2691 quem
1477 2645 1557 2699 quis
1588 2656 1661 2681 non
1691 2647 1828 2691 patitur
1858 2646 1926 2682 sibi
1940 2647 1968 2669 ¹³
1998 2648 2147 2691 servire,
2186 2652 2314 2694 postea
2348 2649 2424 2694 pati

1338 2694 1459 2736 potest
1488 2695 1585 2726 intra
1617 2691 1847 2736 quinquennii
1878 2696 2030 2737 tempus.
2078 2696 2115 2727 at
2141 2693 2203 2728 uin
2225 2692 2297 2728 iam
2320 2694 2423 2739 quin-

1337 2735 1490 2782 quennio
1514 2736 1548 2772 ei
1572 2737 1702 2772 servire
1726 2747 1799 2773 non
1821 2740 1956 2782 potest:
1989 2737 2054 2773 sed
2077 2748 2118 2774 ve
2154 2738 2270 2774 minus
2292 2743 2422 2784 potest.

1344 2786 1380 2816 16
1427 2781 1518 2817 Item
1552 2781 1711 2820 Iulianus
1752 2781 1844 2818 libro
1884 2787 1985 2818 sexto
2031 2782 2167 2819 decimo
2206 2783 2423 2828 digestorum

1336 2826 1499 2872 scripsit,
1536 2827 1565 2862 si
1596 2827 1798 2863 Arethusae
1828 2827 1975 2863 libertas
2006 2828 2057 2864 ita
2087 2827 2134 2863 sit
2164 2827 2265 2871 data,
2297 2829 2327 2864 si
2350 2833 2422 2865 tres

1337 2882 1458 2908 servos
1482 2871 1669 2925 pepererit,
1694 2877 1730 2908 et
1736 2882 1818 2952 dper
1839 2872 2005 2908 heredem
2029 2873 2177 2917 steterit,
2234 2885 2281 2910 uo
2304 2874 2421 2910 minus

1337 2921 1516 2963 pepererit
1539 2920 1640 2962 (puta
1663 2928 1733 2962 quo
1783 2928 1815 2952 e1
1844 2917 2138 2954 medicamentum
2170 2918 2215 2954 de
2241 2919 2344 2963 'sset,
2377 2930 2422 2955 ne

1338 2962 1566 3007 conciperet),
1584 2962 1706 2998 statim
1722 2962 1871 2998 liberam
1887 2962 2046 2998 futuram
2058 2964 2086 2985 ¹⁴
2104 2973 2200 2999 esse:
2226 2964 2309 3009 quid
2328 2964 2421 3000 enim

1337 3007 1611 3053 exspectamus?
1646 3006 1809 3053 idemque
1833 3012 1869 3044 et
1892 3008 1924 3044 si
1946 3008 2074 3053 egisset
2095 3008 2218 3051 heres,
2250 3014 2292 3044 ut
2314 3010 2419 3045 abor-

1337 3057 1411 3088 tum
1442 3052 1592 3095 faceret,
1630 3052 1714 3097 quia
1749 3056 1786 3088 et
1815 3063 1886 3088 uno
1918 3058 2021 3090 utero
2051 3054 2170 3098 potuit
2198 3057 2272 3090 tres
2305 3054 2419 3090 edere.

1340 3101 1377 3133 17
1427 3097 1517 3133 Item
1541 3097 1572 3132 si
1594 3096 1717 3133 heredi
1741 3098 1872 3134 servire
1895 3099 2030 3134 iussum
2049 3098 2298 3135 statuliberum
2316 3100 2420 3135 heres

1337 3141 1493 3196 vendidit
1515 3145 1552 3177 et
1574 3142 1739 3186 tradidit,
1773 3143 1879 3179 credo
1903 3143 2024 3179 statim
2047 3143 2094 3179 ad
2116 3143 2317 3180 libertatem
2339 3155 2418 3191 per-

1337 3197 1466 3224 venire.

1383 3231 1409 3270 4
1423 3233 1452 3254 ¹⁶
1475 3231 1635 3268 Panos
1654 3232 1744 3268 libro
1769 3233 1895 3279 quinto
1919 3232 1969 3268 ad
1988 3231 2163 3269 Sabinum
2209 3232 2298 3269 Cum
2316 3233 2420 3270 heres

1338 3278 1389 3314 rei
1417 3276 1584 3323 publicae
1620 3287 1731 3313 causa
1765 3278 1908 3314 abesset
1941 3281 1978 3313 et
2011 3278 2199 3323 pecuniam
2233 3279 2420 3315 statuliber

1336 3322 1502 3359 haberet:
1534 3322 1590 3357 vel
1613 3323 1815 3368 exspectari
1837 3332 1919 3358 eum
1941 3322 2123 3367 deberem,
2154 3322 2268 3361 donec
2297 3323 2420 3360 redeat

1336 3368 1366 3404 is
1391 3366 1450 3403 cui
1473 3366 1558 3402 dare
1582 3367 1706 3410 debet,
1737 3368 1794 3404 vel
1825 3367 1869 3404 de
1896 3377 2003 3404 onere
2025 3368 2062 3403 in
2086 3368 2210 3404 aedem
2231 3369 2418 3414 pecuniam

1337 3412 1579 3493 eongianatam
1600 3416 1752 3492 oportet,
1796 3423 1843 3449 uo
1857 3414 1893 3493 'e
1905 3413 2097 3494 {nbtsgtculig
2117 3413 2418 3495 statim-aghlibgg

1477 3467 1713 3494 mervem.
1796 3468 1967 3494 onss
2024 3468 2249 3494 uercu1
2324 3469 2343 3495 e

1335 3503 1372 3537 in
1394 3506 1469 3537 tam
1492 3468 1637 3547 lonpgum
1659 3507 1798 3548 tempus
1823 3503 1955 3538 collata
1977 3507 2051 3546 est,
2074 3507 2117 3539 ut
2140 3485 2181 3539 eo
2205 3507 2363 3549 tempore
2386 3504 2416 3539 is

1335 3547 1395 3592 qui
1423 3547 1662 3584 manumissus
1694 3553 1748 3583 est
1775 3548 1892 3583 vivere
1922 3558 1995 3584 non
2024 3548 2157 3594 possit:
2189 3552 2254 3584 aut
2282 3549 2313 3584 si
2342 3553 2416 3584 tam

1335 3662 1405 3692 tum
1418 3661 1477 3693 ins.
1549 3661 1603 3701 (11)
1628 3670 1696 3694 non
1708 3658 1806 3693 aliter
1818 3673 1879 3693 scr.
1951 3662 2010 3702 (12)
2034 3661 2074 3703 il]
2086 3661 2115 3694 ui
2126 3673 2189 3695 ecr-
2263 3662 2322 3704 (¹³)
2347 3661 2376 3695 Ιὶ
2387 3662 2421 3695 F

1336 3708 1392 3746 (u)
1417 3705 1569 3738 futurum
1588 3706 1622 3738 F
1730 3707 1789 3747 (ιὸ)
1814 3707 1862 3739 ad
1882 3711 1929 3745 §2
1950 3718 1968 3739 c
1985 3706 2050 3740 .D.
2067 3710 2120 3745 40,
2142 3715 2169 3747 ⁴,
2188 3714 2220 3741 17
2237 3719 2289 3750 pr.
2311 3713 2343 3741 ot
2361 3718 2414 3750 pr.

1335 3752 1393 3792 (ιθ)
1419 3760 1493 3783 eum
1506 3750 1624 3783 debere
1637 3751 1698 3783 del.
1793 3753 1850 3791 (ιτ)
1876 3760 1921 3793 qu
1979 3751 2012 3784 F
