2528 3918
202 102 243 144 ΙΙ
277 106 329 144 14

202 223 361 259 solvendi
385 224 579 259 necessitas
612 222 808 258 debitorem
840 225 1029 268 spectaret.
1066 223 1175 258 talem
1207 231 1292 258 con-

203 269 404 304 ventionem
435 272 609 314 quantum
640 267 687 303 ad
717 267 797 304 fisci
819 267 996 303 rationem
1019 279 1092 303 non
1117 278 1195 303 esse
1218 277 1292 303 ser-

204 313 356 349 vandam
380 312 568 358 respondi:
603 312 720 366 pactis
745 313 874 349 etenim
895 314 1116 359 privatorum
1139 312 1293 348 formam

202 359 289 394 iuris
313 359 445 394 fiscalis
470 359 621 394 convelli
643 368 717 394 non
739 358 887 404 placuit.

249 401 301 441 43
327 403 384 439 ΡΑ
392 413 487 439 Usus
507 403 598 439 libro
623 404 750 450 quinto
773 404 1023 450 quaestionum
1068 403 1113 438 In
1144 403 1292 448 emptio-

203 450 307 485 nibus
331 450 481 491 scimus,
506 448 616 494 quid¹
639 451 824 494 praestare
848 448 1012 484 debitor-2
1035 447 1166 483 debeat
1190 447 1293 493 quid-

202 504 272 540 que
304 504 349 529 ex
381 494 563 529 contrario
597 497 753 547 emptor:
790 493 886 539 quod
916 494 947 529 si
976 503 1014 529 10
1047 492 1293 545 contrahendo

202 539 248 575 ali
274 538 337 573 uid
360 542 549 584 exceptum
571 538 691 582 fuent,
715 538 753 574 id
776 539 910 575 servari
934 538 1088 574 debebit.

277 583 327 621 4³
350 583 556 620 SCAEVOLA
580 584 671 621 libro
720 585 821 620 uinto
844 594 1103 630 responsorum
1149 583 1239 618 Cum
1257 583 1295 618 in

202 641 244 666 eo
270 632 366 666 esset
395 629 572 675 pupillus,
605 633 647 665 ut
669 640 692 665 a
739 629 939 665 hereditate
960 628 1074 674 patris
1098 628 1294 664 abstinere-

200 680 271 718 tur,
295 677 395 710 tutor
418 685 500 710 cum
522 674 703 720 plerisque
728 674 963 711 creditoribus
987 673 1128 717 decidit,
1152 677 1194 709 ut
1217 684 1294 725 cer-

201 724 276 756 tam
297 719 500 765 portionem
522 720 743 766 acciperent:
775 720 868 755 idem
901 722 1086 755 curatores
1111 729 1194 754 cum
1216 719 1294 754 aliis

200 765 375 802 fecerunt.
412 775 566 811 quaero,
601 776 648 801 an
682 768 718 801 et
740 768 839 799 tutor
861 764 1027 809 idemque
1051 763 1207 799 creditor
1228 774 1294 809 pa-

200 811 267 846 tris
291 809 441 846 eandem
460 810 664 863 portionem
683 810 837 846 retinere
855 809 995 845 debeat.
1027 809 1197 855 respondi
1214 819 1295 844 eum

200 860 375 898 tutorem,
408 867 471 901 qm
495 859 633 892 ceteros
665 855 713 891 ad
742 855 942 900 portionem
972 858 1137 897 vocaret,
1170 854 1295 890 eadem

200 904 306 948 parte
329 903 537 936 contentum
562 911 641 936 esse
665 900 804 936 debere.

247 944 302 984 45
325 945 673 983 HEMOGENJANUS
701 945 792 981 libro
823 944 982 981 secundo
1006 945 1098 980 iuris
1120 944 1295 992 epitoma-

200 1002 282 1027 rum
328 990 522 1027 Divisionis
546 991 718 1036 placitum
741 990 810 1025 nisi
833 989 1025 1025 traditione
1055 990 1111 1026 vel
1142 989 1294 1035 stipula-

200 1037 299 1072 tione
310 1039 430 1072 sumat
448 1036 624 1078 effectum,
646 1035 693 1071 ad
714 1035 902 1078 actionem,
920 1038 962 1071 ut
980 1034 1117 1071 nudum
1135 1038 1293 1080 pactum,

201 1081 291 1118 nulli
313 1081 486 1127 prodesse
508 1081 652 1127 poterit.

247 1125 301 1165 46
329 1127 609 1162 TRYPHONJNUS
618 1125 709 1161 libro
721 1125 879 1162 secundo
890 1125 1178 1172 disputationum
1200 1125 1293 1161 Pac·

201 1175 278 1208 tum
300 1172 393 1208 inter
415 1171 581 1207 heredem
606 1174 641 1206 et
664 1171 876 1216 legatarium
906 1170 1063 1213 factum,
1094 1180 1140 1206 ne
1172 1170 1218 1206 ab
1251 1180 1293 1206 eo

201 1217 290 1254 satis
314 1217 538 1269 accipiatur,
572 1227 653 1252 cum
675 1216 713 1251 in
737 1215 968 1252 semestribus
991 1215 1106 1251 relata
1129 1218 1186 1251 est
1207 1225 1294 1251 con-

200 1262 340 1299 stitutio
373 1262 444 1298 d1vi
466 1261 607 1297 Marci⁴
631 1261 767 1297 servari
788 1261 827 1296 in
857 1261 927 1297 hoc
960 1271 1103 1307 quoque
1133 1259 1295 1296 defuncti

200 1307 436 1350 voluntatem,
472 1306 628 1342 validum
665 1316 743 1342 esse
775 1309 927 1342 constat.
970 1316 1037 1342 nec
1067 1316 1091 1341 a
1119 1305 1292 1351 legatario

200 1353 350 1389 remissa
372 1351 495 1387 heredi
518 1351 705 1387 satisdatio
729 1361 795 1397 per
817 1351 1023 1399 pactionem
1046 1361 1091 1387 ex
1108 1351 1294 1397 paeniten-

200 1398 252 1434 tia
269 1397 431 1433 revocari
450 1397 565 1439 debet,
591 1407 672 1432 cum
690 1396 798 1432 liceat
820 1396 876 1431 sui
898 1396 986 1432 iuris
1010 1396 1295 1442 persecutionem

201 1446 266 1479 aut
288 1453 389 1488 spem
408 1442 553 1477 futurae
597 1441 811 1487 erceptionis
832 1441 1043 1477 deteriorem
1063 1441 1293 1477 constituere.

247 1485 301 1525 47
338 1487 544 1523 SOAEVOLA
595 1487 672 1523 ibro
700 1487 826 1534 primo
861 1487 1085 1534 diqestorum
1141 1486 1296 1532 Emptor

199 1532 338 1580 praedii
360 1532 483 1578 viginti
507 1535 651 1568 caverat
670 1542 710 1568 se
728 1532 929 1568 soluturum
949 1534 985 1567 et
1003 1531 1192 1578 stipulanti
1211 1542 1294 1577 spo-

199 1577 399 1624 ponderat:
430 1580 558 1624 postea
580 1577 745 1613 venditor
769 1577 863 1613 cavit
893 1577 962 1613 sibi
994 1576 1221 1620 convenisse,
1253 1579 1296 1612 ut

202 1626 390 1659 contentus
426 1626 521 1659 esset
554 1622 726 1658 tredecim
758 1625 794 1658 et
823 1625 865 1657 ut
900 1632 943 1657 ea
976 1622 1073 1658 intra
1103 1621 1295 1668 praefinita

199 1672 364 1714 tempora
383 1668 581 1713 acciperet:
602 1667 743 1703 debitor
763 1667 810 1703 ad
831 1677 955 1703 eorum
974 1667 1188 1703 solutionem
1208 1677 1294 1703 0011-

200 1718 327 1750 ventus
358 1716 489 1759 pactus
522 1716 578 1748 est
587 1714 611 1756 ⁵,
647 1713 678 1748 si
711 1722 754 1748 ea
784 1712 904 1748 soluta
935 1712 1033 1748 intra
1066 1711 1294 1758 praefinitum

199 1762 341 1804 tempus
364 1769 439 1794 non
461 1761 598 1800 essent,
633 1761 675 1792 ut
697 1768 740 1793 ex
763 1758 880 1803 prima
903 1758 1070 1793 cautione
1093 1757 1139 1793 ab
1165 1767 1207 1793 eo
1230 1767 1293 1803 pe-

199 1803 277 1840 titio
303 1807 408 1839 esset.
445 1803 648 1848 quaesitum
672 1806 727 1838 est
750 1813 809 1845 00,
833 1813 916 1838 01110
938 1802 1161 1848 posteriore⁰
1183 1806 1293 1848 pacto

199 1848 426 1886 satisfactum
448 1858 523 1883 non
542 1848 598 1890 sit,
623 1857 728 1883 omne
748 1847 908 1883 debitum
927 1858 972 1883 ex
991 1847 1107 1893 prima
1127 1848 1294 1883 cautione

199 1894 275 1940 peti
298 1896 428 1940 potest.
464 1892 635 1938 respondi
666 1891 865 1929 secundum
896 1902 957 1936 ea,
991 1903 1085 1939 quae
1114 1903 1292 1939 propone-

203 1942 217 1974 1
267 1942 404 1982 rentur,
428 1948 546 1984 posse.
593 1937 731 1974 Lucius
755 1938 872 1973 Titius
897 1937 1027 1973 Gaium
1050 1937 1170 1973 Seium
1193 1948 1292 1974 men-

199 1983 384 2027 sularium,
394 1994 480 2019 cum
495 1993 565 2029 quo
586 1983 763 2019 rationem
778 1983 988 2028 implicitam
1006 1983 1167 2018 habebat
1183 1994 1292 2029 prop-

198 2032 256 2065 ter
277 2032 428 2074 accepta
452 2031 488 2064 et
511 2028 617 2071 data,
648 2028 845 2064 debitorem
875 2028 944 2064 sibi
977 2028 1163 2064 constituit
1187 2032 1223 2064 et
1246 2029 1292 2064 ab

200 2084 241 2111 eo
267 2074 456 2120 epistulam
479 2074 620 2119 accepit
642 2074 680 2108 in
698 2074 790 2109 haec
808 2073 935 2109 verba:
962 2073 1034 2108 ‘Ex
1043 2073 1183 2109 ratione
1194 2084 1292 2109 men-

200 2122 293 2163 ‘sae,
329 2129 436 2166 quam
459 2129 600 2155 mecum
622 2119 801 2161 habuisti,
832 2118 870 2153 in
899 2119 997 2154 hunc
1022 2118 1115 2154 diem
1139 2129 1183 2155 ex
1207 2129 1292 2154 con-

198 2163 387 2201 ‘tract'ibus
411 2164 573 2209 plurimis
596 2166 845 2199 remanserunt
867 2163 965 2209 apud
987 2174 1044 2198 me
1067 2163 1114 2199 ad
1134 2174 1293 2199 mensam

199 2212 327 2245 ‘meam
348 2212 512 2244 trecenta
535 2209 719 2254 octaginta
742 2218 805 2244 sex
828 2211 864 2244 et
886 2219 1019 2244 usurae
1038 2219 1131 2254 quae
1150 2219 1292 2254 compe-

199 2254 342 2290 ‘fies-int.
379 2254 578 2290 summam⁷
601 2263 802 2296 aureorum,
823 2263 931 2299 quam
951 2253 1049 2299 apud
1069 2264 1126 2289 me
1144 2254 1292 2289 tacitam

199 2299 342 2342 ‘habes,
377 2298 567 2334 refundam
599 2298 676 2333 tibi.
720 2298 751 2334 si
786 2298 882 2344 quod
911 2298 1187 2334 instrumentum
1211 2310 1233 2334 a
1255 2303 1293 2334 10

199 2344 390 2387 ‘emissum
412 2343 452 2379 id
475 2347 530 2379 est
552 2344 725 2389 scriptum
735 2344 760 2386 ⁸,
785 2343 1042 2389 cuiuscumque
1065 2355 1225 2380 summae
1248 2355 1292 2380 ex

197 2389 694 2472 lfflssfl'iigehiffliffld
716 2388 993 2469 ffiieiffssssnsss‘s’t
1009 2398 1141 2470 Ἧι
1155 2393 1291 2470 {2332

198 2479 318 2516 Titius
341 2483 426 2515 ante
449 2480 518 2515 1100
539 2445 815 2524 01111οἕ1οἓ11100
828 2478 909 2515 Seio
929 2461 1168 2515 nummulario
1191 2490 1291 2515 man-

198 2525 358 2568 daverat,
382 2525 435 2560 uti
457 2528 610 2570 patrono
636 2524 711 2560 eius
734 2527 897 2560 trecenta
918 2524 1094 2568 redderet,
1118 2535 1167 2560 an
1183 2536 1291 2571 prop·

199 2574 255 2607 101·
275 2570 338 2606 illa
360 2570 469 2606 verba
493 2569 685 2615 epistulae,
720 2569 849 2615 quibus
881 2580 1005 2606 omnes
1038 2570 1224 2606 cautiones
1248 2581 1292 2606 ex

220 2625 423 2661 uocumque
460 2618 649 2651 contractu
678 2624 793 2650 vanae
824 2618 861 2650 et
893 2626 960 2660 pro
998 2615 1221 2651 cancellat0⁹
1250 2619 1292 2651 ut

224 2660 417 2697 aberentur
448 2663 595 2696 cautum
627 2663 700 2703 est,
735 2670 851 2705 neque
882 2660 960 2706 ipse
990 2670 1105 2706 neque
1128 2660 1193 2696 filii
1216 2660 1291 2697 eius

200 2716 244 2742 eo
268 2705 412 2741 nomine
443 2705 625 2741 conveniri
654 2709 817 2750 possunt.
861 2705 1051 2751 respondi,
1085 2705 1117 2742 si
1150 2709 1291 2741 tantum

197 2749 291 2788 ratio
314 2750 455 2795 accepti
479 2753 587 2796 atque
611 2750 758 2796 expensi
781 2753 875 2786 esset
899 2754 1126 2796 computata,
1151 2754 1290 2788 ceteras

198 2796 246 2832 ob
297 2795 436 2831 ationes
460 2806 604 2831 manere
626 2796 664 2831 in
688 2806 755 2831 sua
778 2805 901 2831 causa.

244 2839 271 2879 4
326 2840 452 2877 Gaas
478 2841 569 2876 libro
602 2841 707 2876 tertio
731 2841 781 2876 ad
803 2841 917 2888 leqem
940 2840 1128 2877 duodecim
1152 2842 1291 2878 tabula-

196 2896 280 2923 rum
323 2886 368 2921 In
389 2885 640 2921 traditionibus
659 2897 778 2922 rerum
798 2886 1047 2932 quodcumque
1066 2890 1213 2932 pactum
1233 2887 1289 2930 sit,

197 2930 236 2967 id
258 2931 375 2967 valere
398 2930 722 2966 manifestissimum
746 2934 811 2967 est.

245 2973 301 3014 49
331 2975 528 3012 Urmm
555 2976 645 3012 libro
678 2977 886 3023 triqensimo
909 2980 1016 3013 sexto
1040 2976 1091 3013 ad
1112 2975 1288 3013 Sabinum

196 3020 238 3058 si
255 3021 335 3067 quis
355 3020 546 3056 crediderit
564 3021 751 3073 pecuniam
773 3025 809 3057 et
826 3024 954 3067 pactus
971 3022 1018 3058 sit
1035 3025 1087 3065 ut,
1112 3025 1288 3067 quatenus

195 3066 319 3102 facere
349 3066 465 3112 possit
496 3065 653 3108 debitor,
687 3070 834 3102 eatenus
927 3070 961 3102 t:
986 3077 1033 3103 an
1055 3071 1204 3112 pactum
1225 3078 1287 3103 va·

195 3111 297 3148 leat?
320 3114 357 3147 et
377 3111 488 3155 magis
514 3114 568 3146 est
590 3111 659 3146 hoc
681 3115 828 3157 pactum
851 3123 872 3147 v
910 3122 979 3148 ere.
1015 3122 1083 3148 000
1107 3112 1200 3148 00101
1221 3112 1287 3148 im-

196 3156 351 3203 probum
383 3159 438 3191 001
449 3157 488 3198 ¹⁰,
522 3156 552 3191 si
583 3156 661 3201 quis
694 3157 869 3192 hactenus
894 3156 1071 3193 desideret
1094 3157 1287 3200 conveniri,

197 3204 374 3249 quatenus
398 3200 590 3236 facultates
613 3202 798 3246 patiuntur
813 3205 850 3237 ¹¹.

165 3247 173 3250 “
243 3244 298 3285 50
321 3245 430 3283 IDEM
457 3246 547 3282 libro
605 3246 883 3292 uadraqensz‘mo
914 3247 1071 3284 secundo
1103 3247 1154 3284 ad
1182 3246 1286 3284 Sabi-

197 3302 284 3329 num
329 3291 412 3344 Non
434 3291 482 3326 im
510 3257 652 3344 ossibile
674 3296 762 3336 puto
786 3292 823 3344 in
848 3292 1092 3329 contractibus
1121 3292 1285 3338 depositi,

199 3336 414 3373 commodati
438 3339 474 3372 et
510 3340 605 3372 ocati
629 3339 665 3371 et
689 3340 814 3372 0010110
839 3337 1012 3373 similibus
1030 3338 1102 3374 1100
1120 3341 1284 3383 pactum:

198 3385 257 3418 ‘ne
277 3381 393 3418 facias
415 3380 531 3416 furem
554 3381 609 3416 vel
631 3380 671 3415 fu
697 3381 818 3417 'tivum
831 3382 859 3403 ¹²
883 3393 1023 3418 servum
1046 3383 1186 3425 meum',
1216 3383 1286 3418 1100

198 3430 270 3464 est:
295 3437 342 3463 ne
356 3427 383 3449 ¹³
405 3426 576 3462 sollicites
600 3429 641 3461 ut
679 3436 723 3461 ur
745 3426 829 3469 fiat,
861 3431 903 3462 ut
930 3427 1100 3473 fugitivus
1124 3427 1207 3463 fiat:
1240 3437 1286 3463 ne

195 3472 248 3509 ita
277 3471 443 3518 neglegas
475 3481 633 3514 servum,
664 3474 707 3506 ut
736 3470 796 3506 fur
831 3471 1019 3509 efficiatur.
1064 3473 1158 3509 sicut
1193 3473 1286 3509 enim

199 3586 240 3627 (1)
268 3585 343 3628 quis
355 3585 391 3618 F
488 3586 532 3627 (2)
557 3585 606 3618 sic
616 3584 677 3618 FS
688 3597 757 3618 cum
768 3584 815 3627 B,
831 3584 986 3617 venditor
998 3587 1072 3619 deu.
1175 3587 1217 3628 (3)
1242 3586 1286 3630 qfi

197 3629 244 3663 D.
256 3629 312 3671 26,
325 3637 353 3670 τ,
366 3637 403 3665 110
474 3631 517 3672 (1)
543 3637 633 3664 ωηατ
647 3629 725 3664 Cod.
739 3631 771 3670 6,
784 3637 830 3671 54,
845 3636 862 3664 2
932 3631 975 3672 (5)
1000 3634 1034 3663 et
1045 3631 1080 3664 F
1139 3631 1184 3672 (s)
1209 3641 1286 3674 pos-

197 3675 316 3709 teriori
328 3687 391 3709 scr.
474 3676 518 3716 (7)
543 3686 614 3708 eam
629 3676 689 3709 ins.
771 3676 815 3716 (8)
841 3674 878 3707 id
889 3677 940 3707 est
950 3676 1115 3718 scriptum
1126 3676 1187 3709 del.
1202 3676 1283 3709 Hal.

200 3719 244 3759 (9)
268 3719 466 3753 cancellatis
478 3719 532 3754 F’
647 3720 707 3761 (10)
731 3723 766 3752 et
778 3721 813 3753 F
917 3721 973 3762 (11)
997 3722 1045 3755 sic
1058 3721 1095 3763 S,
1107 3721 1286 3764 patiuntur

1299 96 1360 146 32

2214 115 2274 145 DE
2302 115 2456 150 Pac'ns

1364 222 1456 259 servi
1480 224 1640 269 corrupti
1669 223 1764 259 actio
1797 224 1916 260 locum
1950 224 2166 267 1101101,Λὶ10
2195 228 2316 270 potest
2349 226 2454 262 0110111

1363 269 1455 304 11000
1477 268 1599 313 pactio
1622 269 1742 304 locum
1765 268 1916 312 habere,
1942 279 2034 315 quae
2057 268 2104 305 ad
2127 280 2201 305 non
2224 280 2453 316 corrumpen-

1365 313 1430 348 dos
1453 323 1576 349 servos
1598 313 1764 359 pertinet.

1410 356 1460 395 51
1488 358 1632 394 ΙοιιᾞΜ
1657 359 1750 395 libro
1773 360 1965 395 vicensimo
1995 363 2102 395 sexto
2135 360 2185 395 ad
2214 359 2370 396 edictum
2416 360 2454 396 Si

1365 414 1446 439 cum
1476 406 1512 439 te
1544 413 1589 439 ex
1621 414 1732 440 causa
1762 405 1870 449 legati
1901 404 2031 440 debere
2053 405 2191 450 pacisci
2214 404 2366 441 debitori
2389 408 2452 442 tuo

1365 448 1563 492 existimas,
1593 452 1723 494 pactus
1754 450 1802 485 sit
1833 460 1878 486 ne
1902 450 1949 486 ab
1973 460 2015 486 eo
2039 454 2197 495 peteres:
2230 460 2347 496 neque
2377 450 2455 487 iure

1363 493 1442 539 ipso
1477 493 1651 530 liberatur
1684 493 1825 531 debitor
1858 505 1974 541 neque
2008 498 2186 540 petentem
2222 495 2456 532 summovebit

1365 539 1575 584 exceptione
1607 539 1868 583 conventionis,
1903 544 1945 575 ut
1979 539 2104 576 Celsus
2135 540 2226 576 libro
2262 540 2454 577 vicensimo

1367 587 1381 619 1
1433 583 1568 619 scribit.
1615 584 1714 620 Idem
1746 584 1870 620 eodem
1903 585 1984 620 loco
2016 585 2159 628 scribit,
2195 585 2227 622 si
2262 585 2456 622 debitorem

1363 633 1467 664 tuum
1489 629 1626 665 iussisti
1648 630 1786 666 solvere
1809 630 1923 672 Titio,
1949 630 2008 666 cui
2030 630 2186 675 legatum
2207 629 2302 666 falso
2327 630 2456 667 debere

1365 674 1566 718 existimas,
1598 677 1634 710 01
1656 674 1796 710 debitor
1818 678 1947 720 pactus
1971 675 2018 711 sit
2042 686 2123 710 cum
2147 675 2243 712 Titio
2266 685 2331 711 suo
2357 675 2455 712 debi-

1363 723 1444 755 tore
1475 719 1672 756 constituto
1691 721 1739 756 ¹⁵:
1772 730 1888 765 neque
1911 720 1977 756 tibi
2000 719 2169 756 adversus
2191 723 2294 756 tuum
2318 720 2455 757 debito·

1363 775 1439 800 rem
1470 775 1585 810 neque
1606 765 1620 800 i
1646 766 1677 801 si
1699 764 1870 801 adversus
1894 776 1999 801 suum
2023 765 2202 802 actionem
2223 769 2454 818 peremptam.

1411 807 1465 847 52
1489 809 1596 845 IDEM
1640 810 1718 847 ibro
1746 811 1871 856 primo
1907 811 2118 856 opinionum
2164 810 2350 857 Eplstula,
2383 822 2455 857 11110

1364 855 1443 901 111110
1468 854 1679 892 coheredem
1701 855 1770 891 sibi
1803 855 1957 901 aliquem
1992 866 2070 891 esse
2101 856 2214 899 cavit,
2276 856 2456 892 etitionem

1363 900 1498 936 nullam
1532 900 1703 936 adversus
1737 911 1965 946 possessores
1999 911 2120 936 rerum
2160 901 2246 937 here
2273 901 2455 938 ‘tariarum
2524 927 2528 932 -

1366 949 1382 980 1
1432 944 1544 980 dabit.
1592 945 1631 981 Si
1651 945 1746 981 inter
1777 945 1975 982 debitorem
2006 949 2043 981 et
2075 955 2175 989 eum,
2211 946 2273 992 qui
2304 945 2455 982 fundum

1363 990 1588 1036 pigneratum
1618 1001 1642 1026 a
1674 991 1850 1027 creditore
1896 991 1976 1026 uasi
1999 990 2170 1027 debitoris
2193 992 2374 1037 negotium
2395 1002 2455 1038 ge-

1362 1039 1458 1071 reret
1476 1035 1610 1079 emerit,
1629 1036 1766 1082 placuit
1784 1037 1884 1072 utha
1909 1036 1961 1071 ita
1972 1036 2262 1082 compensatione
2272 1036 2455 1073 fructuum
2524 1039 2528 1060 ‘³

1363 1081 1572 1126 solutoque,
1597 1081 1694 1127 quod
1715 1081 1891 1127 reliquum
1915 1081 2122 1124 deberetur,
2146 1080 2280 1117 fundus
2304 1081 2456 1118 debitori
2521 1096 2528 1110 κ

1362 1126 1628 1162 restitueretur:
1648 1126 1754 1162 etiam
1765 1126 1869 1162 heres
1888 1130 2008 1172 pacto,
2031 1126 2128 1172 quod
2148 1126 2339 1163 defunctus
2357 1127 2455 1170 fecit,

1363 1173 1383 1206 2
1429 1170 1537 1207 fidem
1558 1175 1743 1217 praestare
1767 1171 1882 1207 debet.
1929 1171 2092 1214 Pactum,
2116 1175 2169 1215 ut,
2193 1172 2224 1207 si
2247 1182 2337 1217 quas
2361 1183 2454 1208 sum-
2519 1169 2528 1215 J}

1362 1226 1440 1252 mas
1473 1220 1622 1262 propter
1651 1216 1863 1253 tributiones
1895 1217 2031 1262 praedii
2061 1217 2200 1263 pignori
2233 1217 2317 1252 nexi
2339 1217 2456 1254 factas
2520 1217 2528 1236 ¹³·

1363 1261 1519 1297 creditor
1541 1261 1716 1305 solvisset,
1748 1272 1771 1297 a
1796 1262 1956 1298 debitore
1979 1262 2172 1314 reciperet,
2198 1265 2236 1298 et
2257 1266 2299 1298 ut
2321 1263 2457 1299 tributa

1365 1306 1522 1343 eiusdem
1533 1307 1672 1352 praedii
1693 1306 1834 1343 debitor
1877 1307 2033 1350 enderet,
2053 1311 2188 1343 iustum
2207 1306 2360 1353 ideoque
2380 1318 2454 1344 ser—
2520 1313 2528 1350 f

1364 1355 1384 1387 3
1432 1352 1589 1388 vandum
1601 1355 1666 1388 est.
1714 1352 1770 1387 De
1793 1353 1853 1388 ino
1898 1352 1994 1388 cioso
2018 1352 2131 1397 patris
2153 1355 2369 1389 testamento
2394 1363 2454 1389 ac-

1362 1397 1474 1440 turis,
1507 1401 1549 1433 ut
1580 1397 1630 1434 eis
1665 1401 1765 1433 certa
1789 1398 1990 1443 quantitas,
2024 1397 2144 1443 quoad
2174 1398 2308 1434 viveret
2339 1398 2454 1441 heres,
2526 1416 2528 1418 ·

1363 1445 1626 1523 praestaretur&
1639 1446 1769 1488 pactus
1790 1446 1862 1479 est:
1883 1442 2036 1488 produci
2055 1442 2102 1478 ad
2120 1447 2331 1488 perpetuam
2350 1453 2455 1488 prae·

1363 1487 1555 1523 stationem
1588 1488 1601 1523 i

1364 1542 1481 1578 neque
1511 1533 1590 1569 iure
1673 1543 1694 1569 o
1718 1542 1835 1579 neque
1858 1532 2038 1578 aequitate
2059 1532 2133 1569 tale
2155 1533 2368 1569 desiderium
2391 1533 2454 1570 011-

1363 1577 1466 1613 101111.

1363 1678 1557 1714 prorogare
1579 1667 1733 1712 litiganti
1755 1668 1947 1704 honestum
1971 1671 2043 1704 est:
2075 1668 2212 1713 pacisci
2243 1672 2382 1712 autem,
2413 1672 2455 1704 ut

1363 1723 1436 1748 non
1468 1712 1651 1758 quantitas
1683 1722 1724 1749 00
1756 1712 1900 1749 0010100
1924 1723 2080 1759 expensa
2104 1724 2186 1749 cum
2208 1714 2326 1749 usuris
2349 1713 2455 1750 licitis

1362 1757 1590 1801 restituatur,
1622 1757 1686 1794 sed
1734 1768 1793 1793 ars
1817 1757 1962 1794 dimidia
1984 1758 2080 1801 eius,
2113 1758 2210 1804 quod
2241 1769 2286 1795 ex
2319 1769 2362 1795 ea
2392 1759 2456 1796 lite

1364 1803 1486 1838 datum
1511 1803 1588 1846 erit,
1613 1813 1687 1838 non
1724 1803 1803 1839 “001.

1409 1846 1464 1885 54
1488 1847 1694 1884 8011070111
1716 1847 1821 1895 apud
1840 1847 1868 1884 I
1869 1857 2044 1883 nummu
2072 1849 2163 1885 libro
2186 1849 2378 1885 vicensimo
2401 1859 2454 1885 se-

1362 1893 1481 1930 cundo
1505 1893 1726 1940 diqestorum
1749 1896 1853 1929 notat
1898 1892 1936 1928 Si
1957 1896 2087 1939 pactus
2110 1893 2189 1937 sim,
2212 1904 2258 1930 ne
2281 1893 2454 1938 Stichum,

1363 1939 1425 1984 qui
1456 1938 1543 1974 mihi
1573 1938 1792 1982 debebatur,
1851 1940 1963 1974 etam:
2000 1949 2073 1975 non
2107 1938 2323 1984 intellegitur
2354 1949 2455 1976 111010

1362 1983 1449 2019 mihi
1470 1983 1551 2019 fieri
1580 1987 1793 2029 mortuoque
1842 1983 1939 2019 ticho
1970 1987 2059 2029 puto
2090 1994 2165 2020 non
2195 1984 2310 2020 teneri
2340 1995 2452 2027 reum,

1363 2029 1424 2075 qui
1447 2033 1532 2064 ante
1554 2032 1702 2074 pactum
1723 2039 1862 2065 moram
1884 2039 1958 2064 non
1979 2028 2127 2065 fecerat.

1409 2072 1463 2112 55
1488 2074 1682 2110 IULIANUS
1702 2073 1794 2110 libro
1827 2074 2037 2121 triqensimo
2070 2075 2196 2120 quinto
2229 2074 2451 2128 diqestorum

1363 2119 1402 2155 Si
1425 2119 1565 2155 debitor
1584 2119 1631 2154 sit
1648 2118 1868 2155 fructuarius
1888 2122 1924 2154 et
1943 2119 2150 2164 paciscatur
2169 2130 2302 2163 servuS,
2325 2131 2364 2156 m
2382 2131 2453 2166 11110

1409 1620 1462 1660 53
1487 1622 1597 1658 IDEM
1614 1622 1706 1659 libro
1730 1626 1863 1668 quarto
1884 1623 2095 1669 opinionum
2131 1622 2301 1669 Sumptus
2313 1623 2456 1670 quidem
2516 1603 2528 1651 {3

1684 1491 1806 1523 actum
1836 1487 2109 1533 postulabatur:
2152 1488 2366 1533 rescriptum
2402 1491 2456 1525 001
2523 1489 2528 1492 ’

2517 1541 2528 1577 ’ἓ

2512 1689 2528 1731 ,ἐ

2512 1725 2528 1857 Ξ

1362 2175 1467 2200 usum
1489 2164 1648 2200 fructum
1671 2164 1798 2207 habet,
1830 2175 1876 2200 ne
1899 2164 1945 2199 ab
1970 2174 2012 2200 eo
2043 2168 2206 2210 petatur:
2238 2165 2453 2211 paciscendo

1361 2209 1543 2245 meliorem
1576 2209 1822 2245 condicionem
1854 2209 1929 2245 eius
1959 2209 2060 2245 facit.
2094 2211 2180 2246 item
2204 2210 2236 2246 si
2247 2211 2277 2232 ¹⁶
2300 2210 2454 2247 creditor

1362 2258 1458 2290 esset
1479 2254 1700 2290 fructuarius
1725 2258 1762 2290 et
1782 2257 1912 2300 pactus
1937 2258 2050 2298 esset,
2074 2266 2120 2291 ne
2141 2258 2298 2300 peteret,
2329 2266 2452 2292 servus

1361 2303 1482 2335 autem
1504 2299 1726 2335 fructuarius
1749 2299 2011 2344 pacisceretur,
2035 2303 2077 2335 ut
2099 2303 2254 2345 peteret:
2278 2300 2452 2337 beneficio

1360 2345 1470 2392 pacti,
1518 2344 1612 2424 11οὧ
1616 2354 1739 2380 servus
1762 2344 2046 2390 interposuisset,
2081 2345 2216 2381 utiliter
2239 2345 2287 2381 ad
2309 2346 2451 2391 petitio-

1360 2400 1441 2425 nem
1465 2399 1487 2424 a
1613 2393 1684 2425 tur.

1406 2432 1460 2472 56
1484 2434 1594 2470 Isau
1612 2434 1703 2471 libro
1725 2438 1831 2471 sexto
1862 2434 1913 2470 ad
1942 2433 2130 2470 Minicium
2178 2434 2216 2470 Si
2236 2436 2451 2479 convenerit,

1359 2490 1406 2516 ne
1429 2479 1592 2515 dominus
1625 2490 1648 2515 a
1679 2480 1806 2516 colono
1838 2479 1924 2525 quid
1954 2483 2110 2525 peteret,
2146 2484 2183 2516 et
2211 2480 2309 2516 iusta
2340 2491 2450 2518 causa

1360 2525 1604 2561 conventionis
1635 2525 1762 2561 fuerit:
1794 2525 1905 2561 nihilo
1937 2524 2055 2560 minus
2087 2525 2236 2561 colonus
2259 2536 2283 2562 a
2305 2526 2448 2564 domino

1385 2574 1481 2606 etere
1529 2573 1633 2606 otest.

1358 2581 1382 2616 p
1406 2613 1459 2653 57
1516 2624 1762 2651 LORENTJNUS
1790 2615 1882 2651 libro
1914 2618 2039 2650 octavo
2071 2615 2335 2652 institutionum
2382 2616 2450 2661 Qui

1359 2661 1396 2696 in
1418 2661 1582 2696 futurum
1604 2670 1733 2696 usuras
1756 2670 1779 2695 a
1803 2659 1963 2696 debitore
1986 2663 2194 2705 acceperat,
2227 2661 2338 2697 tacite
2361 2672 2447 2707 pac-

1363 2709 1378 2740 1
1428 2710 1488 2742 tus
1511 2705 1661 2749 videtur,
1684 2715 1731 2741 ne
1752 2705 1849 2741 intra
1870 2705 1908 2740 id
1930 2708 2071 2750 tempus
2095 2708 2228 2741 sortem
2251 2709 2362 2751 petat.
2411 2706 2450 2742 Si

1360 2762 1405 2788 ex
1428 2751 1542 2787 altera
1563 2754 1667 2797 parte
1689 2751 1727 2786 in
1749 2760 1845 2794 rem,
1878 2761 1923 2786 ex
1952 2750 2066 2785 altera
2086 2750 2125 2785 in
2147 2760 2338 2795 personam
2360 2762 2447 2797 pac-

1359 2800 1437 2832 tum
1461 2799 1675 2842 conceptum
1696 2795 1824 2838 fuerit,
1847 2795 1956 2831 veluti
1978 2805 2024 2830 ne
2048 2805 2112 2840 ego
2136 2798 2256 2840 petam
2279 2797 2335 2832 vel
2357 2807 2403 2832 ne
2425 2807 2449 2833 a

1358 2845 1396 2877 te
1418 2845 1583 2887 petatur:
1607 2842 1711 2878 heres
1735 2851 1836 2877 meus
1860 2840 1906 2876 ab
1930 2839 2094 2875 omnibus
2116 2840 2217 2876 vobis
2240 2841 2448 2886 petitionem

1359 2887 1506 2923 habebit
1529 2890 1566 2923 et
1588 2886 1634 2922 ab
1658 2885 1789 2922 herede
1811 2888 1875 2921 tuo
1899 2894 2023 2921 omnes
2072 2887 2168 2921 etere
2189 2886 2398 2931 poterimus.

1405 2929 1458 2970 58
1482 2931 1690 2968 Nssmrlvs
1709 2929 1799 2967 libro
1824 2931 1928 2966 tertio
1951 2940 2040 2965 mem
2064 2941 2239 2966 ranarum
2271 2932 2329 2967 Ab
2349 2942 2445 2978 emp-

1357 2977 1455 3013 tione
1477 2976 1690 3019 venditione,
1713 2975 1892 3012 locatione
1916 2975 2154 3011 conductione
2178 2977 2374 3023 ceterisque
2397 2977 2445 3013 si-

1357 3022 1499 3058 milibus
1532 3021 1807 3067 obligationibus
1839 3020 1924 3066 quin
1936 3021 1963 3042 ¹⁷
1994 3020 2140 3065 integris
2171 3021 2335 3058 omnibus
2360 3032 2444 3058 con-

1356 3078 1466 3103 sensu
1489 3077 1622 3109 eorum,
1647 3066 1709 3112 qui
1730 3065 1824 3101 inter
1847 3076 1886 3101 se
1910 3065 2056 3111 obligati
2078 3065 2160 3117 sint,
2183 3066 2303 3102 recedi
2318 3067 2444 3113 possit,

1357 3111 1503 3148 dubium
1526 3122 1599 3148 non
1623 3115 1687 3147 est.
1734 3110 1895 3147 Aristoni
1917 3110 1987 3146 1100
2009 3120 2068 3146 001
2093 3110 2161 3146 11110
2184 3110 2390 3155 videbatur,
2413 3112 2445 3148 si

1356 3167 1409 3200 00,
1434 3167 1527 3202 quae
1549 3167 1606 3192 me
1629 3166 1674 3192 ex
1697 3160 1814 3202 empto
1835 3159 2023 3208 praestare
2040 3155 2068 3190 ti
2092 3155 2106 3190 i
2124 3159 2317 3200 oporteret,
2340 3167 2442 3202 prae-

1355 3201 1526 3238 stitissem
1544 3205 1581 3237 et
1599 3212 1681 3237 cum
1699 3205 1741 3236 tu
1759 3201 1845 3236 mihi
1864 3201 2019 3247 pretium
2039 3199 2196 3242 deberes,
2221 3203 2443 3238 convenisset

2513 2222 2524 2254 s

2502 2459 2521 2530 *cb-15
2510 2426 2518 2443 .,
2505 2376 2528 2412 3*-

2495 3235 2509 3243 ''<'
2489 2705 2521 3229 QWFW⁴WWffi¹Gaeuffl
2503 2662 2517 2695 fo:
2498 2607 2518 2643 >eici
2499 2566 2514 2602 timu

1355 3247 1441 3282 mihi
1463 3250 1592 3290 tecum,
1618 3250 1660 3282 ut
1681 3257 1806 3282 rursus
1829 3245 2009 3292 praestitis
2032 3244 2117 3280 mihi
2140 3255 2163 3280 a
2185 3249 2221 3280 te
2243 3247 2281 3282 in
2299 3258 2340 3283 re
2358 3258 2442 3283 ven·

1355 3291 1431 3344 dita
1454 3292 1637 3335 omnibus,
1673 3302 1766 3337 quae
1797 3302 1860 3344 ego
1890 3291 1957 3326 tibi
1986 3289 2258 3336 praestitissem,

2289 3292 2442 3338 pretium
2490 3291 2510 3334 2:³2

1354 3337 1439 3372 101111
1459 3347 1531 3372 000
1551 3336 1656 3373 dares
1674 3340 1786 3383 tuque
1805 3336 1892 3372 mibi
1910 3346 1954 3371 ea
1971 3334 2208 3381 praestitisses
2223 3337 2268 3372 ¹⁸:
2288 3338 2441 3383 pretium
2494 3331 2503 3381 ζ

1352 3385 1390 3417 10
1413 3381 1542 3417 debere
1566 3381 1736 3434 desinere,
1761 3381 1845 3427 quia
1866 3381 1983 3417 bonae
2005 3379 2098 3421 fidei,
2124 3379 2171 3414 ad
2194 3392 2300 3427 quam
2323 3382 2442 3418 omnia
2493 3396 2504 3419 1

1352 3427 1443 3463 haec
1466 3427 1542 3462 redi

1353 3472 1486 3508 tionem
1510 3482 1531 3507 a

1354 3597 1413 3619 om.
1427 3586 1462 3618 F
1570 3587 1629 3627 (12)
1654 3584 1762 3618 furem
1773 3583 1825 3618 vel
1838 3584 2019 3627 fugitivum
2033 3584 2069 3627 S,
2082 3584 2270 3618 furemuum
2281 3586 2338 3626 1¹¹⁸,
2351 3586 2437 3619 fuci-

1591 3430 1694 3471 ntur,
1724 3426 1971 3472 mterpretafio
1995 3425 2089 3460 hanc
2113 3435 2255 3472 quoque
2278 3437 2433 3464 conven-
2492 3422 2502 3451 ''-

1594 3472 1676 3508 'ttit.
1711 3482 1779 3508 nec
1810 3471 1999 3517 quicquam
2030 3469 2198 3514 interest,
2231 3475 2351 3508 utrum
2384 3472 2440 3508 in·
2489 3487 2498 3522 J·

1352 3640 1430 3662 vum
1445 3630 1558 3671 (υοιιιῑι
1567 3630 1763 3673 fugitivum)
1776 3629 1831 3670 111,
1845 3628 1953 3662 furem
1965 3628 2018 3662 F³
2075 3630 2133 3671 (1³)
2158 3631 2249 3664 noF
2308 3631 2366 3673 (11)
2389 3632 2441 3665 sic
2493 3623 2499 3631 ²

1351 3674 1415 3716 F2,
1429 3675 1590 3718 ulpianus
1601 3675 1687 3709 P¹S
1784 3674 1842 3717 (15)
1866 3674 2067 3707 constitutio
2079 3675 2114 3708 F

1352 3720 1411 3762 (17)
1436 3720 1493 3762 qui
1507 3720 1542 3753 F
1628 3720 1688 3762 (18)
1712 3720 1762 3754 cic
1771 3718 1863 3761 F³S,
1876 3719 2103 3762 praestitisset
2114 3719 2148 3752 F
2153 3718 2166 3740 ¹

2209 3676 2270 3717 (16)
2294 3676 2324 3708 si
2336 3688 2396 3709 om.
2407 3674 2444 3709 Ρ
