2528 3918
120 121 122 123 ’
165 109 478 146 ms'rrrUENms

161 226 247 257 sunt
279 223 332 261 et,
372 219 403 255 si
432 219 554 265 plures
583 218 839 262 instituantur,
878 218 986 254 dividi
1015 219 1110 255 inter
1140 229 1202 255 eos
1232 229 1256 255 a

161 268 334 302 testatore
354 263 412 300 ius
435 274 456 300 o
484 268 598 302 ortet:
622 263 719 310 quod
737 263 769 299 si
788 274 862 300 non
879 263 954 307 fiat,
980 274 1102 301 omnes
1122 274 1255 310 aequa-

164 314 204 346 13
251 309 333 346 liter
354 309 439 345 here
466 319 503 344 es
527 313 622 344 sunt.
663 308 702 344 Si
726 309 797 344 duo
821 308 894 344 sint
915 309 1066 346 heredes
1088 308 1255 353 instituti,

160 365 253 392 unus
277 364 322 390 ex
370 358 448 389 arte
470 353 703 390 tertiafundi
727 353 942 397 Corneliani,
969 355 1061 391 alter
1084 365 1130 391 ex
1151 354 1256 391 besse

160 399 319 437 eiusdem
383 398 463 442 ndi,
490 398 615 435 Celsus
639 398 942 444 expeditissimam
965 399 1089 436 Sabini
1112 404 1254 436 senten-

158 446 246 481 tiam
268 444 446 490 sequitur,
474 448 516 480 ut
539 444 702 480 detracta
723 444 828 480 fundi
850 444 1029 481 mentione
1052 445 1156 492 quasi
1179 445 1256 481 sine

158 489 322 537 partibus
338 490 489 526 heredes
505 490 576 526 scri
602 490 630 525 ti
644 489 846 525 hereditate
857 490 1074 542 potirentur,
1098 491 1130 527 si
1147 490 1254 527 modo

159 535 324 572 voluntas
352 535 467 580 patris
499 534 517 570 f
602 535 610 542 '
637 546 654 571 s
685 534 975 571 manifestissime
998 546 1072 572 non
1095 536 1254 582 refraga-

162 584 203 616 14
249 584 321 616 tur.
369 580 408 616 Si
438 581 518 626 quis
547 581 600 616 ita
631 580 833 626 scripserit:
867 580 1024 617 ‘Stichus
1054 581 1146 618 liber
1177 585 1254 618 esto

159 630 217 668 ‘et‚
242 630 479 671 posteaquam
501 625 591 661 liber
614 625 693 668 erit,
717 625 821 661 heres
846 626 948 669 esto'‚
978 626 1116 670 Labeo,
1139 626 1254 663 Nera-

157 671 230 707 tius
254 675 291 706 et
302 671 424 706 Aristo
444 682 465 707 o
492 670 639 706 inantur
657 670 818 707 detracto
835 671 944 707 verbo
963 672 1080 708 medio
1105 672 1254 718 ‘postea’

158 716 264 753 simul
303 716 336 752 ei
376 721 413 752 et
449 682 652 768 hzertatem
672 720 728 768 ,et
761 716 997 753 hereditatem
1032 722 1253 763 competere:

161 765 200 797 15
273 771 342 797 uae
380 761 559 797 sententia
596 761 683 797 mihi
717 772 860 807 quoque
893 773 978 798 vera
1011 762 1162 799 videtur.
1216 762 1256 799 Si

181 773 420 842 uisfflrimum
444 817 489 843 ex
509 807 659 849 triente,
693 807 897 843 Secundum
928 818 973 843 ex
998 808 1128 844 triente
1150 808 1254 844 here-

184 862 239 888 em
261 852 458 888 instituerit
481 857 534 893 et,
563 852 594 888 si
618 851 804 888 Secundus
827 852 932 888 heres
956 864 1030 889 non
1053 853 1140 897 erit,
1165 853 1254 889 Ter-

156 897 246 933 tium
276 907 324 933 ex
354 897 458 933 besse
489 897 657 933 heredem
687 897 841 943 scribat,
872 898 932 933 hic
956 897 1123 936 Secundo
1146 908 1254 944 repu-

157 942 280 979 diante
303 943 446 978 bessem
467 943 616 979 habebit
638 953 712 978 non
735 943 852 979 solum
874 943 954 979 iure
977 943 1254 987 substitutionis,

157 988 221 1025 sed
239 992 277 1024 et
291 987 539 1031 institutionis,
562 988 601 1023 id
621 991 677 1024 est
694 988 861 1024 trientem
879 988 958 1024 iure
978 989 1254 1032 substitutionis,

160 1037 200 1070 16
247 1033 413 1069 trientem
436 1034 514 1069 iure
537 1033 784 1069 institutionis.
828 1033 958 1070 Servus
984 1045 1065 1070 cum
1087 1035 1255 1071 libertate

156 1079 262 1115 heres
292 1079 476 1115 institutus
508 1079 540 1114 si
571 1079 618 1115 sit
648 1079 845 1122 alienatus,
876 1079 993 1115 iuberi
1016 1080 1117 1116 adire
1140 1080 1187 1116 ab
1212 1090 1254 1116 eo

156 1127 288 1170 potest,
312 1124 372 1160 cui
393 1124 570 1160 alienatus
591 1129 663 1160 est:
689 1125 753 1160 sed
769 1124 801 1160 si
815 1124 1023 1170 redemptus
1042 1126 1088 1161 sit
1105 1129 1254 1161 artesta-

160 1173 199 1204 17
248 1173 337 1212 tore,
360 1169 537 1206 institutio
561 1169 657 1205 valet
676 1173 712 1205 et
730 1170 959 1206 necessarius
978 1171 1083 1206 heres
1102 1170 1180 1207 erit.
1218 1170 1256 1206 Si

157 1225 279 1250 servus
299 1225 343 1250 ex
360 1214 418 1251 die
432 1214 633 1250 libertatem
652 1215 835 1261 acceperit
852 1219 889 1251 et
903 1216 1140 1252 hereditatem
1153 1226 1255 1262 pure,

156 1270 241 1295 mox
263 1259 311 1296 sit
333 1260 509 1296 alienatus
533 1260 589 1296 vel
611 1260 862 1304 manumissus,
902 1261 1094 1304 videamus,
1126 1272 1175 1297 an
1200 1261 1254 1296 in-

157 1305 298 1341 stitutio
334 1305 462 1341 valeat.
517 1311 553 1341 et
587 1305 730 1351 quidem
763 1306 795 1341 si
829 1306 1005 1342 alienatus
1043 1317 1117 1342 non
1150 1310 1254 1350 esset,

183 1354 278 1387 otest
309 1349 454 1387 defendi
479 1351 741 1387 institutionem
763 1351 900 1395 valere,
931 1356 973 1387 ut
1004 1351 1063 1388 die
1093 1352 1256 1388 veniente

152 1396 353 1438 v'bertafis,
398 1406 491 1441 quae
531 1396 767 1432 hereditatem
805 1399 984 1440 moratur,
1030 1402 1256 1443 competente

158 1443 199 1475 18
246 1440 414 1477 libertate
439 1447 475 1477 et
497 1441 602 1477 heres
625 1442 851 1478 necessarius
875 1442 1017 1478 existat.
1067 1442 1138 1478 Sed
1164 1443 1195 1479 si
1216 1443 1255 1478 in

156 1486 248 1522 diem
270 1485 438 1529 libertas,
474 1486 654 1523 hereditas
689 1491 810 1523 autem
841 1488 908 1523 sub
933 1487 1145 1524 condicione
1169 1488 1255 1524 data

155 1531 214 1575 sit,
239 1530 271 1567 si
289 1531 451 1567 condicio
471 1536 556 1577 post
575 1532 667 1568 diem
687 1532 933 1568 advenientem
953 1533 1141 1577 exstiterit,
1164 1534 1256 1570 liber

157 1579 200 1612 19
247 1580 284 1612 et
314 1577 419 1613 heres
448 1578 525 1613 erit.
573 1576 643 1613 Sed
667 1582 704 1613 et
726 1578 758 1614 si
780 1588 871 1624 pure
892 1578 1002 1614 fuerit
1024 1578 1130 1614 heres
1151 1579 1254 1615 insti-

153 1626 256 1658 tutus
279 1622 446 1658 libertate
468 1623 506 1658 in
530 1622 623 1659 diem
647 1622 743 1666 data,
774 1623 806 1659 si
829 1623 876 1659 sit
899 1623 1076 1660 alienatus
1098 1624 1155 1660 vel
1177 1635 1253 1660 ma-

154 1667 355 1710 numissus,
392 1667 464 1703 dici
498 1667 606 1704 debet
638 1667 806 1704 heredem
841 1679 922 1704 eum
952 1680 1060 1714 posse
1091 1670 1252 1706 existere.

154 1715 198 1748 20
246 1711 318 1748 Sed
342 1717 378 1749 et
401 1712 433 1749 si
454 1724 528 1749 non
551 1713 629 1758 ipse
653 1724 777 1749 servus
801 1714 849 1749 sit
872 1714 1060 1757 alienatus,
1087 1715 1151 1751 sed
1166 1726 1253 1751 usus

152 1757 295 1794 fructus
317 1758 356 1793 in
380 1768 435 1801 eo,
467 1768 582 1804 aeque
603 1759 780 1794 institutio
804 1759 911 1802 valet,
943 1759 1005 1796 sed
1030 1759 1194 1796 differtur
1215 1761 1254 1796 in

152 1802 190 1838 id
212 1808 286 1839 tem
312 1814 367 1846 us,
393 1814 463 1849 quo
489 1804 708 1850 extinguitur
730 1815 818 1840 usus
841 1804 995 1841 fructus.

203 1847 254 1886 10
313 1858 441 1884 Anus
467 1849 559 1885 libro
586 1850 711 1895 primo
736 1850 786 1885 ad
808 1848 983 1886 Sabinum
1033 1850 1071 1886 Si
1102 1848 1251 1886 alterius

154 1898 262 1939 atque
286 1893 434 1930 alterius
457 1894 562 1929 fundi
585 1905 650 1940 pro
676 1895 842 1940 partibus
873 1896 953 1941 quis
976 1895 1127 1931 heredes
1150 1896 1252 1931 insti-

153 1939 273 1981 tuerit,
298 1939 448 1985 perinde
470 1939 673 1983 habebitur,
698 1940 802 1985 quasi
825 1951 898 1976 non
918 1940 1067 1976 adiectis
1087 1941 1253 1986 partibus

153 1984 304 2020 heredes
329 1984 455 2030 scripti
479 1989 617 2021 essent:
643 1995 710 2020 nec
733 1985 826 2021 enim
848 1985 956 2022 facile
980 1997 1024 2021 ex
1048 1986 1253 2022 diversitate

152 2029 331 2075 pretium¹
363 2030 546 2075 portiones
569 2030 818 2066 inveniuntur:
850 2041 934 2076 ergo
968 2031 1166 2077 expeditius
1199 2037 1254 2068 est

152 2074 253 2155 {quod
276 2074 431 2110 Sabinus
456 2075 599 2118 scribit,
632 2075 779 2121 perinde
805 2075 1031 2120 habendum,
1063 2087 1108 2113 ac
1131 2077 1163 2113 si
1186 2087 1253 2113 nec

170 2119 304 2155 undum
328 2130 396 2156 nec
418 2125 541 2165 partes
565 2121 795 2157 nominasset.

204 2163 251 2202 11
280 2165 328 2200 ΙΑ
336 2174 508 2201 romarus
536 2165 628 2202 libro
656 2167 808 2212 septimo
832 2167 1071 2213 epistularum
1119 2167 1252 2204 ‘Attius

154 2209 270 2245 ‘fundi
293 2210 497 2246 Corneliani
519 2211 624 2247 heres
649 2216 725 2247 esto
750 2211 854 2247 mihi:
879 2211 950 2248 duo
970 2212 1056 2248 Titii
1078 2213 1174 2249 illius
1196 2213 1251 2248 in-

154 2255 268 2291 ‘sulae
291 2255 439 2291 heredes
464 2256 594 2292 sunto’.
642 2256 828 2292 habebunt
851 2257 922 2293 duo
947 2257 1033 2293 Titii
1057 2259 1251 2301 semissem,

154 2300 282 2336 Attius
315 2301 498 2337 semissem
530 2301 639 2346 idque
669 2302 824 2338 Proculo
860 2303 999 2348 placet:
1040 2304 1153 2349 quid2
1186 2304 1253 2340 tibi

152 2343 319 2382 videtur?
350 2346 553 2392 respondit:
581 2357 664 2382 vera
688 2352 744 2383 est
765 2347 914 2383 Proculi
936 2348 1066 2394 opinio.

203 2389 254 2428 12
280 2390 440 2427 Panos
460 2392 551 2428 libro
572 2393 730 2428 secundo
752 2393 803 2428 ad
818 2392 993 2429 Sabinum
1026 2393 1066 2429 Si
1079 2394 1250 2440 inaequa-

153 2437 247 2473 libus
271 2437 434 2482 partibus
459 2437 553 2473 datis
583 2438 636 2472 ita
659 2438 854 2474 adiciatur:
888 2442 990 2484 ‘quos
1023 2450 1068 2475 ex
1099 2440 1250 2486 dispari-

154 2482 234 2518 ‘bus
257 2482 421 2527 partibus
444 2482 594 2518 heredes
616 2483 775 2526 institui,
809 2494 922 2529 aeque
944 2485 1095 2521 heredes
1118 2485 1250 2529 sunto',

152 2527 428 2563 existimandum
452 2532 507 2563 est
530 2529 721 2574 exaequari
746 2539 826 2572 eos,
859 2530 996 2566 scilicet
1019 2530 1050 2566 si
1072 2530 1143 2567 hoc
1167 2534 1252 2567 ante

151 2577 340 2619 peractum
363 2577 618 2609 testamentum
640 2574 814 2619 scriptum
837 2574 893 2610 sit.

203 2615 253 2655 13
286 2617 482 2654 mmm
502 2618 594 2654 libro
618 2620 769 2665 septimo
794 2619 845 2655 ad
859 2618 1035 2656 Sabinum
1066 2620 1251 2657 Interdum

151 2662 244 2699 haec
269 2663 422 2699 adiectio
447 2667 572 2708 ‘aeque
594 2664 744 2699 heredes
768 2665 887 2700 sunto'
916 2666 1101 2701 testatoris
1124 2666 1249 2702 volun-

151 2712 262 2743 tatem
285 2719 329 2744 ex
355 2708 471 2751 rimit,
504 2714 545 2744 ut
576 2714 665 2754 puta
690 2709 842 2745 ‘Primus
875 2714 911 2745 et
940 2710 1064 2746 fratris
1095 2711 1165 2747 mei
1187 2712 1252 2747 filii

152 2754 302 2799 ‘aeque-‘³
353 2753 475 2789 eredes
500 2755 638 2790 sunto’:
673 2765 756 2790 nam
787 2755 878 2791 haec
911 2755 1064 2791 adiectio
1089 2756 1251 2792 declarat

152 2809 276 2834 omnes
305 2809 349 2834 ex
371 2799 531 2834 virilibus
562 2799 727 2845 partibus
758 2800 962 2843 institutos,
993 2806 1036 2836 ut
1067 2805 1103 2837 et
1127 2802 1249 2838 Labeo

152 2844 225 2879 scri
251 2844 308 2886 sit,
332 2854 404 2889 qua
427 2844 590 2880 detracta
614 2846 798 2881 semissem
819 2845 944 2881 fratris
967 2845 1042 2889 filii,
1069 2847 1251 2883 semissem

155 2892 169 2923 1
219 2855 360 2925 ssrimus
390 2889 551 2925 haberet.
599 2890 709 2926 Pater
731 2890 886 2926 familias
911 2890 1124 2927 distribuere
1147 2892 1249 2928 here-

153 2933 300 2970 ditatem
315 2935 353 2970 in
368 2938 424 2970 tot
443 2939 565 2980 partes
581 2940 702 2988 potest
718 2940 806 2981 quot
822 2936 990 2972 voluerit:
1025 2936 1089 2972 sed
1109 2937 1248 2973 sollem-

152 2981 173 3013 2
220 2979 276 3015 nis
300 2979 391 3015 assis
416 2979 620 3016 distributio
639 2981 677 3016 in
698 2981 887 3017 duodecim
906 2982 1032 3017 uncias
1053 2981 1105 3017 fit.
1138 2981 1249 3018 Deni-

153 3035 223 3068 que
246 3025 278 3059 si
299 3025 418 3060 minus
442 3025 642 3069 distribuit,
666 3031 846 3071 potestate
868 3026 956 3062 iuris
979 3027 1017 3062 in
1040 3027 1111 3062 hoc
1134 3028 1249 3063 revol-

151 3069 263 3104 vitur:
285 3075 327 3105 ut
369 3074 433 3105 uta
449 3071 480 3105 si
497 3070 587 3107 duos
602 3071 752 3107 heredes
773 3082 816 3107 ex
858 3071 1034 3108 uadrante
1050 3072 1248 3124 scripserit:

153 3124 238 3149 nam
260 3115 346 3150 here
373 3115 440 3151 ‘tas
466 3115 566 3151 eius⁴
589 3116 735 3152 residua
751 3127 837 3152 acce
865 3117 900 3157 ἰ,
925 3122 966 3152 ut
983 3127 1028 3152 ex
1044 3118 1250 3153 semissibus

153 3161 173 3193 3
220 3159 410 3195 videantur
425 3161 561 3206 scripti.
598 3161 669 3197 Sed
693 3162 724 3198 si
747 3162 838 3197 alter
862 3173 907 3198 ex
923 3163 1133 3207 quadrante,
1159 3163 1251 3199 alter

154 3213 199 3238 ex
221 3205 367 3240 semisse
390 3205 538 3241 heredes
562 3207 687 3252 scripti
710 3211 806 3250 sunt,
831 3207 893 3252 qui
912 3207 1053 3243 accedit
1069 3207 1249 3252 quadrans

153 3251 175 3284 4
221 3260 286 3293 pro
310 3250 475 3295 partibus
497 3251 722 3288 hereditariis
747 3252 797 3287 eis
822 3252 1011 3289 adcrescit.
1046 3253 1116 3288 Sed
1136 3253 1167 3288 si
1188 3264 1248 3289 ex-

154 3295 301 3329 cesserit
321 3295 360 3330 in
379 3295 551 3332 divisione
573 3296 760 3332 duodecim
778 3298 916 3340 uncias,
941 3309 1056 3343 aeque
1078 3309 1144 3343 pro
1168 3303 1250 3334 rata

155 3338 356 3375 decrescet:
389 3346 430 3375 ut
460 3345 551 3386 puta
572 3353 630 3378 me
653 3353 698 3378 ex
721 3342 909 3378 duodecim
931 3344 1047 3379 unciis
1070 3344 1248 3386 heredem,

153 3387 191 3418 te
216 3394 259 3418 ex
283 3394 347 3420 sex
368 3386 439 3421 scri
466 3387 530 3421 sit:
565 3397 629 3432 ego
653 3387 863 3423 hereditatis
886 3388 1003 3424 habeo
1026 3389 1184 3431 bessem,
1209 3394 1249 3424 tu

155 3431 174 3462 5
223 3429 397 3465 trientem.
472 3431 516 3466 ed
538 3432 570 3468 si
593 3432 684 3468 duos
710 3443 755 3468 ex
777 3443 858 3468 asse
880 3433 1031 3469 heredes
1056 3434 1249 3479 scripserit,

155 3473 244 3509 alios
269 3484 314 3508 ex
337 3474 524 3511 duodecim
533 3477 559 3498 ⁴·
582 3478 711 3520 unciis,
736 3488 784 3513 an
807 3488 921 3524 aeque
945 3478 1148 3514 distributio
1172 3479 1248 3522 fiat,

154 3518 252 3563 apud
275 3519 481 3555 Labeonem
503 3521 595 3558 libro
623 3527 751 3568 quarto
783 3523 1023 3569 posteriorum
1054 3525 1247 3570 quaeritur.

155 3634 194 3672 (1)
221 3633 380 3674 pretium]
394 3633 606 3675 praediorum
620 3635 658 3675 S,
675 3637 780 3678 pretii
791 3638 941 3679 partium
953 3650 1015 3671 ser.
1075 3640 1119 3679 (2)
1146 3638 1205 3679 qui
1218 3638 1252 3670 F

156 3679 198 3717 (3)
226 3689 310 3719 quae
330 3678 364 3711 F
496 3686 538 3719 (4)
564 3680 612 3711 eis
632 3693 695 3714 scr.
833 3682 889 3724 (4⁸)
913 3682 997 3715 duos
1021 3693 1062 3715 ex
1085 3683 1192 3715 decim
1220 3682 1251 3714 F

156 3726 199 3759 (5)
224 3723 451 3764 appellatione
464 3725 526 3757 del.
605 3727 647 3764 (ss)
668 3725 823 3758 instituti
836 3727 871 3759 F
939 3730 982 3768 (7)
1004 3734 1171 3760 accrescat
1185 3729 1244 3760 ins.

1254 93 1333 143 381

2180 100 2371 143 XXVIII
2401 105 2427 143 5

1325 223 1361 254 et
1383 223 1490 264 putat
1517 218 1638 255 Labeo
1672 226 1708 255 et
1738 220 1819 255 illos
1852 231 1897 255 ex
1928 221 2075 257 semisse
2108 227 2143 256 et
2174 222 2259 264 hos,
2294 223 2355 267 qui
2383 234 2427 258 ex

1325 263 1513 300 duodecim
1535 264 1653 300 unciis
1677 265 1803 310 scripti
1820 271 1914 308 sunt,
1940 277 1985 302 ex
2003 266 2150 302 semisse
2167 267 2316 303 heredes
2334 267 2426 311 fore,

1325 312 1345 345 6
1393 309 1452 345 cui
1470 309 1671 345 sententiae
1690 309 1961 346 adsentiendum
1980 316 2082 357 puto.
2115 312 2186 347 Sed
2209 313 2240 348 si
2264 312 2356 349 duos
2381 323 2426 348 ex

1324 364 1407 390 asse
1429 354 1585 401 heredes,
1602 354 1808 398 instituerit,
1840 356 1985 392 tertium
2009 362 2129 393 autem
2153 368 2198 393 ex
2222 357 2367 394 dimidia
2390 363 2426 395 et

1323 403 1437 442 sexta,
1462 399 1588 436 eodem
1610 400 1702 436 libro
1725 400 1851 436 Labeo
1876 401 1928 435 ait
1950 401 1988 436 in
2010 402 2134 448 viginti
2156 403 2284 439 uncias
2308 413 2422 441 assem

1324 444 1565 489 dividendum,
1583 449 1666 481 octo
1682 445 1841 481 laturum
1858 456 1903 481 ex
1919 446 2063 482 dimidia
2076 453 2112 482 et
2124 452 2228 484 sexta
2239 449 2424 494 scriptum,

1324 493 1343 525 7
1391 489 1472 526 illos
1497 490 1588 527 duos
1612 490 1812 527 duodecim.
1850 492 1884 526 A
1911 491 1960 527 ud
1981 492 2131 528 eundem
2150 493 2324 530 refertur:
2350 494 2424 529 ‘Ti-

1324 535 1408 571 ‘tius
1437 546 1482 571 ex
1504 540 1609 581 parte
1632 535 1764 579 tertia’,
1797 535 1879 571 dein
1906 546 1925 572 e
1957 547 2038 573 asse
2069 538 2211 589 expleto
2244 539 2349 575 ‘idem
2382 550 2426 575 ex

1323 584 1334 600 ⁴
1361 584 1440 616 arte
1472 581 1605 617 sexta':
1645 581 1684 617 in
1716 581 2003 627 quattuordecim
2035 593 2160 619 uncias
2192 584 2426 621 hereditatem

1350 625 1550 662 ‘videndam
1574 626 1767 663 Trebatius
1791 626 1852 662 ait.

1373 669 1425 708 14
1449 671 1497 706 ΙΑ
1506 681 1678 708 VOLENUS
1698 671 1790 709 libro
1806 672 1933 724 primo
1957 683 2008 707 ex
2034 671 2155 708 Cassio
2196 673 2234 709 Si
2258 675 2337 719 quis
2361 675 2424 711 he-

1323 716 1427 752 redes
1450 716 1504 752 ita
1525 716 1698 752 instituit:
1735 717 1865 753 ‘Titius
1889 726 1935 752 ex
1957 721 2063 763 parte
2085 718 2219 763 prima,
2253 720 2355 756 Seius
2381 731 2425 756 ex

1324 765 1335 780 ί
1794 762 1801 769 .
2162 763 2169 770 .
2336 765 2343 772 .
2371 765 2378 773 .

1324 761 1663 859 «ἓῆἒιῗὲοξὲἓέιὲ
1684 762 1847 843 ἔξῗὲἓέἒ
1859 765 2425 854 sffitssffrzzq‘sffizifflssffi

1324 851 1447 888 ditatis
1470 852 1519 888 ad
1540 852 1726 888 institutos
1749 852 1992 898 pertinebunt,
2016 853 2103 899 quia
2125 858 2278 890 testator
2300 856 2424 901 appel-

1322 897 1483 933 latione⁵
1523 897 1681 934 numeris
1721 898 1922 943 scripturae
1955 899 2067 944 magis
2103 899 2282 943 ordinem,
2318 911 2425 946 quam

1323 943 1469 978 modum
1493 943 1659 988 partibus
1682 943 1896 988 imposuisse
1918 943 2069 979 videtur.

1375 986 1424 1025 15
1458 987 1654 1024 ULPJANUS
1674 989 1766 1024 libro
1790 989 1942 1036 septimo
1969 990 2020 1024 ad
2042 988 2216 1025 Sabinum
2264 990 2424 1027 Iulianus

1325 1044 1468 1079 quoque
1499 1034 1591 1068 libro
1623 1033 1804 1079 trigesimo
1836 1033 1963 1077 refert,
2004 1034 2036 1070 si
2067 1035 2147 1080 quis
2177 1035 2229 1070 ita
2259 1035 2425 1072 heredem

1325 1079 1528 1124 scripserit:
1553 1078 1683 1114 ‘Titius
1708 1090 1752 1114 ex
1775 1083 1879 1124 parte
1903 1079 2048 1115 dimidia
2071 1081 2176 1115 heres
2196 1084 2293 1116 esto:
2320 1080 2422 1118 Seius

1325 1127 1382 1159 ‘ex
1413 1128 1517 1169 parte
1550 1123 1713 1159 dimidia:
1747 1134 1792 1159 ex
1823 1134 1895 1170 qua
1917 1129 2021 1170 parte
2044 1125 2166 1161 Seium
2189 1125 2347 1169 institui,
2381 1136 2426 1163 ex

1325 1169 1464 1206 ‘eadem
1486 1175 1591 1215 parte
1613 1169 1845 1222 Sempronius
1868 1170 1973 1206 heres
1998 1171 2099 1213 esto',
2124 1170 2283 1206 dubitari
2305 1182 2425 1217 posse,

1324 1219 1446 1251 utrum
1468 1215 1506 1250 in
1528 1220 1601 1250 tres
1626 1225 1791 1251 semisses
1811 1215 1968 1251 dividere
1987 1216 2101 1252 voluit
2119 1215 2357 1252 hereditatem
2377 1227 2426 1253 an

1323 1271 1408 1296 vero
1439 1261 1479 1296 in
1509 1271 1622 1296 unum
1646 1260 1831 1297 semissem
1855 1261 1976 1296 Seium
2001 1266 2038 1296 et
2062 1262 2313 1307 Sempronium
2338 1272 2423 1298 con-

1323 1306 1488 1351 iungere:
1532 1305 1630 1351 quod
1662 1310 1717 1342 est
1747 1306 1886 1349 verius,
1928 1312 1965 1342 et
1997 1306 2077 1343 ideo
2111 1306 2331 1343 coniunctim
2363 1318 2424 1344 eos

1323 1351 1435 1387 videri
1457 1351 1662 1388 institutos:
1688 1351 1741 1387 sic
1764 1352 1839 1394 fiet,
1863 1356 1905 1387 ut
1928 1352 2046 1388 Titius
2071 1352 2265 1395 semissem,
2289 1352 2328 1388 hi
2352 1352 2424 1389 duo

1327 1400 1343 1431 1
1395 1396 1615 1442 quadrantes
1638 1396 1768 1432 ferant.
1815 1397 1915 1432 Idem
1939 1397 2065 1433 eodem
2088 1398 2180 1433 libro
2206 1397 2278 1433 scri
2304 1398 2361 1440 sit,
2394 1399 2425 1434 si

1323 1441 1466 1478 Primus
1491 1453 1536 1478 ex
1560 1442 1718 1485 semisse,
1752 1442 1940 1479 Secundus
1969 1453 2014 1478 ex
2037 1443 2195 1486 semisse,
2228 1443 2259 1478 si
2313 1443 2424 1480 rimus

1323 1487 1428 1524 heres
1451 1498 1526 1523 non
1549 1487 1635 1530 erit,
1668 1487 1812 1524 Tertius
1844 1498 1890 1523 ex
1920 1487 2098 1524 dodrante
2121 1488 2340 1525 substitutus
2364 1489 2423 1533 sit,

1323 1532 1414 1569 facti
1461 1532 1580 1568 uidem
1604 1533 1850 1579 quaestionem
1875 1544 1971 1569 esse:
2005 1544 2128 1570 verum
2158 1539 2258 1570 recte
2282 1533 2424 1578 dicitur,

1324 1578 1355 1613 si
1379 1577 1441 1623 qui
1467 1588 1523 1614 em
1545 1578 1686 1614 Primus
1711 1578 1849 1621 adierit,
1882 1579 2050 1624 aequales
2074 1583 2197 1624 partes
2220 1579 2423 1623 habituros,

1323 1623 1355 1659 si
1377 1623 1630 1669 repudiaverit,
1661 1624 1863 1669 quindecim
1886 1629 2009 1669 partes
2031 1624 2188 1668 futuras,
2221 1635 2267 1660 ex
2290 1624 2422 1670 quibus

1323 1679 1451 1704 novem
1475 1668 1619 1714 quidem
1642 1669 1800 1704 laturum
1824 1669 1996 1712 Tertium,
2022 1680 2087 1706 sex
2110 1669 2336 1706 Secundum:

1372 1711 1423 1751 16
1447 1713 1473 1749 I
1477 1723 1643 1750 ULIANUS
1657 1714 1750 1750 libro
1771 1715 1957 1760 triqesimo
1978 1715 2202 1762 diqestorum
2234 1725 2318 1750 nam
2334 1714 2422 1751 Ter-

1322 1759 1413 1795 tium
1437 1762 1473 1795 et
1495 1759 1653 1795 instituti
1676 1763 1713 1794 et
1735 1760 1922 1795 substituti
1944 1770 2137 1806 personam
2160 1760 2358 1804 sustinere,
2384 1760 2423 1797 in

1321 1808 1397 1840 tres
1449 1808 1545 1840 artes
1569 1805 1799 1840 institutum⁶
1822 1805 1944 1848 videri,
1968 1805 2006 1841 in
2029 1816 2094 1841 sex
2117 1805 2364 1842 substitutum.

1372 1848 1392 1887 1
1456 1849 1653 1886 Urmiws
1664 1850 1757 1886 libro
1773 1852 1926 1896 septimo
1944 1851 1995 1886 ad
2009 1849 2186 1887 Sabinum
2218 1851 2309 1887 Item
2326 1851 2423 1897 quod

1323 1894 1478 1931 Sabinus
1497 1895 1560 1936 ait,
1581 1895 1613 1931 si
1633 1894 1693 1930 cui
1738 1905 1798 1931 ars
1819 1895 1985 1941 adposita
2002 1906 2077 1931 non
2095 1901 2161 1939 est,
2186 1896 2421 1932 excutiamus.

1323 1939 1414 1976 duos
1447 1950 1491 1976 ex
1515 1940 1708 1985 quadranti
1734 1951 1778 1976 us
1801 1941 1949 1977 heredes
1974 1941 2136 1987 scripsit,
2166 1941 2316 1977 tertium
2345 1941 2422 1978 sine

1326 1989 1342 2021 i
1391 1990 1513 2031 parte:
1539 1985 1635 2031 quod
1651 1985 1725 2022 assi
1740 1985 1851 2029 deest,
1875 1986 1985 2022 feret:
2010 1987 2081 2022 hoc
2097 1991 2133 2022 et
2146 1986 2283 2022 Labeo.
2318 1986 2422 2023 Unde

1321 2030 1417 2067 idem
1439 2035 1593 2074 tractat,
1627 2031 1657 2066 si
1682 2031 1772 2067 duos
1801 2041 1844 2066 ex
1867 2031 2054 2074 undecim,
2087 2032 2179 2068 duos
2212 2032 2290 2068 sine
2319 2037 2420 2078 parte

1323 2076 1484 2122 scripsit,
1519 2087 1603 2112 mox
1633 2087 1727 2112 unus
1760 2087 1804 2111 ex
1834 2078 1910 2120 his,
1943 2077 2005 2122 qui
2037 2076 2115 2112 sine
2137 2081 2241 2123 parte
2263 2077 2420 2120 fuerunt,

1321 2121 1574 2167 repudiaverit,
1598 2126 1721 2157 utrum
1745 2122 1911 2158 omnibus
1935 2123 2144 2158 semuncia⁷
2169 2132 2217 2158 an
2235 2122 2283 2159 ad
2305 2123 2420 2160 solum

1322 2167 1399 2203 sine
1449 2172 1526 2202 arte
1549 2167 1724 2213 scriptum
1746 2167 1944 2213 pertineat:
1971 2173 2007 2203 et
2024 2168 2152 2203 variat.
2193 2168 2256 2204 sed
2277 2168 2420 2204 Servius

1321 2212 1419 2248 omni
1444 2223 1488 2248 us
1520 2212 1731 2248 adcrescere
1762 2213 1830 2255 ait,
1867 2223 1975 2265 quam
2005 2213 2220 2249 sententiam
2246 2213 2421 2249 veriorem

1320 2261 1429 2304 puto:
1464 2268 1549 2293 nam
1582 2263 1758 2310 quantum
1792 2258 1840 2293 ad
1873 2269 1930 2294 ius
1966 2258 2200 2294 adcrescendi
2230 2269 2305 2295 non
2336 2264 2422 2294 sunt

1322 2303 1520 2346 coniuncti,
1544 2314 1607 2348 qui
1626 2303 1703 2339 sine
1718 2310 1827 2356 parte
1844 2303 2101 2339 instituuntur:
2127 2304 2225 2348 quod
2242 2308 2280 2340 et
2296 2303 2421 2339 Celsus

1321 2351 1342 2383 2
1389 2348 1482 2385 libro
1515 2353 1616 2384 sexto
1650 2349 1787 2385 decimo
1819 2348 2037 2395 digestorum
2060 2349 2203 2394 probat.
2251 2349 2349 2384 Idem
2375 2359 2421 2384 ue

1319 2397 1427 2439 putat
1463 2397 1500 2429 et
1534 2394 1565 2429 si
1600 2394 1742 2439 expleto
1778 2404 1859 2430 asse
1894 2394 1984 2430 duos
2021 2394 2098 2430 sine
2131 2398 2235 2439 parte
2270 2395 2356 2429 here
2382 2404 2420 2429 es

1321 2443 1340 2475 3
1388 2439 1584 2484 scripserit,
1608 2449 1654 2474 ne
1679 2450 1725 2475 ue
1747 2440 1815 2475 hos
1839 2450 1956 2485 neque
1977 2440 2058 2475 illos
2084 2439 2307 2476 coniunctos.
2348 2438 2421 2475 Sed

1321 2484 1352 2520 si
1376 2494 1458 2520 asse
1482 2484 1627 2530 expleto
1700 2496 1761 2520 um
1785 2485 1862 2520 sine
1889 2489 1994 2530 parte
2025 2485 2194 2520 heredem
2224 2485 2419 2530 scripserit,

1319 2529 1358 2565 in
1381 2530 1491 2565 alium
1514 2540 1632 2566 assem
1654 2531 1782 2565 veniet.
1832 2530 1936 2565 aliter
1959 2535 2067 2575 atque
2090 2530 2122 2566 si
2140 2530 2193 2565 ita
2213 2529 2420 2575 scripsisset

1320 2575 1463 2620 expleto
1487 2585 1585 2611 asse:
1611 2579 1669 2611 ‘ex
1691 2576 1831 2620 reliqua
1853 2580 1957 2620 parte
1980 2576 2086 2611 heres
2110 2575 2212 2617 esto’,
2237 2575 2418 2621 quoniam,

1320 2631 1404 2656 cum
1426 2620 1516 2655 nihil
1538 2620 1716 2666 reliquum
1740 2625 1814 2664 est,
1846 2631 1891 2655 ex
1921 2620 2022 2656 nulla
2078 2625 2158 2656 arte
2187 2620 2291 2656 heres
2313 2620 2418 2656 insti-

1320 2669 1342 2701 4
1388 2670 1489 2701 tutus
1520 2671 1584 2702 est.
1634 2665 1706 2701 Sed
1728 2665 1759 2701 si
1784 2666 1924 2711 expleto
1949 2676 2031 2701 asse
2079 2676 2127 2701 uo
2151 2665 2229 2701 sine
2252 2665 2418 2711 partibus

1320 2710 1544 2754 scribantur,
1577 2715 1699 2746 utrum
1730 2711 1768 2746 in
1799 2710 1959 2756 singulos
1991 2721 2089 2747 asses
2120 2710 2181 2746 isti
2214 2711 2284 2747 duo
2309 2721 2356 2746 an
2379 2711 2418 2746 in

1320 2767 1432 2792 unum
1448 2766 1566 2792 assem
1582 2756 1856 2801 coniungantur,
1877 2756 2074 2801 quaeritur.
2109 2760 2146 2791 et
2157 2761 2264 2802 putat
2278 2756 2417 2799 Labeo,

1320 2806 1357 2836 et
1378 2801 1498 2837 verius
1522 2805 1588 2844 est,
1612 2801 1650 2836 in
1668 2812 1781 2837 unum
1801 2811 1918 2836 assem
1938 2801 2076 2837 venire:
2101 2811 2185 2837 nam
2210 2805 2246 2837 et
2268 2801 2300 2837 si
2322 2811 2416 2837 unus

1320 2846 1397 2882 sine
1419 2849 1542 2891 parte,
1575 2846 1645 2881 duo
1679 2846 1900 2881 coniunctim
1931 2846 2008 2882 sine
2064 2852 2142 2882 arte
2167 2847 2415 2890 instituantur,

1319 2902 1393 2927 non
1430 2895 1503 2926 tres
1545 2891 1693 2927 trientes
1733 2891 1811 2926 fieri
1846 2890 1970 2928 Celsus
2010 2892 2036 2927 li
2061 2902 2102 2927 ro
2139 2897 2240 2927 sexto
2277 2892 2415 2928 decimo

1320 2940 1339 2970 5
1388 2936 1460 2972 scri
1487 2936 1544 2978 sit,
1570 2936 1634 2972 sed
1658 2936 1748 2980 duos
1773 2936 1949 2972 semisses.
1987 2936 2091 2982 Quod
2115 2937 2147 2972 si
2170 2937 2249 2982 quis
2274 2937 2414 2983 dupun-

1320 2981 1417 3016 dium
1478 2981 1634 3016 'stribuit
1665 2986 1702 3017 et
1731 2982 1876 3017 tertium
1906 2982 1984 3018 sine
2014 2987 2118 3028 parte
2148 2982 2323 3025 instituit,
2355 2982 2415 3017 hic

1318 3036 1393 3062 non
1411 3026 1450 3060 in
1469 3027 1579 3061 alium
1596 3037 1724 3069 assem,
1749 3026 1814 3062 sed
1831 3027 1869 3062 in
1887 3027 2053 3064 trientem
2064 3029 2078 3049 ⁸
2100 3029 2208 3071 venit,
2232 3032 2274 3063 ut
2288 3027 2413 3062 Labeo

1321 3073 1484 3116 ⁸·quarto
1508 3071 1772 3116 posteriorum⁹
1795 3073 1955 3118 scripsit,
1983 3083 2050 3108 nec
2073 3073 2196 3108 Aristo
2220 3073 2275 3108 vel
2298 3072 2414 3107 Aulus

1320 3121 1373 3158 (ut
1399 3120 1458 3151 ote
1481 3116 1679 3162 probabile)
1703 3121 1842 3153 notant.

1395 3158 1419 3199 8
1452 3161 1614 3197 PAULUS
1641 3162 1733 3198 libro
1757 3164 1883 3209 primo
1915 3163 1965 3198 ad
2001 3163 2183 3199 Vitellium
2238 3161 2411 3197 Sabinus:

1319 3206 1518 3252 quaesitum
1544 3210 1608 3248 est,
1633 3207 1665 3242 si
1687 3207 1769 3252 plus
1785 3217 1866 3243 asse
1883 3213 1989 3253 pater
2002 3207 2156 3243 familias
2174 3205 2413 3259 distribuisset

1319 3257 1355 3288 et
1385 3252 1539 3297 aliquem
1570 3252 1645 3287 sine
1702 3258 1781 3288 arte
1803 3253 1951 3289 fecisset
1973 3253 2159 3295 heredem,
2191 3256 2359 3287 utrumne
2379 3260 2412 3287 is

1319 3307 1436 3333 assem
1459 3297 1649 3333 habiturus
1689 3303 1768 3334 oret
1791 3309 1839 3333 an
1861 3298 1899 3334 id
1923 3299 2128 3339 dumtaxat,
2157 3295 2253 3342 quod
2277 3306 2322 3331 ex
2344 3294 2410 3331 du-

1317 3342 1452 3388 pundio
1478 3342 1627 3378 deesset.
1675 3347 1710 3379 et
1740 3344 1836 3379 hanc
1867 3354 1946 3379 esse
1976 3342 2297 3393 tolerabilissimam
2328 3350 2410 3392 sen-

1317 3387 1467 3423 tentiam
1489 3391 1597 3432 puto,
1628 3392 1671 3424 ut
1703 3388 1827 3424 eadem
1857 3389 1949 3424 ratio
1976 3388 2013 3423 in
2038 3386 2218 3433 dupondio
2244 3395 2411 3431 ommque

1317 3443 1356 3469 re
1370 3434 1397 3454 ¹⁰
1421 3432 1590 3478 deinceps
1607 3434 1753 3479 quaein
1772 3444 1853 3469 asse
1868 3438 2038 3470 servetur.
2085 3431 2261 3484 Panas:
2284 3430 2411 3466 eadem

1317 3478 1410 3513 ratio
1436 3482 1492 3513 est
1513 3477 1552 3513 in
1574 3479 1734 3515 secundo
1759 3489 1842 3515 asse
1865 3489 1959 3524 quae
1981 3478 2019 3512 in
2067 3487 2167 3512 rimo.

1367 3520 1418 3560 19
1450 3522 1646 3559 ΗιΡιΔΝσε
1666 3524 1757 3561 libro
1780 3525 1931 3571 septimo
1956 3523 2006 3558 ad
2050 3522 2196 3558 abimum
2231 3520 2290 3555 Ex
2310 3520 2410 3556 facto

1316 3641 1359 3674 (8)
1384 3637 1441 3669 hio
1452 3637 1490 3670 in
1503 3637 1607 3671 alium
1620 3649 1738 3676 assem,
1753 3637 1884 3669 scilicet
1897 3638 1933 3669 in
1947 3637 2105 3668 trientem
2117 3647 2181 3669 scr.
2240 3636 2298 3677 (δ’)
2319 3634 2408 3667 libro

1318 3683 1376 3715 ins.
1392 3682 1442 3715 ΡΙ
1535 3689 1578 3725 (9)
1601 3684 1819 3726 posteriorem
1835 3682 1870 3714 F
1953 3686 2011 3722 (io)
2036 3682 2085 3721 re]
2099 3691 2174 3712 aere
2186 3692 2244 3714 scr.
