2528 3918
187 134 295 177 XIII
324 135 404 176 3.4

187 257 241 298 ei,
274 256 334 308 qui
363 255 398 290 vi
422 255 575 298 aliquem
600 253 645 289 de
666 253 780 289 fundo
811 253 958 296 deiecit,
989 263 1097 299 posse
1126 251 1278 304 fundum

189 300 331 337 condici
354 299 508 335 Sabinus
532 298 675 342 scribit,
699 301 737 334 et
757 298 810 334 ita
832 303 869 335 et
892 298 1035 341 Celsus,
1068 297 1130 333 sed
1153 297 1223 340 ita,
1247 307 1279 332 si

189 346 353 382 dominus
377 344 423 379 sit
454 343 515 388 qui
546 343 705 379 deiectus
737 343 922 379 condicat:
955 348 1113 379 ceterum
1144 342 1176 378 si
1206 352 1279 377 non

188 391 246 431 sit.
270 389 532 435 possessionem
555 398 635 423 eum
659 388 849 424 condicere
872 388 996 424 Celsus
1020 388 1080 422 ait.

236 433 260 472 3
285 434 393 470 IDEM
428 433 519 468 libro
552 434 744 469 vicensimo
775 435 926 480 septimo
957 432 1008 467 ad
1036 432 1190 468 edictum
1236 430 1279 466 In

188 480 257 515 hac
281 479 422 514 actione
446 478 477 513 si
499 483 710 523 quaeratur,
740 489 799 514 res
832 489 924 524 quae
953 477 1067 522 petita
1099 480 1154 512 est
1178 476 1279 511 cuius

188 524 357 569 temporis
379 523 662 559 aestimationem
681 523 842 568 recipiat,
872 523 987 558 verius
1008 526 1063 556 est
1082 521 1178 573 quod
1197 521 1278 556 Ser-

188 570 265 604 vius
290 569 352 611 ait,
378 568 682 604 condemnationis
701 572 843 614 tempus
865 566 1120 613 spectandum:
1145 576 1177 601 si
1195 576 1278 601 vero

188 614 332 650 desierit
355 623 434 649 esse
455 613 493 648 in
516 613 624 649 rebus
655 614 840 655 humanis,
871 612 994 648 mortis
1025 615 1185 656 tempus,
1216 610 1280 646 sed

188 662 228 693 έν
257 658 386 693 πλάτει
416 658 612 694 secundum
645 658 786 694 Celsum
818 658 884 692 erit
918 656 1179 708 spectandumg
1206 665 1279 691 non

189 705 282 740 enim
306 703 414 739 debet
444 703 674 739 novissimum
704 704 798 738 vitae
829 707 970 747 tempus
1001 705 1202 743 aestimari,
1234 710 1280 735 ne

188 749 234 784 ad
265 749 432 794 exiguum
463 748 617 794 pretium
651 748 849 784 aestimatio
884 746 1066 791 redigatur
1098 746 1136 781 in
1177 755 1279 780 servo

187 794 282 830 forte
303 793 485 830 mortifere
507 793 703 830 vulnerato.
738 793 776 827 in
799 796 950 836 utroque
973 795 1111 833 autem,
1143 790 1174 826 si
1197 794 1281 843 post

188 850 324 875 moram
348 838 502 874 deterior
523 849 582 874 res
605 838 704 873 facta
727 838 791 878 sit,
825 836 1019 872 Marcellus
1042 835 1167 871 scribit
1189 835 1279 871 libro

187 884 379 920 vicensimo
403 883 604 919 habendam
627 882 927 924 aestimationem,
959 884 1094 926 quanto
1128 880 1281 916 deterior

187 939 245 965 res
276 929 376 964 facta
408 929 473 964 sit:
511 933 547 964 et
576 928 675 970 ideo,
707 928 738 963 si
769 928 848 972 quis
871 930 956 971 post
978 936 1114 962 moram
1137 936 1279 961 servum

189 975 387 1010 eluscatum
410 973 564 1016 dederit,
596 983 663 1008 nec
685 972 830 1007 liberari
853 981 952 1007 eum:
986 981 1097 1016 quare
1120 970 1168 1006 ad
1189 975 1278 1006 tem-

188 1030 256 1065 pus
280 1029 402 1055 morae
424 1019 462 1054 in
485 1019 540 1054 his
564 1018 630 1054 erit
652 1016 857 1053 reducenda
881 1015 1093 1052 aestimatio.

235 1063 260 1101 4
290 1064 414 1100 Gams
443 1064 534 1100 libro
567 1073 663 1098 nono
698 1062 749 1098 ad
781 1062 936 1098 edictum
996 1061 1195 1097 rovinoiale
1241 1059 1280 1095 Si

187 1120 286 1144 merx
310 1109 441 1154 aliqua,
490 1118 557 1143 uae
582 1111 679 1143 certo
703 1107 761 1142 die
785 1106 862 1142 dari
886 1106 976 1142 debe
1002 1110 1060 1149 at,
1083 1106 1198 1151 petita
1220 1106 1278 1148 sit,

187 1154 296 1190 veluti
319 1154 439 1189 vinum
464 1164 484 1188 o
501 1164 580 1188 eum
603 1152 831 1194 frumentum,
855 1151 948 1187 tanti
970 1151 1068 1186 litem
1086 1151 1278 1187 aestiman-

189 1198 272 1235 dam
298 1199 442 1234 Cassius
467 1199 527 1240 ait,
552 1197 676 1242 quanti
698 1196 828 1232 fuisset
851 1207 893 1232 eo
917 1196 993 1239 die,
1018 1206 1090 1242 quo
1114 1196 1194 1232 dari
1217 1195 1278 1231 de-

187 1244 284 1279 buit:
311 1244 341 1279 si
365 1244 408 1279 de
429 1243 485 1278 die
504 1243 590 1278 nihil
611 1243 786 1285 convenit,
811 1242 937 1287 quanti
958 1245 1058 1284 tunc,
1084 1252 1166 1277 cum
1184 1240 1278 1276 iudi-

188 1289 283 1324 cium
306 1289 539 1340 acciperetur.
574 1287 738 1332 idemque
760 1287 848 1323 iuris
870 1287 909 1322 in
926 1287 1007 1322 loco
1030 1296 1118 1328 esse,
1142 1290 1184 1321 ut
1203 1285 1277 1332 pri-

188 1345 284 1369 mum
308 1333 506 1369 aestimatio
531 1336 694 1368 sumatur
717 1332 792 1367 eius
815 1332 906 1375 loci,
938 1342 1008 1377 quo
1040 1331 1119 1367 dari
1143 1331 1277 1373 debuit,

188 1379 218 1414 si
243 1379 287 1414 de
309 1379 390 1414 loco
414 1378 501 1413 nihil
525 1377 699 1419 convenit,
721 1378 752 1412 is
776 1378 877 1413 locus
902 1379 1094 1422 spectetur,
1119 1387 1190 1422 quo
1213 1386 1276 1422 pe·

188 1428 333 1459 teretur.
367 1423 462 1468 quod
486 1427 522 1458 et
545 1422 589 1458 de
613 1422 739 1458 ceteris
762 1423 870 1458 rebus
891 1422 981 1458 iuris
1005 1425 1070 1457 est.

671 1515 750 1554 1111
764 1515 789 1556 ¹.

241 1582 303 1614 DE
329 1581 388 1614 EO
413 1581 534 1618 QUOD
560 1580 706 1613 CERTO
730 1580 847 1614 LOCO
870 1581 981 1613 DARI
1006 1579 1224 1613 OPORTET.

237 1647 255 1684 1
287 1647 412 1684 Giuvs
439 1647 530 1684 libro
554 1658 650 1682 nono
674 1647 726 1683 ad
746 1646 900 1683 edictum
919 1646 1151 1693 provinciale
1195 1646 1277 1682 Alio

187 1694 279 1735 loco,
301 1702 408 1745 quam
426 1693 465 1727 in
486 1703 591 1738 quem
610 1692 680 1728 sibi
700 1691 780 1727 dari
800 1692 948 1737 quisque
967 1691 1159 1737 stipulatus
1172 1695 1278 1734 esset,

188 1749 258 1791 non
290 1737 476 1773 videbatur
507 1737 634 1790 agendi
654 1736 818 1789 ‘facultas
849 1747 929 1773 com
955 1741 1061 1773 etere.
1098 1735 1162 1790 sed
1194 1735 1279 1782 quia

187 1793 356 1863 &effi
369 1782 925 1873 32‘30311335333250233ffl
953 1792 1150 1863 ‘afflat
1169 1792 1279 1879 &iffi

186 1873 241 1908 vel
273 1873 358 1908 data
381 1883 492 1918 opera
513 1872 651 1908 faceret
673 1873 728 1908 vel
752 1872 837 1925 quia
859 1872 937 1908 aliis
960 1872 1050 1908 locis
1073 1882 1278 1908 necessario

188 1918 478 1963 distringeretur),
502 1929 575 1954 non
597 1928 705 1963 posse
727 1917 974 1963 stipulatorem
997 1917 1044 1953 ad
1067 1927 1172 1953 suum
1195 1927 1277 1963 per-

187 1963 324 2005 venire,
356 1963 436 1998 ideo
466 1963 580 1998 visum
611 1966 668 1998 est
697 1963 820 1998 utilem
843 1963 1020 1999 actionem
1042 1962 1080 1998 in
1103 1972 1181 1998 eam
1203 1972 1278 1998 rem

188 2018 408 2053 comparare.

233 2050 259 2090 2
291 2052 486 2089 Uzmmvs
511 2053 604 2089 libro
636 2053 826 2089 vicensimo
856 2053 1010 2099 septimo
1043 2052 1094 2088 ad
1122 2052 1278 2088 edictum

186 2098 387 2134 Arbitraria
421 2098 515 2133 actio
550 2098 666 2135 utrius
691 2108 737 2133 ue
771 2097 960 2133 utilitatem
1003 2097 1162 2133 continet
1203 2101 1278 2132 tam

187 2143 319 2179 actoris
351 2154 458 2189 quam
488 2143 558 2179 rei:
595 2154 665 2196 quo
722 2143 754 2179 si
784 2142 837 2178 rei
866 2143 1036 2186 interest,
1068 2142 1214 2178 minoris
1236 2142 1279 2177 fit

188 2188 361 2234 pecuniae
393 2188 642 2224 condemnatio
674 2198 781 2234 quam
811 2188 1012 2224 intentum²
1044 2192 1118 2230 est,
1152 2191 1217 2223 aut
1247 2187 1279 2223 si

189 2238 204 2268 1
255 2234 400 2276 actoris,
423 2233 567 2269 maioris
585 2233 760 2279 pecuniae
777 2232 843 2268 fiat
851 2233 877 2269 ³.
924 2233 1024 2268 Haec
1045 2237 1164 2268 autem
1181 2233 1276 2268 actio

187 2288 232 2314 ex
265 2279 327 2313 illa
357 2279 587 2324 stipulatione
616 2279 729 2320 venit,
762 2278 824 2313 ubi
854 2278 901 2314 sti
926 2278 1047 2314 ulatus
1078 2288 1158 2314 sum
1189 2288 1212 2313 a
1241 2281 1278 2313 te

187 2326 208 2358 2
255 2323 391 2368 Ephesi
422 2323 545 2359 decem
576 2323 663 2359 dari.
712 2323 751 2359 Si
780 2323 860 2369 quis
925 2323 1027 2368 phesi
1059 2323 1182 2359 decem
1212 2326 1277 2358 aut

188 2367 334 2413 Capuae
345 2369 522 2404 hominem
534 2369 610 2404 dari
631 2368 823 2414 stipulatus
843 2368 1056 2413 experiatur,
1078 2378 1151 2403 non
1171 2368 1278 2403 debet

189 2413 348 2449 detracto
373 2414 486 2449 altero
510 2414 590 2449 loco
624 2414 795 2459 experiri,
829 2424 875 2449 ne
906 2413 1048 2449 auferat
1078 2413 1148 2448 loci
1180 2412 1276 2448 utili-

188 2461 207 2493 3
255 2462 366 2494 tatem
377 2469 451 2494 reo.
499 2458 670 2495 Scaevola
690 2459 780 2494 libro
801 2458 925 2504 quinto
946 2458 1082 2494 decimo
1095 2458 1276 2504 quaestio·
1304 2483 1306 2485 -

187 2514 273 2538 num
296 2504 348 2538 ait
370 2514 443 2539 non
466 2504 589 2549 utique
614 2515 675 2547 ea,
707 2514 799 2549 quae
830 2503 941 2539 tacite
970 2504 1096 2539 insunt
1125 2503 1172 2539 sti
1198 2503 1275 2538 ula-

187 2548 365 2591 tionibus,
390 2559 530 2595 semper
553 2549 590 2584 in
612 2550 665 2585 rei
688 2559 767 2585 esse
789 2552 987 2594 potestate,
1018 2548 1083 2584 sed
1106 2548 1166 2594 qui
1215 2548 1276 2583 de·

188 2593 290 2636 beat,
315 2604 394 2629 esse
415 2594 452 2628 in
477 2594 552 2629 eius
576 2594 744 2637 arbitrio,
769 2604 817 2629 an
841 2593 988 2636 debeat,
1018 2604 1093 2629 non
1116 2603 1205 2629 esse.
1243 2596 1278 2628 et

187 2638 268 2673 ideo
303 2649 384 2674 cum
415 2639 518 2684 quis⁴
550 2638 713 2675 Stichum
743 2643 808 2675 aut
835 2639 1061 2691 Pamphilum
1090 2638 1276 2684 promittit,

190 2683 317 2727 eligere
351 2694 458 2728 posse
493 2685 587 2729 quod
622 2685 756 2728 solvat,
792 2684 961 2730 quamdiu
995 2683 1102 2719 ambo
1136 2683 1276 2719 vivunt:

189 2732 346 2763 ceterum
370 2729 432 2763 ubi
455 2729 547 2764 alter
569 2729 741 2772 decessit,
774 2729 871 2764 extin
921 2729 930 2736 '
956 2729 1032 2765 eius
1056 2728 1275 2770 electionem,

188 2783 234 2807 ne
254 2773 349 2808 sitin
369 2773 516 2809 arbitrio
538 2775 624 2817 eius,
646 2785 694 2810 an
713 2774 852 2817 debeat,
896 2785 957 2809 um
974 2784 1048 2809 non
1066 2773 1142 2809 vult
1159 2774 1277 2809 vivum

188 2822 392 2862 praestare,
417 2829 521 2863 quem
545 2820 660 2855 solum
684 2819 801 2855 debet.
861 2829 950 2855 uare
973 2822 1010 2854 et
1031 2819 1069 2854 in
1091 2819 1275 2864 proposito

189 2872 288 2904 eum,
321 2863 381 2907 qui
412 2864 575 2907 promisit
596 2864 733 2909 Ephesi
755 2867 820 2900 aut
872 2874 1007 2909 apuae,
1039 2864 1071 2900 si
1099 2863 1209 2899 fuerit
1239 2864 1277 2898 in

188 2907 300 2959 ipsius
324 2907 482 2950 arbitrio,
508 2909 570 2943 ubi
593 2910 637 2944 ab
664 2920 704 2945 eo
727 2912 883 2955 petatur,
909 2908 1091 2945 conveniri
1113 2919 1186 2944 non
1209 2919 1274 2954 po-

188 2956 320 2987 tuisse:
363 2962 503 2998 semper
537 2954 629 2988 enim
664 2955 773 2989 alium
807 2955 926 2990 locum
966 2954 1180 2990 electurum:
1224 2954 1276 2989 sic

189 2997 347 3039 evenire,
381 3001 423 3032 ut
445 2997 491 3032 sit
513 2998 550 3032 in
571 2999 682 3044 ipsius
707 2999 875 3042 arbitrio,
906 3009 954 3034 an
986 2999 1132 3035 debeat:
1165 3008 1277 3051 quare

188 3042 521 3122 ssffittissnss’fffifflis
539 3053 581 3121 ‘³1⁰
592 3045 828 3125 ·2¹1'1‘‡¹²ia{{2‘3-¹{⁰
841 3044 1094 3125 ssssss‘ssifffeffine
1109 3043 1275 3124 ἐὲῑῗέοέἓ·

190 3135 227 3167 et
254 3131 466 3184 generaliter
497 3099 620 3167 defiffit
650 3133 821 3170 Scaevola
850 3134 1038 3179 petitorem
1104 3133 1276 3170 ectionem

188 3176 323 3212 habere
344 3176 408 3212 ubi
430 3180 541 3228 petat,
565 3187 665 3213 reum
687 3179 749 3214 ubi
772 3179 898 3222 solvat,
922 3179 1059 3215 scilicet
1080 3182 1165 3214 ante
1183 3179 1274 3224 peti-

189 3221 334 3257 tionem.
395 3221 519 3273 romde
542 3222 671 3274 mixta,
703 3224 837 3268 inquit,
868 3234 987 3259 rerum
1010 3223 1198 3259 alternatio
1222 3223 1275 3258 10·

190 3276 314 3302 corum
346 3275 368 3301 a
382 3270 573 3301 ternationi
606 3277 650 3302 ex
680 3269 892 3304 necessitate
913 3268 1004 3304 facit
1026 3269 1159 3305 actoris
1183 3268 1275 3304 elec—

188 3311 323 3347 tionem
347 3314 384 3347 et
404 3310 443 3346 in
472 3321 547 3346 rein
578 3316 724 3356 propter
755 3313 891 3349 locum:
927 3314 1085 3359 alioquin
1116 3313 1211 3349 tollis
1244 3313 1276 3348 ei

189 3359 211 3391 4
257 3356 454 3398 actionem,
490 3355 574 3391 dum
604 3357 657 3392 vis
688 3367 868 3393 reservare
901 3368 963 3394 reo
997 3359 1189 3404 optionem.
1237 3356 1277 3393 Si

189 3400 641 3491 gfflssssffaeitffffamm‘e‘tss
666 3401 809 3491 3332?
831 3402 1103 3483 5333&th
1126 3404 1205 3483 ἔθ’
1219 3406 1278 3483 3Ξέ

188 3490 342 3526 insulam
365 3490 443 3526 fieri
474 3490 663 3543 stipuletur
694 3495 729 3526 et
759 3458 876 3527 logum
910 3459 989 3528 noili)
1015 3493 1167 3535 adiciat,
1195 3459 1276 3528 ‘iion

189 3539 210 3570 6
256 3536 351 3571 valet
373 3535 567 3580 stipulatio.
614 3535 683 3580 Qui
705 3536 757 3571 ita
779 3536 971 3580 stipulatur
989 3537 1137 3583 ‘Ephesi
1156 3537 1277 3574 decem

188 3579 290 3623 dari',
314 3580 345 3616 si
367 3585 451 3616 ante
474 3580 586 3624 diem,
610 3590 716 3627 quam
739 3580 922 3626 Ephesum
945 3583 1127 3627 pervenire
1149 3583 1275 3628 possit,

235 3694 276 3734 (i)
301 3693 383 3728 Sub.
397 3701 484 3733 i...e;
505 3693 589 3738 Pap.
605 3701 648 3728 io.
668 3712 714 3718 —
733 3694 819 3727 Bas.
834 3695 887 3736 24,
901 3702 928 3728 9.
950 3714 996 3720 —
1021 3696 1072 3740 Os:
1090 3697 1169 3731 Cod.
1189 3698 1221 3736 3,
1237 3704 1270 3731 is

189 3740 234 3780 (2)
259 3739 463 3771 intentatum
476 3738 522 3771 Ρ
575 3741 618 3781 (3)
643 3738 807 3782 pecuniae
819 3739 878 3771 flat
889 3740 952 3773 del.
966 3740 1047 3773 Hal.
1103 3743 1145 3782 (4)
1170 3741 1230 3784 qui
1242 3742 1277 3774 F

1263 127 1347 177 176

1800 146 1862 176 DE
1889 145 1951 177 EO
1980 145 2106 184 QUOD
2136 146 2282 180 CERTO
2311 147 2432 182 Loco

1347 255 1458 304 agat,
1472 256 1682 298 perperam-'⁶
1705 260 1789 290 ante
1812 254 1905 290 diem
1928 255 1996 299 agi,
2021 255 2105 300 quia
2128 260 2164 291 et
2185 256 2345 293 Iulianus
2367 269 2434 304 pu-

1347 301 1402 332 tat
1425 296 1517 332 diem
1540 298 1649 334 tacite
1670 299 1755 335 huic
1778 299 1999 345 stipulationi
2021 300 2147 336 inesse.
2183 311 2295 346 quare
2314 313 2434 340 verum

1348 345 1436 386 puto
1481 342 1578 394 quod
1600 342 1759 380 Iulianus
1784 345 1835 379 ait
1858 355 1960 387 eum,
2016 344 2053 379 ui
2075 345 2212 381 Romae
2243 347 2435 392 stipulatur

1349 389 1367 420 7
1415 386 1522 422 hodie
1546 386 1759 434 Carthagine
1789 389 1886 431 dari,
1918 389 1996 424 inut
2025 390 2090 425 'ter
2119 390 2291 436 stipulari.
2338 392 2436 429 Idem

1347 431 1506 483 Iulianus
1530 436 1674 475 tractat,
1699 443 1745 469 an
1767 434 1809 476 is,
1858 434 1895 469 ui
1914 434 2050 479 Ephesi
2073 435 2142 470 sibi
2161 440 2226 471 aut
2244 436 2337 472 Titio
2358 437 2435 472 dari

1349 476 1542 521 stipulatus
1566 482 1642 520 est,
1673 478 1705 514 si
1735 479 1819 514 alibi
1874 479 1937 514 itio
1969 479 2146 522 solvatur,
2178 480 2287 517 nihilo
2319 482 2435 518 minus

1348 521 1462 601 possit
1484 521 1668 558 intendere
1690 523 1759 559 sibi
1783 524 1861 559 dari
1884 528 2059 576 oportere.
2097 529 2133 560 et
2155 525 2314 561 Iulianus
2346 527 2434 562 scri-

1373 570 1402 600 it
1425 566 1669 619 liberationem
1693 579 1767 604 non
1791 569 1982 614 contigisse
2005 572 2112 615 atque
2134 569 2214 606 ideo
2236 581 2343 616 posse
2362 572 2436 617 peti

1349 610 1445 656 quod
1475 615 1633 663 interest.
1676 613 1867 649 Marcellus
1900 618 2020 666 autem
2050 618 2087 650 et
2117 615 2207 651 alias
2221 620 2370 668 ‘tractat
2400 621 2437 652 et

1348 655 2434 755 ἓξὲξ,1ῗέἐῖἳὲιῖΠὲἓῗὲοὲἓξῖἓεέἷοᾏὲἑηῗὶῑεᾞήῗὲἓ18ἓὲἒῖ

1348 755 1433 790 pere
1456 755 1529 781 non
1552 757 1677 798 cogar:
1709 748 1815 793 plane
1845 759 1876 783 si
1897 759 1971 801 non
1995 749 2144 794 contigit
2164 749 2348 793 liberatio,
2381 751 2434 787 di-

1349 790 1502 826 cendum
1533 794 1584 826 ait
1614 802 1800 838 superesse
1833 797 2038 838 petitionem
2071 794 2126 829 int
2188 805 2231 831 ae
2265 806 2435 839 summae,

1349 835 1645 888 quemadmodum
1680 838 1711 873 si
1741 838 1820 890 quis
1854 838 2008 873 insulam
2038 805 2298 875 alibieffzcisset
2329 851 2435 886 quain

1349 880 1412 915 ubi
1429 886 1652 925 promiserat,
1673 883 1711 917 iii
1729 883 1877 918 nihilum
1897 883 2119 919 liberaretur.
2156 884 2219 920 sed
2238 885 2323 920 mihi
2340 886 2434 921 vide-

1349 928 1408 960 tur
1439 935 1598 962 summae
1621 927 1750 963 solutio
1776 928 1908 963 distare
1931 938 1953 963 a
1974 928 2114 964 fabrica
2135 929 2274 965 insulae
2297 935 2332 966 et
2354 930 2435 966 ideo

1349 971 1369 1005 8
1417 970 1513 1015 quod
1534 970 1683 1008 interest
1705 973 1820 1008 solum
1850 973 2051 1018 petendum.
2098 973 2206 1010 Nunc
2236 974 2281 1011 de
2311 975 2432 1011 officio

1348 1014 1476 1067 iudicis
1498 1016 1605 1052 huius
1629 1017 1779 1053 actionis
1802 1018 2020 1063 loquendum
2043 1022 2116 1060 est,
2147 1023 2267 1055 utrum
2291 1020 2434 1066 quanti-

1347 1063 1415 1095 tati
1450 1065 1656 1097 contractus
1692 1062 1821 1098 debeat
1851 1063 1982 1099 servire
2012 1073 2059 1099 an
2091 1064 2146 1099 vel
2176 1064 2347 1101 excedere
2379 1066 2435 1102 vel

1348 1105 1507 1141 minuere
1539 1107 1773 1151 quantitatem
1804 1107 1951 1149 debeat,
1985 1112 2043 1151 ut,
2074 1108 2105 1144 si
2134 1109 2354 1145 interfuisset
2383 1112 2435 1146 rei

1347 1149 1484 1196 Ephesi
1513 1151 1634 1196 potius
1664 1152 1802 1188 solvere
1833 1163 1939 1198 quam
1973 1163 2015 1189 eo
2045 1153 2116 1189 loci
2169 1165 2216 1190 uo
2249 1156 2433 1191 convenie-

1348 1195 1474 1247 batur,
1505 1196 1597 1232 ratio
1622 1197 1697 1233 eius
1720 1197 1924 1233 haberetur.
1971 1198 2130 1234 Iulianus
2187 1199 2332 1236 abeonis
2357 1201 2435 1253 opi·

1347 1250 1489 1276 monem
1513 1245 1657 1277 secutus
1682 1243 1787 1278 etiam
1811 1243 1944 1279 actoris
1967 1243 2093 1279 habuit
2114 1244 2307 1287 rationem,
2333 1255 2435 1282 cuius

1346 1285 1525 1321 interdum
1546 1287 1664 1331 potuit
1679 1287 1851 1323 interesse
1869 1288 2007 1333 Ephesi
2025 1289 2201 1334 recipere:
2225 1289 2346 1335 itaque
2364 1291 2434 1326 uti-

1346 1330 1430 1366 litas
1453 1342 1595 1383 quoque
1618 1332 1750 1368 actoris
1773 1333 1899 1368 veniet.
1937 1333 2022 1379 quid
2041 1334 2133 1369 enim
2153 1334 2184 1369 si
2202 1334 2434 1371 traiecticiam

1345 1385 1531 1420 pecuniam
1555 1376 1714 1413 dederit⁸
1735 1377 1872 1423 Ephesi
1893 1382 2113 1423 recepturus,
2137 1379 2199 1414 ubi
2224 1380 2292 1415 sub
2318 1390 2435 1425 poena

1347 1420 1502 1456 debebat
1523 1422 1713 1467 pecuniam
1743 1423 1799 1458 vel
1830 1423 1898 1459 sub
1928 1423 2154 1469 pignoribus,
2191 1428 2227 1459 et
2262 1424 2435 1461 distracta

1345 1466 1605 1547 phignqidadsissinlt
1625 1467 1680 1503 vel
1701 1478 1819 1513 poena
1836 1468 2247 1549 compliissampfflstua?
2269 1470 2325 1522 vel
2345 1469 2434 1506 fisco

1347 1521 1459 1608 estaen⁴
1468 1556 1506 1591 in
1517 1517 1905 1611 ehgnztuarffitssgziffip
1944 1517 2241 1595 {teg-isinterpuuiieo
2247 1514 2434 1596 νῗκῗίιέἲοὲῗ

1347 1600 1488 1646 qiudem
1519 1602 1614 1638 ultra
1643 1602 1837 1647 legitimum
1867 1614 1924 1639 mo
1951 1615 2011 1639 um
2042 1614 2240 1639 usurarum.
2308 1604 2371 1640 uid
2403 1606 2434 1641 si

1346 1656 1482 1682 merces
1506 1647 1645 1683 solebat
1668 1658 1893 1694 comparare:
1919 1649 1989 1684 ‘'an
2014 1651 2050 1684 et
2071 1649 2162 1684 lucri
2183 1649 2275 1685 ratio
2325 1650 2433 1686 abea-

1345 1695 1423 1771 ἷιιιϊ,
1455 1702 1529 1727 non
1563 1693 1673 1728 solius
1697 1692 1841 1729 damm'?
1870 1697 1957 1739 puto
1983 1698 2018 1729 et
2039 1694 2131 1729 lucu·
2151 1694 2352 1730 habendam
2374 1705 2433 1731 ra·

1375 1746 1490 1772 onem.

1348 1826 1357 1834 ·
1394 1778 1419 1819 3
1449 1781 1573 1834 Ggaws
1601 1782 1692 1818 libro
1715 1793 1811 1818 nono
1834 1783 1885 1818 ad
1906 1783 2059 1819 edictum
2076 1783 2304 1830 provinciale
2348 1784 2435 1821 Ideo

1346 1837 1384 1862 m
1407 1826 1593 1863 arbitrium
1614 1827 1742 1863 iudicis
1767 1827 1922 1863 refertur
1943 1829 2034 1864 haec
2053 1829 2160 1871 actio,
2210 1829 2270 1864 uia
2289 1829 2434 1873 scimus,

1347 1881 1455 1924 quain
1483 1872 1585 1908 varia
1615 1873 1687 1908 sint
1712 1873 1834 1925 pretia
1863 1884 1981 1909 rerum
2003 1883 2069 1919 per
2091 1840 2248 1919 singulas
2273 1874 2434 1911 civitates

1345 1927 1505 1961 regiones
1531 1928 1596 1960 ue,
1627 1928 1779 1954 maxime
1799 1918 1872 1954 vini
1895 1918 1963 1955 olei
1984 1918 2169 1954 frumenti:
2201 1919 2434 1964 pecuniarum

1346 1972 1488 2008 quoque
1508 1928 1603 1999 (iicet
1631 1962 1799 2016 videatur
1815 1974 1890 1999 una
1913 1968 1950 1999 et
1972 1963 2096 1999 eadem
2118 1967 2278 2016 potestas
2301 1964 2434 2017 ubique

1347 2016 1443 2049 esse,
1473 2011 1594 2043 tamen
1624 2007 1703 2044 aliis
1731 2008 1820 2044 locis
1850 2007 1992 2044 facilius
2023 2012 2059 2044 et
2080 2009 2216 2044 levibus
2239 2009 2356 2045 usuris
2378 2021 2432 2045 iii-

1346 2051 1547 2096 veniuntur,
1572 2052 1651 2089 aliis
1675 2052 1854 2089 difficilius
1878 2057 1914 2089 et
1934 2054 2101 2099 gravibus
2124 2052 2255 2090 usuris.

1392 2096 1419 2134 4
1458 2096 1654 2134 ULPJANUS
1684 2098 1776 2134 libro
1810 2099 1976 2134 vicesimo
2009 2099 2161 2145 septimo
2195 2098 2246 2134 ad
2278 2098 2431 2135 edictum

1347 2141 1451 2186 Quod
1473 2142 1504 2178 si
1519 2142 1657 2188 Ephesi
1678 2147 1831 2188 petetur,
1854 2144 1934 2189 ipsa
1954 2144 2032 2180 sola
2050 2154 2189 2179 summa
2207 2147 2349 2189 petetur
2366 2154 2433 2180 nec

1346 2187 1500 2233 amplius
1535 2187 1640 2233 quid,
1676 2188 1746 2224 nisi
1775 2188 1806 2224 si
1837 2188 1922 2234 quid
1954 2192 2049 2225 esset
2070 2188 2117 2224 sti
2142 2189 2280 2231 inatus,
2313 2189 2369 2225 vel
2402 2190 2433 2225 si

1349 2235 1365 2267 1
1414 2233 1587 2278 temporis
1609 2233 1746 2269 utilitas
1767 2233 1967 2270 intervenit.
2013 2234 2111 2270 Inter
2134 2245 2195 2269 uin
2217 2234 2341 2277 iudex,
2373 2234 2434 2280 qui

1346 2287 1391 2312 ex
1413 2277 1483 2313 hac
1505 2277 1647 2314 actione
1670 2279 1871 2324 cognoscit,
1897 2289 1979 2314 cum
2001 2279 2049 2314 sit
2071 2279 2281 2321 arbitraria,
2313 2279 2431 2315 absol-

1345 2332 1427 2358 vere
1457 2332 1558 2358 reum
1591 2322 1697 2359 debet
1726 2324 1893 2359 cautione
1924 2323 1970 2359 ab
1995 2333 2037 2359 eo
2061 2327 2189 2359 exacta
2212 2323 2256 2358 de
2272 2324 2433 2376 pecunia

1344 2367 1395 2402 ibi
1426 2367 1596 2403 solvenda
1626 2368 1688 2403 ubi
1719 2368 1895 2413 promissa
1926 2372 1991 2404 est.
2028 2368 2113 2413 quid
2136 2368 2228 2404 enim
2251 2378 2283 2404 si
2305 2369 2355 2404 ibi
2377 2369 2433 2404 vel

1345 2412 1467 2448 oblata
1489 2412 1643 2458 pecunia
1667 2413 1782 2449 actori
1805 2413 1947 2449 dicatur
1968 2413 2024 2449 vel
2047 2413 2210 2459 deposita
2231 2414 2286 2449 vel
2310 2423 2355 2449 ex
2376 2413 2432 2449 fa-

1346 2457 1405 2492 cili
1428 2457 1623 2493 solvenda?
1654 2468 1772 2494 nonne
1794 2458 1938 2494 debebit
1959 2458 2136 2494 interdum
2159 2458 2366 2494 absolvere?
2394 2459 2432 2494 in

1346 2512 1484 2538 summa
1514 2513 1558 2538 ae
1581 2503 1731 2539 uitatem
1753 2514 1895 2549 quoque
1917 2507 2001 2539 ante
2024 2504 2148 2539 oculos
2170 2503 2304 2539 habere
2327 2503 2433 2540 debet

1344 2547 1462 2590 iudex,
1487 2547 1548 2593 qui
1596 2548 1655 2583 uic
1678 2548 1811 2584 actioni
1834 2548 1997 2584 addictus
2020 2552 2085 2584 est.

1392 2591 1417 2630 5
1442 2591 1602 2628 PAozvs
1630 2593 1722 2629 libro
1752 2594 1942 2630 vicensimo
1973 2599 2099 2630 octavo
2122 2593 2174 2629 ad
2193 2593 2347 2630 edictum
2394 2593 2432 2629 Si

1345 2637 1447 2673 heres
1479 2647 1503 2673 a
1534 2641 1708 2674 testatore
1736 2639 1855 2675 iussus
1887 2639 1934 2674 sit
1967 2643 2065 2675 certo
2099 2638 2179 2675 loco
2215 2638 2300 2684 quid
2334 2638 2432 2682 dare,

1345 2682 1536 2718 arbitraria
1558 2683 1654 2719 actio
1679 2684 1866 2729 competit:

1391 2725 1417 2765 6
1441 2726 1672 2764 Poupomvs
1690 2728 1781 2765 libro
1800 2729 1989 2765 vicensimo
2010 2727 2168 2764 secundo
2188 2727 2239 2764 ad
2258 2727 2431 2765 Sabinum

1345 2776 1409 2853 {ut
1431 2776 1556 2809 mutua
1577 2773 1730 2819 pecunia
1746 2774 1799 2810 sic
1817 2773 1903 2809 data
1919 2772 2038 2815 fuerit,
2062 2777 2103 2808 ut
2126 2777 2224 2809 certo
2247 2773 2326 2809 loco
2348 2774 2426 2809 red-

1371 2822 1464 2853 atur.

1393 2861 1416 2899 7
1441 2861 1499 2899 PA
1507 2872 1603 2899 σιω]
1622 2862 1714 2899 libro
1737 2863 1928 2899 vicensimo
1951 2865 2077 2899 octavo
2109 2862 2159 2898 ad
2188 2862 2343 2899 edictum
2389 2863 2431 2898 In

1345 2908 1462 2944 bonae
1483 2907 1568 2943 fidei
1589 2908 1742 2951 iudiciis,
1766 2907 1905 2944 etiamsi
1926 2907 1964 2943 in
1987 2907 2231 2943 contrahendo
2255 2908 2430 2950 convenit,

1344 2957 1386 2989 ut
1408 2956 1506 2988 certo
1529 2953 1611 2988 loco
1637 2953 1723 2998 quid
1743 2956 1961 2999 praestetur,
1993 2963 2040 2988 ex
2071 2956 2189 2998 empto
2211 2952 2267 2988 vel
2288 2952 2432 2988 vendito

1350 3001 1363 3032 1
1412 2997 1467 3033 vel
1479 2997 1631 3043 depositi
1642 2998 1736 3034 actio
1750 2998 1929 3043 competit,
1950 3008 2023 3033 non
2042 2997 2232 3033 arbitraria
2252 2998 2356 3033 actio.
2393 2997 2431 3033 Si

1344 3047 1464 3079 tamen
1495 3046 1593 3078 certo
1623 3042 1704 3078 loco
1735 3042 1949 3078 traditurum
1982 3053 2021 3078 se
2052 3042 2131 3088 quis
2155 3042 2348 3088 stipulatus
2371 3042 2431 3084 sit,

1344 3088 1414 3123 hac
1435 3087 1578 3123 actione
1599 3087 1771 3123 utendum
1795 3087 1872 3123 exit.

1391 3129 1416 3171 8
1449 3133 1677 3168 AFRICANUS
1708 3132 1800 3169 libro
1835 3133 1940 3168 tertio
1975 3133 2226 3178 quaestionum
2280 3131 2430 3167 Centum

1346 3177 1491 3223 Capuae
1513 3175 1591 3212 dari
1613 3176 1804 3222 stipulatus
1827 3177 2071 3213 fideiussorem
2091 3177 2279 3223 accepisti:
2304 3186 2348 3211 ea
2391 3186 2428 3212 e-

1345 3223 1452 3258 cunia
1482 3222 1528 3258 ab
1553 3231 1595 3258 eo
1619 3222 1778 3257 similiter
1800 3226 1842 3257 ut
1864 3222 1910 3258 ab
1933 3222 2010 3267 ipso
2034 3222 2249 3267 promissore
2271 3221 2345 3267 peti
2366 3187 2428 3256 1de-

1343 3267 1454 3310 bebit,
1477 3267 1515 3303 id
1538 3270 1594 3302 est
1611 3270 1664 3309 ut,
1687 3267 1719 3303 si
1738 3267 1823 3302 alibi
1843 3277 1950 3312 quam
1969 3266 2114 3312 Capuae
2132 3270 2312 3312 petantur,
2334 3266 2428 3301 arbi-

1343 3313 1456 3348 traria
1478 3312 1536 3357 agi
1559 3311 1688 3348 debeat
1708 3311 1824 3364 lisque
1845 3311 1938 3347 tanti
1960 3312 2181 3354 aestimetur,
2206 3311 2331 3356 quanti
2353 3311 2430 3346 eius

1343 3357 1399 3393 vel
1429 3356 1561 3393 actoris
1591 3355 1791 3393 interfuerit
1822 3366 1900 3392 eam
1931 3366 2102 3391 summam
2134 3356 2278 3401 Capuae
2309 3355 2429 3401 potius

1345 3412 1451 3447 quam
1473 3401 1558 3437 alibi
1580 3401 1679 3437 solvi.
1715 3411 1782 3438 nec
1805 3401 1996 3447 oportebit,
2044 3401 2116 3437 uod
2135 3400 2229 3437 forte
2273 3411 2312 3437 er
2330 3410 2429 3435 rcum

1343 3447 1501 3490 steterit,
1534 3456 1604 3491 quo
1627 3446 1743 3482 minus
1765 3450 1843 3482 tota
1866 3449 2009 3481 centum
2060 3456 2176 3492 apuae
2198 3455 2238 3481 so
2253 3448 2429 3486 verentur,

1344 3491 1595 3537 obligationem
1627 3490 1846 3527 fideiussoris
1881 3500 1928 3526 au
1953 3491 2020 3526 eri:
2065 3501 2179 3536 neque
2213 3490 2305 3525 enim
2338 3489 2428 3542 haec

1345 3547 1456 3572 causa
1476 3540 1576 3572 recte
1609 3535 1874 3581 comparabitur
1904 3546 1926 3571 o
1952 3535 1976 3571 li
2023 3535 2111 3571 tioni
2143 3545 2347 3571 usurarum:
2379 3534 2428 3569 ibi

1345 3582 1437 3617 enim
1461 3581 1554 3617 duae
1576 3580 1825 3626 stipulationes
1849 3584 1950 3623 sunt,
2009 3581 2042 3616 ic
2074 3584 2192 3616 autem
2223 3589 2297 3616 una
2318 3589 2427 3625 pecu-

1342 3699 1387 3738 (5)
1412 3696 1494 3738 agit,
1508 3706 1582 3728 cum
1595 3698 1728 3729 constet
1739 3704 1913 3738 perperam
1923 3695 1976 3728 vel
1994 3694 2075 3728 talia
2095 3694 2245 3728 videntur
2263 3691 2422 3726 addim

1343 3742 1387 3780 (6)
1414 3740 1550 3774 dederat
1561 3740 1609 3773 12¹²
1689 3741 1732 3781 (7)
1757 3743 1792 3772 et
1803 3741 1863 3773 ins.
1876 3739 1920 3772 F·
