2528 3918
135 122 277 165 nus
1227 113 1285 162 70

181 246 240 279 tur
263 242 396 278 arbiter
418 240 628 277 sententiam
651 239 788 276 dicere:
812 238 850 275 id
873 238 966 275 enim
988 249 1061 274 uon
1084 242 1225 273 tantum

135 254 264 324 ffinori
287 296 536 333 personarum,
561 284 625 320 sed
659 289 695 320 et
725 283 904 320 maiestati
927 283 984 319 dei
1006 283 1222 327 indulgetur,

139 334 241 369 cuius
274 331 386 368 sacris
417 340 549 366 vacare
578 329 782 366 sacerdotes
813 332 967 375 oportet.
1004 332 1161 363 ceterum
1193 327 1224 362 si

137 381 264 423 postea
295 375 471 420 suscepit,
505 375 574 410 iste
606 385 748 421 quoque
778 373 979 410 omnimodo
1010 372 1224 408 sententiam

138 426 158 457 5
205 422 298 457 ferre
318 421 432 456 debet.
468 420 558 455 Item
578 430 651 455 non
669 423 725 456 est
745 418 935 464 cogendus,
961 418 991 453 si
1015 417 1058 453 de
1082 417 1222 462 negotio

137 470 358 503 transactum
390 468 463 508 est,
495 465 551 500 vel
581 464 687 501 homo
710 468 873 500 mortuus
905 467 959 498 est
982 462 1026 497 de
1049 472 1120 507 quo
1146 465 1224 497 erat

138 511 450 556 compromissum:
482 509 552 545 nisi
581 510 613 545 si
669 510 841 546 osteriore
875 518 962 543 casu
994 506 1129 551 aliquid
1151 506 1221 541 liti—

137 560 158 592 6
204 556 364 601 gantium
386 554 538 590 intersit.
592 520 752 590 Iulianus
786 553 990 589 indistincte
1007 551 1156 604 ‘scribit-z
1192 551 1224 586 si

136 611 201 647 per
230 601 409 636 errorem¹
448 600 494 636 de
532 598 671 636 famoso
708 599 837 635 delicto
868 597 915 632 ad
939 597 1111 632 arbitrum
1134 600 1224 631 itum

137 650 210 688 est,
242 646 296 681 vel
329 645 374 681 de
404 654 448 681 ea
478 644 553 687 ιε’,
588 644 632 680 de
688 654 736 679 ua
770 643 953 689 publicum
983 641 1154 676 iudicium
1178 641 1225 676 sit

138 690 385 733 constitutum,
409 689 520 726 veluti
543 689 588 725 de
611 689 656 725 ad
696 689 792 724 teriis
816 687 954 723 sicariis
979 690 1015 721 et
1038 686 1222 729 similibus,

136 740 257 771 vetare
281 735 385 771 debet
406 738 551 780 praetor
575 734 786 770 sententiam
810 733 929 767 dicere
952 741 1018 766 nec
1042 731 1129 766 dare
1148 731 1222 766 dic-

138 784 157 815 7
204 785 264 816 tae
287 780 563 816 exsecutionem.
601 779 655 814 De
678 778 815 814 liberali
836 787 947 812 causa
968 776 1222 821 compromisso

135 825 233 861 facto
251 830 349 861 recte
372 835 445 861 non
461 824 690 870 compelletur
707 824 842 859 arbiter
860 821 1073 857 sententiam
1093 821 1222 863 dicere,

165 871 225 906 uia
247 870 352 906 favor
374 870 549 906 libertatis
574 873 645 911 est,
677 872 717 904 ut
747 868 899 903 maiores
930 866 1067 901 iudices
1090 866 1224 901 habere

161 916 275 951 ebeat.
308 914 430 950 eadem
454 914 604 950 dicenda
628 918 722 955 sunt,
746 913 819 948 sive
843 911 886 947 de
908 910 1128 956 ingenuitate
1151 911 1224 946 sive

137 960 183 996 de
211 960 443 996 libertinitate
497 959 633 995 uaest10
669 959 716 993 sit
751 962 787 993 et
819 957 850 992 si
886 966 930 992 ex
960 956 1225 992 fideicommissi

138 1015 250 1041 causa
272 1005 420 1041 libertas
444 1004 487 1040 de
514 1004 565 1040 eri
588 1004 738 1038 dicatur.
775 1003 870 1037 idem
894 1001 1084 1036 dicendum
1108 1005 1163 1037 est
1185 1001 1223 1036 in

138 1053 158 1086 8
204 1050 371 1131 populari
395 1050 546 1085 actione.
584 1048 621 1083 Si
645 1048 790 1083 servus³
815 1046 1115 1091 compromiserit,
1149 1057 1223 1082 non

137 1105 249 1140 cogen
275 1106 334 1130 um
359 1094 478 1131 dicere
501 1093 712 1130 sententiam
736 1092 921 1134 arbitrum,
947 1101 1014 1127 nec
1029 1092 1060 1127 si
1079 1091 1220 1134 dixerit,

135 1141 298 1186 poenae⁴
330 1140 593 1175 exsecutionem
618 1138 772 1173 dandam
797 1137 840 1172 de
863 1136 1002 1182 peculio
1026 1140 1132 1181 putat
1151 1136 1222 1172 Oc-

136 1189 297 1221 tavenus.
324 1184 387 1220 sed
410 1195 468 1226 an,
494 1184 524 1219 si
547 1184 637 1218 liber
661 1194 741 1218 cum
766 1193 807 1218 eo
834 1181 1126 1227 compromiserit,
1160 1191 1221 1217 ex-

136 1230 273 1266 secutio
297 1229 467 1265 adversus
490 1229 641 1264 liberum
665 1228 780 1270 detur,
804 1227 1003 1262 videamus:
1030 1226 1092 1262 sed
1111 1227 1222 1271 magis

137 1278 159 1311 9
206 1279 271 1318 est,
304 1278 346 1310 ut
376 1285 448 1309 non
481 1274 595 1309 detur.
654 1273 744 1308 Item
777 1272 807 1307 si
839 1272 923 1317 qui⁶
955 1271 1093 1307 Romae
1125 1282 1221 1307 com-

136 1320 357 1367 promiserit,
388 1330 471 1354 mox
494 1318 646 1354 Romam
668 1318 707 1353 in
728 1317 941 1363 legationem
964 1316 1116 1352 venerit:
1149 1327 1221 1352 non

137 1370 192 1401 est
216 1364 394 1410 cogendus
426 1364 559 1399 arbiter
589 1363 803 1398 sententiam
837 1362 973 1404 dicere,
1005 1372 1078 1397 non
1109 1361 1222 1407 magis

137 1421 244 1456 quam
263 1412 458 1454 cogeretur,
483 1409 514 1443 si
532 1408 630 1443 litem
650 1411 734 1443 ante
754 1410 976 1443 contestatus
997 1410 1102 1449 esset,
1127 1417 1222 1442 nunc

137 1465 215 1491 eam
236 1464 420 1490 exercere:
444 1463 511 1489 nec
534 1453 693 1496 interest,
717 1456 805 1488 tunc
825 1462 967 1498 quoque
984 1451 1023 1487 in
1045 1451 1223 1496 legatione

137 1500 243 1535 fuerit
263 1510 309 1534 an
328 1509 412 1534 non.
438 1498 501 1534 sed
525 1498 556 1534 si
575 1508 671 1534 nunc
694 1498 731 1533 in
749 1497 927 1543 legatione
947 1497 1221 1542 compromittat,

136 1549 223 1590 puto
250 1543 447 1596 cogendum
470 1543 644 1578 arbitrum
668 1542 881 1579 sententiam
905 1542 1042 1585 dicere,
1079 1542 1163 1587 quia
1188 1546 1223 1577 et

136 1590 168 1625 si
201 1589 368 1624 iudicium
402 1592 530 1634 sponte
564 1588 781 1634 accepisset,
818 1591 1006 1633 cogeretur
1039 1597 1220 1632 peragere.

136 1638 220 1670 sunt
250 1634 394 1669 tamen⁰
433 1633 494 1679 qui
532 1633 577 1669 de
610 1633 680 1668 isto
712 1643 785 1668 non
815 1636 913 1668 recte
944 1631 1128 1668 dubitant:
1162 1632 1223 1677 qui

136 1680 258 1724 utique
281 1679 379 1714 nullo
404 1678 509 1714 modo
535 1678 769 1721 dubitabunt,
804 1678 835 1713 si
866 1677 912 1713 de
935 1687 978 1712 ea
1000 1687 1041 1713 re
1063 1677 1101 1712 in
1125 1676 1222 1722 lega-

136 1725 232 1760 tione
253 1723 506 1769 compromisit,
530 1734 635 1768 quam
658 1723 696 1758 in
717 1722 895 1768 legatione
916 1722 1114 1758 contraxit:
1163 1722 1224 1757 uia

135 1774 172 1806 et
202 1768 371 1805 iudicium
403 1778 444 1804 eo
468 1769 612 1804 nomine
641 1768 805 1813 accipere
838 1771 1033 1813 cogeretur.
1069 1733 1163 1802 illut}
1186 1767 1225 1802 in

160 1815 250 1849 rima
273 1813 392 1860 specie
414 1816 534 1859 potest
557 1813 703 1858 dispici,
729 1823 795 1855 an,
819 1812 850 1848 si
873 1816 958 1848 ante
982 1811 1225 1857 compromisit

149 1863 285 1904 egatus,
321 1858 501 1904 cogendus
536 1858 584 1893 sit
617 1858 752 1894 arbiter
786 1858 998 1893 sententiam
1029 1857 1159 1900 dicere,
1194 1857 1225 1892 si

135 1905 147 1939 i
173 1914 212 1939 se
234 1904 374 1956 legatus
397 1903 573 1949 postulet:
599 1903 695 1955 quod
718 1903 834 1948 prima
856 1903 995 1938 ratione
1046 1902 1150 1938 oterit
1172 1902 1224 1937 vi-

160 1949 212 1984 eri
233 1948 405 1994 imquum,
429 1952 470 1983 ut
492 1948 529 1983 in
551 1948 663 1993 ipsuis
711 1951 864 1983 otestate
887 1948 944 1983 sit.
977 1958 994 1983 s
1061 1948 1131 1982 hoc
1153 1947 1226 1983 tale

136 1994 223 2036 erit,
255 1994 361 2039 quale
383 1993 413 2028 si
437 1993 615 2028 actionem
641 2003 684 2028 ve
700 1993 727 2027 ‘t
749 1993 905 2035 dictare,
930 1992 1027 2037 quod
1049 1991 1170 2028 facere
1193 1992 1226 2027 ei

135 2039 230 2074 licet.
267 2038 330 2074 sed
363 2038 656 2083 compromissum
686 2037 784 2073 istud
807 2037 1093 2082 comparabimus
1128 2036 1224 2072 ordi-

136 2084 260 2119 nariae
283 2083 460 2124 actioni⁷‚
491 2086 532 2117 ut
554 2093 626 2117 non
650 2082 739 2118 alias
763 2082 931 2118 audiatur
954 2082 1160 2117 desiderans
1184 2085 1226 2117 ut

139 2131 181 2163 10
228 2128 362 2163 arbiter
381 2128 593 2163 sententiam
613 2127 721 2169 dicat,
747 2137 854 2172 quam
876 2127 906 2162 si
918 2137 958 2162 se
969 2126 1150 2163 defendat.
1186 2126 1225 2162 Si

136 2173 167 2208 is
189 2172 301 2208 faciat
324 2172 602 2208 controversiam
624 2172 842 2215 hereditatis,
891 2172 928 2207 ui
951 2182 1033 2207 cuin
1052 2171 1223 2208 defuncto

137 2218 447 2263 compromiserat,
478 2217 639 2253 futurum
663 2221 719 2253 est
740 2217 866 2263 praeiu
893 2217 999 2252 ’cium
1022 2216 1223 2260 hereditati,

136 2263 168 2298 si
191 2263 324 2298 arbiter
347 2263 558 2298 sententiam
582 2262 696 2298 dicat:
733 2273 816 2307 ergo
847 2262 985 2297 interea
1007 2261 1222 2297 inhibendus

139 2311 177 2342 11
228 2311 283 2342 est
318 2307 461 2343 arbiter.
508 2307 595 2343 Dies
630 2307 875 2353 compromissi
909 2306 1062 2352 proferri
1093 2310 1223 2352 potest,

137 2363 210 2388 non
233 2353 330 2388 cum*
353 2362 397 2387 ex
421 2353 666 2395 conventione,
690 2352 762 2397 sed,
777 2363 858 2387 cum
881 2352 981 2387 iussu
1001 2352 1125 2387 arbitri
1145 2361 1224 2387 eam

140 2400 180 2433 12
226 2396 380 2442 proferri
402 2407 547 2433 necesse
571 2401 636 2439 est,
660 2398 723 2433 ne⁹
745 2407 863 2443 poena
886 2397 1138 2432 committatur.
1186 2396 1225 2432 Si

136 2442 270 2478 arbiter
303 2452 382 2478 sese
416 2442 532 2478 celare
565 2443 790 2488 temptaverit
803 2443 841 2484 ¹⁰,
873 2446 1020 2487 praetor
1054 2452 1135 2477 eum
1169 2442 1223 2477 in-

136 2487 309 2532 vestigare
329 2487 444 2530 debet,
471 2492 507 2522 et
527 2487 558 2523 si
570 2487 631 2523 diu
642 2498 715 2523 non
723 2487 896 2540 paruerit,
921 2487 1034 2522 multa
1052 2486 1223 2522 adversus

141 2534 181 2567 13
230 2542 310 2567 eum
333 2532 483 2567 dicenda
507 2536 571 2568 est.
610 2532 698 2567 Cum
721 2543 759 2567 in
782 2533 905 2578 plures
930 2532 1224 2577 compromissum

138 2580 194 2611 est
210 2586 252 2612 ea
265 2576 485 2619 condicione,
509 2579 580 2612 ut¹¹
629 2577 754 2613 uilibet
776 2578 832 2612 vel
855 2587 949 2612 unus
969 2577 1118 2612 dixisset
1141 2587 1222 2612 sen-

137 2622 295 2663 tentiam,
320 2631 362 2657 eo
387 2625 552 2665 staretur,
588 2633 610 2657 a
637 2623 798 2658 sentibus
823 2622 949 2658 ceteris
973 2622 1082 2657 nihilo
1106 2621 1222 2657 minus

138 2666 199 2710 qui
230 2676 398 2710 praesens
431 2670 485 2702 est
516 2671 679 2712 cogetur:
716 2671 754 2702 at
784 2667 814 2702 si
849 2677 893 2702 ea
925 2666 1146 2709 condicione,
1181 2670 1223 2701 ut

138 2721 261 2746 omnes
286 2710 426 2753 dicant,
458 2711 512 2747 vel
536 2712 631 2757 quod
655 2712 700 2747 de
722 2712 869 2748 maioris
898 2712 1014 2764 partis
1045 2711 1222 2747 sententia

138 2755 323 2800 placuerit,
347 2766 419 2790 non
443 2755 548 2791 debet
571 2757 728 2802 singulos
752 2760 944 2803 separatim
969 2766 1105 2802 cogere,
1162 2756 1223 2792 uia

142 2802 197 2852 14·
230 2800 443 2851 singulorum
467 2802 644 2837 sententia
659 2802 706 2837 ad
728 2812 881 2847 poenam
900 2812 974 2837 non
997 2801 1096 2837 facit.
1133 2767 1222 2837 gum

139 2843 290 2897 quidam·
318 2845 451 2879 arbiter
486 2856 530 2880 ex
564 2847 642 2881 aliis
679 2848 797 2882 causis
833 2847 998 2882 inimicus
1033 2846 1222 2882 manifeste

141 2893 384 2934 apparuisset,
409 2891 659 2926 testationibus
685 2892 791 2927 etiam
815 2896 1011 2927 conventus
1025 2918 1034 2934 ‚
1069 2902 1115 2927 ne
1139 2901 1219 2927 sen-

139 2934 285 2969 tentiam
310 2933 493 2977 diceret¹²,
517 2936 627 2970 nihilo
659 2937 774 2972 minus
798 2937 895 2972 nullo
920 2940 1069 2989 cogente
1103 2936 1221 2972 dicere

138 2983 411 3030 perseverasset,
435 2979 553 3015 libello
571 2981 756 3016 cuiusdam
772 2982 808 3016 id
824 2986 1005 3026 querentis
1028 2982 1223 3026 imperator

138 3024 342 3066 Antoninus
366 3023 576 3059 subscribsit
599 3036 703 3069 posse
727 3036 806 3061 eum
822 3027 875 3061 uti
898 3026 970 3061 doli
984 3027 1068 3062 mali
1092 3036 1220 3071 excep-

137 3068 246 3104 tione.
272 3072 308 3104 et
325 3067 428 3109 idem,
450 3079 529 3103 cuin
549 3079 571 3103 a
590 3070 706 3105 iudice
727 3071 981 3114 consuleretur,
1000 3082 1022 3106 a
1048 3071 1097 3106 ud
1117 3081 1221 3116 quem

138 3122 256 3159 poena
287 3113 494 3158 petebatur,
530 3115 731 3159 rescripsit,
769 3116 906 3151 etiamsi
941 3126 1033 3161 appe
1060 3116 1114 3151 ari
1148 3126 1221 3151 non

138 3161 268 3203 potest,
293 3157 363 3192 doli
387 3158 470 3192 mali
494 3160 733 3203 exceptionem
754 3161 791 3195 in
811 3171 948 3212 poenae
967 3161 1138 3206 petitione
1156 3161 1220 3196 ob-

139 3205 323 3238 staturam.
348 3212 412 3247 per
435 3202 528 3238 hanc
553 3206 666 3248 erg0¹³
690 3210 934 3249 exceptionem
957 3206 1131 3251 quaedam
1155 3215 1218 3251 ap-

139 3246 296 3293 pellandi
309 3247 455 3300 ,species
480 3252 544 3290 est,
570 3259 650 3283 cum
675 3249 780 3284 liceat
802 3254 998 3286 retractare
1011 3251 1038 3272 ¹⁴
1070 3250 1115 3286 de
1138 3260 1219 3286 sen·

143 3295 183 3327 15
229 3295 343 3328 tentia
376 3292 512 3328 arbitri.
572 3292 627 3328 De
662 3293 780 3329 officio
822 3295 946 3330 arbitri
981 3295 1220 3331 tractantibus

139 3453 188 3491 (1)
213 3460 383 3493 peri-orem
395 3450 432 3484 F
594 3451 640 3491 (2)
665 3460 701 3483 rs
715 3463 772 3484 om.
786 3451 820 3483 F
975 3454 1021 3494 (3)
1047 3463 1178 3486 servum
1191 3452 1226 3485 F'

138 3498 187 3536 (4)
210 3505 320 3538 poena
332 3494 366 3528 F
436 3496 484 3537 (5)
508 3495 584 3538 quis
597 3494 649 3528 F²
730 3496 776 3537 (8)
803 3498 930 3529 tament
942 3497 976 3530 F
1051 3498 1098 3539 (7)
1122 3498 1170 3531 eie
1182 3496 1219 3537 S,

137 3540 419 3573 ordinariaotioni
427 3538 490 3580 Ρ,
500 3539 786 3573 ordinariaotione
800 3540 834 3572 F
839 3540 849 3560 ¹
916 3542 962 3582 (8)
977 3552 1050 3574 cum
1062 3542 1123 3576 del.
1135 3542 1219 3576 Hae.

138 3586 186 3627 (9)
210 3586 266 3627 ne]
279 3588 319 3618 ut
328 3597 392 3620 scr.
484 3587 554 3627 (10)
578 3588 801 3628 temptaverat
812 3585 847 3617 F
933 3588 962 3625 (1
973 3591 1002 3618 i»
1026 3587 1056 3619 si
1068 3588 1129 3621 ins.
1144 3588 1219 3621 deu.

140 3631 209 3672 (12)
234 3633 268 3663 st
280 3631 342 3664 ine.
435 3631 505 3672 (is)
528 3629 656 3673 regor
742 3630 812 3672 (1⁴)
836 3631 1006 3663 reti-arel*
1092 3633 1162 3673 (16)
1187 3634 1221 3664 st

138 3677 222 3716 puto
231 3677 319 3716 vere]
332 3674 463 3708 valere:
477 3677 512 3709 et
522 3679 607 3718 puto
618 3686 682 3708 scr.
796 3677 825 3714 (1
835 3678 865 3708 ο)
890 3674 942 3706 vel
954 3685 988 3707 ss
1001 3675 1052 3708 vel
1067 3675 1172 3708 alium
1185 3686 1220 3709 ss

139 3718 191 3751 vsl
204 3719 240 3751 in
254 3719 359 3752 alium
374 3719 408 3752 F
516 3722 587 3762 (1‘1)
610 3719 655 3752 lio
666 3719 702 3754 F
813 3719 883 3759 (18)
909 3719 1032 3752 Pedius
1044 3720 1080 3753 id
1093 3721 1219 3763 impro-

1946 130 2007 161 DE
2036 130 2248 163 REOEP‘HS
2259 135 2270 162 ἕ
2300 131 2377 171 Qm

1293 237 1475 273 sciendum
1499 240 1554 274 est
1576 247 1718 273 omnem
1741 242 1934 276 tractatum
1958 249 2001 274 ex
2024 239 2102 284 ipso
2124 240 2378 285 compromisso

1292 282 1520 363 ⁸¹¹¹¹²0ffi30¹¹r¹2¹²
1545 283 1916 365 ἓξὲῑέἷῗίηῗὲἕᾱθὲἓ
1933 284 2073 364 Ἔῗὲἓὴὲ
2090 284 2380 365 ᾳὲωηὲἓοῗιιξὴὲ

1292 331 1451 408 gttatuere
1487 382 1529 408 ar
1552 372 1637 426 iter.
1650 374 1785 418 poterit
1818 384 1885 410 nec
1908 356 1953 409 'in
1976 384 2047 419 qua
2070 340 2114 409 reg
2132 340 2219 409 liblet
2242 375 2311 427 nisi
2334 341 2378 411 «fe

1292 426 1364 498 ἓξ*
1384 426 1525 497 ἔὲιῗοω
1540 427 1740 498 ιῖἓέἒῗὲῗι
1761 423 1816 500 ἓὲξ
1835 422 2380 500 θὲέζῖῗᾶἶῖιὲοᾞὲὲἒῖἐῗεᾞ

1292 506 1428 559 dictum
1450 516 1523 542 non
1547 507 1760 552 quamlibet,
1793 509 1878 545 licet
1900 508 1944 544 de
1967 508 2179 554 quibusdam
2201 490 2379 544 varia'tum

1291 555 1349 587 sit.
1375 555 1412 587 et
1434 555 1522 597 puto
1546 554 1660 587 vere¹⁵
1682 563 1758 589 non
1781 553 1963 596 committi,
1987 554 2019 588 si
2043 553 2140 589 dicat
2159 553 2206 589 ad
2225 553 2379 589 iudicem

1292 596 1337 632 de
1360 596 1430 632 hoc
1454 596 1610 632 eundum
1632 598 1692 651 vel
1711 598 1749 634 in
1772 609 1811 634 se
1834 599 1888 634 vel
1911 599 1949 633 in
1972 598 2082 634 alium
2096 599 2124 620 ¹⁰
2148 598 2377 651 compromit-

1292 641 1449 677 tendum.
1475 651 1560 677 nam
1579 645 1616 677 et
1626 642 1786 679 Iulianus
1805 644 1950 689 impune
1969 653 2040 678 non
2052 653 2182 688 pareri,
2206 653 2238 679 si
2257 644 2381 679 iubeat

1292 686 1339 722 Μ
1352 686 1663 767 suasim
1673 688 1815 769 san-2
1827 688 2257 769 arsissans?
2277 689 2380 768 Ψ

1292 741 1436 829 {gi-egui·
1458 780 1521 812 aut
1544 758 1730 829 s'atisdatio
1739 744 1902 820 ldregunu
1911 777 2110 823 parendum
2134 744 2214 813 eslslg
2235 743 2380 814 slesntegt

1291 821 1928 904 mapsam...
1948 823 2380 912 {geremias

1292 915 1362 954 tur,
1387 912 1643 978 suaosententia
1653 912 1761 948 finem
1781 912 2181 965 controversiaeffieum
2199 895 2382 958 imponere

1292 960 1484 1037 ἓέἓέἒὲξω·
1501 958 1851 1038 ἕὲἲιὲἒιξῗῗηῗᾛ
1866 961 2287 1038 megisti&
2298 962 2383 1048 1223}

1292 1047 1805 1128 ῐθῳὲζθῇῗιίῗὲἓὲἒέξαξεδῗᾰ
1822 1047 2139 1128 ηέ“3ἓί“ᾱ;“ὲὶ’ἳὶῗ
2173 1047 2382 1128 Βὲεξίᾱθᾟὲἱ

1292 1102 1354 1171 {du
1361 1102 1433 1172 hum
1457 1119 1751 1182 compromissuin
1774 1103 1832 1180 sst,
1857 1141 1898 1172 ut
1917 1102 2051 1173 affiter
2068 1103 2253 1180 statuleret,
2269 1119 2381 1173 'cuius

1295 1184 1334 1216 17
1383 1181 1561 1217 arbitratu
1583 1182 1828 1218 satisdaretur.
1875 1183 1965 1218 Item
1989 1183 2019 1218 si
2042 1182 2165 1217 iubeat
2184 1183 2253 1218 sibi
2272 1182 2382 1217 alium

1292 1226 1479 1272 coniungi,
1513 1237 1594 1262 cum
1616 1227 1655 1262 id
1676 1228 1715 1263 in
1738 1228 1993 1273 compromisso
2017 1237 2090 1262 non
2115 1228 2171 1270 sit,
2197 1238 2269 1263 non
2293 1227 2381 1262 dicit

1291 1272 1523 1307 sententiam:
1549 1282 1632 1307 nam
1656 1273 1833 1308 sententia
1856 1283 1935 1308 esse
1957 1272 2065 1307 debet
2088 1272 2132 1307 de
2154 1283 2194 1308 re
2217 1282 2381 1317 compro-

1296 1319 1335 1352 18
1377 1316 1571 1370 ‘missia-de
1592 1317 1662 1370 boc
1686 1321 1806 1370 autem
1827 1317 2122 1370 compromissum
2145 1328 2218 1353 non
2242 1321 2307 1353 est.
2343 1317 2382 1353 Si

1292 1362 1436 1405 domini,
1457 1373 1518 1407 qui
1535 1372 1686 1414 invicem
1706 1363 1868 1415 stipulati
1887 1365 1969 1404 sint,
1991 1363 2275 1415 ²¹procuratores
2295 1372 2381 1414 suos

1291 1407 1867 1488 ‘530133213332253ffl3211333a
1887 1408 2381 1498 2⁰ffi³503335235552⁸ffls

1293 1500 1336 1532 20
1382 1496 1434 1539 fit,
1473 1500 1567 1532 otest
1577 1497 1702 1533 iubere
1713 1498 1819 1534 etiam
1830 1497 1996 1533 heredem
2007 1507 2129 1533 eorum
2142 1497 2278 1533 adesse.
2311 1498 2380 1532 Ar-

1292 1541 1374 1577 bitri
1398 1541 1439 1578 of
1463 1542 1518 1578 cio
1543 1542 1747 1578 continetur
1770 1546 1806 1578 et
1829 1542 2125 1588 quemadmodum
2146 1543 2250 1578 detur
2266 1552 2382 1578 vacua

1316 1587 1481 1640 ossessio.
1513 1597 1561 1622 an
1583 1591 1620 1623 et
1638 1588 1760 1623 satis²³
1779 1591 1896 1623 ratam
1907 1598 1984 1623 rem
1995 1586 2227 1623 habiturum?
2251 1587 2381 1623 Sextus

1322 1632 1423 1668 edius
1446 1635 1569 1677 putat,
1594 1632 1689 1678 quod
1712 1633 1849 1668 nullam
1872 1634 2049 1668 rationem
2075 1633 2203 1669 habet:
2237 1643 2320 1668 nam
2351 1633 2382 1668 si

1291 1680 1411 1712 ratum
1433 1687 1507 1729 non
1528 1677 1663 1730 habeat
1695 1678 1878 1720 dominus,
1912 1678 2152 1731 committetur
2183 1678 2379 1723 stipulatio.

1293 1725 1333 1757 21
1362 1722 1530 1774 ,Arbiter
1552 1722 1654 1775 nihil.
1675 1726 1778 1758 extra
1801 1733 1879 1759 com
1905 1733 2093 1776 remissum
2115 1722 2237 1758 facere
2259 1726 2381 1775 potest

1293 1767 1718 1848 θξοέἓῖἓῃᾱῖἳοθὲἓὲᾚξῒὲ
1748 1771 1807 1848 32²
1822 1768 2382 1849 ..2203121‘33233030m35ffl

1292 1823 1316 1910 ξ)
1339 1854 1392 1895 33
1417 1839 1666 1894 ΡΑΡὶΜΛΝσε
1685 1858 1777 1894 libro
1794 1823 1919 1904 Ξνίπιο
1943 1824 2206 1904 quaestionump
2237 1840 2383 1893 Arbiter

1291 1905 1344 1937 ¹³⁵²
1374 1905 1538 1982 §wilm
1577 1902 2382 1984 Ἥἓξὲἳῗδίἳέεῧζέἕαῗέᾝὲῗῧῗ

1292 1951 1813 2037 {ifiisdilgentffiusllilitigatoribus
1837 1959 1911 2029 ili’on
1933 1975 2063 2039 potest.

1339 2034 1393 2075 34
1418 2036 1476 2072 ΡΑ
1483 2046 1578 2072 taos
1597 2037 1688 2073 libro
1714 2038 1818 2073 tertio
1837 2038 1973 2074 decimo
1994 2037 2044 2073 ad
2063 2037 2215 2074 edictum
2251 2036 2290 2072 Si
2310 2036 2381 2072 duo

1292 2082 1345 2117 rei
1368 2084 1453 2117 sunt
1476 2086 1540 2117 aut
1564 2082 1765 2118 credendi²²¹⁵
1788 2086 1852 2117 aut
1871 2081 2023 2119 debendi
2042 2086 2079 2118 et
2097 2092 2191 2117 unus
2217 2092 2379 2127 compro-

1293 2127 1430 2162 miserit
1451 2126 1553 2172 isque
1567 2127 1697 2163 vetitus
1721 2128 1769 2163 sit
1783 2132 1905 2172 petere
1927 2131 1992 2163 aut
2014 2137 2060 2163 ne
2082 2127 2129 2163 ab
2154 2137 2196 2162 eo
2215 2130 2380 2172 petatur:

1293 2171 1482 2208 videndum
1506 2175 1572 2224 est,
1607 2182 1655 2207 an
1678 2172 1710 2208 si
1721 2173 1824 2225 ‘alius
1837 2176 1949 2225 ‚petat
1970 2173 2026 2208 vel
2059 2173 2104 2208 ab
2129 2172 2199 2208 alio
2223 2175 2378 2224 petatur,
2402 2170 2410 2177 ⁴

1292 2220 1693 2297 Ξὲἓιωῃὲἳῃῗέῒᾛῒι·
1718 2217 1818 2297 ἑῗιίῗ.
1835 2217 2382 2307 Ἔιᾱὲἕιῗὲἓεέἳῖῖῖθᾝῗιέἳῗὲ

1292 2306 1562 2342 fideiussoribus
1587 2307 1812 2352 coniungere,
1848 2307 1878 2342 si
1902 2307 1991 2342 socii
2014 2309 2116 2342 sunt:
2152 2306 2242 2342 alias
2266 2316 2332 2342 nec
2356 2316 2380 2341 a

1293 2355 1329 2387 te
1378 2351 1497 2394 etitur,
1528 2362 1596 2387 nec
1619 2362 1683 2396 ego
1707 2352 1835 2397 peto2⁵‚
1868 2362 1935 2387 nec
1966 2362 2044 2387 meo
2069 2352 2212 2387 nomine
2234 2351 2379 2396 petitur,

1297 2400 1312 2432 1
1376 2396 1445 2432 ‘cet
1468 2406 1491 2431 a
1513 2399 1550 2432 te
1572 2400 1727 2442 petatur.
1775 2396 1891 2432 Semel
1922 2397 2111 2433 commissa
2143 2406 2261 2442 poena
2291 2395 2380 2432 solvi

1294 2441 1588 2486 compromissum
1618 2441 1751 2477 rectius
1783 2445 1872 2487 puto
1905 2441 1976 2477 dici
2007 2452 2073 2478 nec
2098 2452 2155 2476 ain
2181 2441 2249 2476 lius
2272 2450 2380 2486 posse

1294 2486 1486 2539 committi,
1518 2486 1586 2539 nisi
1609 2486 1646 2522 id
1670 2490 1791 2522 actum
1814 2487 1860 2523 sit
1883 2490 1924 2522 ut
1945 2487 1984 2522 in
1993 2487 2025 2509 ²⁶
2056 2452 2215 2532 singufas
2249 2496 2379 2521 causas

1291 2534 1804 2629 tot5e5nsquililiffi‘tgragurff2-mo
1829 2576 1879 2612 ad
1900 2576 2053 2612 edictum
2070 2574 2298 2628 protginofale
2341 2574 2379 2610 Si

1291 2621 1701 2719 &piuriiqesrmssoissffi
1718 2624 1962 2712 {mitta
1972 2624 2281 2711 “gffifzffffia
2298 2629 2380 2717 3ῗέ

1317 2715 1564 2754 ronuntietur,
1626 2721 1717 2747 oena
1750 2722 1824 2747 non
1858 2714 2019 2746 tenetur:
2062 2714 2313 2755 praeterquam
2347 2719 2379 2745 si

1316 2755 1536 2809 deiussorem
1559 2755 1707 2809 deerit,
1732 2766 1755 2792 a
1778 2767 1848 2802 quo
1872 2765 1991 2801 poena
2013 2755 2087 2800 peti
2109 2755 2234 2800 possit.
2271 2754 2378 2800 idque

1291 2805 1328 2837 et
1336 2801 1417 2884 31311
1418 2805 1726 2882 Βῂῃιῗμειῑῧξιὶίῠνο
1745 2846 2036 2892 septuaqensimo
2054 2845 2206 2892 septimo
2225 2843 2275 2880 ad
2284 2843 2378 2879 edic-

1291 2894 1365 2926 tum
1412 2891 1451 2927 Si
1469 2891 1607 2927 ferlatis
1629 2890 1754 2926 diebus
1774 2893 1923 2935 cogente
1941 2893 2108 2935 praetore
2128 2888 2262 2925 arbiter
2280 2888 2379 2924 dicat

1290 2936 1503 2988 sententiam
1526 2939 1563 2972 et
1585 2939 1730 2981 petatur
1744 2945 1789 2970 ex
1812 2935 2068 2979 compromisso
2087 2943 2220 2988 poena,
2247 2943 2376 2978 excep·

1288 2984 1423 3017 tionem
1453 2981 1573 3017 locum
1603 2991 1677 3016 non
1707 2980 1840 3015 habere
1873 2984 2025 3022 constat,
2062 2989 2131 3015 msi
2160 2978 2272 3014 aha²⁷
2300 2977 2377 3023 lege

1290 3025 1413 3061 eadem
1437 3025 1511 3062 dies
1535 3025 1677 3067 feriata,
1707 3025 1745 3060 in
1768 3034 1840 3070 qua
1863 3025 2041 3061 sententia
2063 3025 2160 3060 dicta
2183 3027 2249 3066 est,
2275 3023 2306 3045 ²⁸
2314 3033 2374 3058 ex-

1289 3080 1330 3106 ce
1355 3074 1405 3151 t?
1425 3115 1570 3151 Cusus
1601 3113 1692 3150 libro
1734 3113 1894 3150 secundo
1928 3113 2149 3161 diffestorum
2207 3111 2375 3158 Quamvis

1288 3159 1423 3195 arbiter
1456 3158 1608 3195 alterum
1642 3159 1688 3194 ab
1723 3158 1835 3194 altero
1870 3162 1992 3204 petere
2025 3158 2155 3199 vetuit,
2192 3157 2223 3193 si
2256 3161 2375 3192 tamen

1289 3205 1391 3241 heres
1414 3205 1522 3251 petit,
1555 3213 1708 3250 poenam
1732 3203 1946 3239 committet:
1983 3213 2055 3239 non
2086 3203 2180 3238 enim
2204 3202 2374 3238 differen-

1290 3250 1415 3286 darum
1437 3249 1552 3285 litium
1573 3259 1641 3285 cau
1718 3248 1782 3284 sed
1800 3248 2038 3284 tollendarum
2050 3247 2096 3283 ad
2117 3247 2271 3282 arbitros
2289 3246 2373 3282 itur.

1335 3291 1389 3333 38
1413 3258 1774 3331 Monnsr1n02⁸2ibro
1785 3297 1890 3329 sexto
1909 3293 2119 3340 regularum
2155 3291 2245 3327 Cum
2257 3301 2376 3337 poena

1291 3450 1348 3485 bat
1359 3464 1422 3485 scr.
1538 3453 1607 3493 (19)
1633 3449 1906 3484 controversiaF'
2015 3451 2085 3491 (2ο)
2110 3452 2265 3492 oportere
2287 3446 2374 3481 Hal.

1291 3499 1360 3536 (21)
1385 3506 1446 3539 per
1458 3498 1517 3530 ins.
1529 3498 1604 3531 edd.
1730 3496 1799 3537 (22)
1824 3494 1939 3527 heredi
1952 3494 1986 3527 F
2117 3495 2187 3534 (23)
2213 3496 2246 3525 et
2258 3502 2372 3535 quem·

1289 3540 1467 3574 admodum
1486 3542 1640 3574 tradatur
1658 3550 1766 3573 vaona
1789 3539 1974 3582 possessio:
1999 3549 2042 3572 an
2063 3542 2098 3572 et
2114 3538 2198 3572 satis
2215 3540 2255 3570 ut
2275 3538 2373 3570 detur

1288 3586 1482 3630 Dsyenkolb
1619 3587 1688 3628 (24)
1713 3583 1898 3618 redendiF
2036 3584 2106 3626 (2⁶)
2130 3593 2192 3616 neo
2205 3592 2267 3625 ego
2322 3581 2371 3623 to]

1289 3630 1370 3663 licet
1382 3641 1443 3673 ego
1456 3634 1568 3674 petam
1582 3630 1661 3664 Hal.
1790 3629 1861 3669 (26)
1884 3629 1921 3661 ἰιι
1935 3640 1995 3662 om.
2009 3628 2045 3662 F

1291 3676 1425 3710 Poelnier
1515 3678 1582 3717 (2⁸3)
1607 3677 1659 3708 est
1670 3676 1730 3708 ins.

2161 3628 2231 3670 (27)
2256 3636 2274 3660 a
2290 3626 2373 3669 iqua
