2528 3918
126 135 182 165 ΕΤ
211 135 571 166 FIDEICOMMISSIS

126 247 219 287 dum,
245 246 329 291 quin
353 245 455 281 Seius
480 251 515 281 et
537 245 639 281 fundi
663 249 801 290 partem
826 248 862 280 et
885 245 1007 280 decem
1031 255 1075 280 ex
1099 248 1211 280 testa·

124 294 239 326 mento
264 291 448 335 percipere
472 291 611 327 debeat.

173 335 222 373 14
261 336 383 372 GAws
421 337 512 372 libro
546 337 669 382 primo
738 336 1065 371 deicommissorum
1129 335 1212 371 Non

123 382 269 417 dubium
294 385 364 423 est,
396 382 498 427 quin,
523 382 554 418 si
578 381 683 417 uxori
721 385 863 427 egatum
886 381 934 417 sit
957 381 999 416 ‘si
1022 392 1096 416 non
1119 391 1210 426 nup-

123 427 229 462 ‘serit'
260 427 367 471 idque
396 427 456 461 alii
484 427 672 462 restituere
702 431 827 472 rogata
856 427 919 466 sit,
957 426 1115 471 cogenda
1144 430 1210 469 est,

128 476 136 506 l
188 472 220 507 si
244 472 421 516 nupserit,
447 472 646 508 restituere.
694 472 808 508 Heres
832 482 989 517 quoque,
1022 471 1082 507 cui
1104 471 1208 508 iuris-

123 517 262 552 iurandi
288 517 449 553 condicio
474 518 680 559 remittitur,
712 518 866 562 legatum
897 522 932 552 et
960 517 1209 553 fideicommis-

122 566 139 596 2
189 573 266 597 sum
292 562 407 598 debet.
455 563 525 598 Sed
549 563 580 598 si
605 563 663 598 cui
690 563 846 609 legatum
875 563 1040 598 relictum
1069 566 1141 605 est,
1170 566 1212 597 ut

121 607 272 642 alienam
301 618 374 642 rem
404 608 556 643 redimat
584 608 639 643 vel
667 612 842 652 praestet,
875 608 905 643 si
934 608 1108 643 redimere
1138 618 1211 643 non

119 652 252 698 possit,
278 653 374 697 quod
398 653 561 688 dominus
586 664 659 688 non
681 653 813 688 vendat
835 653 891 688 vel
914 653 1103 688 immodico
1127 663 1209 698 pre-

120 698 169 733 tio
194 698 334 740 vendat,
358 698 491 734 iustam
514 698 798 734 aestimationem
821 698 984 733 inferat¹.

168 742 217 780 15
254 743 490 779 MAEOJANUS
527 745 617 780 libro
654 744 812 780 secundo
850 744 1208 789 fideicommissorum

119 789 195 824 Hae
231 799 287 824 res
323 789 506 824 testatoris
541 789 679 833 legatae
715 800 806 834 quae
840 790 878 824 in
914 789 1094 834 profundo
1130 799 1209 825 esse

119 835 296 877 dicuntur,
322 834 535 880 quandoque
559 835 803 879 apparuerint,
827 839 1068 879 praestantur.

167 877 217 916 16
237 879 466 915 POMPONIUS
475 881 565 915 libro
572 880 695 926 primo
706 880 1063 925 fideicommissorum
1094 880 1209 924 Saepe

118 926 271 969 legatum
301 925 442 969 plenius
474 925 705 960 restituetur²
738 925 1066 961 fideicommissario
1103 935 1209 971 quam

118 974 211 1005 esset
240 970 420 1011 relictum,
450 971 560 1006 veluti
590 971 620 1005 si
649 971 827 1006 alluvione
851 981 936 1016 ager
960 975 1088 1006 auctus
1114 974 1209 1006 esset

117 1016 171 1050 vel
195 1015 301 1050 etiam
325 1016 463 1051 insulae
487 1020 605 1051 natae.

168 1058 216 1097 17
254 1060 490 1096 MAECJANUS
527 1062 618 1097 libro
658 1062 815 1096 secundo
850 1061 1208 1107 fideicommissorum

116 1107 237 1141 Etiam
262 1117 304 1141 ea
328 1117 419 1151 quae
443 1106 566 1141 futura
590 1110 674 1142 sunt
697 1107 808 1151 legari
831 1111 999 1152 possunt,
1025 1110 1066 1142 ut
1088 1106 1208 1141 insula

123 1156 132 1186 1
193 1152 249 1186 vel
285 1152 323 1187 in
356 1162 455 1187 mare
484 1152 539 1187 vel
572 1152 611 1187 in
645 1152 851 1188 fluminibus
890 1157 1012 1188 enata:
1049 1152 1208 1187 Servitus

117 1208 257 1242 quoque
282 1198 405 1233 servo³
428 1197 614 1242 praedium
637 1197 784 1233 habenti
808 1202 904 1234 recte
927 1199 1077 1243 legatur.

166 1242 215 1281 18
247 1243 476 1278 POMPONIUS
503 1243 592 1278 libro
617 1245 740 1288 primo
767 1244 1122 1288 fideicommissorum
1170 1242 1208 1277 Si

116 1289 193 1324 iure
222 1292 434 1324 testamento
465 1288 562 1323 facto
591 1288 904 1324 fideicommissum
928 1288 995 1323 tibi
1018 1288 1207 1332 reliquero,

117 1334 241 1369 deinde
261 1338 387 1378 postea
406 1333 504 1367 aliud
528 1333 646 1369 fecero
672 1345 744 1369 non
768 1335 857 1375 iure,
882 1335 920 1368 in
937 1345 1006 1379 quo
1024 1333 1206 1368 fideicom-

116 1380 261 1414 missum
295 1379 458 1414 relictum
494 1379 560 1413 tibi
594 1379 650 1414 vel
685 1379 783 1414 aliud
819 1390 925 1424 quam
961 1379 1056 1423 quod
1087 1378 1207 1423 priore

116 1428 327 1459 testamento
358 1424 411 1458 vel
443 1424 584 1459 omnino
614 1435 687 1459 non
717 1424 762 1459 sit
786 1425 983 1466 relictum&
1016 1423 1207 1459 videndum

116 1474 185 1512 681,
222 1480 320 1505 1116118
355 1479 435 1504 11166
470 1470 559 1504 11666
595 1468 704 1505 fuerit
739 1470 903 1505 facientis
939 1473 1067 1515 postea
1096 1473 1206 1504 testa-

114 1518 287 1556 mentum,
319 1518 359 1549 ut
387 1514 496 1550 nolim
525 1518 644 1549 ratum
672 1515 738 1550 tibi
768 1515 815 1550 sit
843 1515 962 1559 priore
992 1518 1206 1550 testamento

115 1561 294 1602 relictum,
331 1560 415 1604 quia
450 1559 547 1594 nuda
581 1560 764 1596 voluntate
800 1560 1076 1596 fideicommissa
1106 1560 1206 1595 infir-

114 1611 307 1641 marentur.
357 1605 419 1640 sed
443 1605 500 1640 vix
524 1605 561 1640 id
586 1606 747 1650 optinere
770 1610 900 1651 potest,
926 1606 1090 1641 fortassis
1113 1605 1205 1648 ideo,

114 1651 209 1697 quod
243 1652 295 1686 ita
327 1651 470 1685 demum
499 1661 520 1685 a
550 1651 670 1695 priore
699 1655 913 1687 testamento
942 1652 1046 1686 velim
1075 1651 1206 1693 recedi,

114 1697 143 1732 si
167 1697 346 1741 posterius
371 1696 562 1731 valiturum
585 1697 632 1731 sit
654 1700 690 1732 et
713 1708 809 1732 nunc
832 1707 877 1732 ex
904 1697 1105 1742 posteriore
1134 1700 1206 1732 tes-

114 1746 271 1777 tamento
305 1741 619 1777 fideicommissum
655 1742 708 1777 ei5
749 1753 822 1777 non
858 1742 1025 1784 debetur,
1068 1741 1208 1777 etiamsi

115 1787 205 1822 idem
234 1787 384 1822 heredes
415 1790 566 1831 utroque
595 1791 810 1823 testamento
840 1787 997 1823 instituti
1020 1798 1065 1823 ex
1087 1788 1207 1832 priore

114 1833 336 1868 exstiterunt.

162 1876 213 1916 19
245 1878 402 1913 VALENS
424 1879 513 1914 libro
539 1879 664 1931 quinto
686 1878 1044 1923 fideicommissorum
1085 1877 1123 1912 Si
1141 1878 1207 1913 tibi

114 1924 267 1968 legatum
298 1927 353 1958 est
383 1923 438 1958 vel
468 1922 781 1958 fideicommissum
815 1924 996 1966 relictum,
1033 1923 1086 1957 uti
1122 1923 1207 1967 quid

114 1969 238 2011 facias,
263 1969 487 2004 etiamsinon
502 1969 653 2004 interest
665 1968 807 2004 heredis
820 1968 858 2003 id
871 1968 950 2004 fieri
958 1970 983 2011 ⁶,
1007 1968 1207 2013 negandam

114 2015 179 2049 tibi
203 2015 395 2056 actionem,
427 2015 457 2049 si
487 2025 560 2049 non
590 2024 717 2049 caveas
746 2014 870 2049 heredi
900 2014 1078 2056 futurum,
1110 2013 1207 2058 quod

114 2059 303 2095 defunctus
318 2059 440 2101 voluit,
466 2059 585 2094 Nerva
600 2063 635 2094 et
647 2059 839 2094 Atilicinus
855 2063 953 2094 recte
976 2063 1204 2104 putaverunt.

160 2103 211 2142 20
245 2105 439 2140 ULPJANUS
461 2106 550 2140 libro
569 2109 674 2140 sexto
695 2104 1051 2150 fideicommissorum
1090 2104 1128 2140 Si
1147 2115 1206 2140 res

113 2151 197 2185 mihi
227 2161 292 2195 per
320 2150 634 2185 fideicommissum
662 2149 811 2185 relicta⁷
846 2150 969 2185 eadem
997 2150 1064 2185 tibi
1087 2150 1206 2195 legata

113 2196 167 2231 vel
191 2206 255 2240 per
278 2195 590 2230 fideicommissum
613 2195 739 2230 relicta
763 2195 899 2231 sitnon
920 2195 1206 2230 communicandi

113 2241 241 2283 animo,
267 2241 331 2276 sed
355 2241 496 2284 utrique
519 2241 556 2275 in
580 2240 743 2283 solidum,
769 2240 1019 2285 ambigendum
1042 2252 1115 2276 non
1139 2246 1204 2283 est,

114 2287 143 2321 si
173 2286 276 2321 alteri
309 2286 355 2321 sit
384 2286 519 2328 soluta,
556 2286 709 2321 alterum
744 2286 882 2320 nullum
912 2286 1053 2330 quidem
1081 2286 1137 2321 ius
1168 2286 1205 2320 in

113 2332 228 2376 ipsam
251 2342 327 2366 rem
349 2332 499 2374 habere,
530 2331 594 2367 sed
618 2331 796 2367 actionem
821 2331 865 2366 de
888 2332 1005 2376 pretio
1031 2332 1205 2376 integram

113 2387 194 2412 eum
216 2377 361 2412 habere.

159 2420 208 2458 21
237 2422 396 2457 ΡΑσισε
418 2422 508 2458 libro
528 2425 659 2467 quarto
684 2422 942 2457 sententiarum
978 2421 1079 2456 Nutu
1098 2422 1205 2457 etiam

113 2468 324 2512 relinquitur
351 2466 680 2509 fideicommissum,
712 2466 902 2503 dummodo
925 2467 957 2503 is
982 2471 1072 2502 nutu
1096 2467 1202 2502 relin-

114 2517 215 2558 quat,
246 2513 307 2557 qui
330 2516 366 2548 et
388 2513 486 2557 loqui
509 2516 644 2557 potest,
675 2512 745 2548 nisi
774 2513 1026 2557 superveniens
1056 2513 1203 2548 morbus

116 2562 130 2592 1
181 2558 213 2593 ei
237 2558 486 2602 impedimento
512 2558 569 2593 sit.
618 2557 949 2593 Fideicommissum
977 2558 1143 2593 relictum
1169 2562 1204 2593 et

113 2603 208 2648 apud
240 2614 337 2645 eum,
370 2603 428 2638 cui
456 2603 620 2638 relictum
644 2607 714 2645 est,
746 2613 791 2637 ex
815 2613 926 2638 causa
949 2603 1126 2638 lucrativa
1148 2603 1203 2638 in-

113 2653 254 2684 ventum
273 2648 432 2692 extingui
449 2648 596 2692 placuit,
622 2648 690 2683 nisi
711 2647 901 2683 defunctus
920 2648 1203 2684 aestimationem

114 2697 133 2728 2
182 2704 322 2738 quoque
352 2694 428 2728 eius
458 2693 635 2738 praestari
665 2693 788 2728 voluit.
843 2693 1025 2734 Columnis
1062 2694 1203 2729 aedium

114 2739 168 2774 vel
190 2739 296 2783 tignis
320 2749 385 2783 per
408 2738 721 2774 fideicommissum
743 2738 877 2773 relictis
898 2749 941 2773 ea
957 2739 1202 2774 tantummodo

115 2784 352 2829 amplissimus
390 2784 476 2819 ordo
508 2783 686 2829 praestari
714 2784 827 2819 voluit
856 2783 956 2818 nulla
985 2784 1201 2819 aestimatio-

115 2829 168 2864 nis
192 2829 291 2864 facta
314 2829 509 2873 mentione,
540 2839 630 2873 quae
661 2829 737 2864 sine
762 2829 887 2864 domus
912 2828 1043 2863 iniuria
1068 2829 1202 2864 auferri

140 2879 276 2910 essunt.

114 2886 137 2919 p
160 2918 213 2956 22
234 2919 577 2954 HERMOGENIANUS
595 2919 686 2955 libro
705 2922 836 2965 quarto
856 2919 947 2954 iuris
965 2920 1203 2964 epitomarum

115 2964 153 2999 Si
176 2966 254 3009 quis
278 2965 314 2999 in
339 2964 514 3009 principio
537 2964 742 3000 testamenti
765 2964 1013 3009 adscripserit:
1048 2964 1118 2999 ‘cui
1147 2965 1202 3001 bis

117 3010 305 3055 ‘legaver0‚
344 3010 452 3045 semel
489 3009 611 3044 deberi
641 3010 744 3052 volo‘,
780 3013 907 3054 postea
939 3010 1064 3046 eodem
1092 3014 1202 3045 testa-

116 3059 232 3090 mento
273 3055 327 3090 vel
370 3055 541 3090 codicillis
580 3055 696 3090 sciens
732 3065 838 3099 saepe
875 3055 989 3090 eidem
1023 3055 1202 3100 legaverit,

116 3111 281 3144 suprema
312 3100 476 3135 voluntas
504 3101 624 3144 potior
654 3100 825 3135 habetur:
864 3111 967 3136 nemo
1001 3101 1094 3135 enim
1125 3111 1202 3136 eam

117 3145 183 3180 sibi
212 3149 330 3190 potest
359 3146 472 3190 legem
503 3145 640 3186 dicere,
679 3149 719 3179 ut
753 3156 775 3180 a
804 3146 924 3190 priore
953 3146 986 3181 ei
1015 3145 1204 3181 recedere8

117 3200 187 3225 non
211 3190 327 3226 liceat.
366 3190 429 3226 sed
452 3190 522 3226 hoc
544 3190 596 3225 ita
619 3190 739 3225 locum
762 3191 920 3232 habebit,
947 3191 977 3226 si
1001 3191 1204 3235 specialiter

117 3234 245 3270 dixerit
267 3236 396 3280 prioris
420 3235 612 3270 voluntatis
644 3235 712 3270 sibi
734 3236 952 3280 paenituisse
977 3240 1013 3271 61
1036 3236 1202 3279 voluisse,

122 3284 134 3313 1
184 3284 224 3314 111
246 3280 439 3325 legatarius
463 3281 569 3325 plura
592 3281 710 3324 legata
733 3281 899 3325 accipiat.
935 3282 1041 3317 Miles
1065 3281 1103 3316 in
1123 3292 1203 3316 eum

117 3335 161 3358 ex
191 3325 336 3360 militari
367 3326 496 3361 delicto
527 3325 672 3370 capitali
704 3326 801 3360 dicta
830 3327 1024 3370 sententia,
1057 3327 1201 3371 permit-

118 3372 213 3404 tente
238 3381 279 3405 eo
302 3371 340 3404 in
363 3371 442 3415 ipsa
467 3370 643 3406 sententia
667 3370 728 3415 qui
751 3371 949 3414 damnavit,
975 3372 1069 3407 sicut
1092 3375 1202 3407 testa-

118 3415 227 3449 menti
250 3415 405 3450 faciendi
427 3416 479 3450 ita
500 3415 765 3451 fideicommissi
793 3416 1015 3461 relinquendi
1044 3421 1202 3461 potesta-

120 3462 138 3492 2
184 3463 256 3494 tem
286 3461 524 3504 consequitur.
571 3460 700 3496 Mortis
733 3461 900 3496 damnum
931 3471 995 3506 per
1022 3461 1203 3497 fideicom-

119 3504 264 3539 missum
293 3506 384 3540 servi
414 3506 544 3547 relicti,
577 3509 767 3549 antequam
789 3516 891 3541 mora
912 3505 991 3549 fiat,
1022 3506 1203 3542 fideicom-

119 3548 301 3584 missarius
325 3550 422 3585 solus
445 3551 592 3595 patitur,
617 3551 701 3585 licet
725 3552 862 3586 alienus
886 3552 1119 3596 relinquatur.

123 3664 161 3702 (1)
186 3662 288 3694 infert
300 3676 362 3696 scr.

123 3707 164 3745 (4)
188 3706 340 3739 relietum
354 3709 415 3741 del.

123 3752 180 3782 571⁸.
195 3751 229 3782 F
233 3751 247 3770 ²

446 3665 488 3702 (2)
514 3664 690 3695 restitutur
702 3665 737 3696 F
810 3666 851 3705 (3)
878 3666 984 3705 servo]
999 3665 1130 3697 seilicet
1142 3678 1203 3698 scr.

493 3709 534 3750 (5)
561 3708 603 3748 ei]
618 3709 680 3740 ‘tibi
695 3722 755 3742 scr.
834 3711 876 3749 (6)
902 3710 979 3741 fiere
993 3711 1026 3742 F
1091 3712 1132 3750 (Ἰ)
1159 3711 1206 3741 sit

345 3755 387 3793 (8)
412 3752 559 3784 recidere
571 3754 605 3785 F
698 3757 742 3793 (9)
767 3754 926 3786 amittiF
1013 3755 1072 3794 (ιο)
1098 3755 1202 3796 impe-

1200 119 1285 166 445

2204 121 2374 163 XXXII

1327 241 1379 281 23
1406 243 1566 280 PAULUS
1587 244 1678 280 libro
1705 246 1829 291 quinto
1854 246 2114 280 sententiarum
2162 245 2221 280 Ex
2243 245 2373 289 imper-

1280 289 1375 325 fecto
1405 293 1619 326 testamento
1650 290 1768 335 legata
1801 290 1855 325 vel
1884 290 2159 326 fideicommissa
2182 290 2374 335 imperato-

1280 345 1355 370 rem
1383 335 1563 370 vindicare
1591 335 1870 370 inverecundum
1901 340 1970 371 est:
2005 336 2108 372 decet
2136 336 2230 372 enim
2253 339 2375 370 tantae

1279 380 1457 460 mgiestati
1480 391 1543 416 eas
1566 391 1709 417 servare
1734 381 1846 425 leges,
1878 381 2007 424 quibus
2031 382 2108 427 ipse
2132 382 2271 417 solutus
2296 391 2374 416 esse

1279 426 1314 460 vi
1339 429 1430 460 etur.

1327 469 1380 507 24
1405 471 1612 507 Nfflfflmss
1638 471 1729 507 libro
1759 471 1916 507 secundo
1947 483 2203 518 responsorum
2252 472 2372 507 Credi-

1279 516 1349 551 tori
1372 516 1423 551 ita
1446 520 1567 561 potest
1589 516 1712 561 legari,
1737 527 1781 551 ne
1800 516 1999 552 indebitum
2017 518 2062 552 ab
2082 528 2123 552 eo
2141 521 2373 562 repeteretur.

1327 557 1378 597 25
1411 561 1570 597 PAULUS
1603 562 1694 597 libro
1722 563 1844 608 primo
1882 562 1931 596 ad
1957 562 2146 597 Neratium
2205 563 2280 598 ‘Ille
2312 566 2375 597 aut

1281 606 1351 641 ‘ille
1374 607 1479 642 heres
1504 607 1585 643 Seio
1617 611 1759 642 centum
1789 606 1904 642 dato':
1936 610 2057 652 potest
2080 607 2182 643 Seius
2213 610 2258 644 ab
2292 613 2373 643 utro

1283 655 1297 686 1
1347 652 1433 687 velit
1454 656 1587 697 petere.
1632 653 1721 688 Cum
1744 653 1782 687 in
1805 652 1921 687 verbis
1947 653 2046 687 nulla
2070 654 2282 698 ambiguitas
2307 658 2372 696 est,

1279 707 1351 732 non
1376 697 1483 732 debet
1507 698 1670 732 admitti⁹
1693 698 1888 733 voluntatis
1914 699 2088 741 quaestio.

1325 739 1378 779 26
1404 742 1512 777 IDEM
1531 743 1622 778 libro
1646 744 1804 779 secundo
1830 743 1880 778 ad
1898 742 2089 778 Neratium
2130 743 2164 779 Is
2189 744 2250 789 qui
2273 744 2370 779 fidei-

1280 788 1508 823 commissum
1540 788 1647 824 debet
1677 792 1761 833 post
1790 799 1926 824 moram
1955 799 2027 823 non
2057 792 2197 823 tantum
2220 790 2371 833 fructus,

1280 833 1343 868 sed
1367 833 1474 868 etiam
1498 844 1601 869 omne
1626 834 1804 877 damnum,
1831 845 1901 878 quo
1927 834 2091 869 adfectus
2117 838 2171 869 est
2190 834 2369 870 fideicom-

1278 878 1475 921 missarius,
1501 882 1687 923 praestare
1712 879 1862 924 cogitur.

1326 921 1378 960 27
1404 923 1510 959 IDEM
1536 924 1628 960 libro
1658 925 1817 960 secundo
1847 925 2073 960 decretorum
2126 925 2240 960 Paula
2266 926 2370 960 Calli-

1279 969 1359 1005 nico
1391 979 1435 1004 ex
1462 973 1566 1014 parte
1595 970 1726 1005 herede
1755 970 1920 1005 instituto
1944 970 2040 1005 filiae
2064 971 2223 1006 eiusdem
2246 971 2370 1005 Iuven-

1278 1014 1416 1057 tianae,
1450 1026 1531 1050 cum
1561 1015 1599 1049 in
1622 1015 1757 1050 familia
1781 1016 1979 1060 nupsisset,
2014 1016 2135 1051 decem
2159 1020 2371 1051 testamento

1278 1060 1310 1095 le
1335 1060 1425 1095 avit:
1458 1060 1586 1096 deinde
1614 1064 1699 1105 post
1726 1065 1868 1105 tempus
1902 1061 2074 1096 codicillis
2100 1061 2205 1096 factis
2231 1066 2370 1096 centum

1278 1071 1392 1140 eidem
1411 1105 1585 1142 Callinico
1610 1106 1805 1150 reliquerat
1828 1117 1901 1142 non
1924 1106 2064 1142 adiecto
2090 1108 2169 1142 ‘hoc
2195 1107 2370 1151 amplius'.

1277 1151 1528 1195 pronuntiavit
1550 1155 1739 1197 utramque
1763 1162 1937 1187 summam
1961 1152 2093 1194 deberi,
2119 1152 2271 1187 maxime
2293 1163 2371 1186 cum

1277 1196 1315 1230 in
1358 1196 1532 1232 codicillis
1575 1196 1671 1232 filiae
1712 1196 1876 1232 Cannici
1913 1197 2002 1232 nihil
2039 1198 2195 1242 legatum
2233 1197 2370 1232 fuisset.

1286 1247 1293 1275 1
1345 1241 1540 1287 Pompeius
1568 1242 1787 1287 Hermippus
1816 1242 1930 1277 filium
1958 1242 2193 1288 Hermippum
2229 1253 2272 1278 ex
2309 1242 2371 1278 do-

1278 1287 1422 1330 drante,
1453 1287 1565 1322 filiam
1589 1288 1769 1322 Titianam
1799 1298 1843 1323 ex
1874 1287 2071 1332 quadrante
2096 1288 2244 1324 heredes
2269 1288 2368 1323 insti-

1276 1336 1396 1367 tuerat
1419 1336 1456 1368 et
1478 1333 1627 1378 praedia
1653 1337 1751 1369 certa
1776 1333 1923 1378 singulis
1948 1334 2234 1378 praelegaverat:
2268 1344 2369 1378 prae‘

1277 1382 1393 1420 terea,
1431 1378 1462 1413 si
1500 1379 1576 1413 sine
1613 1379 1736 1414 liberis
1765 1379 1982 1424 Hermippus
2012 1383 2228 1421 moreretur,
2266 1379 2372 1413 aliam

1277 1424 1541 1503 possessionem
1571 1423 1668 1459 filiae
1698 1424 1776 1459 dari
1805 1424 1976 1459 iusserat:
2008 1428 2091 1469 post
2120 1428 2372 1460 testamentum

1293 1468 1383 1504 actis
1414 1468 1586 1504 codicillis
1615 1469 1710 1505 filiae
1742 1474 1839 1504 certa
1868 1469 2017 1514 praedia
2047 1470 2196 1505 dederat
2225 1480 2372 1515 eamque

1276 1514 1332 1549 his
1358 1518 1564 1550 contentam
1587 1525 1666 1550 esse
1689 1515 1803 1550 voluit
1824 1525 1890 1560 pro
1917 1515 2013 1550 omni
2032 1515 2231 1550 hereditate
2251 1519 2287 1550 et
2303 1516 2370 1556 his,

1276 1570 1368 1639 quae
1404 1560 1442 1594 in
1476 1563 1691 1595 testamento
1726 1561 1936 1605 reliquerat:
1974 1561 2162 1605 Hermippi
2196 1562 2292 1596 bona
2326 1561 2369 1596 ad

1304 1615 1405 1640 scum
1439 1609 1692 1650 pervenerant:
1735 1606 1879 1641 Titiana
1920 1617 2024 1641 soror
2059 1606 2369 1641 fideicommissum

1277 1651 1434 1695 petebat.
1484 1651 1740 1695 quaerebatur,
1771 1655 1892 1686 utrum
1920 1662 1986 1696 pro
2011 1651 2209 1687 hereditate
2232 1655 2371 1686 tantum

1277 1706 1325 1730 an
1349 1699 1384 1731 et
1406 1706 1472 1740 pro
1498 1696 1566 1738 his,
1593 1707 1685 1740 quae
1708 1700 1792 1741 post
1814 1700 1965 1732 mortem
1990 1696 2102 1732 frater
2126 1701 2273 1741 rogatus
2294 1701 2372 1732 erat

1277 1741 1482 1783 restituere,
1513 1745 1617 1785 pater
1641 1752 1720 1776 eam
1743 1742 1915 1777 voluisset
1938 1742 2101 1786 accipere
2127 1753 2170 1777 ea
2194 1752 2285 1786 quae
2311 1753 2370 1778 co-

1278 1786 1404 1821 dicillis
1428 1786 1633 1831 reliquerat.
1680 1787 1768 1822 mihi
1792 1788 1837 1822 ab
1863 1787 1959 1822 omni
1982 1788 2165 1822 voluntate
2190 1798 2372 1823 recessum

1276 1831 1475 1867 videbatur.
1523 1832 1701 1877 11166111110
1731 1833 1923 1868 humanius
1954 1832 2183 1878 interpretari
2214 1843 2257 1868 ea
2283 1834 2370 1874 sola,

1279 1887 1370 1921 quae
1401 1877 1539 1912 vivente
1568 1877 1681 1912 fratre
1710 1881 1905 1922 acceptura
1930 1881 2022 1919 erat,
2053 1878 2220 1923 adempta
2249 1878 2367 1921 videri,

1278 1933 1351 1958 non
1375 1923 1482 1957 etiam
1530 1933 1597 1958 uae
1621 1926 1705 1967 post
1728 1927 1879 1958 mortem
1904 1923 1979 1958 eius
2004 1923 2214 1967 reliquerat,
2240 1923 2272 1959 si
2296 1924 2369 1958 sine

1279 1971 1297 2001 2
1345 1967 1468 2004 liberis
1528 1968 1741 2011 ecederet¹¹,
1784 1972 1820 2003 et
1858 1969 1910 2003 ita
1947 1969 2203 2013 pronuntiavit.
2262 1969 2369 2003 Iulia-

1277 2014 1384 2048 nus¹²
1409 2012 1559 2049 Severus
1586 2013 1761 2048 decedens
1785 2013 1958 2049 institutis
1989 2014 2203 2058 quibusdam
2231 2014 2363 2050 heredi-

1277 2059 1346 2094 bus
1383 2059 1527 2094 alumno
1563 2070 1629 2095 suo
1665 2059 1924 2104 quinquaginta
1959 2059 2139 2104 legaverat
2168 2070 2281 2103 eaque
2311 2061 2370 2094 a¹³

1276 2103 1368 2138 Iulio
1392 2104 1523 2139 Mauro
1549 2104 1677 2140 colono
1701 2115 1767 2140 suo
1792 2115 1836 2139 ex
1858 2104 2092 2148 pensionibus
2116 2104 2218 2139 fundi
2243 2105 2366 2141 debitis

1277 2149 1397 2184 ab·eo
1427 2149 1606 2194 praestari
1635 2149 1798 2185 voluerat
1827 2150 2011 2194 eidemque
2036 2150 2166 2185 Mauro
2197 2150 2368 2194 quaedam

1275 2194 1472 2239 legaverat:
1499 2205 1580 2230 cum
1604 2195 1648 2230 de
1672 2195 1869 2230 hereditate
1892 2194 2002 2230 fiscus
2028 2195 2274 2239 quaestionem
2293 2207 2368 2231 mo-

1275 2239 1398 2282 visset,
1440 2240 1544 2276 iussu
1584 2240 1830 2285 procuratoris
1867 2241 2019 2275 Maurus
2057 2240 2247 2285 pecuniam
2281 2240 2369 2276 fisco

1276 2285 1449 2320 solverat:
1487 2289 1615 2330 postea
1649 2286 1753 2321 heres
1789 2285 1946 2330 scriptus
1983 2286 2189 2330 optinuerat
2222 2285 2368 2321 fiscum:

1274 2330 1419 2366 alumno
1444 2336 1564 2366 autem
1587 2335 1729 2366 mortuo
1753 2332 1855 2366 heres
1886 2331 1963 2366 eius
1987 2331 2299 2367 fideicommissum
2323 2332 2369 2366 ab

1274 2376 1405 2411 herede
1427 2376 1550 2411 Mauri
1571 2377 1728 2421 petebat.
1772 2377 1909 2421 placuit
1931 2376 2140 2420 imperatori
2163 2387 2235 2412 non
2258 2377 2370 2412 videri

1274 2421 1350 2457 eius
1374 2420 1460 2457 fidei
1484 2421 1723 2464 commissum,
1748 2422 1812 2457 sed
1836 2422 2128 2462 demonstratum,
2154 2421 2248 2457 unde
2273 2422 2368 2457 acci-

1273 2477 1359 2547 {eff
1395 2471 1533 2512 posset:
1574 2471 1611 2502 et
1646 2467 1728 2502 ideo
1765 2468 1868 2502 heres
1901 2467 2021 2502 Severi
2056 2467 2146 2502 haec
2183 2471 2369 2511 praestare

1298 2522 1317 2547 e
1345 2516 1390 2547 et.

1322 2555 1374 2595 28
1412 2557 1522 2592 IDEM
1551 2557 1643 2593 libro
1680 2557 1864 2602 singsulari
1902 2557 1951 2592 ad
1984 2561 2131 2592 senatus
2166 2557 2367 2592 consultum

1277 2603 1535 2638 Tertullianum
1589 2602 1628 2638 Si
1655 2602 1741 2638 fidei
1768 2612 1869 2637 meae
1894 2602 2151 2645 committatur,
2168 2606 2241 2644 >ut,
2273 2603 2368 2647 quod

1273 2649 1360 2683 mihi
1383 2648 1548 2684 relictum
1570 2647 1680 2683 fuerit
1704 2658 1815 2692 supra
1840 2647 1934 2691 quod
1959 2657 2087 2691 capere
2110 2658 2274 2692 possum,
2308 2648 2368 2682 alii

1274 2694 1471 2736 restituam,
1497 2703 1604 2738 posse
1628 2704 1684 2728 me
1707 2693 1745 2727 id
1770 2703 1897 2738 capere
1923 2697 2075 2727 constat.

1320 2738 1373 2777 29
1399 2739 1532 2774 LABEO
1555 2739 1646 2774 libro
1671 2738 1827 2772 secundo
1844 2739 2092 2783 posteriorum
2118 2750 2141 2773 a
2164 2737 2210 2773 ΙΑ
2220 2748 2366 2772 1701111νο

1273 2786 1551 2831 epitomatorum
1598 2784 1667 2828 Qui
1698 2783 1937 2818 concubinam
1965 2783 2139 2826 habebat,
2172 2783 2205 2819 ei
2234 2787 2366 2819 vestem

1272 2831 1404 2875 prioris
1430 2829 1651 2864 concubinae
1676 2828 1844 2863 utendam
1869 2828 2025 2871 dederat,
2052 2828 2179 2864 deinde
2198 2828 2249 2863 ita
2269 2829 2365 2874 lega-

1273 2875 1338 2910 vit:
1378 2878 1538 2916 ‘vestem‚
1570 2885 1660 2919 quae
1691 2874 1766 2909 eius
1800 2884 1909 2908 causa
1941 2878 2061 2918 empta
2089 2878 2219 2918 parat-a
2247 2875 2365 2910 esset’.

1275 2920 1471 2956 Cascellius
1496 2919 1687 2954 Trebatius
1717 2923 1848 2963 negant
1877 2919 1910 2954 ei
1935 2919 2055 2954 deberi
2078 2920 2208 2964 prioris
2234 2930 2365 2955 coneu-

1273 2966 1378 3000 binae
1403 2976 1513 3000 causa
1536 2968 1676 3009 parata,
1701 2964 1785 3007 quia
1803 2964 1875 2998 alia
1894 2964 2054 2999 condicio
2073 2968 2169 2999 esset
2185 2964 2223 2999 in
2242 2975 2364 3000 uxore.

1274 3011 1396 3045 Labeo
1426 3010 1463 3045 id
1493 3021 1565 3044 non
1594 3010 1741 3053 probat,
1773 3009 1856 3053 quia
1884 3009 1923 3044 in
1952 3009 2126 3044 eiusmodi
2153 3010 2269 3054 legato
2293 3021 2365 3044 non

1274 3056 1328 3090 ius
1354 3055 1519 3090 uxorium
1543 3054 1778 3098 sequendum,
1812 3054 1875 3089 sed
1905 3055 2094 3090 verborum
2117 3055 2364 3099 interpretatio

1274 3104 1368 3136 esset
1398 3099 1565 3134 facienda
1595 3099 1759 3143 idemque
1790 3100 1845 3135 vel
1874 3100 1912 3134 in
1939 3099 2015 3134 filia
2044 3100 2100 3134 vel
2135 3100 2172 3134 in
2208 3100 2365 3143 qualibet

1274 3147 1345 3180 alia
1369 3155 1524 3190 persona
1547 3145 1636 3180 iuris
1655 3148 1760 3180 esset.
1800 3144 1982 3180 Labeonis
2002 3145 2177 3180 sententia
2195 3155 2280 3179 vera
2298 3148 2361 3178 est.

1280 3197 1286 3224 1
1344 3191 1433 3226 Cum
1455 3191 1507 3224 ita
1530 3191 1687 3234 legatum
1710 3194 1805 3225 esset
1815 3191 1853 3232 ¹⁴,
1885 3194 1924 3224 ut
1949 3190 2045 3224 Titia
2070 3201 2159 3225 uxor
2182 3200 2261 3224 mea
2284 3193 2362 3222 tan-

1273 3236 1417 3271 tandem
1439 3239 1577 3280 partem
1600 3235 1733 3270 habeat
1757 3236 1965 3279 quantulam
1989 3246 2082 3270 unus
2103 3236 2217 3276 heres,
2244 3234 2275 3268 si
2292 3245 2364 3268 non

1274 3281 1441 3326 aequales
1472 3285 1594 3324 partes
1624 3284 1744 3315 essent
1766 3281 1954 3322 heredum,
1986 3280 2137 3324 Quintus
2161 3279 2303 3313 Mucius
2328 3282 2363 3312 et

1275 3327 1399 3361 Gallus
1423 3326 1601 3370 putabant
1624 3326 1813 3360 maximam
1836 3330 1976 3370 partem
1993 3326 2145 3369 legatam
2166 3334 2254 3365 esse,
2280 3323 2363 3367 quia.

1273 3372 1310 3406 in
1333 3371 1468 3406 maiore
1490 3371 1607 3406 minor
1630 3381 1772 3417 quoque
1795 3371 1947 3413 inesset,
1981 3370 2121 3405 Servius
2149 3368 2273 3403 Ofilius
2296 3368 2360 3402 mi-

1273 3417 1423 3458 nimam,
1463 3416 1548 3460 quia
1584 3426 1664 3450 cum
1698 3417 1801 3451 heres
1835 3416 1920 3450 dare
1952 3415 2140 3450 damnatus
2172 3416 2284 3454 esset,
2324 3413 2362 3447 in

1273 3465 1451 3506 potestate
1475 3460 1552 3496 eius
1576 3465 1681 3504 esset,
1707 3472 1812 3506 quam
1835 3464 1975 3506 partem
1999 3459 2109 3493 daret.
2146 3458 2268 3493 Labeo
2292 3458 2361 3492 hoc

1275 3510 1293 3541 2
1342 3506 1472 3550 probat
1494 3506 1601 3550 idque
1625 3517 1748 3541 verum
1772 3510 1836 3541 est.
1886 3506 1975 3540 Cum
1997 3504 2049 3538 ita
2072 3503 2226 3547 legatum
2249 3506 2359 3555 esset:

1275 3555 1421 3595 ‘quanta
1444 3551 1597 3595 pecunia
1627 3562 1672 3586 ex
1695 3551 1890 3586 hereditate
1915 3549 2000 3584 Titii
2031 3548 2077 3582 ad
2106 3558 2161 3582 me
2188 3551 2359 3592 pervemt,

1520 3666 1574 3706 (11)
1602 3664 1814 3698 decederitF
1873 3665 1929 3703 (12)
1955 3662 2064 3693 Iulius
2077 3662 2149 3694 edd.

1702 3711 1760 3750 (14)
1786 3719 1854 3740 esse
1869 3709 1904 3741 F

1274 3664 1379 3697 reteri
1393 3665 1451 3698 ins.
2221 3663 2279 3702 (13)
2305 3671 2358 3694 ea-

1275 3720 1359 3752 quae
1371 3710 1433 3749 F1,
1446 3720 1549 3753 eaque
1563 3712 1611 3743 F2
