2528 3918
109 157 164 186 ET
193 154 382 185 AESTIVA

108 266 260 307 dictum,
286 264 388 309 quasi
413 263 557 298 duxisse
580 261 759 303 videatur,
784 261 870 295 licet
892 260 1033 305 penitus
1058 259 1198 305 prospi-

108 315 151 347 22
200 310 399 346 cientibus¹
424 320 496 344 non
521 307 659 342 videtur
682 307 750 341 iste
775 305 930 341 duxisse.
976 306 1067 340 Item
1091 315 1198 351 quae-

107 358 215 393 situm
229 359 294 397 est,
319 355 350 390 si
366 354 456 399 quis,
483 354 566 389 dum
579 356 684 398 putat
707 351 814 387 tertio
833 362 975 396 quoque
993 351 1050 386 die
1066 351 1200 386 habere

108 412 145 438 se
169 402 225 436 ius
249 410 364 445 aquae
390 399 585 439 ducendae,
612 397 754 432 duxerit
776 407 850 431 una
874 397 942 439 die,
974 407 1020 431 an
1043 400 1141 431 recte
1165 399 1202 431 et

108 448 184 483 01110
208 446 373 491 captione
396 443 614 491 possessoris
639 444 761 478 recte2
784 442 930 477 duxisse
954 442 1136 484 videatur,
1161 444 1202 475 ut

108 494 176 527 hoc
199 490 429 526 interdictum
452 490 603 524 habeat:
637 488 688 523 ait
719 488 812 523 enim
842 491 1007 532 praetor:
1041 487 1106 522 ‘uti
1132 487 1201 522 hoc

109 542 215 572 ‘anno
249 546 378 589 aquam
410 534 555 570 duxisti’
584 534 622 568 id
645 537 700 569 est
724 534 871 568 alternis
897 533 1022 568 diebus
1034 534 1060 568 ³.
1107 531 1202 566 Illud

108 587 227 617 autem
250 582 338 616 mhil
361 582 519 623 interest,
545 583 667 614 utrum
690 579 815 624 quinto
837 578 894 614 die
915 589 1009 623 aqua
1028 578 1203 614 debeatur

108 639 153 662 an
178 627 324 662 alternis
349 626 476 661 diebus
501 636 547 660 an
573 624 720 660 cottidie
745 625 795 666 ei,
829 625 889 669 qui
916 625 985 659 hoc
1010 623 1201 659 interdicto

109 674 161 707 uti
185 673 287 708 velit:
321 682 403 706 nam
436 682 517 706 cum
551 670 709 705 sufficiat
739 671 795 705 vel
826 680 899 705 uno
933 669 988 704 die
1013 670 1082 704 hoc
1108 679 1201 703 anno

110 729 240 763 aquam
264 717 426 760 duxisse,
458 716 547 751 nihil
573 715 701 757 refert,
736 715 877 760 qualem
909 725 1024 759 aquae
1056 714 1203 749 ductum

108 765 246 799 habens
272 763 430 797 duxerit:
465 762 565 804 dum,
601 762 631 796 si
661 760 759 805 quis,
794 771 874 796 cum
905 760 1029 805 quinto
1086 770 1204 804 uoque

110 810 167 844 die
191 812 362 850 uteretur,
389 807 491 852 quasi
507 806 654 842 alternis
672 806 797 842 diebus
815 806 950 841 ducens
967 806 1060 840 inter
1086 805 1201 846 ixerit,

111 858 152 889 23
201 854 289 889 nihil
313 854 345 888 ei
369 853 539 898 prodesse
564 852 714 887 videtur.
757 852 952 886 Praeterea
974 850 1064 885 illud
1088 851 1202 885 scien—

110 900 194 934 dum
226 902 296 941 est,
333 899 382 941 si,
419 909 501 933 cum
533 908 663 943 aquam
695 897 878 939 duxisses,
911 896 1137 931 adversarius
1168 899 1203 930 te

110 944 348 991 prohibuerit,
384 943 511 979 deinde
542 947 583 977 tu
613 943 756 978 interim
784 943 842 978 ius
874 952 990 986 aquae
1021 941 1204 976 ducendae

111 991 284 1031 amiseris,
310 990 347 1024 in
370 989 632 1024 restitutionem
655 989 724 1024 hoc
748 988 878 1031 venire,
903 991 944 1022 ut
961 987 1027 1022 tibi
1043 990 1203 1032 praeste-

110 1042 170 1072 tur
193 1046 259 1082 per
283 1035 352 1070 hoc
377 1034 606 1069 interdictum
630 1034 726 1079 quod
751 1033 917 1069 amisisti:
944 1036 980 1067 et
997 1033 1067 1068 1100
1084 1042 1206 1067 verum

112 1086 153 1116 24
201 1086 300 1127 puto.
340 1081 377 1115 Si
399 1080 561 1122 fundum,
588 1080 634 1114 ad
654 1090 758 1124 quem
777 1089 907 1124 aquam
926 1078 1095 1121 ducebas,
1120 1088 1204 1113 ven-

112 1128 243 1162 dideris
276 1130 312 1161 et
340 1126 547 1167 tradideris,
588 1125 696 1160 nihilo
730 1126 846 1160 minus
880 1123 1111 1159 interdictum
1139 1123 1207 1158 tibi

115 1177 155 1208 25
204 1173 291 1207 111110
326 1175 391 1207 001.
446 1171 624 1215 Competit
662 1172 730 1206 1100
770 1170 999 1205 interdictum
1038 1169 1206 1204 adversus

111 1230 203 1260 eum,
229 1218 290 1263 qui
308 1217 480 1270 prohibet
500 1227 556 1251 1110
577 1227 707 1261 aquam
725 1216 865 1258 ducere,
892 1219 927 1250 et
943 1215 1032 1250 nihil
1047 1215 1206 1256 interest,

113 1269 232 1298 utrum
257 1274 335 1307 quis
361 1262 554 1297 dominium
578 1261 682 1296 fundi
704 1262 837 1296 habeat
861 1272 908 1295 an
932 1272 1014 1295 non.
1053 1260 1206 1295 idcirco-

113 1320 180 1354 que
204 1309 259 1344 is‘·
283 1312 427 1343 tenetur
450 1307 660 1342 interdicto:
694 1318 777 1342 nam
808 1311 844 1342 et
868 1307 922 1341 si5
947 1306 1100 1341 servitus
1126 1316 1206 1341 coe-

114 1359 156 1389 26
203 1354 256 1399 pit
287 1354 459 1389 adversus
492 1353 650 1398 quemvis
683 1363 789 1397 posse
820 1352 1006 1387 vindicari.
1055 1352 1093 1386 Si
1115 1351 1209 1386 inter

113 1400 252 1442 rivales,
278 1399 314 1434 id
338 1403 393 1434 est
418 1399 479 1444 qui
503 1409 566 1443 per
590 1398 741 1434 eundem
766 1399 879 1433 rivum
904 1408 1034 1442 aquam
1060 1397 1207 1439 ducunt,

113 1446 160 1481 sit
184 1445 364 1481 contentio
390 1445 434 1479 de
458 1455 573 1489 aquae
597 1455 676 1485 usu,
703 1447 856 1488 utroque
881 1454 984 1478 suum
1003 1454 1109 1478 usum
1130 1453 1209 1478 esse

115 1491 372 1530 contendente,
415 1490 547 1534 duplex
584 1489 814 1524 interdictum
848 1488 992 1534 utrique
1025 1488 1207 1533 competit.

115 1541 155 1572 27
204 1537 328 1572 Labeo
352 1539 458 1581 putat
506 1546 546 1571 er
561 1535 630 1570 hoc
645 1535 875 1570 interdictum
891 1534 1074 1579 prohiberi
1092 1544 1208 1579 quem,

114 1593 159 1618 110
191 1582 274 1627 quid
305 1582 343 1616 in
377 1581 438 1616 illo
490 1580 585 1616 undo
623 1580 735 1616 faciat
771 1580 886 1615 fodiat
917 1583 1014 1615 serat
1045 1579 1210 1614 succidat

114 1631 217 1673 putet
240 1626 414 1671 aedificet,
442 1627 577 1672 quare⁶
601 1637 646 1661 ex
669 1636 709 1661 re
733 1636 776 1661 ea
800 1636 905 1671 aqua,
933 1636 1038 1670 quam
1057 1625 1118 1660 ille
1140 1625 1210 1659 hoc

116 1684 210 1708 anno
242 1684 308 1718 per
338 1672 490 1707 fundum
520 1676 622 1707 tuum
646 1672 722 1707 sine
746 1671 830 1706 vitio
856 1671 974 1714 duxit,
1005 1670 1211 1715 inquinetur

114 1720 257 1754 vitietur
290 1721 539 1763 corrumpatur
573 1717 771 1753 deteriorve
802 1716 885 1752 fiat:
920 1721 956 1752 et
979 1717 1141 1752 similiter
1167 1716 1210 1751 de

116 1768 158 1799 28
207 1764 342 1799 aestiva
372 1774 466 1809 aqua
496 1763 626 1799 debere
654 1762 821 1798 interdici
853 1763 914 1797 ait.
962 1762 1000 1797 Si
1033 1762 1127 1808 quis,
1143 1762 1211 1796 1100

117 1810 280 1852 00000111,
322 1819 366 1844 110
400 1809 509 1844 liceat
537 1808 607 1844 sibi
636 1819 768 1853 aquam
800 1818 988 1853 quaerere,
1021 1818 1065 1843 ea
1097 1807 1210 1843 cessio

117 1858 159 1890 29
208 1856 312 1890 valet.
361 1854 501 1890 Deinde
534 1854 584 1888 ait
614 1858 780 1899 praetor:
818 1854 890 1889 ‘Uti
922 1854 1043 1898 priore
1075 1856 1212 1888 aestate

117 1904 270 1946 ‘aquam,
296 1910 368 1946 qua
392 1900 436 1935 de
460 1900 589 1945 agitur,
614 1910 681 1935 nec
704 1900 737 1934 vi
758 1910 824 1935 1100
846 1900 938 1934 010111
960 1910 1027 1934 1100
1047 1898 1210 1943 precario

118 1947 174 1981 ‘ab
199 1946 260 1981 illo
285 1946 434 1989 duxisti,
461 1956 531 1991 quo
554 1946 671 1980 minus
696 1946 747 1980 ita
772 1945 899 1987 ducas,
925 1945 994 1981 vim
1018 1944 1094 1979 fieri
1118 1948 1211 1979 veto.

118 1993 220 2027 ‘inter
252 1991 424 2026 1101011007
466 1994 644 2035 emptores
681 1995 717 2026 et
751 1991 927 2026 bonorum
961 1990 1213 2034 possessores8

119 2041 160 2072 30
210 2037 454 2072 ‘interdicam’.
503 2037 582 2071 Hoc
614 2036 845 2072 interdictum
877 2036 920 2070 de
953 2046 1046 2080 aqua
1077 2035 1213 2070 aestiva

119 2086 159 2118 31
208 2082 433 2128 proponitur.
471 2082 563 2126 Quia
581 2085 700 2117 autem
720 2082 874 2117 diximus
893 2081 1063 2116 aestivam
1084 2091 1213 2125 aquam

119 2128 236 2173 aliquo
262 2128 396 2163 distare
420 2128 466 2163 ab
487 2138 581 2172 aqua
602 2127 809 2170 cottidiana,
836 2126 1019 2162 sciendum
1037 2130 1092 2162 est
1108 2127 1213 2162 etiam

119 2173 316 2209 interdictis
343 2173 487 2215 distare,
513 2173 609 2218 quod
627 2173 688 2218 qui
708 2173 752 2208 de
773 2183 868 2217 aqua
886 2173 1083 2208 cottidiana
1102 2172 1211 2207 inter-

121 2219 225 2261 dicit,
258 2220 310 2254 ita
338 2219 537 2254 interdicit:
571 2218 635 2253 ‘uti
666 2219 736 2254 hoc
768 2229 863 2254 anno
894 2229 1025 2264 aquam
1058 2218 1213 2258 duxisti’,

120 2269 157 2299 at
181 2265 242 2309 qui
265 2264 309 2299 de
334 2264 485 2308 aestiva,
518 2264 589 2299 sic:
626 2265 691 2298 ‘uti
714 2264 834 2309 priore
858 2265 1018 2306 aestate',
1051 2274 1118 2298 nec
1148 2263 1213 2298 im-

120 2311 264 2345 merito:
298 2320 382 2344 nam
405 2310 489 2355 quia
511 2310 628 2344 hieme
651 2321 724 2345 non
748 2310 878 2353 utitur,
909 2309 1044 2345 referre
1075 2319 1113 2344 se
1142 2320 1213 2344 non

121 2356 167 2390 ad
206 2359 432 2400 praesentem
471 2359 662 2398 aestatem,
703 2355 766 2390 sed
806 2355 852 2390 ad
891 2355 1046 2400 priorem
1080 2355 1213 2390 debuit.

122 2404 163 2436 32
212 2401 397 2436 Aestatem
419 2401 575 2446 incipere
602 2401 668 2441 (sic
692 2400 882 2445 peritiores
905 2401 1143 2442 tradiderunt)
1168 2401 1213 2435 ab

121 2447 346 2491 aequinoctio
384 2457 493 2482 verno
530 2450 566 2481 et
602 2446 698 2481 finiri
734 2446 959 2491 aequinoctio
999 2446 1214 2482 autumnali:

121 2496 158 2528 et
186 2491 239 2526 ita
269 2491 364 2527 senis
393 2492 574 2527 mensibus
606 2496 725 2527 aestas
758 2496 866 2536 atque
895 2492 1008 2527 hiems
1033 2491 1212 2526 dividitur.

122 2541 164 2572 33
212 2537 373 2572 Priorem
391 2541 564 2573 aestatem
582 2547 625 2572 ex
642 2538 909 2583 comparatione
927 2537 1080 2572 duarum
1097 2540 1214 2572 aesta-

124 2587 167 2618 34
214 2583 304 2617 tium
328 2583 454 2627 accipi.
503 2583 657 2628 Propter
687 2583 774 2627 hoc,
807 2583 839 2618 si
863 2587 1000 2618 aestate
1023 2583 1214 2618 interdica-

121 2632 201 2670 tur,
233 2638 502 2673 nonnumquam
535 2639 669 2663 annum
702 2632 736 2663 et
761 2638 824 2663 sex
846 2639 986 2664 menses
1012 2629 1213 2663 continere:

123 2673 219 2719 quod
240 2674 293 2708 ita
317 2674 507 2719 contingit,
540 2674 571 2708 si
601 2673 702 2708 initio
734 2673 834 2708 verni
864 2674 1081 2719 aequinoctii
1106 2673 1217 2708 ducta

123 2719 170 2754 sit
209 2729 303 2763 aqua
341 2723 376 2754 et
415 2719 579 2764 sequenti
617 2722 756 2754 aestate
794 2718 910 2763 pridie
950 2719 1215 2764 aequinoctium

124 2765 329 2799 autumnale
352 2765 604 2799 interdicatur:
637 2768 674 2799 et
697 2764 864 2809 proinde,
898 2764 928 2799 si
959 2765 1073 2800 11101110
1105 2764 1214 2799 111101-

124 2809 284 2851 dicatur,
327 2809 435 2844 ctiam
472 2810 510 2844 in
547 2809 730 2844 biennium
768 2810 858 2844 haec
895 2820 953 2845 res
992 2810 1214 2845 extendetur.

125 2858 166 2890 35
216 2855 253 2889 Si
276 2855 355 2899 quis
380 2854 495 2889 hieme
518 2858 659 2889 tantum
682 2865 813 2900 aquam
837 2855 965 2890 solitus
985 2855 1055 2890 fuit
1073 2855 1215 2898 ducere,

124 2903 261 2936 aestate
292 2910 365 2934 non
394 2899 462 2934 fuit
494 2900 640 2943 solitus,
674 2901 763 2936 utile
791 2901 1022 2936 interdictum
1054 2901 1087 2936 01
1120 2911 1215 2936 com-

125 2949 168 2981 36
214 2945 314 2990 petit.
370 2945 439 2989 Qui
473 2945 541 2981 hac
579 2949 717 2981 aestate
757 2946 876 2989 duxit,
916 2957 989 2981 non
1021 2946 1215 2991 superiore,

125 2995 165 3025 37
214 2990 301 3026 utile
324 2990 554 3026 interdictum
576 2991 697 3026 habet.
744 2992 807 3026 Ait
829 2996 995 3037 praetor:
1024 2991 1130 3027 ‘inter
1153 2992 1215 3027 he·-

125 3036 237 3071 ‘redes
274 3039 311 3071 et
348 3040 526 3081 emptores
563 3039 599 3071 et
632 3037 809 3072 bonorum
870 3047 1070 3072 ossessores
1106 3037 1216 3072 inter-

126 3081 276 3116 ‘dicam’.
323 3082 414 3117 haec
436 3082 546 3116 verba
570 3092 643 3116 non
667 3082 783 3117 solum
806 3093 829 3117 a
876 3083 1049 3118 aestivam
1073 3093 1215 3128 aquam,

125 3137 248 3162 verum
279 3127 387 3162 etiam
418 3127 464 3162 ad
497 3126 730 3162 cottidianam
760 3139 902 3180 quoque
924 3127 1114 3163 referenda
1139 3138 1217 3163 esse

126 3171 310 3207 sciendum
333 3176 405 3208 est:
439 3183 522 3207 nam
547 3172 654 3207 sicuti
678 3172 722 3207 de
745 3172 872 3209 itmere
896 3176 1051 3219 actuque
1075 3177 1111 3209 et
1135 3184 1215 3209 suc-

127 3218 330 3254 cessoribus
369 3217 501 3253 dantur
534 3217 727 3253 interdicta
766 3222 802 3252 et
831 3219 998 3264 emptori,
1037 3219 1090 3254 ita
1126 3219 1216 3254 haec

128 3266 170 3298 38
218 3273 358 3308 quoque
398 3263 518 3298 danda
558 3266 704 3308 praetor
740 3264 890 3309 putavit.
948 3265 1011 3299 Ait
1051 3268 1215 3309 praetor:

129 3307 218 3352 ‘Quo
241 3318 286 3345 ex
310 3308 458 3344 castello
482 3309 533 3343 illi
557 3319 687 3353 aquam
715 3308 846 3344 ducere
877 3310 923 3344 ab
955 3320 1016 3351 eo,
1049 3310 1108 3345 cui
1140 3310 1216 3345 eius

128 3354 190 3388 ‘rei
211 3353 269 3388 ius
293 3353 381 3396 fuit,
411 3355 626 3398 permissum
650 3358 723 3396 est,
749 3364 819 3398 quo
842 3354 960 3390 minus
984 3355 1036 3390 ita
1058 3355 1112 3390 uti
1135 3365 1216 3400 per-

128 3398 286 3433 ‘missum
319 3402 373 3434 est
404 3400 531 3442 ducat,
569 3400 638 3434 vim
673 3399 751 3434 fieri
779 3402 873 3434 veto.
928 3400 1142 3445 quandoque
1174 3400 1218 3435 de

128 3446 247 3489 ‘opere
270 3443 435 3479 faciendo
459 3444 687 3480 interdictum
712 3444 788 3486 erit,
815 3444 935 3479 damni
955 3445 1080 3480 infecti
1100 3446 1218 3481 caveri

129 3492 171 3523 39
220 3489 384 3524 ‘iubebo'.
421 3490 501 3525 Hoc
523 3490 754 3525 interdictum
775 3491 977 3525 necessario
995 3491 1219 3536 propositum

130 3538 194 3569 est.
241 3535 420 3579 namque⁹
447 3535 633 3580 superiora
655 3535 847 3571 interdicta
871 3535 917 3570 ad
942 3545 1003 3572 eos
1026 3536 1216 3581 pertinent,

130 3651 168 3690 (1)
192 3648 471 3691 perspicientibus
484 3650 557 3682 edd.
640 3651 682 3691 (2)
707 3651 796 3682 recte
809 3650 870 3682 del.
886 3649 967 3682 Hal.
1054 3650 1096 3691 (3)
1121 3650 1158 3682 id
1171 3652 1219 3682 est

129 3693 268 3726 alternis
287 3694 402 3727 diebus
421 3696 482 3727 del.
504 3694 678 3737 (Schmidt)
795 3695 837 3737 (4)
862 3693 987 3727 idcirco
1004 3694 1116 3736 quivis
1134 3695 1219 3729 Best

129 3740 173 3779 (5)
197 3739 226 3771 si
238 3740 299 3772 del.
314 3740 473 3781 (similiter
486 3740 582 3780 Best)
638 3741 681 3782 (6)
707 3740 822 3782 quare]
837 3749 903 3781 qua
916 3740 988 3772 edd.
1045 3740 1089 3781 (7)
1111 3742 1145 3773 et
1157 3742 1216 3773 ins.

131 3788 175 3823 (8)
200 3785 279 3816 item
291 3786 450 3818 similiave
463 3786 522 3818 ins.
538 3785 613 3825 (Ad.
630 3785 793 3827 Schmidt)
891 3785 903 3821 ί
906 3788 936 3823 9)
962 3794 1036 3817 nam
1052 3786 1132 3826 quia
1144 3787 1216 3819 edel.

1184 131 1268 179 695

2041 136 2276 178 XXXXlII
2309 139 2360 179 20

1271 258 1333 303 qui
1358 268 1380 292 a
1404 257 1521 303 capite
1546 257 1683 292 ducunt
1712 258 1767 293 vel
1796 258 1963 304 imposita
1992 261 2161 296 servitute
2193 261 2246 296 vel
2280 261 2364 306 quia

1270 307 1402 349 putant
1424 303 1647 348 impositam:
1674 304 1925 348 aequissimum
1950 306 2063 342 visum
2083 312 2138 343 est
2158 307 2190 342 ei
2211 317 2363 352 quoque,

1272 350 1333 394 qui
1370 360 1414 384 ex
1453 348 1601 384 castello
1641 348 1759 390 ducit,
1799 349 2026 386 interdictum
2060 353 2147 387 dari.
2205 352 2279 387 ι0111
2310 357 2365 387 001

1273 405 1318 429 ex
1349 405 1391 430 00
1423 393 1671 440 receptaculo,
1706 393 1802 438 quod
1833 405 1963 439 aquam
1990 398 2173 442 publicam
2203 398 2365 442 suscipit.

1273 443 1316 475 40
1366 440 1553 475 castellum
1583 439 1757 484 accipe¹¹.
1812 439 1849 474 Si
1886 451 1930 476 ex
1969 444 2117 479 castello
2151 444 2364 497 permissum

1273 489 1313 520 41
1366 489 1430 528 est,
1457 485 1614 520 dandum
1638 484 1706 520 erit
1728 484 1973 521 interdictum:
1999 488 2222 523 Permittitur
2246 493 2365 524 autem

1274 541 1405 575 aquam
1429 541 1474 565 ex
1499 530 1647 566 castello
1670 529 1726 564 vel
1740 531 1769 552 ¹2
1792 540 1837 564 ex
1860 531 1935 566 rivo
1960 534 2014 567 vel
2039 544 2082 568 ex
2107 546 2176 578 quo
2197 535 2265 570 alio
2285 535 2364 569 loco

1274 579 1318 611 42
1366 576 1511 622 publico
1543 575 1685 611 ducere.
1742 575 1855 620 quue
1891 587 1913 611 a
1944 579 2058 622 princi
2085 590 2104 614 e
2137 579 2363 615 conceditur:

1274 626 1316 656 43
1366 622 1427 656 alii
1457 621 1546 656 nulli
1571 621 1743 666 competit
1765 620 1821 655 ius
1846 631 1960 666 aquae
1985 624 2054 658 dan
2082 635 2134 659 ae.
2182 625 2232 659 Et
2259 625 2365 660 datur

1272 667 1454 702 interdum
1478 667 1646 712 praediis,
1671 666 1852 702 interdum
1875 669 2049 711 personis.
2092 670 2189 714 quod
2211 670 2366 715 praediis

1275 713 1393 754 datur,
1418 722 1576 758 persona
1600 712 1758 747 extincta
1782 723 1854 748 non
1879 713 2114 758 extinguitur:
2142 716 2237 760 quod
2261 715 2367 751 datur

1275 758 1456 804 personis,
1491 769 1570 793 cum
1604 758 1768 804 personis
1798 758 1974 793 amittitur
2002 759 2153 805 ideoque
2182 771 2297 805 neque
2322 761 2367 795 ad

1276 804 1385 839 alium
1416 803 1599 838 dominum
1630 803 1859 849 praediorum
1890 814 2005 848 neque
2043 806 2088 840 ad
2117 807 2283 841 heredem
2314 806 2368 840 vel

1276 849 1574 894 qualemcumque
1612 859 1859 884 successorem
1897 851 2038 884 transit.
2092 852 2198 895 plane
2234 852 2285 893 ei,
2323 851 2369 886 ad

1276 906 1381 940 quem
1413 894 1609 930 dominium
1639 895 1787 938 transit,
1828 894 2087 940 13111111011011110
2121 900 2190 931 001;
2227 907 2309 931 110111
2339 897 2368 932 01

1277 941 1440 976 docuerit
1468 940 1626 985 praediis
1659 939 1735 975 suis
1765 950 1895 985 aquam
1928 940 2100 984 debitam,
2132 942 2199 976 etsi
2229 942 2368 977 nomine

1278 986 1353 1021 eius
1373 985 1533 1028 fluxisse,
1559 996 1581 1020 a
1605 996 1676 1030 quo
1702 985 1896 1021 dominium
1921 986 1967 1020 ad
1991 997 2028 1022 se
2051 987 2205 1029 transiit,
2229 987 2369 1021 indubi-

1276 1035 1352 1066 tate
1375 1031 1546 1076 impetrat
1568 1031 1625 1066 ius
1650 1041 1764 1076 aquae
1789 1031 1985 1075 ducendae,
2010 1042 2077 1067 1100
2102 1036 2156 1067 001
2175 1033 2243 1067 1100
2262 1033 2369 1067 bene-

1278 1077 1415 1120 ficium,
1450 1076 1514 1112 sed
1544 1076 1692 1119 iniuria,
1724 1076 1755 1111 si
1784 1077 1862 1121 quis
1895 1077 1989 1112 forte
2017 1088 2089 1113 non
2119 1078 2371 1122 impetraverit.

1278 1126 1322 1157 44
1369 1123 1578 1157 Meminisse
1608 1126 1729 1157 autem
1756 1121 1925 1158 debemus
1949 1123 1988 1158 in
2010 1123 2080 1159 1100
2102 1123 2291 1158 interdicto
2317 1128 2371 1158 to-

1277 1172 1352 1203 tam
1377 1168 1622 1213 quaestionem
1645 1167 1743 1202 finiri
1761 1167 2040 1213 adsignationis:
2065 1179 2139 1204 non
2156 1169 2247 1204 enim
2269 1179 2371 1213 prae-

1278 1217 1386 1294 {arat
1416 1213 1486 1248 hoc
1516 1213 1748 1249 interdictum
1780 1224 1943 1258 causam,
1976 1218 2018 1249 ut
2046 1214 2234 1260 superiora
2265 1214 2373 1248 inter-

1303 1260 1387 1302 icta,
1413 1270 1480 1294 nec
1501 1259 1548 1294 ad
1566 1259 1831 1305 possessionem
1848 1260 2103 1306 temporariam
2120 1260 2286 1305 pertinet,
2312 1259 2374 1294 sed

1279 1308 1343 1340 aut
1365 1305 1477 1339 habet
1500 1305 1556 1340 ius
1581 1304 1809 1349 adsignatum
1833 1305 1903 1341 sibi
1926 1310 1990 1341 aut
2014 1316 2086 1341 non
2110 1305 2236 1348 habet,
2262 1308 2298 1339 et
2320 1305 2372 1339 in-

1278 1350 1471 1386 terdictum
1485 1351 1511 1371 ¹⁴
1536 1354 1653 1386 totum
1676 1349 1811 1385 finitur.

1326 1394 1351 1433 2
1378 1396 1608 1431 POMPONIUS
1637 1396 1727 1432 libro
1760 1397 1968 1442 triqensz'mo
2001 1396 2158 1432 secundo
2191 1396 2241 1431 ad
2272 1395 2374 1431 Sabi-

1280 1453 1365 1476 num
1413 1441 1450 1477 Si
1476 1442 1687 1477 diurnarum
1710 1445 1774 1476 aut
1794 1445 2051 1476 nocturnarum
2070 1442 2239 1477 horarum
2260 1452 2375 1486 aquae

1281 1487 1429 1523 ductum
1453 1488 1617 1530 habeam,
1642 1498 1716 1522 non
1734 1497 1880 1533 possum
1901 1487 1973 1522 alia
1990 1487 2081 1522 hora
2101 1487 2243 1530 ducere,
2269 1498 2375 1532 quam

1280 1544 1351 1578 qua
1374 1533 1431 1568 ius
1455 1533 1608 1568 habeam
1633 1532 1797 1568 ducendi.

1327 1577 1350 1616 3
1377 1579 1485 1614 IDEM
1505 1579 1596 1614 libro
1623 1579 1833 1625 triqensimo
1881 1581 1987 1613 uarto
2013 1577 2062 1612 ad
2076 1577 2248 1614 Sabinum
2296 1578 2376 1613 Hoc

1279 1624 1358 1660 iure
1381 1624 1526 1668 utimur,
1551 1627 1592 1659 ut
1613 1624 1719 1659 etiam
1739 1635 1811 1659 non
1830 1634 1852 1658 a
1895 1623 2127 1668 irrigandum,
2154 1623 2216 1659 sed
2235 1623 2376 1680 pecoris

1284 1674 1298 1704 1
1351 1680 1462 1705 causa
1485 1669 1542 1704 vel
1566 1670 1791 1705 amoenitatis
1817 1679 1911 1714 aqua
1940 1669 2024 1704 duci
2046 1669 2172 1714 possit.
2220 1669 2279 1704 Ex
2308 1669 2375 1704 flu—

1284 1716 1378 1751 mine
1403 1725 1534 1761 aquam
1564 1715 1694 1751 ducere
1723 1716 1843 1760 plures
1874 1717 2043 1759 possunt,
2079 1715 2132 1750 ita
2161 1718 2299 1757 tamen,
2337 1718 2377 1752 ut

1280 1762 1406 1797 vicinis
1429 1772 1504 1796 non
1527 1764 1695 1803 noceant,
1720 1761 1788 1803 vel,
1814 1760 1845 1796 si
1863 1764 2036 1805 angustus
2055 1760 2168 1796 amnis
2188 1761 2244 1803 sit,
2270 1760 2374 1796 etiam

1283 1810 1301 1842 2
1352 1807 1402 1849 01,
1444 1807 1504 1851 qui
1539 1807 1577 1841 in
1612 1807 1683 1841 alia
1715 1806 1795 1852 ripa
1820 1806 1876 1842 sit.
1931 1805 1969 1841 Si
1998 1816 2130 1851 aquam
2159 1816 2203 1841 ex
2233 1805 2378 1841 flumine

1281 1853 1426 1898 publico
1452 1852 1597 1888 duxeris
1622 1856 1659 1887 et
1681 1851 1814 1887 flumen
1838 1851 2044 1894 recesserit,
2069 1863 2142 1887 non
2165 1855 2268 1897 potes
2292 1852 2377 1886 sub-

1283 1898 1384 1943 sequi
1407 1897 1559 1940 fiumen,
1585 1898 1669 1943 quia
1694 1897 1727 1933 ei
1750 1897 1830 1933 loco
1856 1897 2009 1933 servitus
2033 1897 2201 1943 imposita
2223 1908 2295 1933 non
2320 1897 2377 1939 sit,

1283 1943 1442 1989 quamvis
1474 1944 1505 1979 is
1529 1944 1632 1979 locus
1656 1954 1756 1979 meus
1771 1945 1797 1965 ¹⁵
1822 1943 1879 1978 sit.
1927 1943 1990 1978 sed
2021 1943 2053 1979 si
2082 1943 2259 1978 alluvione
2290 1953 2378 1988 pau-

1282 1989 1382 2024 latim
1402 1989 1598 2024 accesserit
1615 1989 1728 2025 fundo
1747 1992 1821 2033 tuo,
1848 1989 2019 2034 subsequi
2064 1992 2151 2031 otes,
2178 1989 2261 2034 quia
2277 1988 2378 2023 locus

1282 2039 1380 2070 totus
1411 2034 1568 2070 fluminis
1598 2035 1730 2070 serviat
1765 2034 1935 2070 ductioni.
1986 2000 2059 2069 0011)
2079 2035 2108 2069 01
2134 2033 2378 2069 circumfluere

1285 2081 1444 2126 coeperit
1468 2084 1606 2116 mutato
1632 2080 1745 2123 alveo,
1770 2091 1843 2116 non
1866 2084 1980 2125 potes,
2008 2079 2092 2133 quia
2116 2079 2252 2115 medius
2277 2080 2379 2115 locus

1285 2130 1304 2163 3
1353 2137 1427 2162 non
1442 2126 1575 2161 serviat
1590 2125 1861 2171 interruptaque
1878 2126 1925 2160 sit
1941 2129 2104 2161 servitus.
2145 2126 2262 2171 Aqua,
2288 2135 2380 2170 quae

1283 2173 1320 2207 in
1357 2172 1433 2207 rivo
1466 2172 1644 2214 nascitur,
1682 2172 1791 2207 tacite
1826 2171 1918 2207 lucri
1952 2171 1994 2206 fit
2025 2171 2071 2206 ab
2105 2181 2146 2206 00
2179 2171 2239 2216 qui
2270 2170 2378 2206 ducit.

1284 2222 1305 2253 4
1352 2217 1495 2253 Ductus
1531 2227 1665 2262 aquae,
1706 2217 1808 2253 cuius
1847 2217 1946 2261 origo
1978 2217 2183 2252 memoriam
2216 2217 2378 2259 excessit,

1285 2268 1303 2298 5
1351 2263 1431 2298 iure
1456 2263 1642 2298 constituti
1664 2263 1745 2298 loco
1770 2263 1935 2298 habetur.
1975 2262 2022 2305 Is,
2050 2262 2111 2307 qui
2134 2272 2250 2307 aquae
2274 2262 2378 2297 cotti-

1285 2309 1414 2344 dianae
1437 2309 1492 2344 ius
1508 2309 1535 2329 ¹ss
1558 2309 1685 2352 habet,
1719 2308 1775 2343 vel
1804 2307 1962 2343 fistulam
1990 2308 2028 2342 in
2059 2307 2135 2343 rivo
2167 2318 2301 2353 ponere
2324 2307 2380 2342 vel

1286 2354 1385 2389 aliud
1409 2354 1595 2400 quodlibet
1617 2353 1739 2389 facere
1761 2356 1900 2399 potest,
1932 2353 2123 2389 dummodo
2154 2363 2199 2388 ne
2228 2352 2379 2388 fundum

1286 2405 1306 2436 6
1355 2400 1497 2435 domino
1518 2403 1582 2434 aut
1601 2400 1794 2444 aquagium
1813 2399 1985 2434 rivalibus
2009 2399 2164 2435 deterius
2181 2398 2303 2434 faciat.
2343 2398 2379 2433 Si

1286 2456 1380 2491 aqua
1405 2445 1571 2488 ducatur,
1597 2455 1709 2490 supra
1733 2456 1813 2480 eam
1838 2445 1909 2479 alia
1933 2455 2029 2489 aqua
2052 2455 2118 2490 per
2137 2448 2293 2490 pontem,
2318 2443 2379 2489 qui

1286 2502 1397 2536 supra
1428 2491 1543 2526 rivum
1574 2490 1693 2525 factus
1718 2491 1780 2533 sit,
1813 2490 1891 2525 iure
1915 2489 2079 2533 ducitur,
2112 2489 2195 2525 dum
2219 2488 2379 2525 inferiori

1284 2538 1359 2572 rivo
1384 2548 1458 2572 non
1481 2540 1667 2571 noceatur.

1331 2581 1357 2619 4
1388 2582 1582 2617 IULIANUS
1610 2582 1702 2618 libro
1736 2581 2041 2628 quadraqensimo
2071 2581 2192 2628 primo
2225 2580 2378 2625 diqesto—

1284 2640 1365 2664 rum
1413 2627 1529 2662 Lucio
1554 2627 1648 2662 Titio
1680 2637 1724 2662 ex
1755 2627 1855 2662 fonte
1885 2637 1962 2662 meo
1995 2630 2037 2661 ut
2065 2636 2195 2671 aquam
2221 2625 2377 2666 duceret,

1286 2673 1397 2709 cessi:
1431 2672 1633 2718 quaesitum
1665 2676 1738 2716 est,
1771 2683 1819 2707 011
1849 2675 1884 2707 01
1906 2672 2047 2708 Μοον10
2078 2671 2204 2707 cedere
2233 2669 2377 2715 possim,

1285 2723 1326 2754 ut
1356 2729 1422 2765 per
1451 2719 1601 2754 eundem
1633 2729 1655 2753 a
1680 2728 1748 2753 uae
1779 2717 1927 2753 ductum
1959 2728 2089 2763 aquam
2119 2717 2245 2752 ducat:
2283 2720 2318 2750 et
2349 2715 2377 2750 si

1284 2764 1466 2810 putaveris
1491 2774 1598 2809 posse
1624 2729 1702 2799 0οΕ
1725 2773 1791 2809 per
1815 2763 1966 2799 eundem
1990 2773 2106 2809 aquae
2124 2762 2272 2798 ductum
2290 2760 2377 2796 duo-

1285 2812 1371 2853 bus,
1409 2809 1707 2855 quemadmodum
1738 2809 1790 2844 uti
1823 2808 1988 2844 debeant.
2043 2807 2245 2853 respondit:
2286 2807 2379 2842 sicut

1284 2857 1352 2891 iter
1378 2860 1480 2890 actus
1512 2855 1570 2890 via
1597 2854 1763 2900 pluribus
1797 2854 1876 2889 cedi
1899 2854 1955 2890 vel
1979 2854 2084 2890 simul
2107 2853 2162 2889 vel
2186 2851 2378 2897 separatim

1285 2905 1424 2947 potest,
1458 2901 1508 2935 ita
1540 2910 1656 2946 aquae
1688 2899 1874 2935 ducendae
1905 2899 1963 2935 ius
1987 2903 2084 2935 10010
2109 2898 2266 2934 cedetur.
2315 2896 2378 2948 sed

1285 2947 1316 2982 si
1346 2947 1440 2981 inter
1469 2956 1547 2988 eos,
1581 2946 1710 2990 quibus
1743 2955 1838 2990 aqua
1870 2955 1972 2980 cessa
2003 2948 2076 2987 est,
2107 2954 2179 2979 non
2204 2945 2376 2983 convenit,

1287 2991 1585 3037 quemadmodum
1609 2994 1774 3034 utantur,
1805 3001 1879 3026 non
1904 2990 1971 3026 erit
1993 2990 2154 3035 iniquum
2177 2988 2263 3023 utile
2285 2986 2375 3021 iudi-

1286 3039 1380 3073 cium
1411 3037 1532 3081 reddi,
1564 3037 1658 3072 sicut
1690 3037 1782 3071 inter
1815 3046 1895 3080 eos,
1928 3035 1975 3071 ad
2005 3046 2094 3081 quos
2126 3044 2212 3069 usus
2237 3032 2376 3083 fructus

1284 3084 1457 3128 pertinet,
1496 3083 1583 3117 utile
1621 3081 1798 3117 communi
1836 3081 2029 3117 dividundo
2070 3079 2238 3115 iudicium
2276 3076 2376 3112 reddi

1284 3129 1466 3174 plerisque
1489 3127 1636 3173 placuit.

1332 3172 1356 3211 5
1382 3173 1489 3209 IDEM
1509 3173 1600 3209 libro
1626 3175 1758 3218 quarto
1782 3183 1832 3208 ex
1846 3171 1995 3208 Minicio
2043 3170 2131 3206 Cum
2149 3170 2288 3203 constet
2304 3177 2376 3201 non

1290 3219 1406 3255 solum
1429 3218 1668 3264 temporibus,
1701 3217 1765 3253 sed
1788 3217 1895 3253 etiam
1917 3215 2093 3252 mensuris
2118 3222 2224 3258 posse
2247 3221 2375 3264 aquam

1287 3264 1406 3307 dividi,
1430 3266 1551 3309 potest
1575 3262 1700 3298 eodem
1723 3266 1884 3308 tempore
1904 3262 1995 3297 alius
2016 3259 2258 3299 cottidianam,
2284 3256 2375 3308 alius

1286 3310 1457 3345 aestivam
1482 3320 1503 3343 a
1529 3319 1613 3343 uam
1638 3308 1780 3352 ducere,
1805 3309 1856 3343 ita
1872 3311 1913 3342 ut
1932 3309 2068 3342 aestate
2088 3302 2266 3355 dividatur
2283 3304 2377 3353 mter

1286 3365 1347 3391 eos
1372 3365 1483 3399 aqua,
1542 3354 1631 3389 ieme
1661 3354 1762 3390 solus
1794 3354 1903 3388 ducat
1932 3352 1964 3386 is
1995 3350 2057 3395 qui
2081 3347 2296 3384 cottldianae
2320 3356 2376 3398 ius

1290 3405 1303 3434 1
1355 3400 1499 3434 habeat.
1536 3398 1635 3434 Inter
1658 3399 1761 3442 duos,
1787 3398 1849 3444 qui
1871 3397 1995 3432 eodem
2018 3395 2091 3429 rivo
2116 3402 2247 3437 aquam
2271 3395 2377 3443 certis

1286 3445 1384 3481 horis
1418 3444 1611 3489 separatim
1643 3444 1841 3485 ducebant,
1875 3440 2056 3482 convenit,
2095 3442 2135 3473 ut
2167 3439 2376 3482 permutatis

1287 3491 1381 3525 inter
1410 3500 1450 3525 se
1480 3489 1703 3535 temporibus
1735 3499 1830 3534 aqua
1864 3490 2068 3522 uterentur:
2106 3492 2239 3527 quaero
2248 3508 2264 3533 ,¹
2297 3491 2377 3516 cum

1288 3535 1441 3580 amplius
1465 3539 1626 3580 tempore
1643 3534 1870 3570 servitutibus
1895 3530 2082 3576 praefinito
2107 3529 2157 3562 ita
2181 3528 2377 3568 duxissent,

1288 3652 1348 3688 (10)
1373 3650 1425 3681 ‘ex
1443 3647 1590 3681 castello'
1611 3650 1672 3682 ins.
1766 3647 1820 3687 (11)
1846 3642 2018 3676 castellum
2029 3642 2142 3684 accipe
2164 3641 2228 3674 del.
2248 3641 2325 3681 (van
2337 3641 2377 3673 de

1298 3694 1419 3733 Water)
1497 3694 1559 3737 (12)
1586 3704 1626 3726 ex
1639 3691 1774 3725 castello
1786 3690 1850 3733 vel]
1864 3691 1897 3722 et
1908 3701 1970 3722 scr.
2049 3689 2108 3728 (13)
2132 3684 2303 3718 interdum
2315 3686 2376 3718 ins.

1289 3740 1348 3817 (ἐξ)
1361 3738 1555 3816 lignei-dicto
1568 3739 1742 3780 Schultinq
1796 3737 1856 3776 (15)
1879 3731 2183 3775 meus1a1veusscr.
2240 3730 2300 3775 (16)
2324 3730 2377 3763 ius
