2528 3918
177 105 348 149 XXXII

176 229 325 262 ‘tantam
352 226 540 271 pecuniam
569 226 673 263 heres
702 236 802 263 meus
825 226 928 263 Seiae
959 227 1067 268 dato',
1098 226 1136 262 id
1165 227 1261 273 lega·

176 276 253 307 tum
275 275 379 316 putat
401 271 541 313 Labeo,
573 270 670 316 quod
691 275 880 317 acceptum
902 271 940 307 in
962 270 1096 307 tabulis
1119 271 1195 308 suis
1217 281 1263 307 ex

177 327 221 352 ea
244 315 439 352 hereditate
462 319 614 351 testator
636 316 848 353 rettulisset:
881 320 1038 352 ceterum
1066 320 1173 361 negat
1201 326 1261 351 ca·

176 361 329 396 vendum
350 359 474 396 heredi
496 370 520 395 a
542 360 731 406 legatur-lo,
757 361 789 397 si
811 361 897 407 quid
919 361 1012 397 forte
1034 365 1162 406 postea
1185 361 1262 397 eius

176 405 383 441 hereditatis
406 405 548 441 nomine
570 406 675 442 heres
698 405 886 442 damnatus
910 409 1016 441 esset.
1095 416 1116 441 o
1136 409 1263 441 contra

176 455 281 496 puto,
311 450 396 503 quia
417 461 491 486 non
513 454 634 531 {ptest
656 450 769 504 videri
789 451 990 496 pervenisse
1014 450 1061 486 ad
1109 450 1260 493 credem,

175 495 273 575 iffi
286 495 1264 594 ffi‘ssiussvuffissrvissffissussissessfflssffiuffiffiss

176 589 195 619 3
246 595 366 621 verum
388 588 454 621 est.
502 585 541 621 Si
567 586 671 622 heres
695 586 761 622 tibi
785 596 886 621 servo
909 586 1123 630 generaliter
1145 586 1262 631 legato

175 630 338 666 Stichum
365 629 555 666 tradiderit
575 630 678 676 isque
707 641 730 666 a
757 634 793 665 te
823 630 958 666 evictus
982 630 1126 674 fuisset,
1155 641 1262 676 posse

175 681 210 711 te
233 685 279 711 ex
300 679 513 711 testamento
536 686 641 721 agere
665 676 787 711 Labeo
812 675 948 718 scribit,
973 676 1057 720 quia
1075 686 1149 712 non
1165 675 1261 712 vide-

174 724 235 756 tur
257 720 361 756 heres
385 719 543 763 dedisse,
573 721 670 765 quod
693 721 744 755 ita
768 720 931 762 dederat,
961 725 1003 756 ut
1029 721 1163 757 habere
1191 732 1263 756 non

200 765 311 801 ossis:
347 769 384 800 et
418 765 488 802 hoc
522 776 643 801 verum
705 769 778 801 uto.
826 764 889 801 sed
922 766 991 802 hoc
1026 766 1178 811 amplius
1213 766 1264 801 ait

199 811 305 846 ebere
328 814 374 853 te,
398 810 607 856 priusquam
630 811 667 845 iu
695 810 800 846 'cium
817 810 1026 856 accipiatur,
1053 811 1264 847 denuntiare

175 855 312 891 heredi:
345 866 427 890 nam
458 856 489 891 si
517 856 621 891 aliter
650 855 795 899 feceris,
825 856 945 901 agenti
975 866 1020 892 ex
1049 860 1263 892 testamento

175 905 193 934 4
243 904 444 946 opponetur
467 900 536 936 tibi
559 901 633 936 doli
654 901 740 936 mali
763 901 938 946 exceptio.
986 901 1036 937 ‘Si
1060 901 1205 937 Stichus
1228 905 1265 936 et

175 946 303 981 ‘Dama
325 945 418 981 servi
439 946 509 981 mei
531 946 570 981 in
592 949 771 990 potestate
793 956 873 981 mea
896 950 1002 981 erunt
1022 957 1103 982 cum
1119 946 1261 988 moriar,

174 995 262 1026 ‘tum
285 990 429 1027 Stichus
454 995 491 1026 et
512 991 630 1026 Dama
651 991 756 1026 liberi
779 995 885 1027 sunto
914 996 951 1027 et
982 991 1133 1027 fundum
1162 991 1263 1026 illum

174 1036 255 1072 ‘sibi
277 1036 458 1071 habento’.
506 1036 537 1071 si
565 1036 718 1071 alterum
746 1046 792 1071 ex
819 1036 875 1072 his
904 1041 988 1081 post
1010 1040 1263 1072 testamentum

173 1081 310 1117 factum
327 1081 492 1116 dominus
512 1081 705 1116 alienasset
724 1081 779 1117 vel
796 1081 1071 1124 manumisisset,
1096 1086 1263 1117 neutrum

173 1126 324 1162 liberum
347 1126 509 1161 futurum
532 1126 654 1162 Labeo
678 1130 798 1171 putat:
824 1126 887 1162 sed
911 1126 1056 1162 Tubero
1080 1137 1176 1171 eum,
1202 1126 1264 1172 qui

174 1171 402 1207 remansisset
424 1172 462 1206 in
484 1175 673 1216 potestate,
698 1172 850 1207 liberum
873 1170 1035 1206 futurum
1055 1176 1091 1207 et
1108 1172 1262 1216 legatum

173 1217 379 1252 habiturum
394 1219 510 1269 putat.
549 1216 750 1252 Tuberonis
766 1216 979 1252 sententiam
1001 1217 1178 1252 voluntati
1202 1217 1261 1252 de-

173 1261 288 1297 functi
310 1271 423 1306 mag1s
446 1264 534 1306 puto
559 1261 758 1297 convenire.

218 1304 272 1345 30
297 1306 451 1341 LABEo¹
476 1306 566 1342 libro
586 1307 744 1342 secundo
757 1307 1005 1352 posteriorum
1026 1319 1050 1342 a
1063 1305 1110 1342 ΙΑ
1118 1316 1264 1342 νοιΕΝο

172 1353 448 1398 epitomatorum
479 1350 549 1395 Qui
562 1354 733 1395 quattuor
747 1351 880 1396 pocula
896 1352 974 1387 olea
1000 1351 1008 1360 ⁶
1036 1362 1080 1387 ea
1094 1352 1262 1395 habebat,

171 1397 223 1432 ita
252 1396 396 1441 legavit:
432 1396 564 1440 pocula
599 1396 804 1441 oleaginea²
831 1397 935 1441 paria
963 1363 1046 1433 gild.
1093 1396 1263 1442 respondi

172 1452 282 1477 unum
297 1451 364 1486 par
379 1441 536 1486 legatum
556 1451 646 1483 esse,
662 1441 746 1486 quia
763 1452 836 1477 non
852 1441 905 1477 ita
922 1446 1032 1478 esset:
1058 1442 1143 1478 bina
1160 1442 1264 1487 paria

173 1497 286 1531 neque
308 1486 376 1520 ita:
402 1486 614 1530 poculorum
636 1487 739 1531 paria
764 1486 852 1522 duo:
877 1486 971 1522 idem
997 1491 1034 1522 et
1056 1486 1260 1523 Trebatius.

179 1535 189 1566 Ι
239 1531 308 1576 Qui
331 1531 455 1566 hortos
478 1531 642 1576 publicos
667 1542 689 1566 a
712 1542 751 1566 re
767 1532 915 1576 publica
935 1532 1132 1568 conductos
1150 1532 1260 1567 habe-

173 1577 245 1619 bat,
269 1586 394 1612 eorum
416 1576 604 1612 hortorum
626 1575 766 1612 fructus
790 1587 904 1621 usque
927 1577 975 1612 ad
997 1577 1163 1619 lustrum,
1191 1587 1262 1621 quo

172 1621 341 1657 conducti
372 1625 507 1663 essent,
538 1620 682 1657 Aufidio
714 1621 894 1666 legaverat
921 1626 958 1657 et
985 1622 1153 1658 heredem
1183 1632 1263 1657 eam

171 1666 444 1702 conductionem
473 1677 597 1702 eorum
626 1667 812 1702 hortorum
843 1667 877 1702 ei
911 1667 997 1702 dare
1032 1667 1262 1703 damnaverat

171 1712 358 1756 sinereque
381 1711 435 1746 uti
457 1722 539 1747 eum
564 1717 600 1746 et
622 1711 705 1746 frui.
752 1712 923 1756 respondi
950 1712 1118 1748 heredem
1147 1711 1263 1748 teneri

170 1757 287 1792 sinere
311 1756 397 1791 frui:
427 1757 497 1791 hoc
526 1756 679 1801 amplius
707 1757 874 1792 heredem
896 1757 1097 1793 mercedem
1120 1767 1262 1802 quoque

171 1806 190 1837 2
237 1802 424 1837 hortorum
447 1801 500 1837 rei
521 1801 688 1847 publicae
711 1806 988 1846 praestaturum.
1038 1802 1128 1837 Cum
1149 1806 1260 1838 testa-

170 1850 289 1883 mento
314 1846 488 1891 scriptum
511 1850 623 1882 esset:
649 1846 784 1882 ‘Sticho
809 1858 911 1883 servo
933 1858 1012 1883 meo
1032 1847 1136 1883 heres
1158 1847 1260 1892 quin·

171 1895 252 1937 ‘que
281 1891 364 1927 dato
395 1895 447 1934 et,
479 1891 511 1927 si
541 1891 685 1927 Stichus
714 1892 838 1927 heredi
865 1903 945 1928 meo
974 1892 1156 1927 biennium
1184 1903 1260 1927 ser-

171 1936 301 1979 ‘vierit,
343 1936 435 1972 liber
468 1937 575 1979 esto',
615 1940 699 1981 post
732 1937 914 1972 biennium
947 1937 1104 1982 legatum
1139 1937 1262 1973 deberi

170 1981 351 2024 existimo,
410 1981 472 2016 uia
499 1981 538 2016 in
565 1981 602 2016 id
630 1986 770 2027 tempus
800 1986 837 2018 et
864 1982 1012 2018 libertas
1041 1987 1078 2018 et
1105 1982 1261 2027 legatum

171 2029 191 2063 3
237 2026 363 2063 referri
412 2027 549 2062 eberet:
581 2026 677 2071 quod
705 2030 742 2062 et
764 2027 956 2063 Trebatius
979 2027 1176 2072 respondit.
1223 2027 1262 2063 Si

169 2072 321 2107 fundum
343 2071 430 2106 mihi
453 2071 606 2107 vendere
630 2075 728 2107 certo
752 2072 867 2116 pretio
893 2073 1081 2108 damnatus
1105 2083 1155 2115 es,
1180 2072 1259 2108 nul-

170 2118 244 2152 lum
265 2116 423 2152 fructum
446 2116 523 2152 eius
547 2116 600 2152 rei
622 2127 665 2152 ea
688 2117 889 2153 venditione
914 2117 1077 2162 excipere
1090 2117 1159 2153 tibi
1171 2117 1258 2153 libe-

170 2173 250 2198 rum
277 2161 362 2204 erit,
401 2161 486 2206 quia
512 2161 551 2196 id
580 2162 735 2206 pretium
764 2162 811 2197 ad
839 2166 952 2197 totam
983 2173 1129 2198 causam
1157 2162 1261 2198 fundi

170 2213 189 2242 4
237 2207 402 2260 pertinet.
450 2205 519 2250 Qui
546 2206 696 2242 fundum
724 2206 897 2242 mandatu
924 2218 1003 2243 meo
1026 2207 1065 2242 in
1088 2207 1260 2243 societate

169 2252 255 2287 mihi
283 2255 320 2287 et
347 2251 439 2287 sibi³
467 2256 618 2294 emerat,
653 2251 781 2287 deinde
814 2262 896 2287 eum
927 2251 1060 2288 finibus
1090 2252 1259 2288 diviserat

169 2302 206 2333 et
234 2297 444 2342 priusquam
471 2296 558 2331 mihi
585 2296 761 2339 traderet,
795 2296 848 2332 ita
877 2307 957 2332 eum
986 2297 1052 2333 tibi
1079 2298 1259 2342 legaverat

170 2342 332 2377 ‘fundum
359 2352 478 2377 meum
499 2341 553 2376 illi
577 2341 646 2377 do’.
693 2342 819 2387 negavi
848 2343 1000 2387 amplius
1029 2346 1168 2387 partem
1197 2342 1257 2377 de·

170 2387 262 2430 beri,
304 2387 388 2432 quia
427 2386 616 2422 verisimile
651 2397 725 2422 non
759 2391 856 2422 esset
889 2387 941 2422 ita
974 2392 1144 2423 testatum
1179 2397 1258 2423 esse

170 2437 308 2477 patrem
337 2431 506 2474 familias,
535 2435 577 2466 ut
603 2431 764 2466 mandati
786 2432 891 2468 heres
915 2432 992 2467 eius
1017 2432 1256 2468 damnaretur.

169 2481 189 2512 5
237 2477 361 2513 ‘Uxori
377 2487 510 2519 ,meae,
546 2476 629 2512 dum
665 2487 745 2511 cum
778 2476 853 2512 filio
889 2488 967 2513 meo
998 2477 1143 2522 Capuae
1177 2477 1256 2520 erit,

170 2523 284 2558 ‘heres
312 2532 413 2557 meus
442 2522 598 2557 ducenta
625 2521 741 2557 dato’:
771 2521 867 2557 filius
896 2532 919 2557 a
946 2526 1061 2558 matre
1082 2522 1131 2557 mi
1195 2522 1255 2557 vit.

170 2568 202 2603 si
230 2568 334 2603 ambo
366 2567 510 2612 Capuae
539 2566 779 2609 habitassent,
814 2567 972 2620 legatum
999 2567 1106 2602 matri
1159 2567 1256 2603 ebitu

171 2612 214 2647 iri
235 2612 375 2658 putavi,
407 2612 564 2656 quamvis
594 2622 668 2646 una
690 2623 763 2647 non
786 2612 1025 2648 habitassent:
1058 2612 1114 2649 sin
1137 2617 1256 2647 autem

169 2657 206 2692 in
240 2657 339 2692 aliud
373 2656 605 2701 municipium
634 2657 881 2695 transissent&
916 2657 1023 2693 unius
1058 2657 1143 2692 anni
1176 2662 1255 2693 tan-

168 2701 350 2738 tummodo
375 2701 498 2737 debitu
520 2702 576 2743 iri,
601 2713 671 2746 quo
696 2712 769 2737 una
791 2701 1015 2738 habitassent
1034 2703 1258 2747 quantolibet

168 2751 344 2792 tempore:
379 2747 591 2782 ⁵Trebatius
621 2746 683 2782 ait.
736 2746 919 2783 videamus
932 2774 941 2790 ‚
977 2758 1024 2782 an
1053 2747 1108 2783 his
1139 2748 1256 2783 verbis

169 2792 265 2827 ‘dum
294 2803 375 2827 cum
403 2791 477 2826 filio
502 2791 647 2836 Capuae
676 2792 754 2827 erit’
783 2803 857 2828 non
886 2792 1049 2828 condicio
1079 2792 1109 2828 si
1160 2793 1168 2800 ‘
1198 2803 1256 2828 ce-

169 2841 245 2879 tur,
275 2837 339 2872 sed
367 2847 410 2872 ea
438 2836 619 2882 scriptura
647 2848 713 2882 pro
737 2848 960 2882 supervacuo
984 2837 1091 2873 debet
1140 2838 1256 2874 aberi:

169 2881 265 2928 quod
289 2892 360 2917 non
383 2882 508 2926 probo.
557 2881 611 2917 sin
636 2887 755 2918 autem
803 2893 844 2918 er
865 2883 1049 2918 mulierem
1066 2894 1168 2919 mora
1184 2893 1257 2919 non

168 2930 240 2969 est,
270 2937 341 2971 quo
370 2926 487 2962 minus
517 2937 598 2961 cum
626 2926 700 2963 filio
729 2927 778 2962 ha
802 2927 884 2971 itet,
913 2928 1032 2973 legata
1061 2927 1095 2964 ei
1122 2927 1255 2964 deberi.

170 2976 190 3007 6
236 2971 276 3007 Si
298 2971 405 3006 aedes
428 2971 563 3007 alienas
587 2976 629 3006 ut
652 2972 757 3008 dares
781 2972 970 3008 damnatus
994 2972 1043 3009 sis
1062 2983 1178 3017 neque
1194 2983 1256 3009 eas

169 3016 244 3052 ulla
262 3016 471 3052 condicione
488 3027 603 3052 emere
621 3017 749 3061 possis,
774 3018 963 3054 aestimare
978 3017 1132 3054 iudicem
1150 3029 1255 3063 opor-

167 3066 245 3098 tere
265 3061 393 3097 Ateius
417 3060 558 3103 scribit,
589 3062 713 3106 quanti
741 3063 847 3099 aedes
877 3063 964 3106 sint,
995 3067 1036 3098 ut
1058 3063 1174 3108 pretio
1198 3074 1255 3099 so-

168 3107 245 3143 luto
268 3107 372 3143 heres
394 3105 578 3142 liberetur.
613 3106 775 3152 idemque
798 3108 888 3144 iuris
905 3113 961 3144 est
977 3112 1013 3143 et
1029 3107 1061 3144 si
1076 3108 1256 3153 potuisses

170 3161 297 3195 emere,
321 3162 394 3187 non
417 3161 552 3187 emeres
561 3152 585 3185 ⁰.

215 3194 266 3235 31
293 3195 402 3232 Ῑοιι
424 3195 517 3232 libro
538 3197 663 3242 primo
719 3195 923 3232 ithamarum
954 3209 978 3232 a
1001 3196 1119 3233 Paulo
1143 3198 1254 3244 epito-

169 3245 347 3277 matorum
392 3240 431 3277 Si
459 3240 519 3294 cui
547 3240 654 3276 aedes
683 3208 820 3286 ssgatae
843 3242 930 3284 sint,
962 3242 993 3278 is
1018 3252 1122 3278 omne
1143 3242 1253 3278 habe-

170 3287 223 3322 bit
243 3286 304 3322 id⁷
333 3285 551 3328 aedificium,
583 3285 702 3330 quod⁸
725 3287 841 3321 solum
865 3297 987 3322 earum
1010 3287 1151 3323 aedium
1174 3287 1253 3322 erit.

169 3331 348 3367 Pulsus:
383 3331 452 3367 hoc
479 3335 567 3366 tunc
596 3330 735 3366 demum
765 3331 894 3366 falsum
924 3336 996 3375 est,
1032 3343 1113 3367 cum
1142 3331 1254 3368 domi-

169 3387 236 3412 nus
265 3376 406 3412 aedium
434 3375 599 3412 binarum
626 3375 760 3420 aliquid
790 3377 974 3419 conclave,
1014 3377 1109 3422 quod
1145 3387 1256 3422 supra

169 3420 516 3457 concamerationem
543 3420 737 3456 alterarum
766 3421 906 3456 aedium
934 3425 1046 3464 esset,
1081 3422 1120 3457 in
1150 3432 1254 3458 usum

169 3467 362 3502 alterarum
391 3465 566 3502 convertit
592 3470 700 3510 atque
728 3465 780 3500 ita
808 3465 864 3501 his
889 3477 976 3502 usus
999 3466 1123 3503 fuerit:
1154 3477 1252 3502 nam-

169 3578 210 3621 (¹)
232 3578 322 3612 idem
336 3578 387 3612 Ρ*
473 3580 517 3620 (2)
541 3578 695 3621 oleagino
709 3578 745 3611 F
818 3579 861 3620 (³)
888 3577 949 3611 tibi
964 3580 997 3611 F
1080 3581 1123 3620 (4)
1147 3583 1254 3612 traus-

171 3624 251 3656 isset
261 3636 323 3657 cer.
440 3628 484 3662 (5)
508 3624 597 3666 quod
609 3624 717 3657 etim.
831 3625 876 3664 (0)
901 3627 934 3655 et
945 3625 986 3664 si,
1000 3635 1074 3656 eum
1088 3625 1254 3667 potuisses

171 3679 287 3708 emere,
300 3679 367 3700 non
382 3669 500 3701 emeris
513 3669 585 3702 edd.
687 3670 730 3711 (⁶1)
754 3667 790 3700 id
803 3667 864 3702 del.
965 3671 1009 3709 (8)
1035 3669 1143 3711 quoad
1159 3669 1253 3713 ΗοβΖ

172 3726 266 3746 mann
404 3716 448 3754 (⁹)
474 3714 626 3746 heredem
644 3714 705 3747 im.
843 3714 903 3754 (ιο)
928 3720 1168 3746 consueverant
1190 3726 1251 3747 scr.

1247 49 1571 150 445‘7

1296 341 1299 366 ¹
1330 360 1494 395 Sextiam
1520 360 1632 398 filiam
1659 372 1704 398 ex
1732 362 1946 407 quadrante,
1981 373 2026 398 ex
2055 362 2201 408 reliquis

1501 0 1507 51 ἰ

2138 119 2202 151 ΒΕ
2228 119 2418 153 tamam

1354 235 1400 261 ue
1418 236 1489 304 de?
1528 227 1633 264 modo
1672 228 1795 265 alteris
1836 228 1986 264 aedibus
2018 227 2056 264 id
2089 227 2254 271 accedet,
2295 228 2418 266 alteris

1354 280 1416 306 ece
1442 278 1462 304 e
1481 296 1489 304 .

1376 312 1430 352 32
1473 315 1674 353 Seuerou
1716 318 1807 354 libro
1849 322 1979 364 quarto
2022 318 2157 355 decimo
2199 318 2239 354 dn·
2263 321 2417 354 ester-um

2259 362 2353 399 eium
2382 368 2419 399 et

1330 404 1513 457 Marcium
1535 406 1668 443 sororis
1690 406 1783 443 filios
1806 408 1951 452 scripsit
1967 408 2134 444 heredes:
2159 407 2315 444 Sextiam
2333 408 2417 444 sub-

1331 453 1452 485 stituit
1474 450 1613 487 Marcio
1636 455 1673 488 et
1693 452 1870 488 Marcium
1895 453 2053 495 Sextiae,
2087 452 2185 488 dedit
2213 458 2332 488 autem
2354 463 2419 498 per

1331 495 1620 540 praeceptionem
1648 496 1787 533 Marcio
1817 502 1932 533 certas
1962 498 2116 543 species:
2146 497 2306 534 Marcius
2335 507 2416 543 par-

1331 545 1403 574 tem
1431 539 1660 584 hereditatis,
1688 551 1733 577 ex
1762 552 1833 587 qua
1861 542 2016 588 scriptus
2046 547 2139 584 erat,
2171 542 2289 578 omisit
2316 547 2353 578 et
2375 552 2417 578 eo

1332 585 1504 620 intestato
1536 584 1705 622 defuncto
1734 587 1829 622 bona
1858 587 1935 623 eius
1964 587 2010 622 ad
2032 586 2203 622 fratrem⁹
2225 587 2417 632 legitimum

1333 629 1452 665 Seium
1484 628 1650 666 devoluta
1678 635 1771 667 sunt.
1819 632 2019 677 quaesitum
2050 636 2120 675 est,
2151 643 2198 667 an
2221 631 2344 667 Sextia
2374 642 2418 667 ex

1332 674 1589 711 substitutione
1625 675 1733 711 etiam
1765 677 1872 720 haec,
1939 687 2007 712 uae
2041 677 2247 722 praelegata
2280 677 2418 712 Marcio

1332 723 1453 762 erant,
1483 720 1561 756 iure
1591 720 1854 757 substitutionis
1884 731 1906 756 a
1986 722 2082 758 'timo
2106 722 2236 758 herede
2261 721 2418 757 defuncti

1333 763 1402 799 sibi
1431 764 1611 800 vindicare
1666 766 1766 801 ossit.
1818 776 1876 802 res
1904 777 1950 802 on
1977 767 2003 801 't
2030 767 2227 803 secundum
2255 776 2299 802 ea
2351 776 2419 801 uae

1331 814 1619 854 proponerentur
1639 776 1799 846 ¹Sextiam
1821 811 1860 846 in
1897 811 2026 856 egatis,
2058 822 2150 856 quae
2172 811 2311 848 Marcio
2327 777 2419 847 ‘data

1332 858 1418 889 sunt
1453 855 1684 891 substitutam
1706 866 1780 892 non
1802 866 1892 892 esse.

1379 880 1431 937 35}
1445 899 1571 952 ,loru
1593 900 1684 936 libro
1713 901 1839 947 quinto
1868 901 2005 937 decimo
2033 900 2253 948 dayes-torum
2308 900 2419 937 Uxori

1333 955 1420 980 suae
1442 948 1538 980 mter
1561 949 1680 981 cetera
1702 946 1754 981 ita
1776 945 1922 990 legavit:
1948 949 1996 981 ‘et
2018 945 2144 982 domus
2167 956 2246 981 eam
2268 950 2417 991 partem,

1334 989 1381 1023 ‘in
1411 1000 1482 1034 qua
1509 990 1643 1026 morari
1672 990 1944 1026 consuevimus'.
1997 990 2197 1035 quaesitum
2230 996 2302 1034 est,
2337 1001 2418 1026 cum

1331 1038 1405 1069 tam
1428 1035 1632 1070 testamenti
1655 1035 1815 1071 faciundi
1837 1040 1997 1080 tempore
2021 1045 2127 1079 quam
2155 1035 2280 1071 mortis
2305 1039 2419 1071 totam

1334 1079 1476 1114 domum
1503 1080 1542 1115 in
1570 1091 1640 1116 usu
1667 1080 1835 1116 habuerit
1862 1091 1929 1116 nec
1959 1080 2148 1126 quicquam
2176 1091 2221 1116 ex
2250 1091 2293 1116 ea
2320 1080 2418 1116 loca-

1332 1127 1420 1166 tum,
1444 1135 1492 1159 an
1515 1135 1558 1160 ea
1580 1125 1826 1161 tantummodo
1850 1125 1994 1160 videtur
2015 1125 2152 1170 legasse
2177 1125 2353 1168 cubicula,
2381 1126 2418 1160 in

1334 1169 1463 1213 quibus
1487 1169 1641 1206 dormire
1659 1174 1894 1206 consueverat
1904 1172 1943 1205 ¹⁰.
1978 1170 2164 1215 respondit
2181 1180 2259 1206 eam
2281 1181 2419 1206 omnem

1331 1218 1482 1259 partem,
1505 1215 1544 1250 in
1568 1226 1639 1260 qua
1661 1215 1794 1252 morari
1817 1225 1898 1250 cum
1921 1214 2056 1250 familia
2079 1225 2147 1251 sua
2166 1216 2417 1251 consuevisset.

1335 1263 1350 1294 1
1400 1259 1512 1296 Uxori
1540 1270 1628 1296 suae
1655 1261 1749 1296 inter
1779 1265 1899 1296 cetera
1925 1260 1978 1295 ita
2006 1260 2151 1306 legavit:
2182 1261 2298 1296 ‘uxori
2319 1271 2419 1296 meae

1333 1304 1517 1349 ‘quidquid
1545 1305 1644 1341 vivus
1668 1305 1750 1341 dedi
1772 1305 1901 1341 donavi
1924 1305 2092 1341 usibusve
2115 1305 2192 1341 eius
2216 1306 2418 1350 conparavi,

1332 1349 1495 1385 ‘concedi
1522 1350 1633 1386 volo’:
1673 1361 1824 1396 quaero,
1856 1361 1903 1385 an
1933 1350 2028 1395 quod
2056 1353 2141 1395 post
2167 1354 2418 1386 testamentum

1330 1394 1469 1430 factum
1491 1395 1524 1430 ei
1547 1395 1718 1431 donatum
1741 1399 1811 1438 est,
1839 1395 1878 1431 id
1901 1405 2042 1440 quoque
2066 1405 2277 1431 concessum
2298 1395 2417 1431 videa-

1330 1443 1402 1475 tur.
1449 1440 1635 1485 respondit
1662 1441 1771 1476 verba
1802 1450 1893 1493 quae
1921 1451 1988 1486 pro
2016 1444 2208 1476 onerentur
2235 1440 2324 1475 nihil
2352 1451 2418 1485 pro

1333 1488 1351 1519 2
1398 1484 1522 1521 futuro
1545 1489 1706 1531 tempore
1728 1485 1939 1531 significare.

1332 1533 1475 1564 centum
1497 1540 1626 1566 aureos
1652 1530 1820 1566 creditori
1843 1531 1990 1566 solverit
2011 1535 2048 1566 et
2072 1536 2318 1566 ornamentum
2341 1531 2416 1576 pig-

1330 1574 1411 1610 nori
1439 1575 1596 1620 positum
1624 1575 1749 1618 luerit,
1780 1579 1907 1620 postea
1934 1579 2055 1611 autem
2082 1579 2296 1611 testamento
2321 1575 2417 1611 facto

1331 1619 1437 1655 uxori
1458 1630 1546 1656 suae
1569 1620 1715 1665 legavit,
1746 1620 1830 1666 quid
1855 1620 1916 1656 uid
1944 1620 1991 1655 ad
2019 1622 2137 1656 eum¹¹
2159 1620 2240 1656 inve
2268 1620 2416 1666 stipula-

1330 1668 1407 1699 tum
1441 1665 1518 1700 eius
1554 1665 1732 1701 concessit
1765 1669 1802 1701 et
1862 1676 1905 1701 oc
1935 1665 2087 1710 amplius
2116 1665 2259 1701 vicenos
2288 1676 2416 1701 aureos

1331 1720 1487 1745 annuos:
1513 1710 1714 1755 quaesitum
1737 1714 1808 1752 est,
1839 1721 1887 1745 an
1910 1711 1975 1746 hos
1999 1714 2142 1745 centum
2164 1720 2293 1746 aureos
2315 1711 2415 1746 here-

1331 1754 1393 1790 des
1425 1754 1492 1790 viri
1520 1755 1567 1791 ab
1596 1766 1710 1791 uxore
1738 1755 1794 1790 vel
1822 1756 1869 1790 ab
1903 1755 2095 1791 heredibus
2130 1755 2207 1791 eius
2242 1759 2415 1801 repetant.

1330 1799 1526 1844 respondit,
1545 1800 1577 1835 si
1588 1799 1790 1836 donationis
1803 1810 1913 1836 causa
1926 1799 2094 1835 creditori
2107 1800 2280 1843 solvisset,
2304 1801 2417 1836 teneri

1330 1844 1482 1880 heredes
1510 1855 1556 1880 ex
1586 1855 1698 1881 causa
1724 1844 2004 1888 fideicommissi,
2041 1845 2072 1881 si
2100 1849 2280 1890 repetant,
2311 1849 2418 1891 atque

1330 1889 1439 1925 etiam
1472 1894 1635 1934 petentes
1670 1890 1879 1936 exceptione
1914 1890 2142 1926 summoveri:
2206 1890 2279 1926 uod
2311 1901 2416 1936 prae-

1330 1938 1513 2015 sunzpttum
1535 1945 1614 1971 esse
1638 1935 1759 1978 debet,
1788 1935 1858 1971 nisi
1888 1935 2106 1971 contrarium
2129 1936 2175 1971 ab
2224 1935 2330 1971 erede
2352 1946 2416 1981 ap-

1329 1990 1396 2025 pro
1423 1989 1442 2014 e
1460 1991 1514 2014 ur.

1376 2023 1430 2062 34
1454 2024 1562 2060 IDEM
1586 2025 1677 2061 libro
1707 2030 1812 2060 sexto
1842 2025 1978 2061 decimo
2009 2025 2050 2061 di
2074 2030 2230 2062 estorum
2277 2026 2416 2062 Nomen

1330 2069 1501 2105 debitoris
1530 2069 1568 2104 in
1598 2070 1689 2105 haec
1717 2070 1827 2106 verba
1854 2070 2001 2115 legavit:
2035 2074 2045 2089 ⁴
2082 2070 2143 2106 'tio
2171 2071 2241 2107 hoc
2264 2071 2416 2116 amplius

1330 2115 1420 2150 ‘dari
1455 2114 1536 2150 volo
1572 2115 1695 2150 decem
1728 2125 1876 2157 aureos,
1914 2126 2004 2168 quos
2040 2116 2126 2151 mihi
2158 2116 2306 2152 heredes
2337 2117 2417 2151 Gaii

1330 2159 1414 2195 ‘Seii
1436 2159 1577 2202 debent,
1602 2160 1774 2196 adversus
1793 2171 1884 2204 quos
1904 2171 1938 2196 ei
1956 2161 2134 2197 actionem
2154 2161 2318 2196 mandari
2335 2162 2416 2197 volo

1330 2205 1444 2249 ‘eique
1468 2205 1662 2240 eorundem
1684 2205 1836 2250 pignora
1857 2205 1976 2241 tradi’.
2023 2216 2173 2250 quaero,
2204 2210 2325 2241 utrum
2354 2207 2415 2242 he-

1327 2250 1431 2285 redes
1453 2254 1595 2285 tantum
1617 2250 1739 2286 decem
1759 2250 1845 2286 dare
1862 2250 2015 2286 debeant
2026 2252 2054 2273 ¹2
2072 2261 2119 2286 an
2136 2251 2175 2286 in
2194 2261 2297 2287 omne
2317 2250 2414 2287 debi-

1326 2299 1414 2339 tum,
1438 2294 1508 2330 hoc
1528 2299 1585 2330 est
1595 2296 1621 2316 ¹³
1643 2294 1681 2330 in
1698 2305 1828 2330 usuras
1847 2295 2000 2331 debeant
2016 2295 2197 2331 mandare.
2232 2297 2416 2342 respondit

1328 2339 1439 2375 videri
1461 2340 1665 2375 universam
1688 2340 1764 2375 eius
1788 2340 1941 2376 nominis
1971 2340 2221 2386 obligationem
2249 2341 2413 2386 legatam.

1327 2385 1412 2420 item
1441 2395 1591 2429 quaero,
1623 2395 1703 2419 cum
1731 2385 1918 2430 ignorante
1945 2389 2060 2421 matre
2089 2385 2242 2421 familias
2273 2390 2414 2422 actores

1326 2430 1364 2464 in
1386 2429 1570 2474 provincia
1593 2429 1742 2466 adiectis
1766 2430 1855 2465 sorti
1875 2430 1993 2466 usuris
2012 2430 2135 2466 decem
2154 2430 2316 2483 stipulati
2331 2431 2413 2474 sint,

1327 2485 1374 2510 an
1396 2485 1577 2510 excausa
1598 2474 1863 2510 fideicommissi
1886 2485 1997 2520 supra
2020 2475 2145 2521 scripti
2168 2480 2275 2511 etiam
2296 2476 2412 2512 incre-

1326 2523 1483 2555 mentum
1507 2519 1613 2555 huius
1636 2519 1748 2555 debiti
1770 2519 1817 2555 ad
1839 2519 1973 2555 Titium
1996 2521 2186 2565 pertineat.
2230 2521 2415 2566 respondit

1331 2568 1344 2599 1
1394 2564 1583 2609 pertinere.
1630 2564 1724 2600 Filio
1753 2575 1798 2600 ex
1828 2568 1931 2609 parte
1961 2565 2123 2601 heredi¹⁴
2153 2565 2224 2601 scri
2249 2570 2286 2601 to
2309 2576 2412 2611 prae-

1327 2609 1527 2655 ceptionem
1555 2609 1652 2645 dedit
1680 2609 1774 2645 inter
1803 2614 1924 2645 cetera
1950 2610 2007 2646 his
2036 2610 2169 2646 verbis:
2203 2615 2213 2629 ⁶
2250 2610 2309 2647 ‘tio
2338 2610 2413 2647 filio

1326 2658 1416 2690 ‘meo
1441 2655 1585 2690 nomina
1608 2665 1653 2690 ex
1677 2654 1891 2697 calendario,
1916 2665 2008 2699 quae
2030 2655 2175 2700 elegerit
2196 2654 2290 2692 filius
2313 2666 2412 2692 meus

1326 2699 1418 2742 ‘sibi‚
1453 2699 1576 2745 viginti
1611 2699 1696 2736 dare
1731 2700 1879 2736 damnas
1914 2704 2021 2736 sunto
2055 2700 2132 2736 sine
2167 2700 2248 2736 dolo
2287 2702 2411 2737 malo':

1325 2744 1439 2781 eidem
1461 2744 1535 2780 filio
1559 2744 1658 2780 vivus
1683 2745 1839 2780 omnium
1862 2755 1982 2780 rerum
2010 2755 2158 2781 suarum
2186 2745 2411 2782 administra-

2008 1497 2067 1520 um
2091 1485 2193 1521 Seius
2216 1496 2283 1530 pro
2306 1496 2418 1521 uxore

1325 2790 1458 2826 tionem
1486 2789 1661 2835 permisit:
1693 2789 1754 2842 qui
1808 2794 1865 2826 ost
1892 2793 2143 2826 testamentum
2171 2790 2306 2826 factum
2329 2795 2412 2827 ante

1324 2838 1475 2870 mortem
1498 2834 1612 2879 patris
1635 2845 1739 2870 annis
1763 2801 1896 2877 dIdceQ
1921 2834 2051 2880 quibus
2067 2836 2287 2888 procurabat
2305 2837 2410 2881 patri,

1326 2884 1452 2916 contra
1480 2884 1635 2916 veterem
1664 2879 1955 2916 consuetudinem
1983 2884 2113 2924 patris,
2167 2891 2215 2916 ua
2245 2880 2409 2916 calenda-

1325 2925 1418 2960 rium
1441 2925 1677 2960 exercebatur
1689 2926 1725 2967 ¹⁶,
1749 2935 1860 2960 novos
1885 2924 2063 2960 debitores
2081 2935 2164 2970 amp
2179 2935 2280 2960 arum
2299 2935 2408 2970 pecu-

1325 2970 1466 3005 niarum
1495 2969 1582 3005 fecit
1610 2973 1647 3005 et
1673 2969 1711 3005 in
1734 2969 1872 3015 priores
1883 2971 1922 3011 ¹⁶,
1976 2980 2042 3005 uos
2071 2974 2176 3015 pater
2203 2971 2409 3015 exiguarum

1325 3015 1551 3051 fortunarum
1572 3014 1739 3057 habebat,
1763 3014 1878 3050 maius
1901 3024 1962 3049 cre
1988 3014 2073 3049 'tum
2099 3015 2249 3050 contulit
2266 3015 2312 3050 ad
2329 3016 2408 3058 hoc,

1325 3064 1365 3095 ut
1393 3059 1516 3105 viginti
1542 3059 1745 3095 nominibus
1775 3069 1888 3104 prope
1918 3059 2031 3095 omnis
2061 3059 2263 3095 substantia
2285 3060 2408 3096 kalen-

1324 3105 1416 3140 darii
1444 3105 1591 3140 esset¹⁷.
1639 3104 1840 3149 quaesitum
1867 3108 1940 3147 est,
1977 3114 2024 3139 an
2059 3104 2143 3139 huic
2177 3103 2251 3141 filio
2285 3115 2408 3141 eorum

1323 3149 1522 3192 nominum,
1581 3159 1650 3185 uae
1683 3149 1761 3195 ipse
1795 3149 1897 3191 fecit,
1931 3149 2137 3194 praeceptio
2171 3150 2408 3194 permittenda

1323 3198 1389 3231 est.
1427 3204 1558 3247 respon
1585 3194 1612 3229 't
1628 3204 1673 3230 ex
1688 3194 1745 3230 his
1762 3193 1969 3230 electionem
1988 3194 2132 3236 habere,
2175 3205 2243 3230 uae
2265 3196 2406 3231 ¹⁸testa-

1324 3243 1345 3276 2
1390 3243 1500 3275 menti
1522 3242 1683 3284 tempore
1705 3243 1857 3276 testator
1878 3238 1916 3274 in
1938 3238 2148 3275 kalendario
2192 3239 2302 3276 abuit.
2339 3240 2406 3277 Uni

1323 3295 1368 3321 ex
1390 3283 1581 3320 heredibus
1604 3294 1669 3329 per
1691 3283 1978 3363 Ρηοοξξιίοροπι
2001 3284 2145 3329 reliquit
2167 3295 2220 3328 ea,
2249 3295 2340 3330 quae
2363 3296 2405 3322 ex

1348 3328 1537 3365 ati-imonio
1560 3328 1627 3364 viri
1650 3340 1707 3365 sui
1728 3330 1802 3364 Are
1844 3338 1921 3364 oms
1944 3338 1978 3364 ei
2002 3334 2229 3374 supererant,
2259 3330 2407 3376 eiusque

1321 3341 1406 3410 {dei
1429 3373 1605 3410 commisit
1627 3374 1716 3410 haec
1739 3373 1863 3410 eadem
1885 3373 2072 3410 restituere
2096 3375 2301 3420 pronepoti,
2326 3386 2405 3411 cum

1321 3419 1391 3455 erit
1418 3418 1521 3454 aunis
1551 3418 1721 3462 sedecim,
1755 3418 1795 3454 in
1828 3417 1958 3463 quibus
1992 3419 2082 3455 haec
2116 3420 2225 3455 verba
2258 3420 2405 3457 adiecit:

1322 3464 1418 3500 ‘item
1441 3474 1540 3509 rogo,
1567 3464 1620 3499 uti
1641 3464 1816 3510 reliquum
1839 3473 1901 3498 aes
1925 3463 2092 3507 alienum,
2117 3464 2212 3509 quod
2234 3475 2279 3501 ex
2302 3465 2405 3501 bonis

1323 3584 1379 3618 (ιι)
1404 3587 1473 3610 eam
1493 3578 1584 3621 scip.
1601 3576 1740 3612 Gentiles
1882 3579 1940 3620 (¹2)
1965 3577 2078 3611 decem
2095 3577 2175 3611 dare
2193 3578 2348 3620 debeant]
2366 3579 2402 3611 in

1322 3623 1436 3656 decem
1448 3635 1512 3656 scr.
1611 3623 1668 3664 (13)
1693 3625 1728 3655 et
1738 3623 1799 3656 ine.
1893 3624 1952 3665 (u)
1976 3622 2097 3656 herede
2110 3623 2144 3656 F'
2230 3626 2287 3665 (ιο)
2311 3634 2401 3657 exer·

1321 3667 1420 3702 cebet
1431 3667 1585 3712 Krueqer
1693 3668 1754 3709 (ιο)
1778 3668 1938 3710 quosdam
1951 3669 2010 3702 ine.
2121 3669 2179 3711 (ιτ)
2204 3668 2399 3702 inessetaeer.

1322 3714 1383 3755 (is)
1409 3712 1445 3745 in
1459 3714 1519 3746 ins.
1534 3713 1608 3746 W
