2528 3918
74 122 228 155 CONST.
260 121 412 153 TANTA

72 234 142 268 tius
174 236 210 268 et
240 242 328 268 avus
357 230 568 267 Eudoxius¹
599 228 768 274 optimam
799 227 856 263 sui
885 227 1091 264 memoriam
1121 227 1158 262 in

70 279 207 323 legibus
221 278 458 322 reliquerunt:
476 285 542 310 nec
557 285 629 310 non
644 274 842 310 Cunnum
856 274 969 309 virum
983 273 1158 308 illustrem

70 328 107 359 et
140 324 304 359 comitem
335 331 518 358 sacrarum
549 319 776 364 largitionum
802 323 837 354 et
861 319 1032 363 optimum
1057 322 1158 353 ante-

71 379 248 404 cessorem
270 367 376 403 huius
400 367 514 401 almae
538 365 637 400 urbis
663 365 914 400 constitutum:
948 364 1008 409 qui
1036 373 1158 399 omnes

71 414 118 448 ad
141 413 363 459 praedictum
394 422 484 456 opus
507 410 611 446 electi
634 414 720 445 sunt
743 420 816 444 una
842 420 922 444 cum
948 410 1158 451 STEPHANO,

70 459 202 501 Mmu,
226 458 458 499 Pnosnocm,
481 456 702 497 Euronmo,
728 455 948 498 Tmommo,
977 455 1158 497 Lnonmn,

71 504 257 545 Lnonmo,
282 503 475 544 anronn,
499 502 653 544 ΙΑοοΒο,
679 501 955 542 Consmnrmo,
980 501 1158 541 ΙοΗΑΝΝΕ,

71 549 154 584 viris
185 548 487 593 prudentissimis,
521 546 583 592 qui
611 545 755 591 patroni
788 545 929 590 quidem
959 548 1044 581 sunt
1074 553 1159 580 cau-

71 605 191 629 sarum
226 593 324 638 apud
361 593 554 627 maximam
595 592 715 627 sedem
756 591 1025 636 praefecturae,
1070 600 1160 635 quae

71 638 303 675 orientalibus
332 637 522 684 praetoriis
553 637 751 682 praesidet,
786 646 890 671 omne
922 640 1043 671 autem
1074 645 1160 670 suae

70 684 211 720 virtutis
242 683 485 719 testimonium
515 682 674 727 undique
703 681 920 726 accipientes
951 685 987 716 et
1011 691 1034 716 a
1056 680 1160 716 nobis

70 730 118 765 ad
141 729 232 764 tanti
251 728 369 774 operis
390 728 730 764 consummationem
751 727 857 762 electi
876 730 970 762 sunt.
1009 730 1054 769 et,
1080 737 1161 761 cum

71 785 193 811 omnes
212 775 250 810 in
270 785 381 810 unum
400 776 643 810 convenerunt
658 773 918 818 gubernatione
937 772 1160 807 TmBONIANI

70 821 135 856 viri
160 820 300 863 excelsi,
325 824 367 854 ut
389 821 530 854 tantum
554 829 644 863 opus
664 819 768 853 nobis
791 817 1001 853 auctoribus
1021 817 1161 862 possint

71 866 266 908 conficere,
311 865 378 900 deo
408 865 563 911 propitio
595 864 633 898 in
664 863 869 908 praedictos
903 862 1162 907 quinquaginta

75 915 113 946 10
160 911 272 946 libros
301 921 392 956 opus
423 910 732 946 consummatum
762 912 826 944 est.
875 908 994 943 Tanta
1018 908 1161 943 autem³

70 956 174 992 nobis
203 955 409 1001 antiquitati
437 955 563 990 habita
592 958 648 990 est
678 954 897 996 reverentia,
928 954 993 988 ut⁴
1017 953 1161 988 nomina

69 1001 297 1047 prudentium
312 1000 550 1037 taciturnitati
567 1000 709 1035 tradere
725 1000 823 1034 nullo
841 999 1021 1044 patiamur
1035 997 1160 1033 modo:

70 1047 134 1083 sed
156 1046 399 1092 unusquisque
424 1056 558 1090 eorum,
583 1045 644 1091 qui
668 1049 795 1080 auctor
817 1045 905 1090 legis
925 1044 1004 1086 fuit,
1030 1043 1160 1079 nostris

70 1093 105 1128 di
130 1093 215 1129 estis
249 1092 442 1137 inscriptus
477 1095 550 1127 est:
593 1092 663 1126 hoc
704 1089 952 1126 tantummodo
996 1100 1019 1125 a
1056 1088 1160 1124 nobis

70 1149 89 1173 e
117 1141 208 1181 ecto,
233 1141 284 1181 ut,
309 1137 341 1173 si
358 1136 444 1183 quid
466 1137 503 1172 in
523 1136 661 1181 legibus
681 1147 804 1171 eorum
822 1136 877 1171 vel
897 1145 1161 1181 supervacuum

69 1183 124 1218 vel
158 1183 396 1228 inperfectum
427 1182 482 1218 vel
511 1182 629 1217 minus
657 1180 827 1217 idoneum
855 1181 971 1216 visum
1000 1183 1070 1224 est,
1106 1179 1162 1214 vel

69 1229 306 1264 adiectionem
336 1228 393 1263 vel
424 1227 701 1263 deminutionem
732 1227 974 1263 necessariam
1006 1225 1162 1270 accipiat

69 1279 106 1309 et
127 1274 335 1310 rectissimis
359 1273 525 1308 tradatur
548 1273 692 1318 regulis.
740 1277 776 1308 et
806 1272 870 1307 in⁵
893 1272 1013 1307 multis
1038 1270 1160 1306 simili-

69 1320 137 1355 bus
168 1320 224 1355 vel
256 1319 444 1355 contrariis
480 1318 577 1364 quod
611 1317 745 1354 rectius
781 1318 915 1354 habere
950 1317 1160 1362 apparebat,

68 1365 138 1401 hoc
170 1375 236 1410 pro
269 1365 348 1400 aliis
381 1363 545 1400 omnibus
568 1364 726 1409 positum
750 1367 805 1399 est
828 1373 972 1408 unaque
996 1361 1162 1398 omnibus

69 1411 283 1446 auctoritate
305 1409 456 1453 indulta,
481 1414 522 1445 ut
546 1409 718 1455 quidquid
740 1409 791 1445 ibi
811 1409 984 1454 scriptum
1002 1411 1067 1451 est,
1091 1408 1162 1442 hoc

68 1460 232 1492 nostrum
261 1459 437 1501 appareat
471 1459 508 1491 et
538 1465 583 1491 ex
612 1459 738 1490 nostra
768 1454 954 1490 voluntate
984 1453 1160 1498 composi-

68 1505 161 1536 tum:
191 1501 332 1536 nemine
360 1500 517 1537 audente
549 1511 760 1545 comparare
785 1511 827 1535 ea
851 1510 942 1544 quae
966 1498 1161 1544 antiquitas

68 1547 226 1582 habebat
249 1548 309 1582 et⁶
340 1557 431 1591 quae
455 1549 579 1582 nostra
603 1546 802 1581 auctoritas
826 1545 1044 1588 introduxit,
1077 1544 1162 1588 quia

68 1593 180 1627 multa
199 1596 235 1627 et
254 1592 410 1627 maxima
431 1595 525 1635 sunt,
551 1602 643 1636 quae
660 1595 809 1637 propter
828 1591 1019 1626 utilitatem
1040 1599 1161 1625 rerum

70 1637 325 1673 transformata
349 1641 444 1673 sunt.
491 1637 581 1672 adeo
611 1640 653 1672 ut
682 1640 718 1672 et
748 1637 779 1672 si
807 1636 1044 1682 principalis⁷
1075 1645 1160 1670 con-

69 1683 208 1719 stitutio
240 1683 359 1718 fuerat
387 1683 426 1718 in
455 1683 635 1718 veteribus
667 1682 767 1718 libris
800 1682 913 1718 relata
925 1683 948 1726 ⁸,
980 1691 1096 1726 neque
1128 1681 1162 1716 ei

69 1729 313 1774 pepercimus,
341 1728 404 1764 sed
428 1731 464 1764 et
486 1729 556 1764 hoc
580 1727 830 1773 corrigendum
854 1737 935 1763 esse
957 1726 1161 1773 putavimus

70 1779 106 1809 et
129 1775 166 1809 in
188 1774 315 1809 melius
339 1773 614 1810 restaurandum
625 1774 650 1809 ⁹.
683 1773 886 1809 nominibus
910 1773 1042 1809 etenim
1065 1776 1161 1807 vete-

71 1820 169 1855 ribus
200 1820 353 1861 relictis,
393 1819 566 1864 quidquid
599 1820 717 1864 legum
747 1819 892 1854 veritati
923 1818 1092 1854 decorum
1124 1820 1161 1852 et

71 1865 311 1900 necessarium
334 1864 469 1907 fuerat,
502 1865 572 1900 hoc
595 1865 728 1900 nostris
753 1864 1061 1900 emendationibus
1086 1873 1161 1898 ser-

72 1911 238 1946 vavimus.
286 1913 323 1945 et
352 1914 500 1955 propter
528 1910 623 1945 hanc
655 1920 801 1945 causam
834 1913 871 1945 et
899 1910 930 1944 si
959 1908 1045 1953 quid
1068 1908 1162 1943 inter

71 1967 132 1991 eos
164 1955 416 1999 dubitabatur,
449 1956 519 1990 hoc
547 1955 619 1990 iam
650 1955 687 1990 in
718 1955 935 1990 tutissimam
957 1953 1122 2000 pervenit
1133 1955 1162 1975 ¹⁰

76 2005 109 2036 11
161 2001 326 2046 quietem,
350 2001 450 2035 nullo
475 2001 653 2036 titubante
677 2000 815 2036 relicto.
863 1999 934 2036 Sed
966 2010 1047 2035 cum
1076 2009 1161 2044 pro-

72 2047 262 2091 speximus,
288 2045 385 2091 quod
409 2046 455 2080 ad
478 2046 694 2090 portandam
717 2050 839 2081 tantae
864 2045 1061 2090 sapientiae
1084 2056 1160 2080 mo-

70 2092 140 2127 lem
162 2103 235 2127 non
259 2094 344 2127 sunt
366 2091 486 2127 idonei
510 2091 673 2126 homines
695 2091 804 2127 rudes
829 2094 865 2127 et
888 2091 949 2136 qui
976 2091 1015 2126 in
1038 2090 1160 2136 primis

70 2137 188 2182 legum
220 2136 403 2172 vestibulis
445 2140 581 2172 stantes
615 2137 752 2172 intrare
787 2136 834 2171 ad
869 2147 1003 2171 arcana
1038 2146 1161 2171 eorum

72 2186 278 2228 properant,
301 2185 337 2217 et
354 2182 459 2217 aliam
478 2182 692 2217 mediocrem
710 2182 995 2217 emendationem
1008 2183 1034 2204 ¹¹
1055 2192 1159 2227 prae-

71 2228 269 2273 parandam
289 2238 366 2263 esse
387 2227 600 2270 censuimus,
622 2231 663 2262 ut
683 2228 750 2263 sub
768 2238 812 2263 ea
833 2227 981 2262 colorati
1002 2231 1038 2262 et
1058 2226 1161 2272 quasi

72 2273 234 2318 primitiis
259 2273 415 2309 omnium
437 2273 555 2308 inbuti
577 2273 716 2318 possint
743 2273 791 2308 ad
813 2273 1012 2318 penetralia
1036 2283 1160 2308 eorum

71 2319 206 2354 intrare
230 2322 267 2354 et
289 2318 440 2354 formam
463 2319 579 2364 legum
603 2319 880 2364 pulcherrimam
900 2330 973 2354 non
993 2318 1159 2354 coniven-

72 2458 112 2497 (ι)
138 2456 198 2497 qui
216 2457 290 2498 post
301 2455 487 2488 Patricium
505 2455 653 2488 inclutae
675 2455 916 2488 recordationis
937 2456 1163 2497 quaestorium

73 2504 106 2533 et
125 2503 363 2534 antecessorem
383 2502 416 2534 et
432 2500 613 2533 Leontium
636 2501 747 2534 virum
769 2500 1044 2543 gloriosissimum
1068 2511 1163 2543 prae-

73 2546 250 2579 fectorium
263 2545 513 2589 (praefectorem
528 2545 592 2589 11⁷²)
606 2547 639 2579 et
651 2545 858 2579 consularem
871 2549 971 2588 atque
983 2546 1163 2589 patricium

72 2591 181 2625 fllium
193 2592 264 2625 eius
277 2593 338 2625 ins.
351 2590 404 2624 F2
417 2592 445 2624 S
515 2594 557 2633 (2)
582 2601 831 2625 consummaum
845 2593 880 2625 F
936 2592 980 2634 (3)
1004 2593 1096 2625 ains.
1110 2592 1145 2624 F
1150 2591 1166 2612 ²

74 2639 116 2679 (4)
141 2639 202 2670 aut
212 2637 246 2670 F
322 2638 364 2678 (5)
389 2636 426 2669 in
438 2637 479 2679 F,
491 2646 531 2669 ex
544 2636 574 2670 S
656 2638 702 2679 (6)
727 2639 760 2669 et
772 2638 810 2680 F,
826 2637 880 2670 his
893 2638 922 2671 S
1003 2640 1045 2679 (7)
1070 2637 1165 2680 prin-

74 2683 236 2725 cipalibus
248 2682 282 2715 F
369 2682 414 2725 (8)
439 2681 543 2715 releta
556 2682 592 2715 F
675 2683 721 2724 (9)
746 2683 832 2716 hanc
849 2682 1081 2725 corrigendam
1097 2693 1166 2715 esse

71 2729 264 2770 putavimus
277 2728 359 2761 etin
371 2726 492 2760 melius
504 2728 755 2760 restaurandam
770 2728 820 2761 F2
833 2728 862 2761 S
962 2730 1021 2769 (ιο)
1047 2738 1166 2771 repue-

74 2774 126 2806 nit
137 2774 172 2806 F
261 2776 315 2815 (ιι)
341 2772 564 2806 eruditionem
577 2773 607 2807 S

76 2929 299 2973 Eudooeium,
319 2931 384 2976 qui
402 2931 474 2965 viri
489 2931 527 2965 in
545 2931 635 2965 iuris
646 2930 845 2977 prudentia
860 2932 945 2976 post
962 2929 1164 2964 Patricium

75 2976 196 3011 clarae
209 2976 402 3011 memoriae
416 2977 661 3021 quaestorium
677 2978 713 3011 et
726 2980 987 3011 antecessorem
1003 2977 1038 3009 et
1050 2974 1165 3010 Leon-

75 3021 162 3055 tium
180 3021 296 3068 virum
313 3021 612 3066 qloriosissimum
631 3022 888 3068 expraefecto
905 3021 1087 3066 praetorii
1104 3023 1164 3062 [et]

74 3077 124 3100 ex
145 3066 290 3101 consule
310 3070 345 3100 et
358 3067 556 3111 patricium
573 3066 690 3111 filium
711 3067 788 3102 eius
806 3067 885 3101 iure
905 3065 1165 3109 celebrantur).-

75 3117 107 3145 et
126 3111 201 3146 (IRA
207 3120 296 3146 Tmo
310 3112 387 3146 viro
404 3110 538 3150 illustri
552 3114 588 3146 et
596 3112 882 3164 prudentissimo
898 3112 1026 3146 comite
1041 3121 1164 3146 saera-

76 3167 154 3190 ram
179 3156 426 3202 larqitionum,
450 3157 516 3201 qui
535 3160 570 3191 et
589 3168 665 3203 zpse
686 3158 777 3192 iuris
796 3158 976 3203 interpres
996 3156 1165 3202 eqreyius

77 3205 129 3235 est
154 3201 190 3235 in
214 3200 284 3237 lzac
307 3202 410 3247 reqia
433 3203 596 3245 civitate,
628 3206 663 3237 et
684 3206 838 3248 praeter
869 3201 934 3237 hos
958 3201 1166 3237 Smezmivo

75 3245 192 3280 Malva
235 3245 454 3281 Paosooclo
498 3246 703 3282 Eorozmo
748 3247 953 3282 TlMorlfflo
986 3246 1164 3281 LEONJDA

75 3290 250 3326 Laoarlo
284 3290 468 3326 Phnomc
500 3291 646 3327 ΙΛσοΒο
685 3293 948 3328 CONSTANTJNO
982 3291 1166 3327 ΙοΗΑΝΝΕ

77 3337 163 3371 viris
187 3336 502 3382 prudentissimis,
535 3338 601 3382 qui
621 3349 744 3373 omnes
767 3338 936 3373 advocati
957 3342 1042 3372 sunt
1064 3337 1166 3383 apud

76 3381 172 3416 viros
201 3381 477 3426 qloriosissimos
504 3383 716 3428 praefectos
746 3393 934 3418 sacrorum
957 3385 1162 3417 nostrorum

73 3427 362 3471 praetoriorum,
387 3427 609 3473 prudentiae
637 3431 755 3463 autem
783 3428 889 3481 fama
919 3439 941 3462 a
970 3428 1022 3463 ud
1043 3438 1165 3462 omnes

78 3472 156 3505 iure
189 3471 360 3507 celebrati
392 3483 415 3507 a
450 3472 553 3507 nobis
588 3474 715 3508 merito
751 3473 856 3519 dzqni
884 3474 921 3508 iu
949 3473 1037 3509 icati
1068 3478 1162 3514 sunt,

78 3516 143 3561 qui
172 3514 267 3552 hunc
297 3516 454 3553 laborem
483 3517 666 3554 nobiscum
695 3520 929 3564 susciperent.
976 3517 1066 3553 haec
1097 3519 1163 3564 iqi-

78 3566 138 3594 tur
170 3561 215 3595 de
245 3561 464 3607 diqestorum
496 3564 751 3609 compositione
781 3575 805 3599 a
839 3564 944 3599 nobis
977 3563 1162 3598 elaborata

76 3608 162 3640 sunt
182 3615 251 3650 per
273 3617 334 3641 eos
356 3617 448 3652 quos
470 3608 575 3643 modo
599 3608 761 3644 dioeimus
780 3608 1000 3644 clarissimos
1020 3614 1055 3642 et
1068 3619 1162 3654 pru-

82 3654 122 3685 10
169 3651 394 3686 dentzssz‘mos
427 3653 533 3688 viros.
588 3653 705 3689 Tanta
740 3656 859 3689 autem
884 3653 1106 3699 ⁴antiquitati
1138 3664 1162 3688 a

79 3696 181 3731 nobis
211 3695 334 3731 ltabita
364 3698 562 3733 reverentia
595 3702 665 3740 est,
697 3702 738 3733 ut
769 3710 814 3733 ne
845 3699 991 3733 nomina
1015 3698 1158 3743 quidem

77 3742 239 3786 priorum
289 3742 378 3775 iuris
422 3743 622 3786 peritorum
669 3747 810 3777 nudare
854 3742 972 3784 [immo
1016 3742 1160 3784 delere]‚

1124 105 1274 147 XXIII

1898 118 2052 149 CONST.
2086 115 2217 154 ΔΕΔΩ
2224 114 2327 147 ΚΕΝ

1230 231 1388 272 βῙαίνων
1421 224 1605 274 (ἀναφέρει
1635 229 1722 275 γοῦν
1755 229 1830 271 [ε]ἶς
1854 228 2038 264 Λεόντιόν
2060 242 2101 263 τε
2125 232 2186 262 καὶ
2210 227 2323 262 Εὐδό-

1231 274 1322 315 ξιον,
1357 270 1492 320 ἄνδρας
1529 274 1617 315 [έ]πὶ
1652 272 1774 318 νόμοις
1808 273 1900 319 μετὰ
1932 278 2133 321 Πατρίκιον
2167 271 2235 308 τὸν
2265 274 2327 317 τῆς

1231 316 1415 353 εὐκλεοῦς·1
1439 317 1595 363 μνήμης,
1626 317 1869 367 κυαιστώριον
1899 323 1961 354 καὶ
1991 317 2233 366 ἀνιίκῆνσορα
2266 320 2326 351 καὶ

1231 362 1415 398 Λεόντιον
1449 362 1516 397 τὸν
1552 365 1793 410 πανεύφημον
1827 361 1900 400 άπὸ
1935 362 2134 413 ὑπάρχων2
2171 362 2325 400 ὑπάτων

1231 412 1292 442 καὶ
1334 412 1529 456 πατρίκιον
1569 406 1636 443 τὸν
1661 406 1773 442 αὐτοῦ
1813 408 1929 445 παῖδα
1971 409 2150 453 [δικαί]ως
2191 410 2325 444 τεθαυ-

1230 457 1477 499 μασμέν[ους);
1512 456 1785 496 KPATINOP]
1818 456 1882 488 τε3
1912 455 1984 501 μὴν
2013 458 2079 490 τοῦ
2107 454 2324 503 μεγαλοπρε·

1234 498 1442 542 (πεστάτο]υ
1473 502 1533 532 καὶ
1565 510 1607 532 σο
1638 498 1780 533 ωτάτου
1810 499 1961 544 κόμητος
1991 502 2070 535 τῶν
2099 502 2220 535 θείων
2245 499 2326 547 λαρ-

1230 542 1407 592 γιτιόνων
1439 543 1577 589 (νόμων
1632 546 1650 577 ἐ
1679 547 1739 578 καὶ
1770 541 1877 579 αὐτὸς
1907 544 2048 592 ἀγαθὸς
2072 545 2242 594 ἐξηγητὴς
2266 547 2328 581 ἐπὶ

1231 591 1293 633 τῆς
1320 587 1509 635 βασιλίδος
1539 588 1671 633 ταύτης
1702 591 1803 624 ἐστὶν
1835 589 2008 633 πόλεως);
2041 595 2102 625 καὶ
2134 590 2224 639 πρὸς
2246 588 2326 625 τού·

1231 646 1305 669 τοις·
1348 636 1650 681 ,ΣΤΕΦΑΝΟῘῙΜ
1693 637 1848 669 ΜΗΝΑ
1894 638 2208 672 ΠΡΟΣΔΟΚῙΟῬ
2247 637 2327 670 ΕΤ)-

1237 681 1466 715 TOAMIOY
1499 682 1754 715 ΤΙΜΟΘΕΟῬ
1778 681 2044 716 ΛΕΩΝῙΔΟῬ
2069 682 2330 717 ΛΕΟΝΤῙΟῬ

1232 727 1522 761 ΠΛΑΤΩΝΟΣ
1561 727 1790 760 ΙΑΚΩΒΟΥ
1820 728 2228 763 ΚΩΝΣΤΑΝΤΙΝΟῬ
2260 728 2323 760 ΙΩ-

1231 773 1415 806 ANNOP
1431 772 1511 806 τῶν
1535 770 1775 818 σοφωτάτων,
1805 772 1909 819 οἵπερ
1934 770 2070 806 πάντες
2093 771 2238 819 ῥήτορες
2260 774 2328 818 μέν

1232 817 1326 850 εἰσιν
1339 817 1419 851 τῶν
1434 814 1688 858 ἐνδοξοτάτων
1701 813 1877 863 ὑπάρχων
1889 817 1968 851 τῶν
1984 816 2092 865 ἱερῶν
2104 814 2209 862 ἡμῶν
2222 830 2326 865 πραι-

1232 865 1394 909 τωρίων,
1420 860 1533 902 δόξαν
1557 859 1598 896 δὲ
1620 860 1721 909 παρὰ
1744 864 1858 898 πᾶσιν
1877 861 1946 906 τὴν
1965 863 2028 898 ἐπὶ
2047 866 2159 908 σοφίᾳ
2180 860 2327 897 δικαίως

1232 909 1373 962 ἔχοντες
1408 906 1556 942 εἰκότως
1590 904 1680 955 παρ)
1719 903 1824 953 ἡμῶν
1859 908 2063 955 ἐκρίθησαν
2093 906 2187 949 ἄξιοι
2218 908 2327 942 nath-

1232 965 1364 998 σταναι
1394 953 1460 987 τοῦ
1489 955 1664 987 τοσούτου
1693 957 1886 998 μετασχεῖν
1917 949 2066 1001 ἀγῶνος.
2112 954 2231 987 ταῦτα
2260 955 2327 998 μὲν

1232 999 1298 1032 οὖν
1329 994 1414 1042 ἡμῖν
1444 1002 1528 1046 περὶ
1557 997 1625 1042 τὴν
1655 999 1734 1033 τῶν
1763 998 1937 1043 Digeston
1969 996 2216 1042 ἐκπεπόνηται
2249 1010 2327 1045 συγ-

1230 1042 1375 1091 γραφὴν
1407 1041 1468 1078 διὰ
1497 1044 1577 1078 τῶν
1605 1041 1739 1092 ἀρτίως
1768 1040 1854 1088 ἡμῖν
1878 1045 2079 1092 εἰρημένων
2103 1042 2265 1084 ἐνδόξων
2288 1056 2329 1078 τε

1234 1092 1276 1134 10
1323 1092 1384 1122 καὶ
1408 1090 1536 1135 σοφῶν
1559 1086 1719 1137 ἀνδρῶν.
1773 1089 1935 1132 Τοσαύτη
1961 1087 2002 1124 δὲ
2024 1086 2109 1134 ἡμῖν
2133 1087 2245 1123 αἰδώς
2267 1089 2328 1132 τῆς

1231 1132 1466 1182 ἀρχαιότητος
1488 1136 1647 1182 γέγονεν,
1681 1131 1777 1169 ὥστε
1800 1133 1885 1170 οὐδὲ
1908 1132 2087 1182 ἀμεῖψαι5
2109 1133 2173 1169 τὰς
2196 1145 2328 1182 προση-

1231 1183 1354 1232 γρρίας
1378 1180 1458 1214 τῶν
1481 1180 1697 1228 ἔμπροσθεν
1719 1180 1941 1226 νομοθετῶν
1960 1176 2217 1225 ὑπεμείναμεν,
2239 1175 2328 1214 ἀλλὰ

1232 1238 1300 1268 την
1324 1223 1476 1259 ἑκάστου
1498 1225 1645 1260 τούτων
1667 1228 1741 1260 τοῖς
1763 1224 1886 1271 νόμοις
1910 1224 2169 1274 ἐπεγράψαμεν
2196 1236 2326 1273 προση-

1231 1273 1369 1350 ζὲρίοὲν,
1388 1268 1695 1351 ἀξείψαέἶῗὶμόν
1713 1270 1802 1326 εἷ’)τι
1812 1283 1889 1352 λσέερ
1907 1272 2003 1324 ἔχειν
2022 1267 2106 1351 iffi&
2124 1268 2329 1350 οὗῖῐιθόρθαίς

1232 1364 1271 1395 ἐκ
1296 1329 1510 1396 itam„
1531 1360 1575 1397 τὸ
1597 1328 1936 1408 ,ῗάῖλῖιαῖἷόμῖἶῖῗ
1958 1330 2020 1397 {Za
2042 1329 2328 1406 τὴῗῗῧηνεέἷτῖιέ

1232 1419 1293 1441 σιν
1316 1406 1568 1455 παρασχόντες
1590 1409 1654 1452 τῆς
1677 1408 1840 1449 ἐξουσίας
1863 1406 1977 1452 ἶσχόν.
2022 1404 2116 1443 ὥστε
2140 1408 2216 1443 πᾶν
2238 1403 2328 1454 ὅπερ

1232 1455 1476 1500 ἐνγέγραπται
1511 1454 1567 1497 τῷ
1601 1452 1756 1499 βιβλίῳ,
1795 1455 1904 1489 τοῦτο
1940 1449 1962 1497 ἡ
1988 1454 2119 1501 ετέρα6
2153 1451 2328 1501 γενέσθαι

1231 1497 1371 1546 γνώμῃ,
1394 1496 1535 1543 μηδένα
1559 1511 1599 1533 τε
1622 1499 1781 1548 θαρρεῖν
1803 1511 1942 1548 παρατι
1977 1501 2057 1534 ε’ναι
2080 1496 2127 1533 τὰ
2149 1496 2328 1546 γενόμενα

1231 1545 1299 1578 νῦν
1329 1546 1402 1578 τοῖς
1430 1541 1659 1592 ἔμπροσθεν,
1692 1542 1818 1589 ἐπειδὴ
1840 1543 1958 1580 πολλὰ
1980 1547 2041 1579 καὶ
2064 1541 2149 1579 οὐδὲ
2171 1542 2329 1592 ἀριθμη-

1231 1590 1349 1633 θῆναι
1374 1588 1486 1635 ῥᾴδια
1507 1590 1822 1636 μετατεθείκαμεν
1846 1591 1895 1625 εἰς
1918 1588 1962 1625 τὸ
1991 1592 2167 1639 κρεῖττον,
2198 1585 2267 1623 κᾶν
2299 1589 2331 1622 εἲ

1231 1648 1269 1670 τι
1292 1633 1464 1683 βασιλικῇ
1486 1638 1562 1670 τινὶ
1573 1637 1653 1671 τῶν
1673 1635 1930 1692 παλαιοτέρων
1951 1631 2233 1684 αὐτοκρατόρων
2254 1631 2329 1669 δια-

1231 1678 1332 1722 τάξει
1361 1678 1452 1736 πρὸς
1468 1677 1627 1738 ’ἀλλοῖον
1657 1681 1777 1729 εἴρητο
1794 1692 1940 1736 ,σχημα.
1984 1679 2033 1736 τὰ
2044 1682 2128 1761 ὁμὲν
2141 1676 2326 1736 ,γὰρ’ὀνό·

1230 1737 1429 1815 ἕῗῖἒιῖἔῗ
1449 1725 1933 1820 ἒῇἓξίζῖιῗὸνιξέἷῇἶὶᾚέζ
1954 1728 2331 1821 Ἧῖπεῗῖἔινῖἔῖἴ

1232 1815 1524 1862 στασιαζόμενον
1548 1820 1695 1854 ἐκείνοις
1719 1820 1763 1863 ἢν
1787 1816 1918 1862 (πολλὰ
1940 1816 1981 1852 δὲ
2002 1817 2049 1852 τὰ
2071 1818 2226 1852 τοιαῦτα
2245 1811 2330 1852 ἀπέ-

1231 1865 1362 1906 κειτο),
1397 1862 1507 1897 τοῦτο
1543 1861 1712 1913 διῄρηται
1746 1876 1788 1898 τε
1822 1866 1884 1898 καὶ
1918 1866 2149 1912 πεπέρασται
2184 1865 2246 1897 καὶ
2282 1862 2331 1896 εἰς

1237 1911 1273 1943 11
1324 1909 1423 1954 σαφῆ
1449 1911 1662 1956 περιέστηκε
1683 1908 1785 1944 τέλος
1808 1910 1939 1952 ἂχοντα
1960 1907 2087 1954 νόμον.
2118 1905 2268 1951 Ἐπειδὴ
2290 1905 2332 1941 δὲ

1232 1954 1340 1998 ἐχρῆν
1368 1958 1436 1989 καί
1458 1965 1544 1989 τινα
1571 1959 1726 2004 μετρίαν
1759 1954 1894 2003 εἰσαγω
1919 1953 1964 1999 ὴν
1986 1952 2218 1998 ποιήσασθαι
2241 1951 2331 2001 πρὸς

1231 2010 1318 2035 τους
1335 1996 1420 2057 ἄρτι
1442 1998 1574 2044 νόμων
1596 1998 1691 2037 ἁπτο
1720 2003 1819 2036 ε’νους
1842 2013 1887 2034 κα
1925 1998 1994 2054 τῂν
2016 2002 2128 2046 μείζω
2160 1996 2330 2034 διδασκα-

1233 2042 1317 2079 λίαν
1334 2057 1375 2079 ου
1396 2044 1614 2093 χωροῦντας,
1635 2044 1675 2081 01²1
1702 2048 1719 2080 ἐ
1735 2046 1844 2081 τοῦτο
1862 2047 1925 2090 τῆς
1945 2048 2116 2094 ημετέρας
2136 2045 2208 2086 ἔξω
2227 2056 2329 2079 κατε·

1233 2455 1272 2495 (1)
1299 2450 1472 2496 εὐκλεοῦς]
1487 2453 1668 2489 ευκλευους
1683 2456 1715 2488 F
1779 2456 1825 2499 (2)
1848 2457 1910 2490 nal
1927 2457 1986 2490 ins.

1234 2501 1278 2553 (4)
1304 2511 1488 2546 στεφανον
1508 2502 1542 2533 F
1629 2504 1671 2542 (5)
1688 2502 1838 2545 fortasse
1858 2496 2057 2546 ἀπαλεῖψαι

1234 2547 1420 2593 [ημέτερον
1437 2545 1531 2580 εἶναι
1552 2543 1673 2579 δοκεῖν
1684 2547 1759 2588 καὶ]
1781 2542 1935 2592 ἡμετέρᾳ
1955 2560 2018 2580 scr.

2058 2457 2101 2498 (3)
2125 2466 2167 2502 γε
2179 2456 2328 2489 ΗενεΙιεν

2151 2502 2196 2542 (6)
2218 2500 2329 2535 τοῦτο

1235 2930 1530 2972 sustinuerimus,
1553 2930 1618 2965 sed
1639 2930 1866 2976 sinqulorum
1889 2931 2036 2966 nomina
2060 2931 2199 2977 leqibus
2215 2941 2329 2978 prae·-

1237 2975 1508 3020 scripserimus,
1539 2978 1720 3011 mutantes
1747 2976 1884 3012 scilieet
1910 2977 1946 3011 si
1972 2977 2062 3022 quid
2089 2978 2208 3012 minus
2230 2980 2328 3013 reete

1234 3030 1272 3054 se
1290 3019 1423 3055 habere
1438 3020 1620 3055 videretur
1663 3021 1912 3067 articulasque
1927 3021 2022 3057 alias
2037 3021 2217 3058 dementes
2233 3021 2327 3057 alias

1236 3065 1409 3117 addentes
1431 3069 1466 3100 et
1489 3076 1539 3101 ex
1561 3077 1620 3101 mu
1638 3067 1683 3102 tis
1699 3066 1951 3113 pulcherrima
1970 3078 2136 3120 quaeque
2154 3067 2328 3114 eliqentes

1234 3111 1400 3145 ominbus
1427 3122 1472 3145 ue
1504 3122 1657 3157 aequam
1689 3114 1916 3148 auctoritatis
1946 3124 2016 3148 vim
2041 3113 2254 3156 tribuentes,
2286 3116 2326 3147 ut

1234 3155 1390 3201 quidqui
1437 3157 1475 3191 in
1499 3156 1590 3192 libro
1614 3158 1789 3204 scriptum
1812 3159 1878 3202 sit,
1910 3160 2086 3201 [nostrum
2110 3169 2187 3193 esse
2209 3169 2326 3204 appa-

1233 3204 1314 3236 reat
1342 3204 1389 3243 et]
1420 3212 1470 3236 ex
1498 3205 1624 3238 nostra
1647 3203 1830 3239 voluntate
1853 3205 2108 3250 compositum,
2137 3214 2203 3239 nec
2226 3204 2325 3249 quis-

1234 3257 1343 3292 quam
1376 3247 1510 3282 audeat
1540 3258 1635 3293 quae
1666 3259 1763 3284 nunc
1792 3249 1898 3294 facta
1928 3253 2015 3284 sunt
2036 3260 2117 3285 cum
2134 3249 2326 3295 prioribus

1233 3291 1420 3371 conferre,
1453 3293 1626 3337 quoniam
1655 3294 1769 3329 multa
1800 3305 1867 3330 nec
1896 3294 2010 3340 facile
2038 3293 2263 3329 numeranda
2287 3294 2324 3327 in

1233 3347 1287 3371 me
1304 3347 1359 3371 ius
1389 3338 1687 3383 reformavimus,
1719 3339 1862 3375 etiamsi
1883 3340 1921 3374 in
1944 3349 2051 3375 sacra
2075 3340 2201 3384 aliqua
2219 3340 2324 3385 prio-

1231 3392 1312 3416 rum
1335 3382 1547 3429 principum
1577 3385 1830 3420 constitutione
1854 3384 1945 3430 quid
1966 3385 2014 3419 sit
2037 3385 2086 3420 ad
2109 3385 2219 3419 aliam
2241 3384 2323 3429 sor-

1232 3438 1325 3462 mam
1339 3428 1597 3474 perscrzptum.
1630 3430 1777 3465 nomina
1795 3431 1888 3464 enim
1901 3430 2073 3476 priorum
2091 3429 2323 3470 servavimus,

1233 3472 1351 3517 leyum
1376 3476 1494 3508 autem
1516 3475 1701 3510 veritatem
1725 3478 1886 3510 nostram
1909 3475 2084 3521 fecimus,
2115 3478 2154 3508 ut
2177 3474 2213 3508 si
2233 3474 2324 3519 quid

1232 3517 1334 3562 apud
1354 3517 1435 3553 illos
1453 3523 1723 3555 controversum
1743 3523 1835 3555 esset
1846 3519 2024 3566 (plurima
2043 3530 2127 3554 vero
2148 3518 2321 3553 eiusmodi

1233 3566 1369 3606 erant),
1401 3562 1440 3598 id
1469 3564 1625 3600 decisum
1654 3566 1703 3600 sit
1725 3568 1760 3600 et
1783 3565 2056 3600 determinatum
2080 3569 2115 3598 et
2137 3563 2321 3598 redactum

1235 3610 1272 3641 ll
1321 3607 1371 3642 ad
1404 3607 1517 3655 leqem
1553 3613 1687 3645 certam
1723 3614 1758 3645 et
1794 3610 1988 3654 definitam.
2043 3607 2219 3651 Quoniam
2255 3620 2320 3643 au-

1231 3655 1298 3687 tem
1329 3655 1570 3690 necessarium
1602 3658 1682 3690 erat
1712 3656 1819 3690 etiam
1852 3654 2027 3689 modicam
2058 3653 2241 3698 quandam
2266 3655 2320 3689 in-

1231 3697 1488 3734 troductionem
1517 3701 1698 3753 perficere
1723 3704 1881 3747 propter
1913 3709 1990 3741 eos,
2028 3700 2093 3744 qui
2123 3709 2241 3744 nuper
2272 3699 2322 3734 ad

1229 3743 1285 3778 ius
1308 3754 1345 3779 se
1369 3745 1628 3790 applicuissent
1657 3756 1723 3781 nec
1751 3746 1921 3780 maiorem
1955 3743 2156 3779 doctrinam
2190 3755 2321 3790 capere
