2528 3918
193 136 378 180 XX115

191 268 256 294 eas
278 256 419 293 facilius
442 254 586 301 probari
609 254 740 300 possit:
773 257 809 290 et
838 253 915 290 sine
944 254 1000 290 his
1032 257 1151 289 autem
1184 252 1280 288 valet

194 302 295 354 quod·
325 306 443 337 actum
476 304 548 353 est.
583 300 614 335 si
648 299 794 352 habeat·
814 299 1081 351 probationem,
1109 297 1210 351 ‘sicut
1244 303 1280 364 et

194 345 579 429 ”ugnffifflfflssssi
588 343 1279 434 ‘323⁰.33255”532033523m0⁸‘s{

193 447 250 472 res
273 441 375 481 gesta
398 436 474 471 sine
496 435 693 470 litterarum
724 444 865 479 quoque
889 433 1155 478 consignatione
1189 433 1278 468 veri-

193 486 269 517 tate
291 480 427 516 factum
451 490 555 515 suum
576 478 764 525 praebeat,
789 490 861 514 non
894 477 973 513 ideo
998 478 1114 513 minus
1138 478 1278 521 valebit,

194 525 290 571 quod
312 525 584 561 instrumentum
607 522 742 559 nullum
766 523 809 558 de
834 533 876 558 ea
898 523 1108 558 intercessit.

240 568 266 608 6
298 569 491 606 mmmm
518 570 608 606 libro
663 568 937 615 uinquaqesimo
971 567 1021 603 ad
1042 567 1195 604 edictum
1242 568 1278 603 Si

194 615 239 651 de
261 615 393 650 tabulis
416 614 619 650 testamenti
667 613 859 659 eponendis
880 617 1007 658 agatur
1030 615 1067 648 et
1086 612 1278 655 dubitetur,

194 660 278 696 cui²
302 670 362 695 eas
386 660 514 705 deponi
537 663 690 705 oportet,
715 668 852 703 semper
871 657 1044 693 seniorem
1067 657 1220 693 iuniori³
1243 662 1279 693 et

194 705 378 750 amplioris
411 704 557 740 honoris
598 703 779 740 inferiori⁴
815 706 851 738 et
882 712 1016 738 marem
1057 701 1211 738 feminae
1243 707 1279 738 et

193 750 384 796 ingenuum
407 749 570 786 libertino
594 748 846 794 praeferemus.

703 841 734 876 V
747 840 772 879 ⁵.

579 907 638 939 DE
663 905 891 939 TESTIBUS.

243 974 260 1011 1
288 974 491 1010 Aacaows
516 973 581 1018 qui
602 975 637 1007 et
662 971 874 1007 CHARJSJUS
902 970 993 1007 libro
1023 971 1207 1016 sinqulari
1235 971 1280 1007 de

193 1019 342 1055 testibus
383 1017 681 1054 Testimoniorum
697 1026 784 1051 usus
801 1015 970 1061 frequens
990 1025 1034 1051 ac
1056 1016 1279 1052 necessarius

194 1067 252 1100 est
275 1067 311 1099 et
333 1063 379 1098 ab
403 1063 458 1098 his
481 1062 672 1107 praecipue
696 1061 898 1106 exigendus,
924 1071 1075 1106 quorum
1097 1060 1183 1096 fides
1208 1072 1279 1097 non

195 1112 211 1144 1
260 1108 414 1144 vacillat.
461 1106 632 1142 Adhiberi
667 1107 831 1151 quoque⁸
872 1109 982 1141 testes
1021 1110 1174 1151 possunt
1208 1117 1279 1142 non

193 1154 309 1190 solum
331 1153 368 1188 in
392 1152 630 1188 criminalibus
651 1151 781 1192 causis,
801 1150 864 1186 sed
883 1150 990 1186 etiam
1007 1150 1045 1186 in
1064 1151 1280 1196 pecuniariis

191 1198 315 1236 litibus
339 1198 454 1233 sicubi
476 1207 532 1232 res
563 1196 733 1241 postulat,
754 1197 821 1231 ex⁷
844 1195 900 1231 his
921 1195 1050 1240 quibus
1079 1206 1151 1231 non
1170 1196 1279 1232 inter-

194 1243 323 1279 dicitur
336 1242 574 1278 testimonium
594 1251 660 1276 nec
678 1241 751 1275 ulla
770 1241 847 1292 lege
867 1250 889 1275 a
908 1239 1058 1276 dicendo
1077 1241 1279 1277 testimonio

193 1291 214 1324 2
262 1291 490 1323 excusantur.
515 1287 736 1331 Quamquam
756 1285 969 1330 quibusdam
989 1285 1124 1330 legibus
1137 1286 1280 1331 amplis·

192 1333 302 1370 simus
326 1342 493 1368 numerus
517 1331 661 1366 testium
684 1330 850 1365 definitus
881 1330 945 1371 sit,
975 1334 1096 1366 tamen
1127 1341 1171 1366 ex
1195 1341 1280 1366 con-

193 1377 437 1414 stitutionibus
460 1376 660 1422 principum
684 1376 773 1410 haec
797 1375 942 1410 licentia
973 1375 1019 1410 ad
1043 1374 1280 1411 sufficientem

193 1433 378 1458 numerum
408 1422 553 1457 testium
584 1424 784 1461 coartatur,
818 1424 858 1455 ut
888 1419 1024 1456 iudices
1054 1420 1281 1456 moderentur

194 1471 231 1503 et
254 1478 333 1503 eum
356 1466 471 1502 solum
494 1476 679 1501 numerum
708 1465 868 1505 testium,
903 1475 1008 1510 quem
1039 1466 1281 1501 necessarium

193 1522 271 1548 esse
293 1511 507 1557 putaverint,
544 1510 686 1546 evocari
707 1510 909 1555 patiantur,
946 1520 991 1545 ne
1020 1510 1192 1546 effrenata
1214 1521 1279 1556 po-

192 1561 322 1592 testate
357 1556 404 1591 ad
437 1555 618 1591 vexandos
660 1555 820 1590 homines
866 1554 1047 1600 superflua
1089 1555 1279 1591 multitudo

193 1602 338 1637 testium
359 1601 601 1646 protrahatur.

239 1644 264 1683 2
288 1645 543 1682 Mooasmws
563 1645 653 1680 libro
687 1647 814 1680 octavo
844 1643 1054 1690 regularum
1107 1644 1150 1680 In
1180 1645 1279 1680 testi-

193 1691 321 1727 moniis
341 1694 461 1726 autem
483 1690 634 1735 dignitas
646 1689 735 1724 fides
747 1699 864 1724 mores
874 1689 1030 1734 gravitas
1044 1690 1280 1725 examinanda

193 1740 264 1771 est:
298 1739 334 1771 et
355 1735 437 1771 ideo
461 1738 583 1777 testes,
608 1734 668 1779 qui
691 1734 860 1770 adversus
893 1733 999 1770 fidem
1022 1735 1135 1770 suae⁸
1164 1738 1277 1770 testa-

193 1781 300 1817 tionis
323 1780 501 1823 vacillant,
526 1779 694 1815 audiendi
717 1789 790 1814 non
813 1782 909 1815 sunt.

239 1824 263 1863 3
292 1825 576 1862 Cumsrfflws
618 1824 709 1860 libro
753 1827 884 1870 quarto
926 1823 972 1859 de
1016 1824 1281 1870 coqnitn‘onibus

193 1871 354 1906 Testium
383 1869 472 1905 fides
496 1869 678 1914 diligenter
708 1868 944 1904 examinanda
975 1872 1039 1904 est.
1071 1868 1222 1914 ideoque
1243 1870 1280 1904 in

193 1925 348 1961 persona
371 1925 493 1950 eorum
517 1913 737 1959 exploranda
769 1917 873 1949 erunt
903 1914 941 1948 in
971 1913 1093 1958 primis
1118 1914 1279 1949 condicio

194 1961 376 2005 cuiusque,
399 1963 519 1994 utrum
542 1959 622 2004 quis
646 1958 791 1994 decurio
815 1969 862 1993 an
893 1958 1051 2004 plebeius
1077 1958 1141 1994 sit:
1175 1962 1211 1994 et
1233 1969 1281 1994 an

192 2005 365 2041 honestae
388 2008 425 2039 et
446 2004 650 2049 inculpatae
678 2003 772 2039 vitae
795 2013 842 2038 an
865 2014 948 2039 vero
972 2006 1118 2039 notatus
1141 2004 1221 2049 quis
1246 2007 1282 2039 et

192 2049 495 2095 reprehensibilis:
534 2059 582 2084 an
611 2049 771 2093 locuples
801 2048 856 2084 vel
887 2058 992 2093 egens
1024 2048 1089 2090 sit,
1120 2052 1162 2083 ut
1190 2049 1282 2084 lucri

193 2105 305 2130 causa
335 2093 420 2139 quid
448 2093 555 2129 facile
585 2093 767 2128 admittat:
808 2093 864 2128 vel
895 2103 942 2128 an
971 2092 1136 2129 inimicus
1167 2093 1199 2129 ei
1223 2093 1281 2136 sit,

193 2139 366 2175 adversus
397 2148 502 2184 quem
531 2138 771 2173 testimonium
800 2137 890 2179 fert,
921 2137 977 2173 vel
1007 2138 1143 2173 amicus
1169 2139 1201 2174 ei
1224 2138 1279 2182 sit,

192 2195 258 2230 pro
282 2194 352 2229 quo
375 2183 615 2219 testimonium
647 2182 719 2218 dat.
752 2193 835 2217 nam
864 2183 896 2218 si
927 2186 1050 2218 careat
1079 2183 1282 2228 suspicione

192 2228 434 2265 testimonium
455 2228 512 2263 vel
534 2231 682 2273 propter
704 2237 894 2272 personam
913 2237 936 2262 a
954 2237 1026 2272 qua
1043 2226 1181 2267 fertur(
1210 2227 1281 2263 uod

193 2274 345 2310 honesta
374 2273 432 2314 sit)
463 2273 518 2308 vel
550 2276 697 2318 propter
728 2282 874 2308 causam
905 2271 1015 2317 (quod
1045 2282 1161 2317 neque
1186 2239 1282 2308 ‘lucri

193 2328 309 2398 ¹1²⁰q21¹⁹
330 2318 629 2398 Ψέιωὲἒθῳω
650 2316 1028 2399 mffcitifffflffi.
1039 2317 1279 2397 ’ἔν’-ἰᾴωῑξτῒὲῒ

286 2373 329 2399 us
419 2390 426 2397 .
531 2373 570 2398 eo
596 2372 641 2398 ue
716 2372 780 2397 vus
948 2373 971 2396 n
1079 2373 1092 2396 1
1117 2373 1151 2398 10
1259 2373 1279 2397 o

192 2408 309 2453 legato
333 2408 535 2453 provinciae
559 2374 703 2443 giliciae
731 2406 915 2452 rescripsit
946 2416 1027 2441 eum
1058 2406 1118 2459 qui
1148 2406 1282 2442 iudicat

277 2453 305 2488 's
328 2463 435 2498 posse
458 2452 561 2495 scire,
588 2456 723 2497 quanta
745 2451 833 2486 fides
857 2451 1022 2486 habenda
1046 2455 1094 2486 sit
1115 2451 1278 2487 testibus.

193 2508 254 2533 ver
279 2508 301 2533 a
334 2497 506 2543 epistulae
536 2498 627 2532 haec
658 2499 760 2532 sunt:
802 2496 871 2531 ‘Tu
901 2496 1013 2541 magis
1044 2496 1135 2535 scire
1165 2500 1279 2541 potes,

194 2546 341 2588 ‘quanta
363 2542 451 2578 fides
474 2542 640 2578 habenda
661 2542 709 2577 sit
730 2541 892 2583 testibus,
928 2541 988 2586 qui
1011 2545 1047 2576 et
1078 2542 1180 2577 cuius
1205 2541 1279 2586 dig—

195 2588 327 2622 ‘nitatis
352 2591 388 2622 et
411 2587 512 2622 cuius
536 2586 805 2622 existimationis
829 2586 912 2628 sint,
936 2589 972 2622 et
995 2586 1055 2631 qui
1075 2586 1140 2621 sim
1166 2586 1281 2622 liciter

195 2633 271 2667 ‘visi
295 2633 367 2667 sint
389 2631 517 2674 dicere,
541 2635 661 2667 utrum
691 2642 803 2666 unum
829 2630 1050 2676 eundemque
1072 2641 1129 2666 me
1156 2631 1281 2666 ‘tatum

196 2680 404 2712 ‘sermonem
423 2677 607 2712 attulerint
625 2686 671 2712 an
691 2676 738 2711 ad
758 2686 800 2711 ea
819 2685 910 2721 quae
932 2676 1212 2721 interrogaveras
1237 2686 1282 2711 ex

196 2724 215 2756 2
264 2725 433 2766 ‘tempore
451 2721 651 2756 verisimilia
673 2720 921 2773 responderint
935 2720 985 2756 ¹¹.’
1008 2720 1179 2756 Eiusdem
1191 2731 1280 2766 quo-

195 2776 264 2845 3118
287 2766 457 2811 principis
481 2770 598 2801 exstat
627 2770 840 2811 rescnptum
872 2766 919 2800 ad
941 2765 1124 2800 Valerium
1148 2765 1281 2801 Verum

221 2821 241 2846 e
265 2811 475 2846 excutienda
497 2810 566 2845 fide
590 2811 733 2846 testium
754 2811 791 2845 in
814 2811 904 2846 haec
927 2810 1054 2846 verba:
1089 2810 1200 2854 ‘Quae
1222 2820 1280 2846 ar-

195 2858 374 2935 gumenta
397 2856 444 2890 ad
462 2866 565 2900 quem
585 2856 727 2891 modum
749 2855 957 2901 probandae
981 2855 1108 2900 cuique
1131 2855 1182 2891 rei
1205 2855 1279 2891 suf-

235 2900 340 2941 ciant,
365 2900 461 2935 nullo
487 2905 582 2936 certo
615 2900 719 2936 modo
754 2899 840 2935 satis
873 2899 1011 2935 definiri
1033 2904 1162 2945 potest.
1188 2901 1282 2936 sicut

196 2948 281 2981 ‘non
301 2955 449 2989 semper,
469 2945 520 2979 ita
535 2955 641 2990 saepe
661 2945 736 2981 sine
748 2944 899 2990 publicis
912 2945 1147 2980 monumentis
1161 2945 1280 2981 cuius·

196 2993 278 3042 ‘que
299 2989 352 3024 rei
374 2989 504 3024 veritas
530 2990 855 3035 deprehenditur¹².
889 2990 977 3025 alias
1009 3000 1176 3025 numerus
1208 2994 1279 3025 tes-

196 3038 315 3087 ‘tium‚
346 3034 434 3069 alias
458 3033 608 3079 dignitas
639 3039 673 3069 et
704 3034 919 3087 auctoritas,
944 3034 1032 3070 alias
1063 3035 1171 3087 veluti
1195 3045 1276 3070 con-

196 3078 1281 3170 titini&‘aits‘3¹13‘sszzrfffssrssepgsszuffuxfflgffiidssfffi

197 3169 331 3214 ‘utique
364 3167 411 3203 ad
445 3177 551 3203 unam
586 3169 806 3212 probationis
852 3169 1004 3214 speciem
1046 3168 1280 3214 cognitionem

198 3214 328 3257 ,statim
351 3213 487 3258 alligari
511 3212 650 3254 debere,
674 3213 737 3248 sed
760 3223 803 3248 ex
827 3214 1002 3249 sententia
1025 3214 1131 3249 animi
1160 3215 1214 3249 tui
1245 3218 1281 3249 te

197 3258 397 3301 ‚aestimare
419 3268 441 3293 o
490 3261 594 3299 rtere,
619 3258 702 3308 quid
726 3263 789 3292 aut
812 3258 936 3294 credas
959 3262 1022 3293 aut
1047 3269 1173 3311 pamm
1196 3269 1279 3304 pro-

198 3306 217 3339 3
265 3304 399 3338 ‘batum
421 3306 450 3337 t1
474 3301 486 3337 i
509 3302 688 3347 opinans:
726 3302 823 3338 Idem
839 3303 939 3339 divus
951 3303 1154 3339 Hadrianus
1178 3303 1278 3338 Iunio

198 3419 239 3458 (1)
262 3416 345 3449 licet
364 3416 561 3448 testationes
573 3415 610 3447 in
622 3414 759 3456 seriptis
770 3414 905 3447 habitae
918 3426 986 3448 non
1006 3419 1086 3448 sunt
1098 3417 1145 3450 D.
1163 3417 1183 3448 l.
1195 3428 1276 3460 yem.

199 3463 242 3502 (2)
267 3460 484 3501 eui1ubieer.
578 3461 621 3500 (3)
644 3459 778 3491 iuniore
790 3460 823 3491 F
909 3463 951 3501 (4)
975 3461 1135 3493 inferiore
1147 3461 1182 3492 F

244 3507 287 3545 (51
314 3507 377 3539 Ed.
391 3512 484 3543 2...·1:
505 3505 586 3538 Sat».
599 3512 626 3538 1.
639 3511 741 3538 s...u.
754 3511 872 3537 umas.
883 3511 938 3543 15;
964 3506 1049 3548 Pap.
1063 3513 1106 3539 15.
1121 3512 1166 3539 10.
1179 3512 1279 3539 24.-

199 3550 286 3591 Bm,
298 3551 354 3591 21,
366 3558 390 3584 1.
404 3568 448 3575 —
464 3549 515 3593 Cf.
539 3549 618 3583 cod.
638 3550 672 3589 4,
685 3555 723 3582 20
889 3552 931 3588 (6)
956 3549 1176 3592 adhiberique
1196 3550 1278 3583 Hal.

200 3597 243 3636 (Ἰ)
266 3595 315 3628 eie
325 3607 388 3628 sec.
404 3595 449 3634 B,
470 3593 550 3627 etF
694 3593 739 3633 (8)
764 3602 856 3624 suam
877 3593 911 3625 F
1052 3597 1097 3635 (9)
1121 3595 1232 3637 gratia
1250 3594 1286 3628 F

204 3640 263 3677 (ιο)
287 3639 333 3670 sit
352 3651 412 3671 scr.
552 3639 607 3680 (ιι)
631 3637 683 3670 Tu
701 3637 810 3679 magis
828 3637 915 3669 scire
934 3642 1040 3679 potes,
1061 3643 1187 3680 quanta
1199 3639 1279 3672 fides

200 3683 352 3715 habenda
363 3684 408 3715 sit
418 3682 571 3722 testibus,
584 3682 643 3725 qui
655 3684 689 3715 et
708 3682 805 3714 ouius
817 3681 996 3723 dignitatis
1011 3687 1044 3715 et
1057 3684 1153 3715 cuius
1165 3681 1279 3717 existi·

200 3728 357 3760 metionis
369 3728 439 3760 sint
450 3727 538 3760 scias
550 3731 584 3760 et
595 3727 654 3769 qui
673 3726 831 3759 similiter
847 3727 908 3764 (εἰσ
926 3728 1056 3769 quidam
1077 3728 1170 3760 anmi
1184 3728 1280 3761 Cuia-

1265 129 1350 179 292

2138 146 2200 177 DE
2226 146 2436 180 ‘memus

1347 252 1479 289 Rufino
1504 253 1710 306 proconsuli
1732 253 1967 306 Macedoniae
1997 255 2179 308 rescripsit
2208 256 2360 292 testibus
2384 266 2435 300 se,

1348 309 1419 334 non
1443 302 1653 334 testimonns
1677 298 1904 335 crediturum.
1929 300 2039 335 verba
2105 300 2233 336 istulae
2264 300 2311 336 ad
2341 301 2436 338 hanc

1347 347 1486 388 partem
1505 343 1719 388 pertinentia
1737 343 1828 380 haec
1847 349 1948 380 sunt:
1974 344 2064 389 ‘Quo
2108 345 2255 381 crimina
2266 346 2437 382 obiecerit

1348 387 1458 433 ‘apud
1475 398 1531 423 me
1543 388 1790 423 AlexanderA
1815 399 1855 425 ro
1879 394 1916 424 et
1928 390 1955 411 ¹⁸
1979 390 2063 442 quia
2083 399 2156 425 non
2203 390 2358 426 robabat
2369 402 2436 426 nec

1348 435 1469 468 ‘testes
1489 432 1722 478 producebat,
1743 443 1782 469 se
1825 435 2033 470 testimoniis
2057 435 2109 469 uti
2129 445 2172 470 vo
2189 435 2280 478 ebat,
2306 436 2435 481 quibus

1348 477 1456 523 ‘apud
1475 487 1530 512 me
1553 477 1654 513 locus
1675 488 1745 513 non
1767 482 1821 514 est
1845 482 1939 521 (nam
1958 479 2056 525 ipsos
2074 479 2294 525 interrogare
2313 480 2436 523 soleo),

1348 525 1463 575 ‘quem
1477 523 1504 544 ¹⁴
1527 522 1647 558 remisi
1669 523 1716 557 ad
1734 523 1937 576 provinciae
1959 524 2168 569 praesidem,
2192 529 2234 560 ut
2254 524 2285 560 is
2305 525 2350 560 de
2367 525 2437 561 fide

1348 571 1503 602 ‘testium
1527 571 1716 612 quaereret
1738 571 1774 602 et
1803 579 1871 604 ms1
1901 569 2082 614 implesset
2105 569 2200 615 quod
2223 569 2435 613 intenderat,

1347 615 1369 647 4
1416 612 1667 657 ‘relegaretur.'
1692 611 1843 649 Gabinio
1859 615 1886 635 ¹⁵
1897 624 2039 659 quoque
2050 614 2208 650 Maximo
2225 614 2318 650 idem
2338 615 2436 660 prin-

1348 667 1432 702 ceps
1462 657 1499 691 in
1530 657 1619 692 haec
1649 657 1760 692 verba
1789 659 1989 704 rescripsit:
2028 659 2121 694 ‘Alia
2151 663 2206 694 est
2241 660 2436 695 auctoritas

1347 702 1598 781 :Prssaefftiffm
1615 702 1771 781 1tlestiliim,
1791 703 2165 783 glghabtestimopiorum
2182 713 2274 784 qgae
2292 704 2438 771 recitari

1347 757 1399 826 5⁸⁰
1415 757 1522 834 fita,
1537 757 2221 844 <1⁶53eseiffi‘ssenffiaffffiagssffinihgssi
2229 759 2437 837 Pae‘zzvetffiff

1347 845 1392 872 118
1414 836 1485 872 hac
1507 836 1584 882 lege
1606 847 1644 871 111
1667 847 1766 872 reum
1789 838 2028 873 testimonium
2059 837 2176 874 dicere
2205 838 2327 875 liceret
2342 865 2352 882 ,
2377 839 2437 885 qui

1347 891 1387 917 se
1421 881 1468 916 ab
1502 891 1544 916 eo
1587 885 1779 927 parenteve
1813 882 1889 918 eius
1932 882 2144 925 liberaverit,
2181 883 2284 928 quive
2321 884 2436 929 impu-

1347 926 1450 962 beres
1482 930 1605 969 erunt,
1631 927 1761 972 quique
1777 927 1803 949 ¹⁸
1825 927 1956 962 iudicio
1981 927 2124 973 publico
2150 927 2339 964 damnatus
2372 929 2438 964 erit

1348 970 1410 1016 qui
1433 981 1557 1006 eorum
1586 971 1624 1006 in
1655 972 1832 1017 integrum
1861 972 2050 1008 restitutus
2073 982 2146 1008 non
2171 973 2247 1016 erit,
2272 973 2376 1019 quive
2398 974 2436 1008 in

1347 1016 1498 1051 vinculis
1522 1016 1725 1052 custodiave
1747 1016 1894 1062 publica
1917 1017 2002 1060 erit,
2058 1017 2139 1053 uive
2169 1017 2216 1053 ad
2239 1018 2372 1054 bestias
2396 1021 2437 1053 ut

1349 1060 1569 1106 depugnaret
1587 1071 1626 1096 se
1644 1061 1826 1104 locaverit,
1847 1072 1981 1114 quaeve
1999 1073 2024 1107 p
2061 1072 2118 1097 am
2131 1066 2316 1108 quaestum
2327 1062 2437 1098 faciet

1348 1106 1535 1148 feceritve,
1567 1106 1670 1151 quive
1700 1107 1747 1142 ob
1779 1107 2020 1142 testimonium
2051 1106 2241 1143 dicendum
2270 1107 2326 1143 vel
2364 1118 2436 1143 non

1350 1149 1537 1186 dicendum
1559 1151 1747 1196 pecuniam
1769 1152 1951 1196 accepisse
1974 1151 2152 1188 iudicatus
2175 1153 2228 1188 vel
2252 1153 2437 1188 convictus

1350 1196 1426 1231 erit.
1459 1205 1542 1231 nam
1573 1196 1714 1241 quidam
1744 1201 1892 1242 propter
1922 1197 2153 1232 reverentiam
2186 1207 2434 1250 personarum,

1349 1240 1492 1285 quidam
1515 1244 1662 1286 propter
1683 1241 1859 1276 lubricum
1884 1242 2022 1276 consilii
2045 1242 2111 1285 sui,
2136 1242 2196 1277 alii
2219 1252 2303 1278 vero
2321 1253 2436 1295 prop·

1348 1290 1405 1320 ter
1434 1289 1556 1320 notam
1589 1289 1625 1320 et
1662 1285 1844 1321 infamiam
1874 1287 1969 1322 vitae
2001 1296 2088 1322 suae
2123 1286 2331 1322 admittendi
2365 1298 2437 1323 non

1350 1334 1370 1365 6
1417 1334 1502 1366 sunt
1524 1330 1571 1366 ad
1593 1330 1785 1366 testimonii
1808 1331 1925 1366 fidem.
1963 1331 2089 1367 Testes
2109 1342 2182 1367 11011
2201 1335 2334 1368 temere
2354 1342 2436 1368 evo-

1350 1374 1455 1410 candi
1485 1379 1569 1410 sunt
1600 1385 1665 1420 per
1693 1376 1836 1420 longum
1869 1376 1938 1411 iter
1969 1380 2005 1411 et
2027 1376 2138 1411 multo
2170 1377 2285 1412 minus
2308 1377 2437 1412 milites

1349 1420 1523 1455 avocandi
1547 1424 1632 1456 sunt
1654 1430 1677 1455 a
1699 1421 1806 1465 signis
1828 1421 1884 1456 vel
1906 1421 2112 1457 muneribus
2133 1421 2342 1467 perhibendi
2364 1426 2435 1458 tes-

1349 1465 1486 1500 timonii
1510 1475 1631 1508 causa,
1655 1465 1763 1511 idque
1787 1465 1887 1501 divus
1909 1466 2114 1502 Hadrianus
2145 1467 2337 1512 rescripsit.
2373 1467 2436 1502 sed

1350 1513 1386 1545 et
1409 1509 1480 1545 divi
1499 1510 1627 1546 fratres
1647 1511 1924 1555 rescripserunt:
1951 1511 2066 1555 ‘Quod
2083 1511 2129 1546 ad
2151 1515 2261 1546 testes
2284 1521 2435 1547 evocan-

1349 1554 1425 1590 ‘dos
1447 1555 1613 1600 pertinet,
1635 1555 1835 1600 diligentiae
1853 1555 2044 1591 iudicantis
2059 1560 2111 1591 est
2132 1566 2176 1591 ex
2202 1556 2329 1599 loram,
2343 1567 2435 1602 quae

1350 1600 1583 1635 ‘consuetudo
1607 1601 1645 1635 in
1669 1610 1712 1635 ea
1734 1600 1927 1646 provincia,
1949 1601 1988 1635 111
2011 1611 2115 1646 quam
2134 1601 2171 1636 iu
2199 1601 2280 1644 ’cat,
2304 1600 2436 1636 fuerit!

1349 1654 1431 1679 nam
1455 1644 1486 1679 si
1534 1644 1721 1681 robabitur
1743 1655 1851 1690 saepe
1868 1645 1906 1680 in
1924 1645 2030 1680 aliam
2050 1646 2226 1681 civitatem
2245 1646 2436 1682 testimonii

1348 1689 1464 1735 gratia
1485 1655 1675 1769 {ferosque
1699 1695 1876 1732 evocatos,
1900 1701 1973 1726 non
1993 1700 2071 1726 esse
2091 1690 2335 1734 dubitandum,
2350 1692 2436 1744 quin

1350 1744 1484 1769 evocan
1512 1734 1520 1742 ⁰
1558 1734 1647 1777 sint,
1684 1745 1774 1787 quos
1809 1735 2029 1771 necessarios
2063 1735 2101 1771 in
2134 1736 2214 1781 ipsa
2237 1736 2436 1781 cognitione

1350 1779 1623 1824 deprehenderit

1395 1822 1421 1861 4
1446 1823 1605 1860 Paucas
1621 1824 1650 1859 li
1671 1835 1713 1860 ro
1725 1825 1882 1860 secundo
1895 1824 1945 1859 ad
1962 1824 2075 1871 leyem
2088 1823 2222 1860 Iuliam
2233 1828 2269 1860 et
2280 1824 2435 1879 Papiam

1348 1868 1446 1914 Lege
1467 1869 1560 1904 Iulia
1582 1869 1792 1905 iudiciorum
1814 1869 2038 1914 publicorum
2070 1873 2234 1913 cavetur,
2258 1879 2304 1906 ne
2326 1871 2434 1906 mvito

1350 1913 1587 1956 denuntietur,
1611 1918 1653 1949 ut
1674 1914 1915 1950 testimonium
1946 1914 2018 1949 litis
2047 1913 2145 1950 dicat
2175 1915 2345 1952 adversus
2376 1926 2434 1951 so-

1669 1790 1706 1814 u1
1728 1779 1874 1815 iudicat.

1351 1968 1471 1994 cerum
1494 1969 1672 2004 generum,
1695 1959 1861 1994 vitricum
1883 1959 2092 2004 privignum,
2117 1959 2297 1995 sobrinum
2320 1961 2434 1997 sobri-

1350 2013 1444 2046 nam,
1466 2004 1611 2039 sobrino
1633 2004 1779 2039 sobrina
1791 2005 1820 2026 ¹⁹
1838 2009 1973 2043 natum,
1994 2014 2098 2039 eosve
2118 2004 2178 2056 qui
2189 2005 2307 2050 priore
2322 2005 2436 2051 gradu

1350 2049 1432 2091 sint,
1451 2049 1536 2084 item
1554 2058 1600 2084 ne
1618 2049 1745 2084 liberto
1764 2049 1887 2094 ipsius,
1907 2049 2097 2084 liberorum
2114 2060 2200 2092 elus,
2220 2050 2434 2095 parentium,

1350 2093 1416 2128 viri
1438 2093 1572 2136 uxoris,
1595 2094 1680 2129 item
1702 2094 1845 2139 patroni
1867 2097 2058 2139 patronae:
2093 2098 2130 2129 et
2156 2098 2196 2129 ut
2221 2105 2267 2130 ne
2293 2096 2435 2140 patroni

1350 2141 1523 2182 patronae
1546 2138 1716 2174 adversus
1739 2139 1886 2174 libertos
1899 2149 2014 2184 neque
2036 2138 2154 2174 liberti
2177 2139 2346 2176 adversus
2368 2150 2433 2186 pa-

1350 2187 1493 2228 tronum
1503 2184 1535 2204 ²⁰
1559 2187 1731 2228 cogantur
1753 2184 1992 2219 testimonium
2015 2183 2143 2219 dicere.

1396 2225 1421 2264 5
1450 2228 1573 2264 Gaas
1592 2228 1683 2263 libro
1707 2233 1838 2274 quarto
1862 2228 1912 2264 ad
1934 2228 2046 2275 leyem
2068 2228 2202 2264 Iuliam
2226 2233 2263 2264 et
2278 2229 2434 2277 Papiam

1349 2272 1392 2307 In
1415 2272 1562 2317 legibus,
1587 2272 1716 2318 quibus
1741 2273 1932 2318 excipitur,
1964 2282 2009 2308 118
2038 2283 2147 2318 gener
2169 2278 2233 2309 ant
2255 2284 2358 2310 socer
2379 2275 2434 2310 in-

1349 2317 1443 2352 vitus
1455 2317 1694 2353 testimonium
1716 2317 1833 2353 dicere
1852 2321 2046 2362 cogeretur,
2058 2318 2178 2363 generi
2196 2319 2434 2364 appellatione

1350 2372 1520 2407 sponsum
1543 2372 1684 2407 quoque
1706 2362 1801 2398 filiae
1825 2362 1997 2398 contineri
2026 2362 2164 2408 placet:
2201 2363 2286 2399 item
2319 2364 2435 2400 soceri

1350 2416 1505 2452 sponsae
1527 2410 1676 2452 patrem.

1395 2448 1421 2489 6
1445 2450 1632 2487 mems
1667 2450 1847 2487 ermvs
1883 2451 1974 2488 libro
2019 2452 2178 2488 secundo
2223 2452 2433 2500 reqularum

1353 2495 1477 2531 Idonei
1500 2507 1571 2531 non
1595 2496 1759 2532 videntur
1782 2505 1860 2532 esse
1882 2500 2002 2540 testes,
2027 2497 2155 2542 quibus
2178 2497 2346 2543 imperari
2368 2507 2432 2543 po-

1349 2544 1420 2577 test
1443 2545 1484 2575 ut
1505 2544 1616 2576 testes
1638 2541 1738 2576 fiant.

1351 2627 1354 2630 ⁴
1396 2583 1421 2621 7
1445 2585 1700 2622 Monsssmws
1728 2585 1818 2621 libro
1852 2587 1956 2621 tertio
1986 2586 2195 2633 reqularum
2248 2586 2348 2623 Servi
2376 2597 2432 2623 re·

1351 2640 1483 2676 sponso
1513 2634 1600 2666 tunc
1632 2629 1846 2666 credendum
1878 2634 1949 2673 est,
1983 2641 2064 2667 cum
2094 2631 2164 2667 alia
2198 2632 2362 2677 probatio
2387 2632 2433 2667 ad

1351 2675 1543 2711 eruendam
1566 2675 1751 2711 veritatem
1773 2685 1846 2710 non
1870 2679 1935 2711 est.

1396 2718 1421 2758 8
1446 2720 1649 2756 Scaevoia
1674 2721 1765 2756 libro
1789 2724 1919 2766 quarto
1942 2720 2152 2767 reqularum
2197 2721 2302 2756 Inviti
2331 2721 2432 2757 testi-

1349 2765 1506 2801 monium
1525 2765 1643 2802 dicere
1663 2776 1736 2801 non
1756 2768 1933 2810 coguntur
1950 2765 2092 2801 senes²¹
2112 2765 2358 2801 valetudinarii
2377 2766 2431 2802 vel

1349 2810 1478 2845 milites
1500 2810 1556 2846 vel
1565 2810 1597 2831 ²²
1651 2810 1688 2846 ui
1718 2820 1799 2845 cum
1830 2809 2038 2855 magistratu
2061 2810 2112 2846 rei
2133 2811 2299 2856 publicae
2322 2821 2432 2846 causa

1350 2855 1482 2890 absunt
1504 2855 1560 2890 vel
1583 2866 1643 2901 qui
1669 2865 1711 2890 us
1734 2854 1852 2890 venire
1876 2864 1947 2890 non
1970 2855 2063 2890 licet.

1395 2897 1421 2938 9
1445 2899 1502 2935 ΡΑ
1510 2909 1605 2936 mus
1624 2899 1715 2935 libro
1732 2900 1855 2946 primo
1875 2899 1925 2934 ad
1942 2898 2116 2935 Sabinum
2146 2899 2264 2936 Testis
2281 2899 2430 2936 idoneus

1349 2948 1453 2990 pater
1474 2944 1547 2980 filio
1571 2948 1633 2979 aut
1656 2943 1748 2979 filius
1772 2944 1864 2988 patri
1888 2955 1960 2979 non
1983 2948 2048 2979 est.

1400 2988 1449 3027 10
1473 2989 1701 3024 Poupomns
1728 2989 1818 3024 libro
1846 2990 1970 3042 primo
2000 2989 2051 3024 ad
2079 2988 2251 3025 Sabinum
2302 2988 2430 3025 Nullus
2495 2989 2514 3048 j‘

1349 3034 1498 3070 idoneus
1521 3034 1622 3069 testis
1645 3033 1682 3068 in
1705 3044 1744 3069 re
1767 3043 1834 3069 sua
1855 3033 2078 3079 intellegitur.

1398 3078 1444 3116 11
1473 3078 1580 3114 Imm
1591 3078 1681 3114 libro
1691 3079 1873 3124 triqesimo
1883 3077 2232 3114 tertioadsabinum
2254 3078 2313 3114 Ad
2324 3078 2430 3114 fidem
2491 3077 2513 3116 ’1

1348 3124 1400 3159 rei
1410 3127 1532 3168 gestae
1541 3123 1742 3158 faciendam
1752 3123 1857 3158 etiam
1866 3133 1938 3158 non
1945 3127 2090 3168 rogatus
2098 3123 2198 3159 testis
2205 3123 2427 3176 intellegitur.
2490 3160 2511 3175 ,a
2527 3118 2528 3133 ¹

1398 3167 1448 3206 12
1479 3167 1672 3204 Uzmms
1700 3168 1790 3203 libro
1821 3168 2003 3214 triqesimo
2032 3169 2182 3215 septimo
2204 3167 2256 3203 ad
2276 3168 2429 3204 eductum
2491 3180 2511 3212 s..

1348 3213 1418 3249 Ubi
1441 3223 1608 3249 numerus
1632 3213 1775 3247 testium
1806 3223 1876 3247 non
1901 3211 2063 3254 adicitur,
2088 3212 2193 3247 etiam
2225 3211 2296 3248 duo
2328 3212 2428 3248 suffi·

1349 3258 1461 3294 cient:
1493 3257 1639 3302 pluralis
1674 3258 1765 3292 enim
1801 3257 1952 3292 elocutio
1984 3257 2134 3292 duorum
2164 3267 2311 3293 numero
2343 3268 2428 3294 con·
2488 3253 2509 3299 ,f

1347 3307 1447 3338 tenta
1469 3305 1533 3337 est.

1347 3417 1442 3457 cium)
1455 3415 1519 3447 visi
1535 3415 1605 3447 sint
1616 3414 1737 3455 dicere,
1757 3416 1868 3447 utrum
1885 3424 1989 3446 unum
2003 3413 2210 3456 eundemque
2230 3414 2427 3447 meditatum

1346 3470 1529 3493 sermonem
1543 3458 1720 3491 attulerint
1738 3469 1781 3491 an
1794 3458 1837 3491 ad
1849 3469 1888 3491 ea
1901 3469 1987 3501 quae
1999 3458 2265 3501 interrogaveras
2285 3469 2324 3491 ex
2344 3463 2426 3492 tem-

1348 3515 1426 3546 pore
1438 3504 1564 3537 similia
1574 3504 1734 3542 (similiter
1745 3503 1921 3548 Tydeman)
1930 3504 2165 3545 responderint
2171 3516 2234 3537 scr.
2303 3506 2362 3546 (12)
2375 3513 2425 3536 re·

1347 3549 1567 3593 prehenditur
1585 3549 1619 3581 F
1707 3550 1766 3589 (1³)
1791 3549 1839 3589 et]
1851 3558 1890 3580 ea
1901 3560 1962 3581 scr.
2059 3549 2116 3589 (14)
2141 3549 2253 3590 quem]
2265 3558 2339 3581 eum
2352 3548 2424 3582 edd.

1348 3596 1405 3635 (15)
1431 3594 1537 3626 Gavio
1552 3606 1615 3627 van
1628 3593 1668 3626 de
1689 3592 1799 3626 Waeer
1897 3594 1956 3633 (1⁶)
1981 3592 2130 3625 detinere
2142 3592 2195 3625 F²
2286 3595 2344 3634 (11)
2372 3592 2424 3636 Cf.

1354 3639 1518 3682 Ulpt'anus
1533 3638 1649 3671 Collal.
1662 3638 1695 3678 9,
1708 3644 1725 3670 2
1828 3637 1888 3677 (18)
1913 3637 2012 3679 quive
2024 3650 2086 3670 scr.
2203 3639 2261 3679 (¹⁹)
2288 3636 2425 3670 sobrina

1349 3683 1428 3717 add.
1440 3694 1502 3716 sec.
1515 3682 1562 3722 B,
1575 3694 1633 3714 om.
1646 3682 1681 3714 F

1349 3728 1410 3760 del.
1526 3729 1585 3766 (21)
1605 3726 1655 3758 vel
1671 3727 1731 3759 ins.
1823 3726 1886 3764 (22)
1910 3725 1964 3758 illi
1973 3727 2032 3759 im.
2042 3725 2096 3759 F'

1754 3682 1818 3723 (πο)
1831 3692 1937 3723 neque
1949 3681 2064 3714 liberti
2077 3681 2233 3715 adversus
2245 3684 2424 3724 patronum
2491 3707 2501 3716 ,
