<?xml version="1.0" encoding="UTF-8"?>
<!DOCTYPE html PUBLIC "-//W3C//DTD XHTML 1.0 Transitional//EN"
    "http://www.w3.org/TR/xhtml1/DTD/xhtml1-transitional.dtd">
<html xmlns="http://www.w3.org/1999/xhtml" xml:lang="en" lang="en">
 <head>
  <title>
</title>
<meta http-equiv="Content-Type" content="text/html;charset=utf-8" />
  <meta name='ocr-system' content='tesseract 3.04.00' />
  <meta name='ocr-capabilities' content='ocr_page ocr_carea ocr_par ocr_line ocrx_word'/>
</head>
<body>
  <div class='ocr_page' id='page_1' title='image "./corpusjuriscivil01krueuoft_0878.png"; bbox 0 0 2528 3918; ppageno 0'>
   <div class='ocr_carea' id='block_1_1' title="bbox 219 168 503 214">
    <p class='ocr_par' dir='ltr' id='par_1_1' title="bbox 219 168 503 214">
     <span class='ocr_line' id='line_1_1' title="bbox 219 168 503 214; baseline -0.004 0"><span class='ocrx_word' id='word_1_1' title='bbox 219 168 503 214; x_wconf 87' lang='lat' dir='ltr'>XXXXV18</span> 
     </span>
    </p>
   </div>
   <div class='ocr_carea' id='block_1_2' title="bbox 177 290 1306 3605">
    <p class='ocr_par' dir='ltr' id='par_1_2' title="bbox 219 290 1302 464">
     <span class='ocr_line' id='line_1_2' title="bbox 269 290 1301 343; baseline -0.005 -12"><span class='ocrx_word' id='word_1_2' title='bbox 269 293 318 332; x_wconf 88' lang='lat'><strong>10</strong></span> <span class='ocrx_word' id='word_1_3' title='bbox 343 292 451 329; x_wconf 67' lang='lat'><strong>10⁸1</strong></span> <span class='ocrx_word' id='word_1_4' title='bbox 470 293 560 329; x_wconf 85' lang='lat' dir='ltr'><strong>libro</strong></span> <span class='ocrx_word' id='word_1_5' title='bbox 584 291 827 338; x_wconf 74' lang='lat' dir='ltr'><strong>ootaqensimo</strong></span> <span class='ocrx_word' id='word_1_6' title='bbox 848 291 899 328; x_wconf 82' lang='lat' dir='ltr'><strong>ad</strong></span> <span class='ocrx_word' id='word_1_7' title='bbox 919 291 1073 343; x_wconf 63' lang='lat' dir='ltr'><strong>edictum</strong></span> <span class='ocrx_word' id='word_1_8' title='bbox 1119 290 1301 327; x_wconf 80' lang='lat' dir='ltr'><strong>Interdum</strong></span> 
     </span>
     <span class='ocr_line' id='line_1_3' title="bbox 220 336 1299 382; baseline -0.003 -8"><span class='ocrx_word' id='word_1_9' title='bbox 220 350 264 374; x_wconf 87' lang='lat' dir='ltr'><strong>ex</strong></span> <span class='ocrx_word' id='word_1_10' title='bbox 289 338 521 374; x_wconf 84' lang='lat' dir='ltr'><strong>conventione</strong></span> <span class='ocrx_word' id='word_1_11' title='bbox 544 337 727 382; x_wconf 87' lang='lat' dir='ltr'><strong>stipulatio</strong></span> <span class='ocrx_word' id='word_1_12' title='bbox 751 340 867 372; x_wconf 83' lang='lat' dir='ltr'><strong>ratam</strong></span> <span class='ocrx_word' id='word_1_13' title='bbox 889 347 963 372; x_wconf 91' lang='lat' dir='ltr'><strong>rem</strong></span> <span class='ocrx_word' id='word_1_14' title='bbox 990 336 1169 381; x_wconf 81' lang='lat' dir='ltr'><strong>interponi</strong></span> <span class='ocrx_word' id='word_1_15' title='bbox 1198 336 1299 377; x_wconf 87' lang='lat' dir='ltr'><strong>solet,</strong></span> 
     </span>
     <span class='ocr_line' id='line_1_4' title="bbox 221 380 1302 429; baseline -0.004 -10"><span class='ocrx_word' id='word_1_16' title='bbox 221 389 260 419; x_wconf 88' lang='lat' dir='ltr'><strong>ut</strong></span> <span class='ocrx_word' id='word_1_17' title='bbox 283 386 372 429; x_wconf 86' lang='lat' dir='ltr'><strong>puta</strong></span> <span class='ocrx_word' id='word_1_18' title='bbox 394 383 426 419; x_wconf 90' lang='lat' dir='ltr'><strong>si</strong></span> <span class='ocrx_word' id='word_1_19' title='bbox 449 382 533 428; x_wconf 88' lang='lat' dir='ltr'><strong>quid</strong></span> <span class='ocrx_word' id='word_1_20' title='bbox 556 385 770 427; x_wconf 84' lang='lat' dir='ltr'><strong>procurator</strong></span> <span class='ocrx_word' id='word_1_21' title='bbox 793 386 858 418; x_wconf 89' lang='lat' dir='ltr'><strong>aut</strong></span> <span class='ocrx_word' id='word_1_22' title='bbox 880 381 1010 417; x_wconf 84' lang='lat' dir='ltr'><strong>vendat</strong></span> <span class='ocrx_word' id='word_1_23' title='bbox 1033 385 1098 416; x_wconf 87' lang='lat' dir='ltr'><strong>aut</strong></span> <span class='ocrx_word' id='word_1_24' title='bbox 1119 380 1214 416; x_wconf 90' lang='lat' dir='ltr'><strong>locet</strong></span> <span class='ocrx_word' id='word_1_25' title='bbox 1238 385 1302 416; x_wconf 84' lang='lat' dir='ltr'><strong>aut</strong></span> 
     </span>
     <span class='ocr_line' id='line_1_5' title="bbox 219 428 917 464; baseline -0.007 0"><span class='ocrx_word' id='word_1_26' title='bbox 219 429 251 464; x_wconf 90' lang='lat' dir='ltr'><strong>si</strong></span> <span class='ocrx_word' id='word_1_27' title='bbox 273 428 306 463; x_wconf 88' lang='lat' dir='ltr'><strong>ei</strong></span> <span class='ocrx_word' id='word_1_28' title='bbox 330 428 489 464; x_wconf 87' lang='lat' dir='ltr'><strong>solvatur</strong></span> <span class='ocrx_word' id='word_1_29' title='bbox 908 449 917 459; x_wconf 88' lang='grc'>,</span> 
     </span>
    </p>

    <p class='ocr_par' dir='ltr' id='par_1_3' title="bbox 219 471 1300 608">
     <span class='ocr_line' id='line_1_6' title="bbox 268 471 1300 516; baseline -0.004 -8"><span class='ocrx_word' id='word_1_30' title='bbox 268 471 314 509; x_wconf 86' lang='grc'><strong>11</strong></span> <span class='ocrx_word' id='word_1_31' title='bbox 343 472 686 508; x_wconf 66' lang='grc' dir='ltr'><strong>Ηειυιοσεινωινυε</strong></span> <span class='ocrx_word' id='word_1_32' title='bbox 705 471 796 508; x_wconf 83' lang='lat' dir='ltr'><strong>libro</strong></span> <span class='ocrx_word' id='word_1_33' title='bbox 820 476 925 507; x_wconf 74' lang='lat' dir='ltr'><strong>sexto</strong></span> <span class='ocrx_word' id='word_1_34' title='bbox 950 471 1041 505; x_wconf 82' lang='lat' dir='ltr'><strong>iuris</strong></span> <span class='ocrx_word' id='word_1_35' title='bbox 1063 471 1300 516; x_wconf 80' lang='lat' dir='ltr'><strong>epitomarum</strong></span> 
     </span>
     <span class='ocr_line' id='line_1_7' title="bbox 219 515 1300 563; baseline -0.003 -10"><span class='ocrx_word' id='word_1_36' title='bbox 219 517 274 553; x_wconf 90' lang='lat' dir='ltr'><strong>vel</strong></span> <span class='ocrx_word' id='word_1_37' title='bbox 309 517 504 562; x_wconf 75' lang='lat' dir='ltr'><strong>paciscitur</strong></span> <span class='ocrx_word' id='word_1_38' title='bbox 541 517 596 553; x_wconf 86' lang='lat' dir='ltr'><strong>vel</strong></span> <span class='ocrx_word' id='word_1_39' title='bbox 631 516 814 563; x_wconf 85' lang='lat' dir='ltr'><strong>quodlibet</strong></span> <span class='ocrx_word' id='word_1_40' title='bbox 843 516 940 552; x_wconf 89' lang='lat' dir='ltr'><strong>aliud</strong></span> <span class='ocrx_word' id='word_1_41' title='bbox 970 515 1112 550; x_wconf 85' lang='lat' dir='ltr'><strong>nomine</strong></span> <span class='ocrx_word' id='word_1_42' title='bbox 1142 515 1300 551; x_wconf 86' lang='lat' dir='ltr'><strong>absentis</strong></span> 
     </span>
     <span class='ocr_line' id='line_1_8' title="bbox 219 563 328 608; baseline 0 -10"><span class='ocrx_word' id='word_1_43' title='bbox 219 563 328 608; x_wconf 80' lang='lat' dir='ltr'><strong>gerit:</strong></span> 
     </span>
    </p>

    <p class='ocr_par' dir='ltr' id='par_1_4' title="bbox 219 604 1300 1146">
     <span class='ocr_line' id='line_1_9' title="bbox 269 604 1299 653; baseline -0.004 -10"><span class='ocrx_word' id='word_1_44' title='bbox 269 604 320 644; x_wconf 90' lang='lat'><strong>12</strong></span> <span class='ocrx_word' id='word_1_45' title='bbox 351 606 545 643; x_wconf 70' lang='lat' dir='ltr'><strong><em>ULPJANUS</em></strong></span> <span class='ocrx_word' id='word_1_46' title='bbox 573 606 664 643; x_wconf 81' lang='lat' dir='ltr'><strong>libro</strong></span> <span class='ocrx_word' id='word_1_47' title='bbox 689 607 930 653; x_wconf 75' lang='lat' dir='ltr'><strong>octaqensimo</strong></span> <span class='ocrx_word' id='word_1_48' title='bbox 960 605 1009 640; x_wconf 80' lang='lat' dir='ltr'><strong>ad</strong></span> <span class='ocrx_word' id='word_1_49' title='bbox 1030 604 1183 640; x_wconf 79' lang='lat' dir='ltr'><strong>edictum</strong></span> <span class='ocrx_word' id='word_1_50' title='bbox 1230 615 1299 650; x_wconf 90' lang='lat' dir='ltr'><strong>quo</strong></span> 
     </span>
     <span class='ocr_line' id='line_1_10' title="bbox 219 649 1300 696; baseline -0.004 -8"><span class='ocrx_word' id='word_1_51' title='bbox 219 652 311 688; x_wconf 91' lang='lat' dir='ltr'><strong>enim</strong></span> <span class='ocrx_word' id='word_1_52' title='bbox 330 651 462 687; x_wconf 89' lang='lat' dir='ltr'><strong>tutiore</strong></span> <span class='ocrx_word' id='word_1_53' title='bbox 482 652 561 688; x_wconf 93' lang='lat' dir='ltr'><strong>loco</strong></span> <span class='ocrx_word' id='word_1_54' title='bbox 582 652 639 694; x_wconf 90' lang='lat' dir='ltr'><strong>sit,</strong></span> <span class='ocrx_word' id='word_1_55' title='bbox 664 651 725 696; x_wconf 86' lang='lat' dir='ltr'><strong>qui</strong></span> <span class='ocrx_word' id='word_1_56' title='bbox 749 650 928 687; x_wconf 82' lang='lat' dir='ltr'><strong>contrahit</strong></span> <span class='ocrx_word' id='word_1_57' title='bbox 952 649 995 685; x_wconf 91' lang='lat' dir='ltr'><strong>de</strong></span> <span class='ocrx_word' id='word_1_58' title='bbox 1018 654 1097 685; x_wconf 89' lang='lat' dir='ltr'><strong>rato</strong></span> <span class='ocrx_word' id='word_1_59' title='bbox 1122 650 1213 685; x_wconf 88' lang='lat' dir='ltr'><strong>solet</strong></span> <span class='ocrx_word' id='word_1_60' title='bbox 1236 650 1300 686; x_wconf 90' lang='lat' dir='ltr'><strong>sti·</strong></span> 
     </span>
     <span class='ocr_line' id='line_1_11' title="bbox 224 694 1300 742; baseline -0.002 -10"><span class='ocrx_word' id='word_1_61' title='bbox 224 702 236 732; x_wconf 86' lang='lat'>1</span> <span class='ocrx_word' id='word_1_62' title='bbox 287 696 413 742; x_wconf 87' lang='lat' dir='ltr'><strong>pulari.</strong></span> <span class='ocrx_word' id='word_1_63' title='bbox 461 696 551 732; x_wconf 87' lang='lat' dir='ltr'><strong>Rem</strong></span> <span class='ocrx_word' id='word_1_64' title='bbox 579 696 727 732; x_wconf 88' lang='lat' dir='ltr'><strong>haberi¹</strong></span> <span class='ocrx_word' id='word_1_65' title='bbox 757 700 871 731; x_wconf 91' lang='lat' dir='ltr'><strong>ratam</strong></span> <span class='ocrx_word' id='word_1_66' title='bbox 895 695 964 729; x_wconf 92' lang='lat' dir='ltr'><strong>hoc</strong></span> <span class='ocrx_word' id='word_1_67' title='bbox 989 699 1044 731; x_wconf 91' lang='lat' dir='ltr'><strong>est</strong></span> <span class='ocrx_word' id='word_1_68' title='bbox 1067 694 1300 740; x_wconf 90' lang='lat' dir='ltr'><strong>comprobare</strong></span> 
     </span>
     <span class='ocr_line' id='line_1_12' title="bbox 219 739 1298 787; baseline -0.002 -10"><span class='ocrx_word' id='word_1_69' title='bbox 219 741 507 787; x_wconf 81' lang='lat' dir='ltr'><strong>adgnoscereque</strong></span> <span class='ocrx_word' id='word_1_70' title='bbox 537 741 633 787; x_wconf 90' lang='lat' dir='ltr'><strong>quod</strong></span> <span class='ocrx_word' id='word_1_71' title='bbox 664 746 783 777; x_wconf 86' lang='lat' dir='ltr'><strong>actum</strong></span> <span class='ocrx_word' id='word_1_72' title='bbox 813 744 867 775; x_wconf 87' lang='lat' dir='ltr'><strong>est</strong></span> <span class='ocrx_word' id='word_1_73' title='bbox 896 750 917 774; x_wconf 89' lang='lat' dir='ltr'><strong>a</strong></span> <span class='ocrx_word' id='word_1_74' title='bbox 941 739 1031 775; x_wconf 89' lang='lat' dir='ltr'><strong>falso</strong></span> <span class='ocrx_word' id='word_1_75' title='bbox 1055 743 1298 784; x_wconf 80' lang='lat' dir='ltr'><strong>procuratore.</strong></span> 
     </span>
     <span class='ocr_line' id='line_1_13' title="bbox 221 784 1300 830; baseline -0.002 -9"><span class='ocrx_word' id='word_1_76' title='bbox 221 789 240 821; x_wconf 88' lang='grc'>2</span> <span class='ocrx_word' id='word_1_77' title='bbox 288 786 471 822; x_wconf 84' lang='lat' dir='ltr'><strong>Iulianus²</strong></span> <span class='ocrx_word' id='word_1_78' title='bbox 506 787 557 822; x_wconf 91' lang='lat' dir='ltr'><strong>ait</strong></span> <span class='ocrx_word' id='word_1_79' title='bbox 586 786 773 829; x_wconf 88' lang='lat' dir='ltr'><strong>interesse,</strong></span> <span class='ocrx_word' id='word_1_80' title='bbox 811 784 952 830; x_wconf 86' lang='lat' dir='ltr'><strong>quando</strong></span> <span class='ocrx_word' id='word_1_81' title='bbox 990 784 1153 820; x_wconf 90' lang='lat' dir='ltr'><strong>dominus</strong></span> <span class='ocrx_word' id='word_1_82' title='bbox 1186 788 1300 819; x_wconf 89' lang='lat' dir='ltr'><strong>ratam</strong></span> 
     </span>
     <span class='ocr_line' id='line_1_14' title="bbox 219 829 1299 874; baseline -0.003 -7"><span class='ocrx_word' id='word_1_83' title='bbox 219 832 352 867; x_wconf 87' lang='lat' dir='ltr'><strong>habere</strong></span> <span class='ocrx_word' id='word_1_84' title='bbox 382 831 528 867; x_wconf 85' lang='lat' dir='ltr'><strong>deberet</strong></span> <span class='ocrx_word' id='word_1_85' title='bbox 556 831 766 867; x_wconf 87' lang='lat' dir='ltr'><strong>solutionem</strong></span> <span class='ocrx_word' id='word_1_86' title='bbox 797 830 835 865; x_wconf 92' lang='lat' dir='ltr'><strong>in</strong></span> <span class='ocrx_word' id='word_1_87' title='bbox 863 834 1132 874; x_wconf 89' lang='lat' dir='ltr'><strong>procuratorem</strong></span> <span class='ocrx_word' id='word_1_88' title='bbox 1155 829 1299 872; x_wconf 85' lang='lat' dir='ltr'><strong>factam,</strong></span> 
     </span>
     <span class='ocr_line' id='line_1_15' title="bbox 220 874 1298 920; baseline -0.003 -9"><span class='ocrx_word' id='word_1_89' title='bbox 220 877 291 911; x_wconf 85' lang='lat' dir='ltr'><strong>an³</strong></span> <span class='ocrx_word' id='word_1_90' title='bbox 313 881 400 912; x_wconf 92' lang='lat' dir='ltr'><strong>tunc</strong></span> <span class='ocrx_word' id='word_1_91' title='bbox 424 876 583 918; x_wconf 90' lang='lat' dir='ltr'><strong>demum,</strong></span> <span class='ocrx_word' id='word_1_92' title='bbox 617 887 697 911; x_wconf 88' lang='lat' dir='ltr'><strong>cum</strong></span> <span class='ocrx_word' id='word_1_93' title='bbox 723 875 873 920; x_wconf 88' lang='lat' dir='ltr'><strong>primum</strong></span> <span class='ocrx_word' id='word_1_94' title='bbox 898 874 1029 910; x_wconf 86' lang='lat' dir='ltr'><strong>certior</strong></span> <span class='ocrx_word' id='word_1_95' title='bbox 1051 874 1171 911; x_wconf 82' lang='lat' dir='ltr'><strong>factus</strong></span> <span class='ocrx_word' id='word_1_96' title='bbox 1194 878 1298 910; x_wconf 89' lang='lat' dir='ltr'><strong>esset.</strong></span> 
     </span>
     <span class='ocr_line' id='line_1_16' title="bbox 220 919 1299 964; baseline -0.003 -7"><span class='ocrx_word' id='word_1_97' title='bbox 220 922 289 957; x_wconf 90' lang='lat' dir='ltr'><strong>hoc</strong></span> <span class='ocrx_word' id='word_1_98' title='bbox 312 925 432 957; x_wconf 87' lang='lat' dir='ltr'><strong>autem</strong></span> <span class='ocrx_word' id='word_1_99' title='bbox 454 923 494 955; x_wconf 70' lang='grc' dir='ltr'><strong>ἐν</strong></span> <span class='ocrx_word' id='word_1_100' title='bbox 516 919 665 956; x_wconf 59' lang='grc' dir='ltr'><strong><em>πλάτει*</em></strong></span> <span class='ocrx_word' id='word_1_101' title='bbox 696 919 941 964; x_wconf 89' lang='lat' dir='ltr'><strong>accipiendum</strong></span> <span class='ocrx_word' id='word_1_102' title='bbox 970 923 1007 955; x_wconf 91' lang='lat' dir='ltr'><strong>et</strong></span> <span class='ocrx_word' id='word_1_103' title='bbox 1036 930 1116 955; x_wconf 93' lang='lat' dir='ltr'><strong>cum</strong></span> <span class='ocrx_word' id='word_1_104' title='bbox 1147 919 1299 964; x_wconf 88' lang='lat' dir='ltr'><strong>quodam</strong></span> 
     </span>
     <span class='ocr_line' id='line_1_17' title="bbox 220 964 1299 1011; baseline -0.002 -10"><span class='ocrx_word' id='word_1_105' title='bbox 220 965 336 1011; x_wconf 87' lang='lat' dir='ltr'><strong>spatio</strong></span> <span class='ocrx_word' id='word_1_106' title='bbox 373 970 443 1002; x_wconf 90' lang='lat' dir='ltr'><strong>tem</strong></span> <span class='ocrx_word' id='word_1_107' title='bbox 471 966 543 1001; x_wconf 92' lang='lat' dir='ltr'><strong>oris</strong></span> <span class='ocrx_word' id='word_1_108' title='bbox 579 976 645 1001; x_wconf 92' lang='lat' dir='ltr'><strong>nec</strong></span> <span class='ocrx_word' id='word_1_109' title='bbox 684 965 825 999; x_wconf 88' lang='lat' dir='ltr'><strong>minimo</strong></span> <span class='ocrx_word' id='word_1_110' title='bbox 856 974 923 999; x_wconf 88' lang='lat' dir='ltr'><strong>nec</strong></span> <span class='ocrx_word' id='word_1_111' title='bbox 955 965 1107 1000; x_wconf 87' lang='lat' dir='ltr'><strong>maximo</strong></span> <span class='ocrx_word' id='word_1_112' title='bbox 1139 969 1175 1000; x_wconf 90' lang='lat' dir='ltr'><strong>et</strong></span> <span class='ocrx_word' id='word_1_113' title='bbox 1206 964 1299 1009; x_wconf 91' lang='lat' dir='ltr'><strong>quod</strong></span> 
     </span>
     <span class='ocr_line' id='line_1_18' title="bbox 221 977 1300 1056; baseline -0.002 -11"><span class='ocrx_word' id='word_1_114' title='bbox 221 1011 332 1056; x_wconf 86' lang='lat' dir='ltr'><strong>magis</strong></span> <span class='ocrx_word' id='word_1_115' title='bbox 371 977 552 1046; x_wconf 66' lang='lat' dir='ltr'><strong>intefiectu</strong></span> <span class='ocrx_word' id='word_1_116' title='bbox 587 1010 740 1056; x_wconf 85' lang='lat' dir='ltr'><strong>percipi,</strong></span> <span class='ocrx_word' id='word_1_117' title='bbox 782 1019 888 1054; x_wconf 88' lang='lat' dir='ltr'><strong>quam</strong></span> <span class='ocrx_word' id='word_1_118' title='bbox 920 1009 1120 1044; x_wconf 85' lang='lat' dir='ltr'><strong>elocutione</strong></span> <span class='ocrx_word' id='word_1_119' title='bbox 1151 1009 1300 1054; x_wconf 82' lang='lat' dir='ltr'><strong>exprimi</strong></span> 
     </span>
     <span class='ocr_line' id='line_1_19' title="bbox 220 1054 1299 1101; baseline -0.003 -10"><span class='ocrx_word' id='word_1_120' title='bbox 220 1055 345 1101; x_wconf 79' lang='lat' dir='ltr'><strong>possit.</strong></span> <span class='ocrx_word' id='word_1_121' title='bbox 383 1055 468 1100; x_wconf 90' lang='lat' dir='ltr'><strong>quid</strong></span> <span class='ocrx_word' id='word_1_122' title='bbox 488 1066 581 1100; x_wconf 84' lang='lat' dir='ltr'><strong>ergo,</strong></span> <span class='ocrx_word' id='word_1_123' title='bbox 606 1055 647 1097; x_wconf 87' lang='lat' dir='ltr'><strong>si,</strong></span> <span class='ocrx_word' id='word_1_124' title='bbox 673 1054 769 1099; x_wconf 87' lang='lat' dir='ltr'><strong>quod</strong></span> <span class='ocrx_word' id='word_1_125' title='bbox 791 1054 905 1099; x_wconf 88' lang='lat' dir='ltr'><strong>primo</strong></span> <span class='ocrx_word' id='word_1_126' title='bbox 929 1058 1046 1089; x_wconf 89' lang='lat' dir='ltr'><strong>ratum</strong></span> <span class='ocrx_word' id='word_1_127' title='bbox 1069 1065 1141 1090; x_wconf 91' lang='lat' dir='ltr'><strong>non</strong></span> <span class='ocrx_word' id='word_1_128' title='bbox 1165 1054 1299 1096; x_wconf 84' lang='lat' dir='ltr'><strong>habuit,</strong></span> 
     </span>
     <span class='ocr_line' id='line_1_20' title="bbox 220 1099 1300 1146; baseline -0.003 -10"><span class='ocrx_word' id='word_1_129' title='bbox 220 1105 346 1146; x_wconf 87' lang='lat' dir='ltr'><strong>postca</strong></span> <span class='ocrx_word' id='word_1_130' title='bbox 368 1100 515 1136; x_wconf 86' lang='lat' dir='ltr'><strong>habebit</strong></span> <span class='ocrx_word' id='word_1_131' title='bbox 537 1101 679 1135; x_wconf 82' lang='lat' dir='ltr'><strong>ratum?</strong></span> <span class='ocrx_word' id='word_1_132' title='bbox 704 1099 813 1134; x_wconf 86' lang='lat' dir='ltr'><strong>nihilo</strong></span> <span class='ocrx_word' id='word_1_133' title='bbox 837 1099 947 1143; x_wconf 85' lang='lat' dir='ltr'><strong>magis</strong></span> <span class='ocrx_word' id='word_1_134' title='bbox 971 1099 1144 1143; x_wconf 89' lang='lat' dir='ltr'><strong>proficere</strong></span> <span class='ocrx_word' id='word_1_135' title='bbox 1167 1100 1212 1134; x_wconf 89' lang='lat' dir='ltr'><strong>ad</strong></span> <span class='ocrx_word' id='word_1_136' title='bbox 1236 1100 1300 1134; x_wconf 91' lang='lat' dir='ltr'><strong>im-</strong></span> 
     </span>
    </p>

    <p class='ocr_par' dir='ltr' id='par_1_5' title="bbox 177 1143 1304 1909">
     <span class='ocr_line' id='line_1_21' title="bbox 246 1143 1301 1190; baseline -0.001 -10"><span class='ocrx_word' id='word_1_137' title='bbox 246 1145 429 1181; x_wconf 87' lang='lat' dir='ltr'><strong>ediendam</strong></span> <span class='ocrx_word' id='word_1_138' title='bbox 453 1146 629 1180; x_wconf 83' lang='lat' dir='ltr'><strong>actionem</strong></span> <span class='ocrx_word' id='word_1_139' title='bbox 654 1155 755 1180; x_wconf 88' lang='lat' dir='ltr'><strong>suam</strong></span> <span class='ocrx_word' id='word_1_140' title='bbox 779 1147 814 1179; x_wconf 89' lang='lat' dir='ltr'><strong>et</strong></span> <span class='ocrx_word' id='word_1_141' title='bbox 838 1144 884 1179; x_wconf 91' lang='lat' dir='ltr'><strong>ob</strong></span> <span class='ocrx_word' id='word_1_142' title='bbox 908 1143 955 1186; x_wconf 85' lang='lat' dir='ltr'><strong>id,</strong></span> <span class='ocrx_word' id='word_1_143' title='bbox 980 1143 1075 1188; x_wconf 91' lang='lat' dir='ltr'><strong>quod</strong></span> <span class='ocrx_word' id='word_1_144' title='bbox 1095 1144 1209 1190; x_wconf 88' lang='lat' dir='ltr'><strong>primo</strong></span> <span class='ocrx_word' id='word_1_145' title='bbox 1230 1155 1301 1179; x_wconf 94' lang='lat' dir='ltr'><strong>non</strong></span> 
     </span>
     <span class='ocr_line' id='line_1_22' title="bbox 219 1156 1301 1234; baseline -0.002 -8"><span class='ocrx_word' id='word_1_146' title='bbox 219 1156 346 1226; x_wconf 58' lang='lat' dir='ltr'><strong>{inbuit</strong></span> <span class='ocrx_word' id='word_1_147' title='bbox 368 1194 503 1234; x_wconf 91' lang='lat' dir='ltr'><strong>ratum,</strong></span> <span class='ocrx_word' id='word_1_148' title='bbox 529 1191 704 1225; x_wconf 83' lang='lat' dir='ltr'><strong>actionem</strong></span> <span class='ocrx_word' id='word_1_149' title='bbox 728 1189 862 1224; x_wconf 88' lang='lat' dir='ltr'><strong>salvam</strong></span> <span class='ocrx_word' id='word_1_150' title='bbox 886 1189 1019 1224; x_wconf 87' lang='lat' dir='ltr'><strong>habere</strong></span> <span class='ocrx_word' id='word_1_151' title='bbox 1042 1189 1104 1224; x_wconf 91' lang='lat' dir='ltr'><strong>ait.</strong></span> <span class='ocrx_word' id='word_1_152' title='bbox 1151 1189 1301 1234; x_wconf 88' lang='lat' dir='ltr'><strong>ideoque</strong></span> 
     </span>
     <span class='ocr_line' id='line_1_23' title="bbox 220 1234 1302 1281; baseline -0.001 -11"><span class='ocrx_word' id='word_1_153' title='bbox 220 1235 268 1277; x_wconf 91' lang='lat' dir='ltr'><strong>si,</strong></span> <span class='ocrx_word' id='word_1_154' title='bbox 300 1235 395 1280; x_wconf 89' lang='lat' dir='ltr'><strong>quod</strong></span> <span class='ocrx_word' id='word_1_155' title='bbox 424 1234 650 1281; x_wconf 88' lang='lat' dir='ltr'><strong>procuratori</strong></span> <span class='ocrx_word' id='word_1_156' title='bbox 681 1234 801 1269; x_wconf 82' lang='lat' dir='ltr'><strong>fuerat</strong></span> <span class='ocrx_word' id='word_1_157' title='bbox 831 1234 1001 1277; x_wconf 92' lang='lat' dir='ltr'><strong>solutum,</strong></span> <span class='ocrx_word' id='word_1_158' title='bbox 1040 1234 1211 1279; x_wconf 81' lang='lat' dir='ltr'><strong>exegerit,</strong></span> <span class='ocrx_word' id='word_1_159' title='bbox 1245 1234 1302 1279; x_wconf 80' lang='lat' dir='ltr'><strong>agi</strong></span> 
     </span>
     <span class='ocr_line' id='line_1_24' title="bbox 245 1279 1302 1324; baseline -0.002 -8"><span class='ocrx_word' id='word_1_160' title='bbox 245 1280 392 1316; x_wconf 84' lang='lat' dir='ltr'><strong>erinde⁵</strong></span> <span class='ocrx_word' id='word_1_161' title='bbox 429 1290 472 1316; x_wconf 87' lang='lat' dir='ltr'><strong>ex</strong></span> <span class='ocrx_word' id='word_1_162' title='bbox 514 1290 556 1315; x_wconf 89' lang='lat' dir='ltr'><strong>ea</strong></span> <span class='ocrx_word' id='word_1_163' title='bbox 593 1279 822 1324; x_wconf 82' lang='lat' dir='ltr'><strong>stipulatione</strong></span> <span class='ocrx_word' id='word_1_164' title='bbox 858 1279 1006 1323; x_wconf 89' lang='lat' dir='ltr'><strong>poterit,</strong></span> <span class='ocrx_word' id='word_1_165' title='bbox 1047 1289 1089 1314; x_wconf 92' lang='lat' dir='ltr'><strong>ac</strong></span> <span class='ocrx_word' id='word_1_166' title='bbox 1123 1279 1155 1314; x_wconf 93' lang='lat' dir='ltr'><strong>si</strong></span> <span class='ocrx_word' id='word_1_167' title='bbox 1184 1282 1302 1314; x_wconf 88' lang='lat' dir='ltr'><strong>ratum</strong></span> 
     </span>
     <span class='ocr_line' id='line_1_25' title="bbox 247 1323 1302 1369; baseline 0 -9"><span class='ocrx_word' id='word_1_168' title='bbox 247 1325 352 1360; x_wconf 89' lang='lat' dir='ltr'><strong>abere</strong></span> <span class='ocrx_word' id='word_1_169' title='bbox 383 1335 421 1361; x_wconf 88' lang='lat' dir='ltr'><strong>se</strong></span> <span class='ocrx_word' id='word_1_170' title='bbox 453 1329 579 1369; x_wconf 87' lang='lat' dir='ltr'><strong>postea</strong></span> <span class='ocrx_word' id='word_1_171' title='bbox 610 1335 683 1360; x_wconf 92' lang='lat' dir='ltr'><strong>non</strong></span> <span class='ocrx_word' id='word_1_172' title='bbox 715 1323 873 1359; x_wconf 82' lang='lat' dir='ltr'><strong>dixisset.</strong></span> <span class='ocrx_word' id='word_1_173' title='bbox 920 1323 984 1359; x_wconf 91' lang='lat' dir='ltr'><strong>sed</strong></span> <span class='ocrx_word' id='word_1_174' title='bbox 1019 1334 1082 1368; x_wconf 89' lang='lat' dir='ltr'><strong>ego</strong></span> <span class='ocrx_word' id='word_1_175' title='bbox 1146 1328 1208 1360; x_wconf 92' lang='lat' dir='ltr'><strong>uto</strong></span> <span class='ocrx_word' id='word_1_176' title='bbox 1241 1334 1302 1360; x_wconf 84' lang='lat' dir='ltr'><strong>ex-</strong></span> 
     </span>
     <span class='ocr_line' id='line_1_26' title="bbox 222 1368 1303 1415; baseline -0.002 -9"><span class='ocrx_word' id='word_1_177' title='bbox 222 1373 241 1405; x_wconf 90' lang='lat'><strong>3</strong></span> <span class='ocrx_word' id='word_1_178' title='bbox 289 1370 486 1415; x_wconf 90' lang='lat' dir='ltr'><strong>ceptionem</strong></span> <span class='ocrx_word' id='word_1_179' title='bbox 510 1369 581 1405; x_wconf 91' lang='lat' dir='ltr'><strong>doli</strong></span> <span class='ocrx_word' id='word_1_180' title='bbox 604 1369 689 1404; x_wconf 86' lang='lat' dir='ltr'><strong>mali</strong></span> <span class='ocrx_word' id='word_1_181' title='bbox 711 1368 830 1404; x_wconf 90' lang='lat' dir='ltr'><strong>locum</strong></span> <span class='ocrx_word' id='word_1_182' title='bbox 854 1368 1066 1404; x_wconf 87' lang='lat' dir='ltr'><strong>habituram.</strong></span> <span class='ocrx_word' id='word_1_183' title='bbox 1139 1370 1194 1405; x_wconf 90' lang='lat' dir='ltr'><strong>ive</strong></span> <span class='ocrx_word' id='word_1_184' title='bbox 1224 1369 1303 1414; x_wconf 90' lang='lat' dir='ltr'><strong>quis</strong></span> 
     </span>
     <span class='ocr_line' id='line_1_27' title="bbox 221 1414 1301 1460; baseline -0.001 -10"><span class='ocrx_word' id='word_1_185' title='bbox 221 1418 320 1460; x_wconf 87' lang='lat' dir='ltr'><strong>petat</strong></span> <span class='ocrx_word' id='word_1_186' title='bbox 356 1415 428 1450; x_wconf 89' lang='lat' dir='ltr'><strong>sive</strong></span> <span class='ocrx_word' id='word_1_187' title='bbox 466 1414 753 1459; x_wconf 78' lang='lat' dir='ltr'><strong>compensatione</strong></span> <span class='ocrx_word' id='word_1_188' title='bbox 784 1417 924 1457; x_wconf 88' lang='lat' dir='ltr'><strong>utatur,</strong></span> <span class='ocrx_word' id='word_1_189' title='bbox 964 1414 1194 1450; x_wconf 85' lang='lat' dir='ltr'><strong>committitur</strong></span> <span class='ocrx_word' id='word_1_190' title='bbox 1228 1418 1301 1450; x_wconf 89' lang='lat' dir='ltr'><strong>sta-</strong></span> 
     </span>
     <span class='ocr_line' id='line_1_28' title="bbox 222 1458 1304 1504; baseline 0 -10"><span class='ocrx_word' id='word_1_191' title='bbox 222 1460 285 1494; x_wconf 86' lang='lat' dir='ltr'><strong>tim</strong></span> <span class='ocrx_word' id='word_1_192' title='bbox 316 1464 431 1494; x_wconf 86' lang='lat' dir='ltr'><strong>ratam</strong></span> <span class='ocrx_word' id='word_1_193' title='bbox 455 1469 529 1494; x_wconf 90' lang='lat' dir='ltr'><strong>rem</strong></span> <span class='ocrx_word' id='word_1_194' title='bbox 553 1458 735 1495; x_wconf 90' lang='lat' dir='ltr'><strong>dominum</strong></span> <span class='ocrx_word' id='word_1_195' title='bbox 758 1458 962 1494; x_wconf 89' lang='lat' dir='ltr'><strong>habiturum</strong></span> <span class='ocrx_word' id='word_1_196' title='bbox 986 1459 1189 1504; x_wconf 81' lang='lat' dir='ltr'><strong>stipulatio:</strong></span> <span class='ocrx_word' id='word_1_197' title='bbox 1221 1469 1304 1494; x_wconf 89' lang='lat' dir='ltr'><strong>nam</strong></span> 
     </span>
     <span class='ocr_line' id='line_1_29' title="bbox 222 1503 1303 1550; baseline -0.001 -11"><span class='ocrx_word' id='word_1_198' title='bbox 222 1504 548 1549; x_wconf 81' lang='lat' dir='ltr'><strong>qualiterqualiter⁶</strong></span> <span class='ocrx_word' id='word_1_199' title='bbox 579 1504 658 1549; x_wconf 90' lang='lat' dir='ltr'><strong>quis</strong></span> <span class='ocrx_word' id='word_1_200' title='bbox 689 1503 839 1539; x_wconf 90' lang='lat' dir='ltr'><strong>eundem</strong></span> <span class='ocrx_word' id='word_1_201' title='bbox 870 1507 990 1539; x_wconf 90' lang='lat' dir='ltr'><strong>actum</strong></span> <span class='ocrx_word' id='word_1_202' title='bbox 1017 1507 1206 1547; x_wconf 87' lang='lat' dir='ltr'><strong>retractet,</strong></span> <span class='ocrx_word' id='word_1_203' title='bbox 1243 1504 1303 1550; x_wconf 90' lang='lat' dir='ltr'><strong>qui</strong></span> 
     </span>
     <span class='ocr_line' id='line_1_30' title="bbox 177 1548 1302 1595; baseline -0.001 -11"><span class='ocrx_word' id='word_1_204' title='bbox 177 1565 179 1567; x_wconf 96' lang='lat'>·</span> <span class='ocrx_word' id='word_1_205' title='bbox 220 1560 243 1584; x_wconf 88' lang='lat' dir='ltr'><strong>a</strong></span> <span class='ocrx_word' id='word_1_206' title='bbox 286 1553 518 1595; x_wconf 82' lang='lat' dir='ltr'><strong>procuratore</strong></span> <span class='ocrx_word' id='word_1_207' title='bbox 559 1553 663 1585; x_wconf 91' lang='lat' dir='ltr'><strong>actus</strong></span> <span class='ocrx_word' id='word_1_208' title='bbox 705 1552 777 1591; x_wconf 90' lang='lat' dir='ltr'><strong>est,</strong></span> <span class='ocrx_word' id='word_1_209' title='bbox 825 1548 996 1584; x_wconf 90' lang='lat' dir='ltr'><strong>committi</strong></span> <span class='ocrx_word' id='word_1_210' title='bbox 1038 1549 1302 1595; x_wconf 89' lang='lat' dir='ltr'><strong>stipulationem</strong></span> 
     </span>
     <span class='ocr_line' id='line_1_31' title="bbox 220 1598 1276 1630; baseline 0.001 0"><span class='ocrx_word' id='word_1_211' title='bbox 220 1605 241 1630; x_wconf 95' lang='lat' dir='ltr'><strong>o</strong></span> <span class='ocrx_word' id='word_1_212' title='bbox 269 1598 372 1630; x_wconf 87' lang='lat' dir='ltr'><strong>ortet.</strong></span> <span class='ocrx_word' id='word_1_213' title='bbox 1271 1614 1276 1619; x_wconf 85' lang='lat'>-</span> 
     </span>
     <span class='ocr_line' id='line_1_32' title="bbox 243 1606 1302 1686; baseline 0 -11"><span class='ocrx_word' id='word_1_214' title='bbox 243 1606 319 1676; x_wconf 80' lang='lat' dir='ltr'><strong>P13</strong></span> <span class='ocrx_word' id='word_1_215' title='bbox 346 1638 399 1674; x_wconf 75' lang='grc' dir='ltr'><strong>ΡΑ</strong></span> <span class='ocrx_word' id='word_1_216' title='bbox 409 1649 503 1675; x_wconf 72' lang='lat' dir='ltr'><em>ULUS</em></span> <span class='ocrx_word' id='word_1_217' title='bbox 525 1639 615 1675; x_wconf 84' lang='lat' dir='ltr'><strong>libro</strong></span> <span class='ocrx_word' id='word_1_218' title='bbox 639 1649 678 1674; x_wconf 81' lang='lat' dir='ltr'><strong>se</strong></span> <span class='ocrx_word' id='word_1_219' title='bbox 706 1640 928 1686; x_wconf 73' lang='lat' dir='ltr'><strong>tuaqensimo</strong></span> <span class='ocrx_word' id='word_1_220' title='bbox 952 1643 1057 1675; x_wconf 77' lang='lat' dir='ltr'><strong>sexto</strong></span> <span class='ocrx_word' id='word_1_221' title='bbox 1081 1639 1131 1674; x_wconf 86' lang='lat' dir='ltr'><strong>ad</strong></span> <span class='ocrx_word' id='word_1_222' title='bbox 1150 1639 1302 1675; x_wconf 82' lang='lat' dir='ltr'><strong>edictum</strong></span> 
     </span>
     <span class='ocr_line' id='line_1_33' title="bbox 221 1650 1302 1729; baseline 0.001 -10"><span class='ocrx_word' id='word_1_223' title='bbox 221 1684 258 1720; x_wconf 87' lang='lat' dir='ltr'><strong>Si</strong></span> <span class='ocrx_word' id='word_1_224' title='bbox 280 1684 469 1720; x_wconf 85' lang='lat' dir='ltr'><strong>commissa</strong></span> <span class='ocrx_word' id='word_1_225' title='bbox 491 1688 548 1720; x_wconf 89' lang='lat' dir='ltr'><strong>est</strong></span> <span class='ocrx_word' id='word_1_226' title='bbox 570 1650 753 1729; x_wconf 51' lang='lat' dir='ltr'><strong>stipulgtio</strong></span> <span class='ocrx_word' id='word_1_227' title='bbox 778 1687 894 1719; x_wconf 85' lang='lat' dir='ltr'><strong>ratam</strong></span> <span class='ocrx_word' id='word_1_228' title='bbox 924 1694 999 1719; x_wconf 89' lang='lat' dir='ltr'><strong>rem</strong></span> <span class='ocrx_word' id='word_1_229' title='bbox 1028 1683 1209 1720; x_wconf 89' lang='lat' dir='ltr'><strong>dominum</strong></span> <span class='ocrx_word' id='word_1_230' title='bbox 1237 1684 1302 1720; x_wconf 87' lang='lat' dir='ltr'><strong>ha·</strong></span> 
     </span>
     <span class='ocr_line' id='line_1_34' title="bbox 220 1728 1303 1775; baseline 0.001 -11"><span class='ocrx_word' id='word_1_231' title='bbox 220 1729 388 1771; x_wconf 89' lang='lat' dir='ltr'><strong>biturum,</strong></span> <span class='ocrx_word' id='word_1_232' title='bbox 413 1729 450 1764; x_wconf 90' lang='lat' dir='ltr'><strong>in</strong></span> <span class='ocrx_word' id='word_1_233' title='bbox 473 1733 612 1764; x_wconf 89' lang='lat' dir='ltr'><strong>tantum</strong></span> <span class='ocrx_word' id='word_1_234' title='bbox 636 1739 713 1764; x_wconf 92' lang='lat' dir='ltr'><strong>com</strong></span> <span class='ocrx_word' id='word_1_235' title='bbox 741 1739 760 1764; x_wconf 92' lang='lat' dir='ltr'><strong>e</strong></span> <span class='ocrx_word' id='word_1_236' title='bbox 777 1728 814 1772; x_wconf 89' lang='lat' dir='ltr'><strong>it,</strong></span> <span class='ocrx_word' id='word_1_237' title='bbox 839 1729 876 1764; x_wconf 92' lang='lat' dir='ltr'><strong>in</strong></span> <span class='ocrx_word' id='word_1_238' title='bbox 900 1732 1071 1775; x_wconf 90' lang='lat' dir='ltr'><strong>quantum</strong></span> <span class='ocrx_word' id='word_1_239' title='bbox 1094 1739 1173 1765; x_wconf 89' lang='lat' dir='ltr'><strong>mea</strong></span> <span class='ocrx_word' id='word_1_240' title='bbox 1192 1729 1303 1765; x_wconf 89' lang='lat' dir='ltr'><strong>inter·</strong></span> 
     </span>
     <span class='ocr_line' id='line_1_35' title="bbox 220 1740 1304 1819; baseline 0.001 -10"><span class='ocrx_word' id='word_1_241' title='bbox 220 1774 306 1817; x_wconf 82' lang='lat' dir='ltr'><strong>fuit,</strong></span> <span class='ocrx_word' id='word_1_242' title='bbox 338 1774 375 1809; x_wconf 94' lang='lat' dir='ltr'><strong>id</strong></span> <span class='ocrx_word' id='word_1_243' title='bbox 400 1778 456 1810; x_wconf 91' lang='lat' dir='ltr'><strong>est</strong></span> <span class='ocrx_word' id='word_1_244' title='bbox 478 1778 650 1819; x_wconf 90' lang='lat' dir='ltr'><strong>quantum</strong></span> <span class='ocrx_word' id='word_1_245' title='bbox 671 1740 758 1809; x_wconf 64' lang='grc' dir='ltr'>111ἰῖ1</span> <span class='ocrx_word' id='word_1_246' title='bbox 783 1774 887 1810; x_wconf 89' lang='lat' dir='ltr'><strong>abest</strong></span> <span class='ocrx_word' id='word_1_247' title='bbox 909 1778 1150 1819; x_wconf 88' lang='lat' dir='ltr'><strong>quantumque</strong></span> <span class='ocrx_word' id='word_1_248' title='bbox 1172 1775 1304 1810; x_wconf 90' lang='lat' dir='ltr'><strong>lucrari</strong></span> 
     </span>
     <span class='ocr_line' id='line_1_36' title="bbox 224 1817 1302 1864; baseline 0.002 -10"><span class='ocrx_word' id='word_1_249' title='bbox 224 1823 237 1854; x_wconf 78' lang='lat' dir='ltr'><strong>i</strong></span> <span class='ocrx_word' id='word_1_250' title='bbox 287 1819 399 1864; x_wconf 91' lang='lat' dir='ltr'><strong>potui.</strong></span> <span class='ocrx_word' id='word_1_251' title='bbox 448 1819 485 1854; x_wconf 88' lang='lat' dir='ltr'><strong>Si</strong></span> <span class='ocrx_word' id='word_1_252' title='bbox 515 1819 590 1854; x_wconf 90' lang='lat' dir='ltr'><strong>sine</strong></span> <span class='ocrx_word' id='word_1_253' title='bbox 618 1817 735 1854; x_wconf 89' lang='lat' dir='ltr'><strong>iudice</strong></span> <span class='ocrx_word' id='word_1_254' title='bbox 758 1819 984 1863; x_wconf 86' lang='lat' dir='ltr'><strong>procuratori</strong></span> <span class='ocrx_word' id='word_1_255' title='bbox 1007 1819 1163 1864; x_wconf 86' lang='lat' dir='ltr'><strong>legatum</strong></span> <span class='ocrx_word' id='word_1_256' title='bbox 1187 1820 1302 1856; x_wconf 85' lang='lat' dir='ltr'><strong>solva-</strong></span> 
     </span>
     <span class='ocr_line' id='line_1_37' title="bbox 220 1863 935 1909; baseline 0 -10"><span class='ocrx_word' id='word_1_257' title='bbox 220 1869 289 1905; x_wconf 89' lang='lat' dir='ltr'><strong>tur,</strong></span> <span class='ocrx_word' id='word_1_258' title='bbox 315 1864 454 1899; x_wconf 88' lang='lat' dir='ltr'><strong>caveri⁷</strong></span> <span class='ocrx_word' id='word_1_259' title='bbox 479 1864 609 1899; x_wconf 89' lang='lat' dir='ltr'><strong>debere</strong></span> <span class='ocrx_word' id='word_1_260' title='bbox 631 1863 849 1909; x_wconf 86' lang='lat' dir='ltr'><strong>Pomponius</strong></span> <span class='ocrx_word' id='word_1_261' title='bbox 874 1864 935 1899; x_wconf 90' lang='lat' dir='ltr'><strong>ait.</strong></span> 
     </span>
    </p>

    <p class='ocr_par' dir='ltr' id='par_1_6' title="bbox 221 1907 1305 2124">
     <span class='ocr_line' id='line_1_38' title="bbox 269 1907 1304 1963; baseline 0 -18"><span class='ocrx_word' id='word_1_262' title='bbox 269 1907 320 1946; x_wconf 89' lang='lat'><strong>14</strong></span> <span class='ocrx_word' id='word_1_263' title='bbox 345 1908 449 1944; x_wconf 72' lang='lat' dir='ltr'><em>IDEM</em></span> <span class='ocrx_word' id='word_1_264' title='bbox 470 1908 560 1944; x_wconf 84' lang='lat' dir='ltr'><strong>libro</strong></span> <span class='ocrx_word' id='word_1_265' title='bbox 585 1909 689 1944; x_wconf 80' lang='lat' dir='ltr'><strong>tertio</strong></span> <span class='ocrx_word' id='word_1_266' title='bbox 713 1909 763 1944; x_wconf 87' lang='lat' dir='ltr'><strong>ad</strong></span> <span class='ocrx_word' id='word_1_267' title='bbox 780 1908 964 1944; x_wconf 77' lang='lat' dir='ltr'><strong>Plautium</strong></span> <span class='ocrx_word' id='word_1_268' title='bbox 1011 1909 1049 1945; x_wconf 86' lang='lat' dir='ltr'><strong>Si</strong></span> <span class='ocrx_word' id='word_1_269' title='bbox 1073 1909 1150 1963; x_wconf 83' lang='lat' dir='ltr'><strong>quis</strong></span> <span class='ocrx_word' id='word_1_270' title='bbox 1174 1909 1237 1944; x_wconf 89' lang='lat' dir='ltr'><strong>uni</strong></span> <span class='ocrx_word' id='word_1_271' title='bbox 1260 1920 1304 1946; x_wconf 89' lang='lat' dir='ltr'><strong>ex</strong></span> 
     </span>
     <span class='ocr_line' id='line_1_39' title="bbox 221 1953 1305 2006; baseline 0.003 -18"><span class='ocrx_word' id='word_1_272' title='bbox 221 1954 290 1989; x_wconf 87' lang='lat' dir='ltr'><strong>reis</strong></span> <span class='ocrx_word' id='word_1_273' title='bbox 321 1953 525 2006; x_wconf 85' lang='lat' dir='ltr'><strong>promiserit</strong></span> <span class='ocrx_word' id='word_1_274' title='bbox 552 1964 627 1993; x_wconf 91' lang='lat' dir='ltr'><strong>rem</strong></span> <span class='ocrx_word' id='word_1_275' title='bbox 657 1957 773 1988; x_wconf 87' lang='lat' dir='ltr'><strong>ratam</strong></span> <span class='ocrx_word' id='word_1_276' title='bbox 802 1953 982 1989; x_wconf 90' lang='lat' dir='ltr'><strong>dominum</strong></span> <span class='ocrx_word' id='word_1_277' title='bbox 1010 1954 1215 1990; x_wconf 78' lang='lat' dir='ltr'><strong>habiturum</strong></span> <span class='ocrx_word' id='word_1_278' title='bbox 1242 1959 1305 1991; x_wconf 86' lang='lat' dir='ltr'><strong>aut</strong></span> 
     </span>
     <span class='ocr_line' id='line_1_40' title="bbox 223 1999 1304 2044; baseline 0.002 -11"><span class='ocrx_word' id='word_1_279' title='bbox 223 1999 374 2044; x_wconf 78' lang='lat' dir='ltr'><strong>amplius</strong></span> <span class='ocrx_word' id='word_1_280' title='bbox 405 2009 482 2035; x_wconf 91' lang='lat' dir='ltr'><strong>eam</strong></span> <span class='ocrx_word' id='word_1_281' title='bbox 512 2009 585 2034; x_wconf 91' lang='lat' dir='ltr'><strong>non</strong></span> <span class='ocrx_word' id='word_1_282' title='bbox 614 1999 706 2043; x_wconf 87' lang='lat' dir='ltr'><strong>peti,</strong></span> <span class='ocrx_word' id='word_1_283' title='bbox 740 1999 928 2034; x_wconf 87' lang='lat' dir='ltr'><strong>dicendum</strong></span> <span class='ocrx_word' id='word_1_284' title='bbox 957 2003 1012 2035; x_wconf 90' lang='lat' dir='ltr'><strong>est</strong></span> <span class='ocrx_word' id='word_1_285' title='bbox 1042 1999 1304 2044; x_wconf 88' lang='lat' dir='ltr'><strong>stipulationem</strong></span> 
     </span>
     <span class='ocr_line' id='line_1_41' title="bbox 222 2043 1304 2095; baseline 0.002 -17"><span class='ocrx_word' id='word_1_286' title='bbox 222 2043 413 2095; x_wconf 84' lang='lat' dir='ltr'><strong>committi,</strong></span> <span class='ocrx_word' id='word_1_287' title='bbox 438 2043 468 2079; x_wconf 87' lang='lat' dir='ltr'><strong>si</strong></span> <span class='ocrx_word' id='word_1_288' title='bbox 491 2044 536 2078; x_wconf 91' lang='lat' dir='ltr'><strong>ab</strong></span> <span class='ocrx_word' id='word_1_289' title='bbox 561 2053 604 2079; x_wconf 91' lang='grc'><strong>80</strong></span> <span class='ocrx_word' id='word_1_290' title='bbox 627 2047 788 2089; x_wconf 88' lang='lat' dir='ltr'><strong>petatur,</strong></span> <span class='ocrx_word' id='word_1_291' title='bbox 814 2044 874 2089; x_wconf 91' lang='lat' dir='ltr'><strong>qui</strong></span> <span class='ocrx_word' id='word_1_292' title='bbox 897 2044 1056 2080; x_wconf 88' lang='lat' dir='ltr'><strong>eiusdem</strong></span> <span class='ocrx_word' id='word_1_293' title='bbox 1079 2044 1304 2090; x_wconf 84' lang='lat' dir='ltr'><strong>obligationis</strong></span> 
     </span>
     <span class='ocr_line' id='line_1_42' title="bbox 221 2093 427 2124; baseline 0 0"><span class='ocrx_word' id='word_1_294' title='bbox 221 2099 339 2124; x_wconf 81' lang='lat' dir='ltr'><strong>socius</strong></span> <span class='ocrx_word' id='word_1_295' title='bbox 363 2093 427 2124; x_wconf 89' lang='lat' dir='ltr'><strong>est.</strong></span> 
     </span>
    </p>

    <p class='ocr_par' dir='ltr' id='par_1_7' title="bbox 221 2132 1306 2715">
     <span class='ocr_line' id='line_1_43' title="bbox 271 2132 1303 2170; baseline -0.001 0"><span class='ocrx_word' id='word_1_296' title='bbox 271 2132 319 2170; x_wconf 87' lang='lat'><strong>15</strong></span> <span class='ocrx_word' id='word_1_297' title='bbox 345 2133 449 2168; x_wconf 70' lang='lat' dir='ltr'><strong>Imm</strong></span> <span class='ocrx_word' id='word_1_298' title='bbox 478 2133 568 2169; x_wconf 85' lang='lat' dir='ltr'><strong>libro</strong></span> <span class='ocrx_word' id='word_1_299' title='bbox 619 2136 724 2168; x_wconf 83' lang='lat' dir='ltr'><strong>uarto</strong></span> <span class='ocrx_word' id='word_1_300' title='bbox 749 2132 884 2169; x_wconf 76' lang='lat' dir='ltr'><strong>decimo</strong></span> <span class='ocrx_word' id='word_1_301' title='bbox 917 2133 967 2169; x_wconf 85' lang='lat' dir='ltr'><strong>ad</strong></span> <span class='ocrx_word' id='word_1_302' title='bbox 988 2133 1171 2169; x_wconf 71' lang='lat' dir='ltr'><strong>Plautium</strong></span> <span class='ocrx_word' id='word_1_303' title='bbox 1218 2135 1303 2169; x_wconf 91' lang='lat' dir='ltr'><strong>Am-</strong></span> 
     </span>
     <span class='ocr_line' id='line_1_44' title="bbox 221 2144 1304 2224; baseline 0.002 -11"><span class='ocrx_word' id='word_1_304' title='bbox 221 2179 314 2224; x_wconf 83' lang='lat' dir='ltr'><strong>plius</strong></span> <span class='ocrx_word' id='word_1_305' title='bbox 339 2189 411 2213; x_wconf 92' lang='lat' dir='ltr'><strong>non</strong></span> <span class='ocrx_word' id='word_1_306' title='bbox 434 2178 509 2223; x_wconf 84' lang='lat' dir='ltr'><strong>peti</strong></span> <span class='ocrx_word' id='word_1_307' title='bbox 531 2144 678 2214; x_wconf 62' lang='lat' dir='ltr'><strong>vergum</strong></span> <span class='ocrx_word' id='word_1_308' title='bbox 700 2177 823 2213; x_wconf 87' lang='lat' dir='ltr'><strong>Labeo</strong></span> <span class='ocrx_word' id='word_1_309' title='bbox 846 2178 899 2214; x_wconf 91' lang='lat' dir='ltr'><strong>ita</strong></span> <span class='ocrx_word' id='word_1_310' title='bbox 922 2179 1131 2224; x_wconf 86' lang='lat' dir='ltr'><strong>accipiebat,</strong></span> <span class='ocrx_word' id='word_1_311' title='bbox 1158 2179 1189 2215; x_wconf 93' lang='lat' dir='ltr'><strong>si</strong></span> <span class='ocrx_word' id='word_1_312' title='bbox 1212 2180 1304 2215; x_wconf 89' lang='lat' dir='ltr'><strong>iudi-</strong></span> 
     </span>
     <span class='ocr_line' id='line_1_45' title="bbox 222 2222 1306 2268; baseline 0.002 -10"><span class='ocrx_word' id='word_1_313' title='bbox 222 2224 278 2258; x_wconf 90' lang='lat' dir='ltr'><strong>cio</strong></span> <span class='ocrx_word' id='word_1_314' title='bbox 305 2223 454 2268; x_wconf 89' lang='lat' dir='ltr'><strong>petitum</strong></span> <span class='ocrx_word' id='word_1_315' title='bbox 480 2227 584 2258; x_wconf 87' lang='lat' dir='ltr'><strong>esset.</strong></span> <span class='ocrx_word' id='word_1_316' title='bbox 628 2222 659 2258; x_wconf 90' lang='lat' dir='ltr'><strong>si</strong></span> <span class='ocrx_word' id='word_1_317' title='bbox 682 2227 801 2259; x_wconf 88' lang='lat' dir='ltr'><strong>autem</strong></span> <span class='ocrx_word' id='word_1_318' title='bbox 823 2223 861 2258; x_wconf 89' lang='lat' dir='ltr'><strong>in</strong></span> <span class='ocrx_word' id='word_1_319' title='bbox 883 2223 940 2259; x_wconf 89' lang='lat' dir='ltr'><strong>ius</strong></span> <span class='ocrx_word' id='word_1_320' title='bbox 964 2234 1045 2259; x_wconf 93' lang='lat' dir='ltr'><strong>eum</strong></span> <span class='ocrx_word' id='word_1_321' title='bbox 1067 2225 1247 2260; x_wconf 84' lang='lat' dir='ltr'><strong>vocaverit</strong></span> <span class='ocrx_word' id='word_1_322' title='bbox 1270 2228 1306 2260; x_wconf 89' lang='lat' dir='ltr'><strong>et</strong></span> 
     </span>
     <span class='ocr_line' id='line_1_46' title="bbox 222 2267 1305 2313; baseline 0.002 -10"><span class='ocrx_word' id='word_1_323' title='bbox 222 2269 310 2304; x_wconf 87' lang='lat' dir='ltr'><strong>satis</strong></span> <span class='ocrx_word' id='word_1_324' title='bbox 330 2268 460 2304; x_wconf 90' lang='lat' dir='ltr'><strong>iudicio</strong></span> <span class='ocrx_word' id='word_1_325' title='bbox 483 2267 631 2304; x_wconf 85' lang='lat' dir='ltr'><strong>sistendi</strong></span> <span class='ocrx_word' id='word_1_326' title='bbox 651 2278 762 2304; x_wconf 90' lang='lat' dir='ltr'><strong>causa</strong></span> <span class='ocrx_word' id='word_1_327' title='bbox 780 2268 969 2313; x_wconf 89' lang='lat' dir='ltr'><strong>acceperit,</strong></span> <span class='ocrx_word' id='word_1_328' title='bbox 992 2269 1162 2304; x_wconf 92' lang='lat' dir='ltr'><strong>iudicium</strong></span> <span class='ocrx_word' id='word_1_329' title='bbox 1186 2273 1305 2305; x_wconf 91' lang='lat' dir='ltr'><strong>tamen</strong></span> 
     </span>
     <span class='ocr_line' id='line_1_47' title="bbox 223 2312 1304 2359; baseline 0.002 -12"><span class='ocrx_word' id='word_1_330' title='bbox 223 2317 386 2358; x_wconf 87' lang='lat' dir='ltr'><strong>coeptum</strong></span> <span class='ocrx_word' id='word_1_331' title='bbox 410 2324 481 2348; x_wconf 93' lang='lat' dir='ltr'><strong>non</strong></span> <span class='ocrx_word' id='word_1_332' title='bbox 506 2312 630 2356; x_wconf 87' lang='lat' dir='ltr'><strong>fuerit,</strong></span> <span class='ocrx_word' id='word_1_333' title='bbox 663 2323 727 2358; x_wconf 85' lang='lat' dir='ltr'><strong>ego</strong></span> <span class='ocrx_word' id='word_1_334' title='bbox 751 2316 840 2359; x_wconf 87' lang='lat' dir='ltr'><strong>puto</strong></span> <span class='ocrx_word' id='word_1_335' title='bbox 865 2323 935 2349; x_wconf 91' lang='lat' dir='ltr'><strong>non</strong></span> <span class='ocrx_word' id='word_1_336' title='bbox 961 2314 1131 2349; x_wconf 89' lang='lat' dir='ltr'><strong>committi</strong></span> <span class='ocrx_word' id='word_1_337' title='bbox 1155 2315 1304 2359; x_wconf 88' lang='lat' dir='ltr'><strong>stipula-</strong></span> 
     </span>
     <span class='ocr_line' id='line_1_48' title="bbox 223 2358 1305 2405; baseline 0.003 -13"><span class='ocrx_word' id='word_1_338' title='bbox 223 2359 356 2393; x_wconf 86' lang='lat' dir='ltr'><strong>tionem</strong></span> <span class='ocrx_word' id='word_1_339' title='bbox 379 2358 531 2402; x_wconf 87' lang='lat' dir='ltr'><strong>amplius</strong></span> <span class='ocrx_word' id='word_1_340' title='bbox 562 2368 634 2394; x_wconf 90' lang='lat' dir='ltr'><strong>non</strong></span> <span class='ocrx_word' id='word_1_341' title='bbox 662 2358 755 2403; x_wconf 87' lang='lat' dir='ltr'><strong>peti:</strong></span> <span class='ocrx_word' id='word_1_342' title='bbox 787 2358 846 2393; x_wconf 93' lang='lat' dir='ltr'><strong>hic</strong></span> <span class='ocrx_word' id='word_1_343' title='bbox 877 2359 971 2394; x_wconf 90' lang='lat' dir='ltr'><strong>enim</strong></span> <span class='ocrx_word' id='word_1_344' title='bbox 1002 2369 1076 2394; x_wconf 92' lang='lat' dir='ltr'><strong>non</strong></span> <span class='ocrx_word' id='word_1_345' title='bbox 1104 2360 1211 2405; x_wconf 89' lang='lat' dir='ltr'><strong>petit,</strong></span> <span class='ocrx_word' id='word_1_346' title='bbox 1242 2360 1305 2396; x_wconf 91' lang='lat' dir='ltr'><strong>sed</strong></span> 
     </span>
     <span class='ocr_line' id='line_1_49' title="bbox 222 2403 1305 2456; baseline 0.002 -18"><span class='ocrx_word' id='word_1_347' title='bbox 222 2407 343 2456; x_wconf 86' lang='lat' dir='ltr'><strong>petere</strong></span> <span class='ocrx_word' id='word_1_348' title='bbox 367 2403 452 2438; x_wconf 82' lang='lat' dir='ltr'><strong>vult.</strong></span> <span class='ocrx_word' id='word_1_349' title='bbox 500 2403 529 2438; x_wconf 90' lang='lat' dir='ltr'><strong>si</strong></span> <span class='ocrx_word' id='word_1_350' title='bbox 552 2413 636 2438; x_wconf 88' lang='lat' dir='ltr'><strong>vero</strong></span> <span class='ocrx_word' id='word_1_351' title='bbox 660 2403 779 2439; x_wconf 89' lang='lat' dir='ltr'><strong>soluta</strong></span> <span class='ocrx_word' id='word_1_352' title='bbox 802 2407 897 2439; x_wconf 85' lang='lat' dir='ltr'><strong>esset</strong></span> <span class='ocrx_word' id='word_1_353' title='bbox 918 2404 1089 2448; x_wconf 92' lang='lat' dir='ltr'><strong>pecunia,</strong></span> <span class='ocrx_word' id='word_1_354' title='bbox 1121 2404 1206 2440; x_wconf 92' lang='lat' dir='ltr'><strong>licet</strong></span> <span class='ocrx_word' id='word_1_355' title='bbox 1228 2404 1305 2440; x_wconf 90' lang='lat' dir='ltr'><strong>sine</strong></span> 
     </span>
     <span class='ocr_line' id='line_1_50' title="bbox 221 2446 1304 2494; baseline 0.003 -12"><span class='ocrx_word' id='word_1_356' title='bbox 221 2446 372 2491; x_wconf 83' lang='lat' dir='ltr'><strong>iudicio,</strong></span> <span class='ocrx_word' id='word_1_357' title='bbox 406 2448 638 2483; x_wconf 87' lang='lat' dir='ltr'><strong>committitur</strong></span> <span class='ocrx_word' id='word_1_358' title='bbox 668 2448 868 2492; x_wconf 86' lang='lat' dir='ltr'><strong>stipulatio:</strong></span> <span class='ocrx_word' id='word_1_359' title='bbox 900 2458 983 2483; x_wconf 90' lang='lat' dir='ltr'><strong>nam</strong></span> <span class='ocrx_word' id='word_1_360' title='bbox 1013 2452 1050 2485; x_wconf 90' lang='lat' dir='ltr'><strong>et</strong></span> <span class='ocrx_word' id='word_1_361' title='bbox 1079 2449 1110 2484; x_wconf 90' lang='lat' dir='ltr'><strong>si</strong></span> <span class='ocrx_word' id='word_1_362' title='bbox 1138 2449 1216 2494; x_wconf 87' lang='lat' dir='ltr'><strong>quis</strong></span> <span class='ocrx_word' id='word_1_363' title='bbox 1241 2450 1304 2485; x_wconf 87' lang='lat' dir='ltr'><strong>ad-</strong></span> 
     </span>
     <span class='ocr_line' id='line_1_51' title="bbox 221 2493 1304 2538; baseline 0.004 -11"><span class='ocrx_word' id='word_1_364' title='bbox 221 2503 346 2528; x_wconf 83' lang='lat' dir='ltr'><strong>versus</strong></span> <span class='ocrx_word' id='word_1_365' title='bbox 382 2496 562 2537; x_wconf 87' lang='lat' dir='ltr'><strong>petentem</strong></span> <span class='ocrx_word' id='word_1_366' title='bbox 600 2493 888 2538; x_wconf 85' lang='lat' dir='ltr'><strong>compensatione</strong></span> <span class='ocrx_word' id='word_1_367' title='bbox 925 2493 1179 2530; x_wconf 89' lang='lat' dir='ltr'><strong>deductioneve</strong></span> <span class='ocrx_word' id='word_1_368' title='bbox 1217 2506 1304 2532; x_wconf 88' lang='lat' dir='ltr'><strong>usus</strong></span> 
     </span>
     <span class='ocr_line' id='line_1_52' title="bbox 223 2537 1303 2584; baseline 0.002 -11"><span class='ocrx_word' id='word_1_369' title='bbox 223 2538 288 2580; x_wconf 91' lang='lat' dir='ltr'><strong>sit,</strong></span> <span class='ocrx_word' id='word_1_370' title='bbox 319 2541 416 2573; x_wconf 89' lang='lat' dir='ltr'><strong>recte</strong></span> <span class='ocrx_word' id='word_1_371' title='bbox 446 2537 579 2573; x_wconf 88' lang='lat' dir='ltr'><strong>dictum</strong></span> <span class='ocrx_word' id='word_1_372' title='bbox 609 2541 665 2574; x_wconf 90' lang='lat' dir='ltr'><strong>est</strong></span> <span class='ocrx_word' id='word_1_373' title='bbox 693 2538 825 2583; x_wconf 89' lang='lat' dir='ltr'><strong>petisse</strong></span> <span class='ocrx_word' id='word_1_374' title='bbox 854 2548 934 2573; x_wconf 91' lang='lat' dir='ltr'><strong>eum</strong></span> <span class='ocrx_word' id='word_1_375' title='bbox 963 2538 1073 2574; x_wconf 87' lang='lat' dir='ltr'><strong>videri</strong></span> <span class='ocrx_word' id='word_1_376' title='bbox 1097 2542 1133 2574; x_wconf 90' lang='lat' dir='ltr'><strong>et</strong></span> <span class='ocrx_word' id='word_1_377' title='bbox 1154 2539 1303 2584; x_wconf 89' lang='lat' dir='ltr'><strong>stipula-</strong></span> 
     </span>
     <span class='ocr_line' id='line_1_53' title="bbox 223 2583 1303 2629; baseline 0.004 -12"><span class='ocrx_word' id='word_1_378' title='bbox 223 2583 354 2617; x_wconf 84' lang='lat' dir='ltr'><strong>tionem</strong></span> <span class='ocrx_word' id='word_1_379' title='bbox 387 2583 557 2618; x_wconf 88' lang='lat' dir='ltr'><strong>committi</strong></span> <span class='ocrx_word' id='word_1_380' title='bbox 588 2583 740 2628; x_wconf 90' lang='lat' dir='ltr'><strong>amplius</strong></span> <span class='ocrx_word' id='word_1_381' title='bbox 768 2594 841 2619; x_wconf 92' lang='lat' dir='ltr'><strong>non</strong></span> <span class='ocrx_word' id='word_1_382' title='bbox 896 2583 955 2619; x_wconf 91' lang='lat' dir='ltr'><strong>eti.</strong></span> <span class='ocrx_word' id='word_1_383' title='bbox 1009 2594 1092 2619; x_wconf 89' lang='lat' dir='ltr'><strong>nam</strong></span> <span class='ocrx_word' id='word_1_384' title='bbox 1124 2587 1160 2620; x_wconf 91' lang='lat' dir='ltr'><strong>et</strong></span> <span class='ocrx_word' id='word_1_385' title='bbox 1189 2584 1303 2629; x_wconf 81' lang='lat' dir='ltr'><strong>heres,</strong></span> 
     </span>
     <span class='ocr_line' id='line_1_54' title="bbox 223 2627 1304 2674; baseline 0.004 -12"><span class='ocrx_word' id='word_1_386' title='bbox 223 2627 284 2672; x_wconf 93' lang='lat' dir='ltr'><strong>qui</strong></span> <span class='ocrx_word' id='word_1_387' title='bbox 319 2627 506 2663; x_wconf 84' lang='lat' dir='ltr'><strong>damnatus</strong></span> <span class='ocrx_word' id='word_1_388' title='bbox 523 2638 595 2663; x_wconf 91' lang='lat' dir='ltr'><strong>non</strong></span> <span class='ocrx_word' id='word_1_389' title='bbox 618 2632 758 2672; x_wconf 89' lang='lat' dir='ltr'><strong>petere,</strong></span> <span class='ocrx_word' id='word_1_390' title='bbox 791 2628 846 2664; x_wconf 84' lang='lat' dir='ltr'><strong>si⁸</strong></span> <span class='ocrx_word' id='word_1_391' title='bbox 901 2639 1002 2664; x_wconf 89' lang='lat' dir='ltr'><strong>orum</strong></span> <span class='ocrx_word' id='word_1_392' title='bbox 1033 2628 1222 2674; x_wconf 88' lang='lat' dir='ltr'><strong>quicquam</strong></span> <span class='ocrx_word' id='word_1_393' title='bbox 1253 2630 1304 2666; x_wconf 79' lang='lat' dir='ltr'><strong>fe-</strong></span> 
     </span>
     <span class='ocr_line' id='line_1_55' title="bbox 224 2672 821 2715; baseline 0.002 -8"><span class='ocrx_word' id='word_1_394' title='bbox 224 2672 342 2715; x_wconf 89' lang='lat' dir='ltr'><strong>cisset,</strong></span> <span class='ocrx_word' id='word_1_395' title='bbox 366 2682 411 2708; x_wconf 91' lang='lat' dir='ltr'><strong>ex</strong></span> <span class='ocrx_word' id='word_1_396' title='bbox 433 2676 645 2708; x_wconf 87' lang='lat' dir='ltr'><strong>testamento</strong></span> <span class='ocrx_word' id='word_1_397' title='bbox 669 2676 821 2708; x_wconf 89' lang='lat' dir='ltr'><strong>tenetur.</strong></span> 
     </span>
    </p>

    <p class='ocr_par' dir='ltr' id='par_1_8' title="bbox 223 2714 1305 2886">
     <span class='ocr_line' id='line_1_56' title="bbox 272 2714 1304 2755; baseline 0.001 -1"><span class='ocrx_word' id='word_1_398' title='bbox 272 2714 322 2754; x_wconf 89' lang='grc'><strong>16</strong></span> <span class='ocrx_word' id='word_1_399' title='bbox 347 2716 575 2752; x_wconf 70' lang='lat' dir='ltr'><strong>Poupomvs</strong></span> <span class='ocrx_word' id='word_1_400' title='bbox 604 2717 696 2753; x_wconf 84' lang='lat' dir='ltr'><strong>libro</strong></span> <span class='ocrx_word' id='word_1_401' title='bbox 727 2718 831 2753; x_wconf 79' lang='lat' dir='ltr'><strong>tertio</strong></span> <span class='ocrx_word' id='word_1_402' title='bbox 861 2729 911 2754; x_wconf 78' lang='lat' dir='ltr'><strong>ex</strong></span> <span class='ocrx_word' id='word_1_403' title='bbox 941 2718 1084 2754; x_wconf 84' lang='lat' dir='ltr'><strong>Plautio</strong></span> <span class='ocrx_word' id='word_1_404' title='bbox 1137 2718 1175 2754; x_wconf 89' lang='lat' dir='ltr'><strong>Si</strong></span> <span class='ocrx_word' id='word_1_405' title='bbox 1205 2719 1304 2755; x_wconf 90' lang='lat' dir='ltr'><strong>inde-</strong></span> 
     </span>
     <span class='ocr_line' id='line_1_57' title="bbox 223 2761 1305 2808; baseline 0.004 -12"><span class='ocrx_word' id='word_1_406' title='bbox 223 2761 333 2797; x_wconf 90' lang='lat' dir='ltr'><strong>bitum</strong></span> <span class='ocrx_word' id='word_1_407' title='bbox 357 2762 583 2807; x_wconf 84' lang='lat' dir='ltr'><strong>procuratori</strong></span> <span class='ocrx_word' id='word_1_408' title='bbox 606 2762 762 2797; x_wconf 90' lang='lat' dir='ltr'><strong>solutum</strong></span> <span class='ocrx_word' id='word_1_409' title='bbox 786 2763 843 2805; x_wconf 89' lang='lat' dir='ltr'><strong>sit,</strong></span> <span class='ocrx_word' id='word_1_410' title='bbox 867 2762 925 2808; x_wconf 86' lang='lat' dir='ltr'><strong>agi</strong></span> <span class='ocrx_word' id='word_1_411' title='bbox 949 2763 1069 2799; x_wconf 88' lang='lat' dir='ltr'><strong>statim</strong></span> <span class='ocrx_word' id='word_1_412' title='bbox 1089 2774 1134 2800; x_wconf 87' lang='lat' dir='ltr'><strong>ex</strong></span> <span class='ocrx_word' id='word_1_413' title='bbox 1153 2763 1222 2800; x_wconf 91' lang='lat' dir='ltr'><strong>hac</strong></span> <span class='ocrx_word' id='word_1_414' title='bbox 1242 2764 1305 2800; x_wconf 89' lang='lat' dir='ltr'><strong>sti-</strong></span> 
     </span>
     <span class='ocr_line' id='line_1_58' title="bbox 223 2806 1303 2886; baseline 0.003 -45"><span class='ocrx_word' id='word_1_415' title='bbox 223 2806 404 2886; x_wconf 55' lang='lat' dir='ltr'><strong>{ulatione</strong></span> <span class='ocrx_word' id='word_1_416' title='bbox 439 2806 607 2842; x_wconf 83' lang='lat' dir='ltr'><strong>adversus</strong></span> <span class='ocrx_word' id='word_1_417' title='bbox 639 2811 909 2852; x_wconf 89' lang='lat' dir='ltr'><strong>procuratorem</strong></span> <span class='ocrx_word' id='word_1_418' title='bbox 938 2811 1074 2853; x_wconf 90' lang='lat' dir='ltr'><strong>potest,</strong></span> <span class='ocrx_word' id='word_1_419' title='bbox 1112 2811 1153 2844; x_wconf 90' lang='lat' dir='ltr'><strong>ut</strong></span> <span class='ocrx_word' id='word_1_420' title='bbox 1186 2812 1303 2844; x_wconf 89' lang='lat' dir='ltr'><strong>ratum</strong></span> 
     </span>
    </p>

    <p class='ocr_par' dir='ltr' id='par_1_9' title="bbox 223 2850 1304 3204">
     <span class='ocr_line' id='line_1_59' title="bbox 249 2850 1304 2897; baseline 0.004 -11"><span class='ocrx_word' id='word_1_421' title='bbox 249 2851 356 2886; x_wconf 90' lang='lat' dir='ltr'><strong>abeat</strong></span> <span class='ocrx_word' id='word_1_422' title='bbox 379 2850 560 2893; x_wconf 90' lang='lat' dir='ltr'><strong>dominus,</strong></span> <span class='ocrx_word' id='word_1_423' title='bbox 587 2855 628 2886; x_wconf 92' lang='lat' dir='ltr'><strong>ut</strong></span> <span class='ocrx_word' id='word_1_424' title='bbox 649 2852 764 2897; x_wconf 88' lang='lat' dir='ltr'><strong>possit</strong></span> <span class='ocrx_word' id='word_1_425' title='bbox 786 2852 941 2895; x_wconf 88' lang='lat' dir='ltr'><strong>dinosci,</strong></span> <span class='ocrx_word' id='word_1_426' title='bbox 972 2857 1138 2888; x_wconf 90' lang='lat' dir='ltr'><strong>utrumne</strong></span> <span class='ocrx_word' id='word_1_427' title='bbox 1162 2853 1304 2890; x_wconf 86' lang='lat' dir='ltr'><strong>domino</strong></span> 
     </span>
     <span class='ocr_line' id='line_1_60' title="bbox 225 2895 1304 2942; baseline 0.005 -12"><span class='ocrx_word' id='word_1_428' title='bbox 225 2895 363 2931; x_wconf 90' lang='lat' dir='ltr'><strong>condici</strong></span> <span class='ocrx_word' id='word_1_429' title='bbox 387 2895 516 2931; x_wconf 88' lang='lat' dir='ltr'><strong>debeat</strong></span> <span class='ocrx_word' id='word_1_430' title='bbox 538 2896 574 2931; x_wconf 87' lang='lat' dir='ltr'><strong>id</strong></span> <span class='ocrx_word' id='word_1_431' title='bbox 598 2896 692 2941; x_wconf 89' lang='lat' dir='ltr'><strong>quod</strong></span> <span class='ocrx_word' id='word_1_432' title='bbox 714 2896 910 2932; x_wconf 89' lang='lat' dir='ltr'><strong>indebitum</strong></span> <span class='ocrx_word' id='word_1_433' title='bbox 937 2897 1092 2933; x_wconf 88' lang='lat' dir='ltr'><strong>solutum</strong></span> <span class='ocrx_word' id='word_1_434' title='bbox 1117 2898 1180 2942; x_wconf 91' lang='lat' dir='ltr'><strong>sit,</strong></span> <span class='ocrx_word' id='word_1_435' title='bbox 1212 2899 1243 2935; x_wconf 92' lang='lat' dir='ltr'><strong>si</strong></span> <span class='ocrx_word' id='word_1_436' title='bbox 1273 2899 1304 2935; x_wconf 90' lang='lat' dir='ltr'><strong>is</strong></span> 
     </span>
     <span class='ocr_line' id='line_1_61' title="bbox 223 2940 1303 2986; baseline 0.004 -11"><span class='ocrx_word' id='word_1_437' title='bbox 223 2944 342 2976; x_wconf 89' lang='lat' dir='ltr'><strong>ratum</strong></span> <span class='ocrx_word' id='word_1_438' title='bbox 365 2940 513 2982; x_wconf 86' lang='lat' dir='ltr'><strong>habeat,</strong></span> <span class='ocrx_word' id='word_1_439' title='bbox 542 2951 588 2975; x_wconf 91' lang='lat' dir='ltr'><strong>an</strong></span> <span class='ocrx_word' id='word_1_440' title='bbox 611 2951 694 2977; x_wconf 86' lang='lat' dir='ltr'><strong>vero</strong></span> <span class='ocrx_word' id='word_1_441' title='bbox 717 2942 943 2986; x_wconf 90' lang='lat' dir='ltr'><strong>procuratori</strong></span> <span class='ocrx_word' id='word_1_442' title='bbox 967 2942 1223 2979; x_wconf 81' lang='lat' dir='ltr'><strong>condicendam</strong></span> <span class='ocrx_word' id='word_1_443' title='bbox 1247 2944 1303 2986; x_wconf 90' lang='lat' dir='ltr'><strong>sit,</strong></span> 
     </span>
     <span class='ocr_line' id='line_1_62' title="bbox 229 2984 1303 3033; baseline 0.003 -12"><span class='ocrx_word' id='word_1_444' title='bbox 229 2989 246 3021; x_wconf 84' lang='grc'><strong>1</strong></span> <span class='ocrx_word' id='word_1_445' title='bbox 291 2985 323 3021; x_wconf 83' lang='grc'><strong>81</strong></span> <span class='ocrx_word' id='word_1_446' title='bbox 345 2984 509 3021; x_wconf 88' lang='lat' dir='ltr'><strong>dominus</strong></span> <span class='ocrx_word' id='word_1_447' title='bbox 530 2989 646 3020; x_wconf 90' lang='lat' dir='ltr'><strong>ratum</strong></span> <span class='ocrx_word' id='word_1_448' title='bbox 667 2997 738 3021; x_wconf 93' lang='lat' dir='ltr'><strong>non</strong></span> <span class='ocrx_word' id='word_1_449' title='bbox 757 2986 900 3022; x_wconf 88' lang='lat' dir='ltr'><strong>habeat.</strong></span> <span class='ocrx_word' id='word_1_450' title='bbox 937 2987 973 3023; x_wconf 89' lang='lat' dir='ltr'><strong>Si</strong></span> <span class='ocrx_word' id='word_1_451' title='bbox 991 2992 1202 3033; x_wconf 80' lang='lat' dir='ltr'><strong>procurator</strong></span> <span class='ocrx_word' id='word_1_452' title='bbox 1221 2988 1303 3024; x_wconf 83' lang='lat' dir='ltr'><strong>fun-</strong></span> 
     </span>
     <span class='ocr_line' id='line_1_63' title="bbox 224 3029 1304 3076; baseline 0.004 -11"><span class='ocrx_word' id='word_1_453' title='bbox 224 3029 308 3066; x_wconf 89' lang='lat' dir='ltr'><strong>dum</strong></span> <span class='ocrx_word' id='word_1_454' title='bbox 330 3030 478 3076; x_wconf 84' lang='lat' dir='ltr'><strong>petisset</strong></span> <span class='ocrx_word' id='word_1_455' title='bbox 500 3035 537 3065; x_wconf 90' lang='lat' dir='ltr'><strong>et</strong></span> <span class='ocrx_word' id='word_1_456' title='bbox 559 3031 724 3073; x_wconf 83' lang='lat' dir='ltr'><strong>cavisset,</strong></span> <span class='ocrx_word' id='word_1_457' title='bbox 749 3031 803 3066; x_wconf 93' lang='lat' dir='ltr'><strong>uti</strong></span> <span class='ocrx_word' id='word_1_458' title='bbox 825 3031 981 3076; x_wconf 86' lang='lat' dir='ltr'><strong>adsolet,</strong></span> <span class='ocrx_word' id='word_1_459' title='bbox 1005 3037 1119 3068; x_wconf 86' lang='lat' dir='ltr'><strong>ratam</strong></span> <span class='ocrx_word' id='word_1_460' title='bbox 1142 3043 1217 3069; x_wconf 89' lang='lat' dir='ltr'><strong>rem</strong></span> <span class='ocrx_word' id='word_1_461' title='bbox 1240 3034 1304 3069; x_wconf 89' lang='lat' dir='ltr'><strong>do·</strong></span> 
     </span>
     <span class='ocr_line' id='line_1_64' title="bbox 223 3075 1303 3122; baseline 0.004 -12"><span class='ocrx_word' id='word_1_462' title='bbox 223 3075 356 3110; x_wconf 88' lang='lat' dir='ltr'><strong>minum</strong></span> <span class='ocrx_word' id='word_1_463' title='bbox 385 3075 608 3119; x_wconf 87' lang='lat' dir='ltr'><strong>habiturum,</strong></span> <span class='ocrx_word' id='word_1_464' title='bbox 644 3075 771 3111; x_wconf 89' lang='lat' dir='ltr'><strong>deinde</strong></span> <span class='ocrx_word' id='word_1_465' title='bbox 802 3076 965 3112; x_wconf 88' lang='lat' dir='ltr'><strong>dominus</strong></span> <span class='ocrx_word' id='word_1_466' title='bbox 996 3081 1123 3122; x_wconf 88' lang='lat' dir='ltr'><strong>postea</strong></span> <span class='ocrx_word' id='word_1_467' title='bbox 1153 3078 1303 3114; x_wconf 90' lang='lat' dir='ltr'><strong>eundem</strong></span> 
     </span>
     <span class='ocr_line' id='line_1_65' title="bbox 226 3119 1304 3169; baseline 0.005 -15"><span class='ocrx_word' id='word_1_468' title='bbox 226 3119 373 3156; x_wconf 76' lang='lat' dir='ltr'><strong>fundum</strong></span> <span class='ocrx_word' id='word_1_469' title='bbox 396 3119 612 3156; x_wconf 85' lang='lat' dir='ltr'><strong>vendidisset</strong></span> <span class='ocrx_word' id='word_1_470' title='bbox 634 3129 783 3165; x_wconf 89' lang='lat' dir='ltr'><strong>eumque</strong></span> <span class='ocrx_word' id='word_1_471' title='bbox 805 3125 944 3166; x_wconf 85' lang='lat' dir='ltr'><strong>emptor</strong></span> <span class='ocrx_word' id='word_1_472' title='bbox 997 3125 1124 3165; x_wconf 89' lang='lat' dir='ltr'><strong>eteret‚</strong></span> <span class='ocrx_word' id='word_1_473' title='bbox 1155 3122 1304 3169; x_wconf 88' lang='lat' dir='ltr'><strong>stipula-</strong></span> 
     </span>
     <span class='ocr_line' id='line_1_66' title="bbox 224 3164 1303 3204; baseline 0.005 -5"><span class='ocrx_word' id='word_1_474' title='bbox 224 3165 355 3200; x_wconf 89' lang='lat' dir='ltr'><strong>tionem</strong></span> <span class='ocrx_word' id='word_1_475' title='bbox 386 3168 502 3200; x_wconf 85' lang='lat' dir='ltr'><strong>ratam</strong></span> <span class='ocrx_word' id='word_1_476' title='bbox 530 3174 606 3200; x_wconf 87' lang='lat' dir='ltr'><strong>rem</strong></span> <span class='ocrx_word' id='word_1_477' title='bbox 635 3164 759 3200; x_wconf 91' lang='lat' dir='ltr'><strong>haberi</strong></span> <span class='ocrx_word' id='word_1_478' title='bbox 792 3166 961 3202; x_wconf 90' lang='lat' dir='ltr'><strong>committi</strong></span> <span class='ocrx_word' id='word_1_479' title='bbox 1005 3167 1144 3204; x_wconf 89' lang='lat' dir='ltr'><strong>ulianus</strong></span> <span class='ocrx_word' id='word_1_480' title='bbox 1168 3168 1303 3204; x_wconf 88' lang='lat' dir='ltr'><strong>scribit.</strong></span> 
     </span>
    </p>

    <p class='ocr_par' dir='ltr' id='par_1_10' title="bbox 223 3207 1304 3605">
     <span class='ocr_line' id='line_1_67' title="bbox 273 3207 1303 3264; baseline 0.002 -18"><span class='ocrx_word' id='word_1_481' title='bbox 273 3207 323 3246; x_wconf 92' lang='lat'><strong>17</strong></span> <span class='ocrx_word' id='word_1_482' title='bbox 348 3208 588 3245; x_wconf 60' lang='lat' dir='ltr'><strong>Maecenas</strong></span> <span class='ocrx_word' id='word_1_483' title='bbox 613 3209 705 3245; x_wconf 84' lang='lat' dir='ltr'><strong>libro</strong></span> <span class='ocrx_word' id='word_1_484' title='bbox 729 3211 918 3247; x_wconf 83' lang='lat' dir='ltr'><strong>vicensimo</strong></span> <span class='ocrx_word' id='word_1_485' title='bbox 934 3212 1058 3258; x_wconf 82' lang='lat' dir='ltr'><strong>primo</strong></span> <span class='ocrx_word' id='word_1_486' title='bbox 1084 3212 1303 3264; x_wconf 76' lang='lat' dir='ltr'><strong>diqestorum</strong></span> 
     </span>
     <span class='ocr_line' id='line_1_68' title="bbox 225 3253 1302 3302; baseline 0.004 -12"><span class='ocrx_word' id='word_1_487' title='bbox 225 3253 312 3290; x_wconf 86' lang='lat' dir='ltr'><strong>Cum</strong></span> <span class='ocrx_word' id='word_1_488' title='bbox 342 3254 502 3290; x_wconf 83' lang='lat' dir='ltr'><strong>debitore</strong></span> <span class='ocrx_word' id='word_1_489' title='bbox 534 3254 655 3291; x_wconf 90' lang='lat' dir='ltr'><strong>decem</strong></span> <span class='ocrx_word' id='word_1_490' title='bbox 687 3254 871 3291; x_wconf 87' lang='lat' dir='ltr'><strong>creditoris</strong></span> <span class='ocrx_word' id='word_1_491' title='bbox 900 3256 1041 3292; x_wconf 91' lang='lat' dir='ltr'><strong>nomine</strong></span> <span class='ocrx_word' id='word_1_492' title='bbox 1069 3257 1184 3294; x_wconf 76' lang='lat' dir='ltr'><strong>Titius</strong></span> <span class='ocrx_word' id='word_1_493' title='bbox 1214 3257 1302 3302; x_wconf 83' lang='lat' dir='ltr'><strong>egit:</strong></span> 
     </span>
     <span class='ocr_line' id='line_1_69' title="bbox 223 3299 1304 3344; baseline 0.004 -10"><span class='ocrx_word' id='word_1_494' title='bbox 223 3303 360 3344; x_wconf 89' lang='lat' dir='ltr'><strong>partem</strong></span> <span class='ocrx_word' id='word_1_495' title='bbox 390 3299 569 3344; x_wconf 88' lang='lat' dir='ltr'><strong>petitionis</strong></span> <span class='ocrx_word' id='word_1_496' title='bbox 601 3303 716 3335; x_wconf 88' lang='lat' dir='ltr'><strong>ratam</strong></span> <span class='ocrx_word' id='word_1_497' title='bbox 744 3299 870 3335; x_wconf 89' lang='lat' dir='ltr'><strong>habuit</strong></span> <span class='ocrx_word' id='word_1_498' title='bbox 894 3300 1067 3338; x_wconf 89' lang='lat' dir='ltr'><strong>dominus.</strong></span> <span class='ocrx_word' id='word_1_499' title='bbox 1115 3302 1304 3338; x_wconf 90' lang='lat' dir='ltr'><strong>dicendum</strong></span> 
     </span>
     <span class='ocr_line' id='line_1_70' title="bbox 224 3343 1303 3391; baseline 0.005 -13"><span class='ocrx_word' id='word_1_500' title='bbox 224 3348 279 3378; x_wconf 88' lang='lat' dir='ltr'><strong>est</strong></span> <span class='ocrx_word' id='word_1_501' title='bbox 302 3343 527 3388; x_wconf 82' lang='lat' dir='ltr'><strong>obligationis</strong></span> <span class='ocrx_word' id='word_1_502' title='bbox 550 3347 687 3389; x_wconf 87' lang='lat' dir='ltr'><strong>partem</strong></span> <span class='ocrx_word' id='word_1_503' title='bbox 717 3349 977 3391; x_wconf 87' lang='lat' dir='ltr'><strong>consumptam,</strong></span> <span class='ocrx_word' id='word_1_504' title='bbox 1009 3346 1303 3391; x_wconf 87' lang='lat' dir='ltr'><strong>quemadmodum</strong></span> 
     </span>
     <span class='ocr_line' id='line_1_71' title="bbox 224 3388 1304 3444; baseline 0.004 -21"><span class='ocrx_word' id='word_1_505' title='bbox 224 3388 254 3423; x_wconf 91' lang='lat' dir='ltr'><strong>si</strong></span> <span class='ocrx_word' id='word_1_506' title='bbox 286 3388 407 3424; x_wconf 89' lang='lat' dir='ltr'><strong>decem</strong></span> <span class='ocrx_word' id='word_1_507' title='bbox 438 3388 632 3433; x_wconf 86' lang='lat' dir='ltr'><strong>stipulatus</strong></span> <span class='ocrx_word' id='word_1_508' title='bbox 664 3393 759 3425; x_wconf 84' lang='lat' dir='ltr'><strong>esset</strong></span> <span class='ocrx_word' id='word_1_509' title='bbox 790 3393 853 3424; x_wconf 86' lang='lat' dir='ltr'><strong>aut</strong></span> <span class='ocrx_word' id='word_1_510' title='bbox 883 3391 1058 3435; x_wconf 85' lang='lat' dir='ltr'><strong>exegisset</strong></span> <span class='ocrx_word' id='word_1_511' title='bbox 1080 3391 1304 3444; x_wconf 80' lang='lat' dir='ltr'><strong>creditorque</strong></span> 
     </span>
     <span class='ocr_line' id='line_1_72' title="bbox 225 3433 1303 3480; baseline 0.004 -12"><span class='ocrx_word' id='word_1_512' title='bbox 225 3443 296 3468; x_wconf 93' lang='lat' dir='ltr'><strong>non</strong></span> <span class='ocrx_word' id='word_1_513' title='bbox 320 3437 443 3477; x_wconf 88' lang='lat' dir='ltr'><strong>totum,</strong></span> <span class='ocrx_word' id='word_1_514' title='bbox 469 3433 531 3468; x_wconf 87' lang='lat' dir='ltr'><strong>sed</strong></span> <span class='ocrx_word' id='word_1_515' title='bbox 581 3437 692 3469; x_wconf 89' lang='lat' dir='ltr'><strong>artem</strong></span> <span class='ocrx_word' id='word_1_516' title='bbox 715 3437 836 3478; x_wconf 82' lang='lat' dir='ltr'><strong>gestae</strong></span> <span class='ocrx_word' id='word_1_517' title='bbox 859 3435 910 3469; x_wconf 91' lang='lat' dir='ltr'><strong>rei</strong></span> <span class='ocrx_word' id='word_1_518' title='bbox 935 3435 1214 3480; x_wconf 86' lang='lat' dir='ltr'><strong>comprobasset.</strong></span> <span class='ocrx_word' id='word_1_519' title='bbox 1249 3437 1303 3472; x_wconf 79' lang='lat' dir='ltr'><strong>id-</strong></span> 
     </span>
     <span class='ocr_line' id='line_1_73' title="bbox 225 3478 1304 3526; baseline 0.005 -14"><span class='ocrx_word' id='word_1_520' title='bbox 225 3478 320 3513; x_wconf 90' lang='lat' dir='ltr'><strong>circo</strong></span> <span class='ocrx_word' id='word_1_521' title='bbox 345 3479 374 3513; x_wconf 89' lang='lat' dir='ltr'><strong>si</strong></span> <span class='ocrx_word' id='word_1_522' title='bbox 399 3488 442 3514; x_wconf 85' lang='lat' dir='ltr'><strong>ex</strong></span> <span class='ocrx_word' id='word_1_523' title='bbox 466 3479 537 3524; x_wconf 90' lang='lat' dir='ltr'><strong>stip</strong></span> <span class='ocrx_word' id='word_1_524' title='bbox 599 3483 639 3514; x_wconf 90' lang='lat' dir='ltr'><strong>tu</strong></span> <span class='ocrx_word' id='word_1_525' title='bbox 663 3478 795 3514; x_wconf 88' lang='lat' dir='ltr'><strong>‘decem</strong></span> <span class='ocrx_word' id='word_1_526' title='bbox 818 3482 882 3514; x_wconf 88' lang='lat' dir='ltr'><strong>aut</strong></span> <span class='ocrx_word' id='word_1_527' title='bbox 901 3479 1071 3523; x_wconf 88' lang='lat' dir='ltr'><strong>Stichum,</strong></span> <span class='ocrx_word' id='word_1_528' title='bbox 1095 3485 1216 3517; x_wconf 89' lang='lat' dir='ltr'><strong>utrum</strong></span> <span class='ocrx_word' id='word_1_529' title='bbox 1240 3491 1304 3526; x_wconf 82' lang='lat' dir='ltr'><strong>ego</strong></span> 
     </span>
     <span class='ocr_line' id='line_1_74' title="bbox 225 3522 1304 3571; baseline 0.005 -14"><span class='ocrx_word' id='word_1_530' title='bbox 225 3522 392 3558; x_wconf 83' lang='lat' dir='ltr'><strong>‘voluero’</strong></span> <span class='ocrx_word' id='word_1_531' title='bbox 417 3523 564 3558; x_wconf 87' lang='lat' dir='ltr'><strong>absente</strong></span> <span class='ocrx_word' id='word_1_532' title='bbox 587 3534 643 3558; x_wconf 88' lang='lat' dir='ltr'><strong>me</strong></span> <span class='ocrx_word' id='word_1_533' title='bbox 663 3523 779 3559; x_wconf 88' lang='lat' dir='ltr'><strong>Titius</strong></span> <span class='ocrx_word' id='word_1_534' title='bbox 802 3522 943 3559; x_wconf 90' lang='lat' dir='ltr'><strong>domino</strong></span> <span class='ocrx_word' id='word_1_535' title='bbox 968 3525 1122 3569; x_wconf 88' lang='lat' dir='ltr'><strong>quinque</strong></span> <span class='ocrx_word' id='word_1_536' title='bbox 1144 3525 1304 3571; x_wconf 89' lang='lat' dir='ltr'><strong>petisset,</strong></span> 
     </span>
     <span class='ocr_line' id='line_1_75' title="bbox 224 3567 1065 3605; baseline 0.001 -1"><span class='ocrx_word' id='word_1_537' title='bbox 224 3567 387 3604; x_wconf 79' lang='lat' dir='ltr'><strong>insecuta</strong></span> <span class='ocrx_word' id='word_1_538' title='bbox 409 3567 659 3604; x_wconf 84' lang='lat' dir='ltr'><strong>ratihabitione</strong></span> <span class='ocrx_word' id='word_1_539' title='bbox 682 3572 780 3605; x_wconf 88' lang='lat' dir='ltr'><strong>recte</strong></span> <span class='ocrx_word' id='word_1_540' title='bbox 803 3572 921 3604; x_wconf 88' lang='lat' dir='ltr'><strong>actum</strong></span> <span class='ocrx_word' id='word_1_541' title='bbox 945 3568 1065 3605; x_wconf 87' lang='lat' dir='ltr'><strong>videri.</strong></span> 
     </span>
    </p>
   </div>
   <div class='ocr_carea' id='block_1_3' title="bbox 223 3678 853 3813">
    <p class='ocr_par' dir='ltr' id='par_1_11' title="bbox 223 3678 853 3813">
     <span class='ocr_line' id='line_1_76' title="bbox 224 3678 853 3723; baseline 0.002 -9"><span class='ocrx_word' id='word_1_542' title='bbox 224 3683 265 3720; x_wconf 91' lang='grc' dir='ltr'><strong>(ι)</strong></span> <span class='ocrx_word' id='word_1_543' title='bbox 288 3678 410 3713; x_wconf 80' lang='lat' dir='ltr'><strong>habere</strong></span> <span class='ocrx_word' id='word_1_544' title='bbox 422 3681 494 3713; x_wconf 79' lang='lat' dir='ltr'><strong>edd.</strong></span> <span class='ocrx_word' id='word_1_545' title='bbox 587 3682 630 3722; x_wconf 86' lang='lat'><strong>(2)</strong></span> <span class='ocrx_word' id='word_1_546' title='bbox 656 3681 701 3714; x_wconf 89' lang='lat' dir='ltr'><strong>D.</strong></span> <span class='ocrx_word' id='word_1_547' title='bbox 715 3683 769 3721; x_wconf 85' lang='grc'>46,</span> <span class='ocrx_word' id='word_1_548' title='bbox 782 3689 810 3723; x_wconf 76' lang='lat' dir='ltr'><strong>a,</strong></span> <span class='ocrx_word' id='word_1_549' title='bbox 823 3689 853 3716; x_wconf 81' lang='lat'><strong>1³</strong></span> 
     </span>
     <span class='ocr_line' id='line_1_77' title="bbox 223 3723 639 3766; baseline 0.005 -10"><span class='ocrx_word' id='word_1_550' title='bbox 223 3724 273 3756; x_wconf 76' lang='lat' dir='ltr'><strong>ait</strong></span> <span class='ocrx_word' id='word_1_551' title='bbox 359 3726 402 3766; x_wconf 76' lang='grc'>(4)</span> <span class='ocrx_word' id='word_1_552' title='bbox 427 3726 465 3758; x_wconf 81' lang='lat' dir='ltr'><strong>id</strong></span> <span class='ocrx_word' id='word_1_553' title='bbox 475 3732 541 3758; x_wconf 74' lang='lat' dir='ltr'><strong>est:</strong></span> <span class='ocrx_word' id='word_1_554' title='bbox 565 3723 639 3758; x_wconf 88' lang='lat' dir='ltr'><strong>laxe</strong></span> 
     </span>
     <span class='ocr_line' id='line_1_78' title="bbox 223 3766 699 3813; baseline 0.006 -13"><span class='ocrx_word' id='word_1_555' title='bbox 223 3766 369 3811; x_wconf 74' lang='lat' dir='ltr'><strong>qualiter</strong></span> <span class='ocrx_word' id='word_1_556' title='bbox 388 3769 481 3813; x_wconf 75' lang='lat' dir='ltr'><strong>HaL,</strong></span> <span class='ocrx_word' id='word_1_557' title='bbox 501 3769 645 3813; x_wconf 79' lang='lat' dir='ltr'><strong>qualiter</strong></span> <span class='ocrx_word' id='word_1_558' title='bbox 664 3771 699 3803; x_wconf 76' lang='lat' dir='ltr'><em>F</em></span> 
     </span>
    </p>
   </div>
   <div class='ocr_carea' id='block_1_4' title="bbox 729 3681 1304 3814">
    <p class='ocr_par' dir='ltr' id='par_1_12' title="bbox 729 3681 1304 3814">
     <span class='ocr_line' id='line_1_79' title="bbox 947 3681 1304 3725; baseline 0.003 -10"><span class='ocrx_word' id='word_1_559' title='bbox 947 3683 988 3721; x_wconf 81' lang='grc'>(3)</span> <span class='ocrx_word' id='word_1_560' title='bbox 1013 3681 1069 3724; x_wconf 74' lang='lat' dir='ltr'><strong>an]</strong></span> <span class='ocrx_word' id='word_1_561' title='bbox 1083 3684 1259 3725; x_wconf 74' lang='lat' dir='ltr'><strong>requiritur</strong></span> <span class='ocrx_word' id='word_1_562' title='bbox 1270 3684 1304 3715; x_wconf 81' lang='lat' dir='ltr'><strong>et</strong></span> 
     </span>
     <span class='ocr_line' id='line_1_80' title="bbox 729 3725 1303 3768; baseline 0.003 -10"><span class='ocrx_word' id='word_1_563' title='bbox 729 3728 772 3762; x_wconf 80' lang='lat'><strong>(5)</strong></span> <span class='ocrx_word' id='word_1_564' title='bbox 796 3725 936 3768; x_wconf 85' lang='lat' dir='ltr'><strong>proinde</strong></span> <span class='ocrx_word' id='word_1_565' title='bbox 949 3725 999 3759; x_wconf 72' lang='lat' dir='ltr'><strong>F‘</strong></span> <span class='ocrx_word' id='word_1_566' title='bbox 1090 3729 1133 3766; x_wconf 78' lang='grc' dir='ltr'>(ὓ)</span> <span class='ocrx_word' id='word_1_567' title='bbox 1159 3726 1303 3768; x_wconf 82' lang='lat' dir='ltr'><strong>qualiter</strong></span> 
     </span>
     <span class='ocr_line' id='line_1_81' title="bbox 792 3771 1300 3814; baseline 0 -10"><span class='ocrx_word' id='word_1_568' title='bbox 792 3774 835 3812; x_wconf 79' lang='lat'><strong>¹7)</strong></span> <span class='ocrx_word' id='word_1_569' title='bbox 860 3781 974 3804; x_wconf 82' lang='lat' dir='ltr'><strong>cavere</strong></span> <span class='ocrx_word' id='word_1_570' title='bbox 992 3771 1025 3803; x_wconf 78' lang='lat' dir='ltr'><em>F</em></span> <span class='ocrx_word' id='word_1_571' title='bbox 1120 3773 1166 3814; x_wconf 80' lang='lat'><strong>(8)</strong></span> <span class='ocrx_word' id='word_1_572' title='bbox 1190 3772 1216 3803; x_wconf 88' lang='lat' dir='ltr'><strong>si</strong></span> <span class='ocrx_word' id='word_1_573' title='bbox 1239 3773 1300 3805; x_wconf 81' lang='lat' dir='ltr'><strong>del.</strong></span> 
     </span>
    </p>
   </div>
   <div class='ocr_carea' id='block_1_5' title="bbox 1289 162 1595 214">
    <p class='ocr_par' dir='ltr' id='par_1_13' title="bbox 1289 162 1595 214">
     <span class='ocr_line' id='line_1_82' title="bbox 1289 162 1595 214; baseline 0 -1"><span class='ocrx_word' id='word_1_574' title='bbox 1289 165 1377 214; x_wconf 77' lang='lat'><strong>762</strong></span> <span class='ocrx_word' id='word_1_575' title='bbox 1544 162 1595 213; x_wconf 40' lang='lat'><strong>¹»-</strong></span> 
     </span>
    </p>
   </div>
   <div class='ocr_carea' id='block_1_6' title="bbox 1484 76 1554 158">
    <p class='ocr_par' dir='ltr' id='par_1_14' title="bbox 1484 76 1554 158">
     <span class='ocr_line' id='line_1_83' title="bbox 1484 76 1554 158; baseline 0 0"><span class='ocrx_word' id='word_1_576' title='bbox 1484 76 1554 158; x_wconf 43' lang='grc' dir='ltr'><strong>’ἢ</strong></span> 
     </span>
    </p>
   </div>
   <div class='ocr_carea' id='block_1_7' title="bbox 1977 180 2439 214">
    <p class='ocr_par' dir='ltr' id='par_1_15' title="bbox 1977 180 2439 214">
     <span class='ocr_line' id='line_1_84' title="bbox 1977 180 2439 214; baseline -0.002 0"><span class='ocrx_word' id='word_1_577' title='bbox 1977 181 2129 214; x_wconf 71' lang='lat' dir='ltr'><strong>mnu</strong></span> <span class='ocrx_word' id='word_1_578' title='bbox 2153 181 2247 214; x_wconf 74' lang='lat' dir='ltr'><strong>m</strong></span> <span class='ocrx_word' id='word_1_579' title='bbox 2273 180 2439 214; x_wconf 71' lang='lat' dir='ltr'><strong>mmm</strong></span> 
     </span>
    </p>
   </div>
   <div class='ocr_carea' id='block_1_8' title="bbox 1366 286 2451 3615">
    <p class='ocr_par' dir='ltr' id='par_1_16' title="bbox 1366 286 2446 1225">
     <span class='ocr_line' id='line_1_85' title="bbox 1417 286 2441 332; baseline 0.004 -4"><span class='ocrx_word' id='word_1_580' title='bbox 1417 286 1468 328; x_wconf 88' lang='lat'><strong>18</strong></span> <span class='ocrx_word' id='word_1_581' title='bbox 1491 289 1719 328; x_wconf 66' lang='lat' dir='ltr'><strong>Pouromvs</strong></span> <span class='ocrx_word' id='word_1_582' title='bbox 1745 292 1836 330; x_wconf 79' lang='lat' dir='ltr'><strong>libro</strong></span> <span class='ocrx_word' id='word_1_583' title='bbox 1859 293 2048 330; x_wconf 80' lang='lat' dir='ltr'><strong>vicensimo</strong></span> <span class='ocrx_word' id='word_1_584' title='bbox 2069 297 2175 331; x_wconf 72' lang='lat' dir='ltr'><strong>sexto</strong></span> <span class='ocrx_word' id='word_1_585' title='bbox 2198 294 2249 331; x_wconf 81' lang='lat' dir='ltr'><strong>ad</strong></span> <span class='ocrx_word' id='word_1_586' title='bbox 2269 294 2441 332; x_wconf 79' lang='lat' dir='ltr'><strong>Sabinum</strong></span> 
     </span>
     <span class='ocr_line' id='line_1_86' title="bbox 1369 334 2442 387; baseline 0.006 -17"><span class='ocrx_word' id='word_1_587' title='bbox 1369 334 1407 370; x_wconf 86' lang='lat' dir='ltr'><strong>Si</strong></span> <span class='ocrx_word' id='word_1_588' title='bbox 1437 340 1651 387; x_wconf 75' lang='lat' dir='ltr'><strong>procurator</strong></span> <span class='ocrx_word' id='word_1_589' title='bbox 1679 340 1792 373; x_wconf 86' lang='lat' dir='ltr'><strong>ratam</strong></span> <span class='ocrx_word' id='word_1_590' title='bbox 1822 349 1896 374; x_wconf 91' lang='lat' dir='ltr'><strong>rem</strong></span> <span class='ocrx_word' id='word_1_591' title='bbox 1924 338 2104 375; x_wconf 87' lang='lat' dir='ltr'><strong>dominum</strong></span> <span class='ocrx_word' id='word_1_592' title='bbox 2131 339 2339 376; x_wconf 86' lang='lat' dir='ltr'><strong>heredemve</strong></span> <span class='ocrx_word' id='word_1_593' title='bbox 2367 341 2442 376; x_wconf 89' lang='lat' dir='ltr'><strong>eius</strong></span> 
     </span>
     <span class='ocr_line' id='line_1_87' title="bbox 1368 380 2442 421; baseline 0.005 -6"><span class='ocrx_word' id='word_1_594' title='bbox 1368 380 1571 416; x_wconf 76' lang='lat' dir='ltr'><strong>habiturum</strong></span> <span class='ocrx_word' id='word_1_595' title='bbox 1602 381 1736 417; x_wconf 84' lang='lat' dir='ltr'><strong>caverit</strong></span> <span class='ocrx_word' id='word_1_596' title='bbox 1765 387 1802 419; x_wconf 91' lang='lat' dir='ltr'><strong>et</strong></span> <span class='ocrx_word' id='word_1_597' title='bbox 1832 394 1924 420; x_wconf 89' lang='lat' dir='ltr'><strong>unus</strong></span> <span class='ocrx_word' id='word_1_598' title='bbox 1952 394 1996 419; x_wconf 89' lang='lat' dir='ltr'><strong>ex</strong></span> <span class='ocrx_word' id='word_1_599' title='bbox 2018 383 2208 421; x_wconf 87' lang='lat' dir='ltr'><strong>heredibus</strong></span> <span class='ocrx_word' id='word_1_600' title='bbox 2231 385 2362 421; x_wconf 88' lang='lat' dir='ltr'><strong>domini</strong></span> <span class='ocrx_word' id='word_1_601' title='bbox 2384 395 2442 420; x_wconf 88' lang='lat' dir='ltr'><strong>ra-</strong></span> 
     </span>
     <span class='ocr_line' id='line_1_88' title="bbox 1368 425 2444 471; baseline 0.006 -12"><span class='ocrx_word' id='word_1_602' title='bbox 1368 428 1443 460; x_wconf 92' lang='lat' dir='ltr'><strong>tum</strong></span> <span class='ocrx_word' id='word_1_603' title='bbox 1463 425 1605 470; x_wconf 87' lang='lat' dir='ltr'><strong>habeat,</strong></span> <span class='ocrx_word' id='word_1_604' title='bbox 1623 426 1715 462; x_wconf 88' lang='lat' dir='ltr'><strong>alter</strong></span> <span class='ocrx_word' id='word_1_605' title='bbox 1732 437 1805 464; x_wconf 88' lang='lat' dir='ltr'><strong>non</strong></span> <span class='ocrx_word' id='word_1_606' title='bbox 1824 429 1966 471; x_wconf 89' lang='lat' dir='ltr'><strong>habeat,</strong></span> <span class='ocrx_word' id='word_1_607' title='bbox 1983 430 2059 465; x_wconf 87' lang='lat' dir='ltr'><strong>sine</strong></span> <span class='ocrx_word' id='word_1_608' title='bbox 2078 429 2186 465; x_wconf 88' lang='lat' dir='ltr'><strong>dubio</strong></span> <span class='ocrx_word' id='word_1_609' title='bbox 2207 430 2444 465; x_wconf 89' lang='lat' dir='ltr'><strong>committetur</strong></span> 
     </span>
     <span class='ocr_line' id='line_1_89' title="bbox 1367 469 2442 519; baseline 0.004 -13"><span class='ocrx_word' id='word_1_610' title='bbox 1367 469 1552 515; x_wconf 86' lang='lat' dir='ltr'><strong>stipulatio</strong></span> <span class='ocrx_word' id='word_1_611' title='bbox 1577 481 1641 516; x_wconf 93' lang='lat' dir='ltr'><strong>pro</strong></span> <span class='ocrx_word' id='word_1_612' title='bbox 1665 481 1708 506; x_wconf 90' lang='lat' dir='ltr'><strong>ea</strong></span> <span class='ocrx_word' id='word_1_613' title='bbox 1729 476 1848 518; x_wconf 89' lang='lat' dir='ltr'><strong>parte,</strong></span> <span class='ocrx_word' id='word_1_614' title='bbox 1880 484 1945 518; x_wconf 92' lang='lat' dir='ltr'><strong>pro</strong></span> <span class='ocrx_word' id='word_1_615' title='bbox 1969 484 2040 519; x_wconf 85' lang='lat' dir='ltr'><strong>qua</strong></span> <span class='ocrx_word' id='word_1_616' title='bbox 2062 478 2178 509; x_wconf 89' lang='lat' dir='ltr'><strong>ratum</strong></span> <span class='ocrx_word' id='word_1_617' title='bbox 2201 485 2274 510; x_wconf 93' lang='lat' dir='ltr'><strong>non</strong></span> <span class='ocrx_word' id='word_1_618' title='bbox 2296 475 2442 510; x_wconf 87' lang='lat' dir='ltr'><strong>habebi-</strong></span> 
     </span>
     <span class='ocr_line' id='line_1_90' title="bbox 1368 515 2442 568; baseline 0.005 -19"><span class='ocrx_word' id='word_1_619' title='bbox 1368 518 1437 557; x_wconf 92' lang='lat' dir='ltr'><strong>tur,</strong></span> <span class='ocrx_word' id='word_1_620' title='bbox 1461 515 1546 560; x_wconf 87' lang='lat' dir='ltr'><strong>quia</strong></span> <span class='ocrx_word' id='word_1_621' title='bbox 1564 515 1656 568; x_wconf 63' lang='lat' dir='ltr'><strong>inid</strong></span> <span class='ocrx_word' id='word_1_622' title='bbox 1676 518 1916 561; x_wconf 88' lang='lat' dir='ltr'><strong>committitur,</strong></span> <span class='ocrx_word' id='word_1_623' title='bbox 1941 519 2035 564; x_wconf 86' lang='lat' dir='ltr'><strong>quod</strong></span> <span class='ocrx_word' id='word_1_624' title='bbox 2054 518 2274 564; x_wconf 86' lang='lat' dir='ltr'><strong>stipulatoris</strong></span> <span class='ocrx_word' id='word_1_625' title='bbox 2293 519 2442 555; x_wconf 73' lang='lat' dir='ltr'><strong>intersit.</strong></span> 
     </span>
     <span class='ocr_line' id='line_1_91' title="bbox 1367 561 2444 609; baseline 0.005 -15"><span class='ocrx_word' id='word_1_626' title='bbox 1367 569 1450 595; x_wconf 89' lang='lat' dir='ltr'><strong>nam</strong></span> <span class='ocrx_word' id='word_1_627' title='bbox 1479 563 1516 595; x_wconf 91' lang='lat' dir='ltr'><strong>et</strong></span> <span class='ocrx_word' id='word_1_628' title='bbox 1546 571 1577 596; x_wconf 87' lang='grc'><strong>81</strong></span> <span class='ocrx_word' id='word_1_629' title='bbox 1604 570 1681 605; x_wconf 83' lang='lat' dir='ltr'><strong>lpse</strong></span> <span class='ocrx_word' id='word_1_630' title='bbox 1709 561 1871 599; x_wconf 87' lang='lat' dir='ltr'><strong>dominus</strong></span> <span class='ocrx_word' id='word_1_631' title='bbox 1902 574 1968 608; x_wconf 88' lang='lat' dir='ltr'><strong>pro</strong></span> <span class='ocrx_word' id='word_1_632' title='bbox 1999 568 2101 609; x_wconf 81' lang='lat' dir='ltr'><strong>parte</strong></span> <span class='ocrx_word' id='word_1_633' title='bbox 2129 569 2245 599; x_wconf 87' lang='lat' dir='ltr'><strong>ratum</strong></span> <span class='ocrx_word' id='word_1_634' title='bbox 2267 564 2444 606; x_wconf 84' lang='lat' dir='ltr'><strong>habuerit,</strong></span> 
     </span>
     <span class='ocr_line' id='line_1_92' title="bbox 1366 606 2443 657; baseline 0.004 -18"><span class='ocrx_word' id='word_1_635' title='bbox 1366 615 1432 649; x_wconf 85' lang='lat' dir='ltr'><strong>pro</strong></span> <span class='ocrx_word' id='word_1_636' title='bbox 1457 608 1558 657; x_wconf 79' lang='lat' dir='ltr'><strong>parte</strong></span> <span class='ocrx_word' id='word_1_637' title='bbox 1583 616 1655 641; x_wconf 88' lang='lat' dir='ltr'><strong>non</strong></span> <span class='ocrx_word' id='word_1_638' title='bbox 1678 606 1859 650; x_wconf 88' lang='lat' dir='ltr'><strong>habuerit,</strong></span> <span class='ocrx_word' id='word_1_639' title='bbox 1891 619 1962 644; x_wconf 91' lang='lat' dir='ltr'><strong>non</strong></span> <span class='ocrx_word' id='word_1_640' title='bbox 1994 609 2089 643; x_wconf 90' lang='lat' dir='ltr'><strong>ultra</strong></span> <span class='ocrx_word' id='word_1_641' title='bbox 2119 619 2225 654; x_wconf 88' lang='lat' dir='ltr'><strong>quam</strong></span> <span class='ocrx_word' id='word_1_642' title='bbox 2247 610 2285 644; x_wconf 92' lang='lat' dir='ltr'><strong>in</strong></span> <span class='ocrx_word' id='word_1_643' title='bbox 2308 613 2443 654; x_wconf 87' lang='lat' dir='ltr'><strong>partem</strong></span> 
     </span>
     <span class='ocr_line' id='line_1_93' title="bbox 1368 651 2443 698; baseline 0.005 -15"><span class='ocrx_word' id='word_1_644' title='bbox 1368 653 1606 685; x_wconf 82' lang='lat' dir='ltr'><strong>committetur</strong></span> <span class='ocrx_word' id='word_1_645' title='bbox 1629 651 1828 697; x_wconf 89' lang='lat' dir='ltr'><strong>stipulatio,</strong></span> <span class='ocrx_word' id='word_1_646' title='bbox 1853 653 1935 697; x_wconf 90' lang='lat' dir='ltr'><strong>quia</strong></span> <span class='ocrx_word' id='word_1_647' title='bbox 1958 654 1994 688; x_wconf 93' lang='lat' dir='ltr'><strong>in</strong></span> <span class='ocrx_word' id='word_1_648' title='bbox 2017 653 2054 688; x_wconf 89' lang='lat' dir='ltr'><strong>id</strong></span> <span class='ocrx_word' id='word_1_649' title='bbox 2078 654 2325 696; x_wconf 88' lang='lat' dir='ltr'><strong>committitur,</strong></span> <span class='ocrx_word' id='word_1_650' title='bbox 2349 654 2443 698; x_wconf 90' lang='lat' dir='ltr'><strong>quod</strong></span> 
     </span>
     <span class='ocr_line' id='line_1_94' title="bbox 1366 693 2445 750; baseline 0.004 -21"><span class='ocrx_word' id='word_1_651' title='bbox 1366 693 1506 730; x_wconf 87' lang='lat' dir='ltr'><strong>intersit</strong></span> <span class='ocrx_word' id='word_1_652' title='bbox 1525 696 1672 740; x_wconf 82' lang='lat' dir='ltr'><strong>agentis.</strong></span> <span class='ocrx_word' id='word_1_653' title='bbox 1709 700 1745 732; x_wconf 88' lang='lat' dir='ltr'><strong>et</strong></span> <span class='ocrx_word' id='word_1_654' title='bbox 1760 696 1840 732; x_wconf 90' lang='lat' dir='ltr'><strong>ideo</strong></span> <span class='ocrx_word' id='word_1_655' title='bbox 1860 698 2000 750; x_wconf 80' lang='lat' dir='ltr'><strong>saepius</strong></span> <span class='ocrx_word' id='word_1_656' title='bbox 2021 709 2066 734; x_wconf 86' lang='lat' dir='ltr'><strong>ex</strong></span> <span class='ocrx_word' id='word_1_657' title='bbox 2084 708 2126 733; x_wconf 90' lang='lat' dir='ltr'><strong>ea</strong></span> <span class='ocrx_word' id='word_1_658' title='bbox 2143 698 2371 743; x_wconf 84' lang='lat' dir='ltr'><strong>stipulatione</strong></span> <span class='ocrx_word' id='word_1_659' title='bbox 2388 698 2445 742; x_wconf 82' lang='lat' dir='ltr'><strong>agi</strong></span> 
     </span>
     <span class='ocr_line' id='line_1_95' title="bbox 1367 741 2444 788; baseline 0.004 -14"><span class='ocrx_word' id='word_1_660' title='bbox 1367 742 1496 784; x_wconf 87' lang='lat' dir='ltr'><strong>potest,</strong></span> <span class='ocrx_word' id='word_1_661' title='bbox 1520 744 1628 785; x_wconf 88' lang='lat' dir='ltr'><strong>prout</strong></span> <span class='ocrx_word' id='word_1_662' title='bbox 1650 741 1789 777; x_wconf 90' lang='lat' dir='ltr'><strong>intersit</strong></span> <span class='ocrx_word' id='word_1_663' title='bbox 1811 747 1958 787; x_wconf 78' lang='lat' dir='ltr'><strong>agentis,</strong></span> <span class='ocrx_word' id='word_1_664' title='bbox 1982 743 2077 788; x_wconf 88' lang='lat' dir='ltr'><strong>quod</strong></span> <span class='ocrx_word' id='word_1_665' title='bbox 2094 743 2220 787; x_wconf 79' lang='lat' dir='ltr'><strong>litigat,</strong></span> <span class='ocrx_word' id='word_1_666' title='bbox 2246 743 2341 788; x_wconf 89' lang='lat' dir='ltr'><strong>quod</strong></span> <span class='ocrx_word' id='word_1_667' title='bbox 2360 753 2444 778; x_wconf 89' lang='lat' dir='ltr'><strong>con-</strong></span> 
     </span>
     <span class='ocr_line' id='line_1_96' title="bbox 1367 784 2445 837; baseline 0.003 -17"><span class='ocrx_word' id='word_1_668' title='bbox 1367 784 1484 826; x_wconf 86' lang='lat' dir='ltr'><strong>sumit,</strong></span> <span class='ocrx_word' id='word_1_669' title='bbox 1510 785 1603 837; x_wconf 85' lang='lat' dir='ltr'><strong>quod</strong></span> <span class='ocrx_word' id='word_1_670' title='bbox 1628 786 1789 828; x_wconf 88' lang='lat' dir='ltr'><strong>advocat,</strong></span> <span class='ocrx_word' id='word_1_671' title='bbox 1821 786 1916 831; x_wconf 90' lang='lat' dir='ltr'><strong>quod</strong></span> <span class='ocrx_word' id='word_1_672' title='bbox 1940 787 2127 823; x_wconf 87' lang='lat' dir='ltr'><strong>damnatus</strong></span> <span class='ocrx_word' id='word_1_673' title='bbox 2150 787 2265 830; x_wconf 88' lang='lat' dir='ltr'><strong>solvit,</strong></span> <span class='ocrx_word' id='word_1_674' title='bbox 2295 788 2387 823; x_wconf 89' lang='lat' dir='ltr'><strong>sicut</strong></span> <span class='ocrx_word' id='word_1_675' title='bbox 2409 788 2445 822; x_wconf 90' lang='lat' dir='ltr'><strong>in</strong></span> 
     </span>
     <span class='ocr_line' id='line_1_97' title="bbox 1368 829 2446 885; baseline 0.003 -21"><span class='ocrx_word' id='word_1_676' title='bbox 1368 829 1598 882; x_wconf 79' lang='lat' dir='ltr'><strong>stipulatione</strong></span> <span class='ocrx_word' id='word_1_677' title='bbox 1622 831 1741 866; x_wconf 89' lang='lat' dir='ltr'><strong>damni</strong></span> <span class='ocrx_word' id='word_1_678' title='bbox 1763 831 1885 867; x_wconf 86' lang='lat' dir='ltr'><strong>infecti</strong></span> <span class='ocrx_word' id='word_1_679' title='bbox 1909 831 2070 868; x_wconf 86' lang='lat' dir='ltr'><strong>accidere</strong></span> <span class='ocrx_word' id='word_1_680' title='bbox 2093 836 2227 878; x_wconf 86' lang='lat' dir='ltr'><strong>potest,</strong></span> <span class='ocrx_word' id='word_1_681' title='bbox 2258 836 2299 867; x_wconf 93' lang='lat' dir='ltr'><strong>ut</strong></span> <span class='ocrx_word' id='word_1_682' title='bbox 2331 831 2363 868; x_wconf 88' lang='lat' dir='ltr'><strong>is</strong></span> <span class='ocrx_word' id='word_1_683' title='bbox 2387 832 2446 885; x_wconf 83' lang='lat' dir='ltr'><strong>qui</strong></span> 
     </span>
     <span class='ocr_line' id='line_1_98' title="bbox 1368 874 2446 921; baseline 0.004 -13"><span class='ocrx_word' id='word_1_684' title='bbox 1368 874 1560 919; x_wconf 79' lang='lat' dir='ltr'><strong>stipulatus</strong></span> <span class='ocrx_word' id='word_1_685' title='bbox 1583 875 1630 911; x_wconf 88' lang='lat' dir='ltr'><strong>sit</strong></span> <span class='ocrx_word' id='word_1_686' title='bbox 1653 876 1803 911; x_wconf 88' lang='lat' dir='ltr'><strong>subinde</strong></span> <span class='ocrx_word' id='word_1_687' title='bbox 1827 880 1926 921; x_wconf 84' lang='lat' dir='ltr'><strong>agat:</strong></span> <span class='ocrx_word' id='word_1_688' title='bbox 1958 880 2060 913; x_wconf 88' lang='lat' dir='ltr'><strong>cavet</strong></span> <span class='ocrx_word' id='word_1_689' title='bbox 2089 878 2181 912; x_wconf 91' lang='lat' dir='ltr'><strong>enim</strong></span> <span class='ocrx_word' id='word_1_690' title='bbox 2211 877 2253 912; x_wconf 85' lang='lat' dir='ltr'><strong>‘si</strong></span> <span class='ocrx_word' id='word_1_691' title='bbox 2284 877 2367 921; x_wconf 89' lang='lat' dir='ltr'><strong>quid</strong></span> <span class='ocrx_word' id='word_1_692' title='bbox 2397 876 2446 912; x_wconf 81' lang='lat' dir='ltr'><strong>ibi</strong></span> 
     </span>
     <span class='ocr_line' id='line_1_99' title="bbox 1369 919 2445 967; baseline 0.004 -14"><span class='ocrx_word' id='word_1_693' title='bbox 1369 921 1459 953; x_wconf 81' lang='lat' dir='ltr'><strong>‘ruet</strong></span> <span class='ocrx_word' id='word_1_694' title='bbox 1476 919 1658 955; x_wconf 90' lang='lat' dir='ltr'><strong>scindetur</strong></span> <span class='ocrx_word' id='word_1_695' title='bbox 1674 920 1828 956; x_wconf 86' lang='lat' dir='ltr'><strong>fodietur</strong></span> <span class='ocrx_word' id='word_1_696' title='bbox 1847 921 2113 957; x_wconf 87' lang='lat' dir='ltr'><strong>aedificabitur’.</strong></span> <span class='ocrx_word' id='word_1_697' title='bbox 2150 922 2243 967; x_wconf 79' lang='lat' dir='ltr'><strong>finge</strong></span> <span class='ocrx_word' id='word_1_698' title='bbox 2258 932 2341 966; x_wconf 82' lang='lat' dir='ltr'><strong>ergo</strong></span> <span class='ocrx_word' id='word_1_699' title='bbox 2361 922 2445 957; x_wconf 91' lang='lat' dir='ltr'><strong>sub-</strong></span> 
     </span>
     <span class='ocr_line' id='line_1_100' title="bbox 1367 963 2446 1011; baseline 0.004 -13"><span class='ocrx_word' id='word_1_700' title='bbox 1367 963 1450 999; x_wconf 87' lang='lat' dir='ltr'><strong>inde</strong></span> <span class='ocrx_word' id='word_1_701' title='bbox 1479 964 1643 999; x_wconf 88' lang='lat' dir='ltr'><strong>damnum</strong></span> <span class='ocrx_word' id='word_1_702' title='bbox 1675 966 1769 1000; x_wconf 85' lang='lat' dir='ltr'><strong>dari:</strong></span> <span class='ocrx_word' id='word_1_703' title='bbox 1809 976 1880 1001; x_wconf 91' lang='lat' dir='ltr'><strong>non</strong></span> <span class='ocrx_word' id='word_1_704' title='bbox 1912 966 1978 1002; x_wconf 90' lang='lat' dir='ltr'><strong>erit</strong></span> <span class='ocrx_word' id='word_1_705' title='bbox 2008 966 2171 1010; x_wconf 89' lang='lat' dir='ltr'><strong>dubium,</strong></span> <span class='ocrx_word' id='word_1_706' title='bbox 2203 966 2312 1011; x_wconf 87' lang='lat' dir='ltr'><strong>quin⁹</strong></span> <span class='ocrx_word' id='word_1_707' title='bbox 2390 977 2446 1002; x_wconf 88' lang='lat' dir='ltr'><strong>ere</strong></span> 
     </span>
     <span class='ocr_line' id='line_1_101' title="bbox 1367 1008 2445 1056; baseline 0.004 -13"><span class='ocrx_word' id='word_1_708' title='bbox 1367 1008 1499 1053; x_wconf 87' lang='lat' dir='ltr'><strong>possit:</strong></span> <span class='ocrx_word' id='word_1_709' title='bbox 1525 1020 1608 1045; x_wconf 89' lang='lat' dir='ltr'><strong>nam</strong></span> <span class='ocrx_word' id='word_1_710' title='bbox 1630 1010 1660 1045; x_wconf 92' lang='lat' dir='ltr'><strong>si</strong></span> <span class='ocrx_word' id='word_1_711' title='bbox 1684 1014 1759 1046; x_wconf 90' lang='lat' dir='ltr'><strong>toto</strong></span> <span class='ocrx_word' id='word_1_712' title='bbox 1784 1010 1911 1047; x_wconf 88' lang='lat' dir='ltr'><strong>damno</strong></span> <span class='ocrx_word' id='word_1_713' title='bbox 1937 1015 2140 1056; x_wconf 89' lang='lat' dir='ltr'><strong>computato</strong></span> <span class='ocrx_word' id='word_1_714' title='bbox 2163 1015 2250 1047; x_wconf 91' lang='lat' dir='ltr'><strong>tunc</strong></span> <span class='ocrx_word' id='word_1_715' title='bbox 2274 1021 2362 1056; x_wconf 81' lang='lat' dir='ltr'><strong>agen</strong></span> <span class='ocrx_word' id='word_1_716' title='bbox 2388 1022 2445 1046; x_wconf 88' lang='lat' dir='ltr'><strong>um</strong></span> 
     </span>
     <span class='ocr_line' id='line_1_102' title="bbox 1370 1055 2445 1106; baseline 0.004 -18"><span class='ocrx_word' id='word_1_717' title='bbox 1370 1058 1453 1106; x_wconf 50' lang='lat'><strong>9⁸³⁹.</strong></span> <span class='ocrx_word' id='word_1_718' title='bbox 1466 1055 1721 1099; x_wconf 90' lang='lat' dir='ltr'><strong>propemodum</strong></span> <span class='ocrx_word' id='word_1_719' title='bbox 1743 1066 1815 1091; x_wconf 92' lang='lat' dir='ltr'><strong>non</strong></span> <span class='ocrx_word' id='word_1_720' title='bbox 1839 1060 1922 1091; x_wconf 88' lang='lat' dir='ltr'><strong>ante</strong></span> <span class='ocrx_word' id='word_1_721' title='bbox 1946 1061 2043 1101; x_wconf 87' lang='lat' dir='ltr'><strong>aget,</strong></span> <span class='ocrx_word' id='word_1_722' title='bbox 2071 1067 2175 1101; x_wconf 90' lang='lat' dir='ltr'><strong>quam</strong></span> <span class='ocrx_word' id='word_1_723' title='bbox 2199 1056 2273 1092; x_wconf 86' lang='lat' dir='ltr'><strong>dies</strong></span> <span class='ocrx_word' id='word_1_724' title='bbox 2297 1056 2445 1101; x_wconf 88' lang='lat' dir='ltr'><strong>stipula-</strong></span> 
     </span>
     <span class='ocr_line' id='line_1_103' title="bbox 1369 1100 2445 1145; baseline 0.003 -12"><span class='ocrx_word' id='word_1_725' title='bbox 1369 1102 1474 1134; x_wconf 76' lang='lat' dir='ltr'><strong>tionis</strong></span> <span class='ocrx_word' id='word_1_726' title='bbox 1498 1100 1731 1144; x_wconf 88' lang='lat' dir='ltr'><strong>praeterierit,</strong></span> <span class='ocrx_word' id='word_1_727' title='bbox 1757 1101 1850 1136; x_wconf 85' lang='lat' dir='ltr'><strong>intra</strong></span> <span class='ocrx_word' id='word_1_728' title='bbox 1874 1111 1976 1145; x_wconf 90' lang='lat' dir='ltr'><strong>quem</strong></span> <span class='ocrx_word' id='word_1_729' title='bbox 2001 1101 2031 1137; x_wconf 90' lang='lat' dir='ltr'><strong>si</strong></span> <span class='ocrx_word' id='word_1_730' title='bbox 2054 1101 2219 1137; x_wconf 87' lang='lat' dir='ltr'><strong>damnum</strong></span> <span class='ocrx_word' id='word_1_731' title='bbox 2243 1101 2365 1136; x_wconf 86' lang='lat' dir='ltr'><strong>datum</strong></span> <span class='ocrx_word' id='word_1_732' title='bbox 2388 1101 2445 1143; x_wconf 87' lang='lat' dir='ltr'><strong>sit,</strong></span> 
     </span>
     <span class='ocr_line' id='line_1_104' title="bbox 1369 1143 2360 1225; baseline 0.003 -47"><span class='ocrx_word' id='word_1_733' title='bbox 1369 1143 1596 1225; x_wconf 56' lang='lat' dir='ltr'><strong>stipulatione</strong></span> <span class='ocrx_word' id='word_1_734' title='bbox 1611 1146 1637 1166; x_wconf 89' lang='lat'><strong>¹⁰</strong></span> <span class='ocrx_word' id='word_1_735' title='bbox 1661 1149 1804 1180; x_wconf 91' lang='lat' dir='ltr'><strong>cautum</strong></span> <span class='ocrx_word' id='word_1_736' title='bbox 1829 1146 1913 1181; x_wconf 88' lang='lat' dir='ltr'><strong>erit:</strong></span> <span class='ocrx_word' id='word_1_737' title='bbox 1939 1146 2034 1191; x_wconf 86' lang='lat' dir='ltr'><strong>quod</strong></span> <span class='ocrx_word' id='word_1_738' title='bbox 2057 1156 2177 1182; x_wconf 84' lang='lat' dir='ltr'><strong>verum</strong></span> <span class='ocrx_word' id='word_1_739' title='bbox 2200 1157 2272 1182; x_wconf 90' lang='lat' dir='ltr'><strong>non</strong></span> <span class='ocrx_word' id='word_1_740' title='bbox 2296 1150 2360 1181; x_wconf 90' lang='lat' dir='ltr'><strong>est.</strong></span> 
     </span>
    </p>

    <p class='ocr_par' dir='ltr' id='par_1_17' title="bbox 1369 1187 2448 1404">
     <span class='ocr_line' id='line_1_105' title="bbox 1444 1187 2446 1227; baseline 0 -1"><span class='ocrx_word' id='word_1_741' title='bbox 1444 1187 1468 1226; x_wconf 87' lang='lat'>9</span> <span class='ocrx_word' id='word_1_742' title='bbox 1501 1189 1554 1223; x_wconf 73' lang='grc' dir='ltr'><strong>ΡΑ</strong></span> <span class='ocrx_word' id='word_1_743' title='bbox 1563 1199 1656 1225; x_wconf 79' lang='lat' dir='ltr'><strong>ULvs</strong></span> <span class='ocrx_word' id='word_1_744' title='bbox 1685 1190 1775 1226; x_wconf 78' lang='lat' dir='ltr'><strong>libro</strong></span> <span class='ocrx_word' id='word_1_745' title='bbox 1808 1192 1911 1226; x_wconf 81' lang='lat' dir='ltr'><strong>tercio</strong></span> <span class='ocrx_word' id='word_1_746' title='bbox 1943 1191 2078 1227; x_wconf 80' lang='lat' dir='ltr'><strong>decimo</strong></span> <span class='ocrx_word' id='word_1_747' title='bbox 2108 1191 2157 1227; x_wconf 78' lang='lat' dir='ltr'><strong>ad</strong></span> <span class='ocrx_word' id='word_1_748' title='bbox 2180 1190 2350 1227; x_wconf 82' lang='lat' dir='ltr'><strong>Sabinum</strong></span> <span class='ocrx_word' id='word_1_749' title='bbox 2404 1190 2446 1226; x_wconf 89' lang='lat' dir='ltr'><strong>In</strong></span> 
     </span>
     <span class='ocr_line' id='line_1_106' title="bbox 1370 1234 2440 1279; baseline 0.002 -10"><span class='ocrx_word' id='word_1_750' title='bbox 1370 1234 1614 1278; x_wconf 84' lang='lat' dir='ltr'><strong>stipulatione,</strong></span> <span class='ocrx_word' id='word_1_751' title='bbox 1647 1245 1716 1279; x_wconf 87' lang='lat' dir='ltr'><strong>qua</strong></span> <span class='ocrx_word' id='word_1_752' title='bbox 1767 1240 1952 1271; x_wconf 86' lang='lat' dir='ltr'><strong>rocurator</strong></span> <span class='ocrx_word' id='word_1_753' title='bbox 1977 1239 2077 1271; x_wconf 86' lang='lat' dir='ltr'><strong>cavet</strong></span> <span class='ocrx_word' id='word_1_754' title='bbox 2099 1241 2214 1271; x_wconf 88' lang='lat' dir='ltr'><strong>ratam</strong></span> <span class='ocrx_word' id='word_1_755' title='bbox 2237 1246 2312 1271; x_wconf 90' lang='lat' dir='ltr'><strong>rem</strong></span> <span class='ocrx_word' id='word_1_756' title='bbox 2335 1235 2440 1271; x_wconf 89' lang='lat' dir='ltr'><strong>domi-</strong></span> 
     </span>
     <span class='ocr_line' id='line_1_107' title="bbox 1369 1279 2445 1325; baseline 0.001 -11"><span class='ocrx_word' id='word_1_757' title='bbox 1369 1290 1454 1314; x_wconf 91' lang='lat' dir='ltr'><strong>num</strong></span> <span class='ocrx_word' id='word_1_758' title='bbox 1477 1279 1692 1322; x_wconf 86' lang='lat' dir='ltr'><strong>habiturum,</strong></span> <span class='ocrx_word' id='word_1_759' title='bbox 1722 1281 1734 1315; x_wconf 93' lang='lat' dir='ltr'><strong>i</strong></span> <span class='ocrx_word' id='word_1_760' title='bbox 1783 1281 1993 1324; x_wconf 88' lang='lat' dir='ltr'><strong>continetur,</strong></span> <span class='ocrx_word' id='word_1_761' title='bbox 2043 1281 2113 1317; x_wconf 90' lang='lat' dir='ltr'><strong>uod</strong></span> <span class='ocrx_word' id='word_1_762' title='bbox 2135 1281 2276 1317; x_wconf 86' lang='lat' dir='ltr'><strong>intersit</strong></span> <span class='ocrx_word' id='word_1_763' title='bbox 2299 1280 2445 1325; x_wconf 87' lang='lat' dir='ltr'><strong>stipula-</strong></span> 
     </span>
     <span class='ocr_line' id='line_1_108' title="bbox 1369 1293 2448 1404; baseline 0 -44"><span class='ocrx_word' id='word_1_764' title='bbox 1369 1324 1467 1404; x_wconf 43' lang='lat' dir='ltr'><strong>tloffis.</strong></span> <span class='ocrx_word' id='word_1_765' title='bbox 1514 1323 1678 1403; x_wconf 70' lang='lat' dir='ltr'><strong>icllemque</strong></span> <span class='ocrx_word' id='word_1_766' title='bbox 1713 1325 1800 1361; x_wconf 91' lang='lat' dir='ltr'><strong>iuris</strong></span> <span class='ocrx_word' id='word_1_767' title='bbox 1839 1328 1896 1362; x_wconf 88' lang='lat' dir='ltr'><strong>est</strong></span> <span class='ocrx_word' id='word_1_768' title='bbox 1929 1326 1967 1361; x_wconf 92' lang='grc'><strong>18</strong></span> <span class='ocrx_word' id='word_1_769' title='bbox 2004 1293 2173 1362; x_wconf 52' lang='grc'>8188811118</span> <span class='ocrx_word' id='word_1_770' title='bbox 2210 1325 2373 1362; x_wconf 86' lang='lat' dir='ltr'><strong>omnibus</strong></span> <span class='ocrx_word' id='word_1_771' title='bbox 2403 1325 2448 1361; x_wconf 90' lang='lat' dir='ltr'><strong>de</strong></span> 
     </span>
    </p>

    <p class='ocr_par' dir='ltr' id='par_1_18' title="bbox 1395 1379 1581 1411">
     <span class='ocr_line' id='line_1_109' title="bbox 1395 1379 1581 1411; baseline 0 -6"><span class='ocrx_word' id='word_1_772' title='bbox 1395 1381 1414 1405; x_wconf 95' lang='grc' dir='ltr'><strong>ο</strong></span> <span class='ocrx_word' id='word_1_773' title='bbox 1432 1380 1452 1404; x_wconf 94' lang='grc' dir='ltr'>ο</span> <span class='ocrx_word' id='word_1_774' title='bbox 1475 1379 1533 1404; x_wconf 83' lang='grc'>1118</span> <span class='ocrx_word' id='word_1_775' title='bbox 1548 1380 1581 1411; x_wconf 90' lang='grc'><strong>0,</strong></span> 
     </span>
    </p>

    <p class='ocr_par' dir='ltr' id='par_1_19' title="bbox 1369 1412 2449 1765">
     <span class='ocr_line' id='line_1_110' title="bbox 1416 1412 2447 1461; baseline 0 -10"><span class='ocrx_word' id='word_1_776' title='bbox 1416 1412 1468 1452; x_wconf 86' lang='grc'><strong>20</strong></span> <span class='ocrx_word' id='word_1_777' title='bbox 1500 1413 1694 1449; x_wconf 77' lang='lat' dir='ltr'><em>ULPIANUS</em></span> <span class='ocrx_word' id='word_1_778' title='bbox 1714 1414 1805 1450; x_wconf 83' lang='lat' dir='ltr'><strong>libro</strong></span> <span class='ocrx_word' id='word_1_779' title='bbox 1818 1415 1942 1460; x_wconf 80' lang='lat' dir='ltr'><strong>primo</strong></span> <span class='ocrx_word' id='word_1_780' title='bbox 1962 1415 2243 1461; x_wconf 75' lang='lat' dir='ltr'><strong>disputationum</strong></span> <span class='ocrx_word' id='word_1_781' title='bbox 2287 1414 2370 1451; x_wconf 83' lang='lat' dir='ltr'><strong>Non</strong></span> <span class='ocrx_word' id='word_1_782' title='bbox 2389 1425 2447 1451; x_wconf 87' lang='lat' dir='ltr'><strong>so-</strong></span> 
     </span>
     <span class='ocr_line' id='line_1_111' title="bbox 1369 1459 2447 1506; baseline 0.001 -12"><span class='ocrx_word' id='word_1_783' title='bbox 1369 1459 1443 1494; x_wconf 91' lang='lat' dir='ltr'><strong>lum</strong></span> <span class='ocrx_word' id='word_1_784' title='bbox 1471 1459 1509 1494; x_wconf 92' lang='lat' dir='ltr'><strong>in</strong></span> <span class='ocrx_word' id='word_1_785' title='bbox 1532 1459 1750 1502; x_wconf 89' lang='lat' dir='ltr'><strong>actionibus,</strong></span> <span class='ocrx_word' id='word_1_786' title='bbox 1783 1470 1872 1504; x_wconf 90' lang='lat' dir='ltr'><strong>quas</strong></span> <span class='ocrx_word' id='word_1_787' title='bbox 1895 1464 2108 1506; x_wconf 88' lang='lat' dir='ltr'><strong>procurator</strong></span> <span class='ocrx_word' id='word_1_788' title='bbox 2130 1459 2297 1502; x_wconf 90' lang='lat' dir='ltr'><strong>intendit,</strong></span> <span class='ocrx_word' id='word_1_789' title='bbox 2326 1470 2447 1496; x_wconf 84' lang='lat' dir='ltr'><strong>verum</strong></span> 
     </span>
     <span class='ocr_line' id='line_1_112' title="bbox 1369 1504 2447 1551; baseline 0.001 -12"><span class='ocrx_word' id='word_1_790' title='bbox 1369 1504 1406 1539; x_wconf 91' lang='lat' dir='ltr'><strong>in</strong></span> <span class='ocrx_word' id='word_1_791' title='bbox 1430 1504 1718 1549; x_wconf 88' lang='lat' dir='ltr'><strong>stipulationibus</strong></span> <span class='ocrx_word' id='word_1_792' title='bbox 1743 1515 1900 1550; x_wconf 89' lang='lat' dir='ltr'><strong>quoque,</strong></span> <span class='ocrx_word' id='word_1_793' title='bbox 1933 1515 2022 1550; x_wconf 90' lang='lat' dir='ltr'><strong>quas</strong></span> <span class='ocrx_word' id='word_1_794' title='bbox 2050 1505 2229 1551; x_wconf 90' lang='lat' dir='ltr'><strong>interponi</strong></span> <span class='ocrx_word' id='word_1_795' title='bbox 2260 1504 2447 1548; x_wconf 88' lang='lat' dir='ltr'><strong>desiderat,</strong></span> 
     </span>
     <span class='ocr_line' id='line_1_113' title="bbox 1370 1548 2449 1595; baseline 0 -11"><span class='ocrx_word' id='word_1_796' title='bbox 1370 1549 1401 1584; x_wconf 90' lang='lat' dir='ltr'><strong>si</strong></span> <span class='ocrx_word' id='word_1_797' title='bbox 1429 1548 1541 1584; x_wconf 89' lang='lat' dir='ltr'><strong>vicem</strong></span> <span class='ocrx_word' id='word_1_798' title='bbox 1572 1554 1842 1595; x_wconf 86' lang='lat' dir='ltr'><strong>repraesentant</strong></span> <span class='ocrx_word' id='word_1_799' title='bbox 1856 1551 1882 1572; x_wconf 86' lang='lat'><strong>¹¹</strong></span> <span class='ocrx_word' id='word_1_800' title='bbox 1914 1550 2110 1594; x_wconf 90' lang='lat' dir='ltr'><strong>actionum,</strong></span> <span class='ocrx_word' id='word_1_801' title='bbox 2143 1561 2267 1586; x_wconf 89' lang='lat' dir='ltr'><strong>cavere</strong></span> <span class='ocrx_word' id='word_1_802' title='bbox 2296 1560 2376 1586; x_wconf 90' lang='lat' dir='ltr'><strong>eum</strong></span> <span class='ocrx_word' id='word_1_803' title='bbox 2405 1549 2449 1584; x_wconf 89' lang='grc'><strong>(18</strong></span> 
     </span>
     <span class='ocr_line' id='line_1_114' title="bbox 1370 1594 2448 1647; baseline 0.001 -18"><span class='ocrx_word' id='word_1_804' title='bbox 1370 1598 1448 1630; x_wconf 83' lang='grc'>1810</span> <span class='ocrx_word' id='word_1_805' title='bbox 1474 1598 1626 1647; x_wconf 85' lang='lat' dir='ltr'><strong>oportet.</strong></span> <span class='ocrx_word' id='word_1_806' title='bbox 1674 1605 1784 1639; x_wconf 88' lang='lat' dir='ltr'><strong>quare</strong></span> <span class='ocrx_word' id='word_1_807' title='bbox 1816 1594 1847 1630; x_wconf 89' lang='lat' dir='ltr'><strong>si</strong></span> <span class='ocrx_word' id='word_1_808' title='bbox 1879 1595 2010 1640; x_wconf 86' lang='lat' dir='ltr'><strong>duplae</strong></span> <span class='ocrx_word' id='word_1_809' title='bbox 2032 1595 2296 1641; x_wconf 88' lang='lat' dir='ltr'><strong>stipulationem</strong></span> <span class='ocrx_word' id='word_1_810' title='bbox 2318 1605 2448 1640; x_wconf 89' lang='lat' dir='ltr'><strong>procu-</strong></span> 
     </span>
     <span class='ocr_line' id='line_1_115' title="bbox 1370 1639 2449 1684; baseline 0.001 -10"><span class='ocrx_word' id='word_1_811' title='bbox 1370 1643 1470 1675; x_wconf 84' lang='lat' dir='ltr'><strong>rator</strong></span> <span class='ocrx_word' id='word_1_812' title='bbox 1501 1643 1725 1684; x_wconf 82' lang='lat' dir='ltr'><strong>interponat,</strong></span> <span class='ocrx_word' id='word_1_813' title='bbox 1760 1639 1804 1675; x_wconf 90' lang='lat' dir='ltr'><strong>de</strong></span> <span class='ocrx_word' id='word_1_814' title='bbox 1834 1644 1913 1676; x_wconf 91' lang='lat' dir='ltr'><strong>rato</strong></span> <span class='ocrx_word' id='word_1_815' title='bbox 1942 1649 2067 1676; x_wconf 87' lang='lat' dir='ltr'><strong>cavere</strong></span> <span class='ocrx_word' id='word_1_816' title='bbox 2097 1641 2213 1676; x_wconf 86' lang='lat' dir='ltr'><strong>debet.</strong></span> <span class='ocrx_word' id='word_1_817' title='bbox 2260 1639 2323 1676; x_wconf 85' lang='lat' dir='ltr'><strong>sed</strong></span> <span class='ocrx_word' id='word_1_818' title='bbox 2352 1643 2389 1676; x_wconf 89' lang='lat' dir='ltr'><strong>et</strong></span> <span class='ocrx_word' id='word_1_819' title='bbox 2418 1639 2449 1675; x_wconf 89' lang='lat' dir='ltr'><strong>si</strong></span> 
     </span>
     <span class='ocr_line' id='line_1_116' title="bbox 1371 1683 2448 1765; baseline 0.001 -46"><span class='ocrx_word' id='word_1_820' title='bbox 1371 1683 1496 1765; x_wconf 61' lang='lat' dir='ltr'><strong>gamnit</strong></span> <span class='ocrx_word' id='word_1_821' title='bbox 1520 1683 1642 1765; x_wconf 53' lang='grc' dir='ltr'>11111ὲὲ11</span> <span class='ocrx_word' id='word_1_822' title='bbox 1673 1684 1854 1729; x_wconf 87' lang='lat' dir='ltr'><strong>stipulatio</strong></span> <span class='ocrx_word' id='word_1_823' title='bbox 1884 1695 1907 1720; x_wconf 90' lang='lat' dir='ltr'><strong>a</strong></span> <span class='ocrx_word' id='word_1_824' title='bbox 1934 1689 2168 1730; x_wconf 88' lang='lat' dir='ltr'><strong>procuratore</strong></span> <span class='ocrx_word' id='word_1_825' title='bbox 2191 1685 2448 1730; x_wconf 90' lang='lat' dir='ltr'><strong>interponatur,</strong></span> 
     </span>
    </p>

    <p class='ocr_par' dir='ltr' id='par_1_20' title="bbox 1395 1733 1648 1765">
     <span class='ocr_line' id='line_1_117' title="bbox 1395 1733 1648 1765; baseline -0.004 0"><span class='ocrx_word' id='word_1_826' title='bbox 1395 1740 1415 1765; x_wconf 91' lang='lat' dir='ltr'><strong>e</strong></span> <span class='ocrx_word' id='word_1_827' title='bbox 1438 1739 1479 1765; x_wconf 90' lang='lat' dir='ltr'><strong>ra</strong></span> <span class='ocrx_word' id='word_1_828' title='bbox 1497 1739 1517 1764; x_wconf 93' lang='lat' dir='ltr'><strong>o</strong></span> <span class='ocrx_word' id='word_1_829' title='bbox 1565 1739 1586 1764; x_wconf 91' lang='lat' dir='ltr'><strong>e</strong></span> <span class='ocrx_word' id='word_1_830' title='bbox 1612 1733 1648 1765; x_wconf 89' lang='lat' dir='ltr'><strong>et</strong></span> 
     </span>
    </p>

    <p class='ocr_par' dir='ltr' id='par_1_21' title="bbox 1370 1771 2450 2045">
     <span class='ocr_line' id='line_1_118' title="bbox 1417 1771 2449 1821; baseline -0.001 -10"><span class='ocrx_word' id='word_1_831' title='bbox 1417 1771 1467 1811; x_wconf 87' lang='lat'><strong>21</strong></span> <span class='ocrx_word' id='word_1_832' title='bbox 1502 1772 1610 1810; x_wconf 68' lang='lat' dir='ltr'><em>IDEM</em></span> <span class='ocrx_word' id='word_1_833' title='bbox 1642 1774 1670 1810; x_wconf 84' lang='lat' dir='ltr'><strong>li</strong></span> <span class='ocrx_word' id='word_1_834' title='bbox 1690 1785 1733 1809; x_wconf 91' lang='lat' dir='ltr'><strong>ro</strong></span> <span class='ocrx_word' id='word_1_835' title='bbox 1755 1776 1879 1820; x_wconf 85' lang='lat' dir='ltr'><strong>primo</strong></span> <span class='ocrx_word' id='word_1_836' title='bbox 1911 1776 2119 1821; x_wconf 79' lang='lat' dir='ltr'><strong>opinionum</strong></span> <span class='ocrx_word' id='word_1_837' title='bbox 2172 1774 2228 1811; x_wconf 86' lang='lat' dir='ltr'><strong>Ne</strong></span> <span class='ocrx_word' id='word_1_838' title='bbox 2264 1774 2449 1811; x_wconf 88' lang='lat' dir='ltr'><strong>satisdatio</strong></span> 
     </span>
     <span class='ocr_line' id='line_1_119' title="bbox 1371 1819 2450 1865; baseline 0 -10"><span class='ocrx_word' id='word_1_839' title='bbox 1371 1824 1486 1855; x_wconf 89' lang='lat' dir='ltr'><strong>ratam</strong></span> <span class='ocrx_word' id='word_1_840' title='bbox 1509 1829 1584 1854; x_wconf 91' lang='lat' dir='ltr'><strong>rem</strong></span> <span class='ocrx_word' id='word_1_841' title='bbox 1608 1819 1787 1854; x_wconf 88' lang='lat' dir='ltr'><strong>dominum</strong></span> <span class='ocrx_word' id='word_1_842' title='bbox 1811 1819 2016 1855; x_wconf 90' lang='lat' dir='ltr'><strong>habiturum</strong></span> <span class='ocrx_word' id='word_1_843' title='bbox 2040 1821 2201 1865; x_wconf 79' lang='lat' dir='ltr'><strong>exigatur</strong></span> <span class='ocrx_word' id='word_1_844' title='bbox 2223 1820 2261 1855; x_wconf 92' lang='lat' dir='ltr'><strong>in</strong></span> <span class='ocrx_word' id='word_1_845' title='bbox 2283 1820 2338 1856; x_wconf 92' lang='lat' dir='ltr'><strong>his</strong></span> <span class='ocrx_word' id='word_1_846' title='bbox 2358 1829 2450 1865; x_wconf 86' lang='lat' dir='ltr'><strong>quae</strong></span> 
     </span>
     <span class='ocr_line' id='line_1_120' title="bbox 1371 1864 2449 1910; baseline 0 -10"><span class='ocrx_word' id='word_1_847' title='bbox 1371 1865 1513 1900; x_wconf 87' lang='lat' dir='ltr'><strong>nomine</strong></span> <span class='ocrx_word' id='word_1_848' title='bbox 1540 1864 1618 1900; x_wconf 86' lang='lat' dir='ltr'><strong>eius</strong></span> <span class='ocrx_word' id='word_1_849' title='bbox 1647 1869 1785 1909; x_wconf 88' lang='lat' dir='ltr'><strong>ageret,</strong></span> <span class='ocrx_word' id='word_1_850' title='bbox 1819 1865 1879 1910; x_wconf 89' lang='lat' dir='ltr'><strong>qui</strong></span> <span class='ocrx_word' id='word_1_851' title='bbox 1892 1866 1919 1886; x_wconf 76' lang='lat'><strong>¹²</strong></span> <span class='ocrx_word' id='word_1_852' title='bbox 1951 1875 2030 1900; x_wconf 89' lang='lat' dir='ltr'><strong>eum</strong></span> <span class='ocrx_word' id='word_1_853' title='bbox 2060 1875 2098 1901; x_wconf 90' lang='grc'><strong>88</strong></span> <span class='ocrx_word' id='word_1_854' title='bbox 2129 1865 2255 1902; x_wconf 87' lang='lat' dir='ltr'><strong>fecisse</strong></span> <span class='ocrx_word' id='word_1_855' title='bbox 2278 1874 2449 1910; x_wconf 87' lang='lat' dir='ltr'><strong>procura—</strong></span> 
     </span>
     <span class='ocr_line' id='line_1_121' title="bbox 1371 1909 2448 1955; baseline -0.001 -10"><span class='ocrx_word' id='word_1_856' title='bbox 1371 1914 1484 1945; x_wconf 91' lang='lat' dir='ltr'><strong>torem</strong></span> <span class='ocrx_word' id='word_1_857' title='bbox 1511 1909 1631 1945; x_wconf 91' lang='lat' dir='ltr'><strong>libello</strong></span> <span class='ocrx_word' id='word_1_858' title='bbox 1662 1909 1815 1954; x_wconf 87' lang='lat' dir='ltr'><strong>principi</strong></span> <span class='ocrx_word' id='word_1_859' title='bbox 1844 1909 1927 1945; x_wconf 88' lang='lat' dir='ltr'><strong>dato</strong></span> <span class='ocrx_word' id='word_1_860' title='bbox 1965 1909 2150 1955; x_wconf 84' lang='lat' dir='ltr'><strong>professus</strong></span> <span class='ocrx_word' id='word_1_861' title='bbox 2185 1914 2255 1952; x_wconf 90' lang='lat' dir='ltr'><strong>est,</strong></span> <span class='ocrx_word' id='word_1_862' title='bbox 2293 1909 2448 1955; x_wconf 87' lang='lat' dir='ltr'><strong>prodest.</strong></span> 
     </span>
     <span class='ocr_line' id='line_1_122' title="bbox 1372 1954 2447 2000; baseline 0.001 -11"><span class='ocrx_word' id='word_1_863' title='bbox 1372 1954 1468 2000; x_wconf 88' lang='lat' dir='ltr'><strong>quod</strong></span> <span class='ocrx_word' id='word_1_864' title='bbox 1490 1954 1521 1990; x_wconf 90' lang='lat' dir='ltr'><strong>si</strong></span> <span class='ocrx_word' id='word_1_865' title='bbox 1543 1954 1738 1990; x_wconf 85' lang='lat' dir='ltr'><strong>iudicatum</strong></span> <span class='ocrx_word' id='word_1_866' title='bbox 1761 1954 1850 1990; x_wconf 89' lang='lat' dir='ltr'><strong>solvi</strong></span> <span class='ocrx_word' id='word_1_867' title='bbox 1872 1955 1959 1990; x_wconf 89' lang='lat' dir='ltr'><strong>satis</strong></span> <span class='ocrx_word' id='word_1_868' title='bbox 1984 1955 2028 1990; x_wconf 92' lang='lat' dir='ltr'><strong>ab</strong></span> <span class='ocrx_word' id='word_1_869' title='bbox 2054 1965 2095 1991; x_wconf 90' lang='lat' dir='ltr'><strong>eo</strong></span> <span class='ocrx_word' id='word_1_870' title='bbox 2115 1958 2347 2000; x_wconf 88' lang='lat' dir='ltr'><strong>procuratore</strong></span> <span class='ocrx_word' id='word_1_871' title='bbox 2366 1965 2447 2000; x_wconf 89' lang='lat' dir='ltr'><strong>pos-</strong></span> 
     </span>
     <span class='ocr_line' id='line_1_123' title="bbox 1370 1999 2386 2045; baseline 0.001 -10"><span class='ocrx_word' id='word_1_872' title='bbox 1370 2000 1515 2041; x_wconf 86' lang='lat' dir='ltr'><strong>tuletur,</strong></span> <span class='ocrx_word' id='word_1_873' title='bbox 1541 2010 1687 2035; x_wconf 89' lang='lat' dir='ltr'><strong>necesse</strong></span> <span class='ocrx_word' id='word_1_874' title='bbox 1711 2003 1766 2035; x_wconf 86' lang='lat' dir='ltr'><strong>est</strong></span> <span class='ocrx_word' id='word_1_875' title='bbox 1780 2000 1818 2042; x_wconf 87' lang='lat'><strong>¹³,</strong></span> <span class='ocrx_word' id='word_1_876' title='bbox 1843 2003 1884 2034; x_wconf 92' lang='lat' dir='ltr'><strong>ut</strong></span> <span class='ocrx_word' id='word_1_877' title='bbox 1905 2000 1974 2035; x_wconf 88' lang='lat' dir='ltr'><strong>iuri</strong></span> <span class='ocrx_word' id='word_1_878' title='bbox 1998 1999 2184 2036; x_wconf 87' lang='lat' dir='ltr'><strong>manifesto</strong></span> <span class='ocrx_word' id='word_1_879' title='bbox 2209 2004 2386 2045; x_wconf 85' lang='lat' dir='ltr'><strong>pareatur.</strong></span> 
     </span>
    </p>

    <p class='ocr_par' dir='ltr' id='par_1_22' title="bbox 1371 2042 2451 2620">
     <span class='ocr_line' id='line_1_124' title="bbox 1418 2042 2449 2091; baseline -0.003 -9"><span class='ocrx_word' id='word_1_880' title='bbox 1418 2042 1471 2082; x_wconf 87' lang='lat'><strong>22</strong></span> <span class='ocrx_word' id='word_1_881' title='bbox 1496 2044 1688 2080; x_wconf 72' lang='lat' dir='ltr'><em>IULIANUS</em></span> <span class='ocrx_word' id='word_1_882' title='bbox 1708 2044 1798 2080; x_wconf 79' lang='lat' dir='ltr'><strong>libro</strong></span> <span class='ocrx_word' id='word_1_883' title='bbox 1823 2046 2144 2091; x_wconf 75' lang='lat' dir='ltr'><strong>quinquayensimo</strong></span> <span class='ocrx_word' id='word_1_884' title='bbox 2168 2049 2272 2081; x_wconf 80' lang='lat' dir='ltr'><strong>sexto</strong></span> <span class='ocrx_word' id='word_1_885' title='bbox 2296 2045 2449 2091; x_wconf 62' lang='grc' dir='ltr'><strong>ἀέρα-το-</strong></span> 
     </span>
     <span class='ocr_line' id='line_1_125' title="bbox 1371 2089 2451 2143; baseline -0.001 -18"><span class='ocrx_word' id='word_1_886' title='bbox 1371 2101 1451 2125; x_wconf 85' lang='lat' dir='ltr'><strong>rum</strong></span> <span class='ocrx_word' id='word_1_887' title='bbox 1498 2089 1536 2125; x_wconf 88' lang='lat' dir='ltr'><strong>Si</strong></span> <span class='ocrx_word' id='word_1_888' title='bbox 1559 2089 1635 2125; x_wconf 88' lang='grc'>8188</span> <span class='ocrx_word' id='word_1_889' title='bbox 1658 2089 1774 2125; x_wconf 89' lang='lat' dir='ltr'><strong>iudice</strong></span> <span class='ocrx_word' id='word_1_890' title='bbox 1796 2100 1868 2126; x_wconf 92' lang='lat' dir='ltr'><strong>non</strong></span> <span class='ocrx_word' id='word_1_891' title='bbox 1892 2089 2047 2125; x_wconf 90' lang='lat' dir='ltr'><strong>debitam</strong></span> <span class='ocrx_word' id='word_1_892' title='bbox 2078 2090 2265 2143; x_wconf 83' lang='lat' dir='ltr'><strong>pecuniam</strong></span> <span class='ocrx_word' id='word_1_893' title='bbox 2296 2089 2451 2134; x_wconf 79' lang='lat' dir='ltr'><strong>exegerit</strong></span> 
     </span>
     <span class='ocr_line' id='line_1_126' title="bbox 1371 2134 2449 2180; baseline 0 -10"><span class='ocrx_word' id='word_1_894' title='bbox 1371 2138 1584 2180; x_wconf 87' lang='lat' dir='ltr'><strong>procurator</strong></span> <span class='ocrx_word' id='word_1_895' title='bbox 1608 2137 1643 2169; x_wconf 90' lang='lat' dir='ltr'><strong>et</strong></span> <span class='ocrx_word' id='word_1_896' title='bbox 1667 2134 1828 2170; x_wconf 90' lang='lat' dir='ltr'><strong>dominus</strong></span> <span class='ocrx_word' id='word_1_897' title='bbox 1851 2138 1966 2170; x_wconf 89' lang='lat' dir='ltr'><strong>ratam</strong></span> <span class='ocrx_word' id='word_1_898' title='bbox 1990 2135 2201 2171; x_wconf 77' lang='lat' dir='ltr'><strong>solutionem</strong></span> <span class='ocrx_word' id='word_1_899' title='bbox 2223 2145 2295 2170; x_wconf 90' lang='lat' dir='ltr'><strong>non</strong></span> <span class='ocrx_word' id='word_1_900' title='bbox 2314 2134 2449 2170; x_wconf 88' lang='lat' dir='ltr'><strong>habue-</strong></span> 
     </span>
     <span class='ocr_line' id='line_1_127' title="bbox 1372 2179 2449 2225; baseline 0 -11"><span class='ocrx_word' id='word_1_901' title='bbox 1372 2180 1437 2222; x_wconf 89' lang='lat' dir='ltr'><strong>rit,</strong></span> <span class='ocrx_word' id='word_1_902' title='bbox 1469 2179 1532 2215; x_wconf 89' lang='lat' dir='ltr'><strong>sed</strong></span> <span class='ocrx_word' id='word_1_903' title='bbox 1566 2179 1713 2215; x_wconf 88' lang='lat' dir='ltr'><strong>eandem</strong></span> <span class='ocrx_word' id='word_1_904' title='bbox 1743 2180 1931 2225; x_wconf 90' lang='lat' dir='ltr'><strong>pecuniam</strong></span> <span class='ocrx_word' id='word_1_905' title='bbox 1962 2183 2084 2225; x_wconf 89' lang='lat' dir='ltr'><strong>petere</strong></span> <span class='ocrx_word' id='word_1_906' title='bbox 2113 2180 2327 2216; x_wconf 89' lang='lat' dir='ltr'><strong>instituerit:</strong></span> <span class='ocrx_word' id='word_1_907' title='bbox 2363 2179 2449 2215; x_wconf 90' lang='lat' dir='ltr'><strong>fide-</strong></span> 
     </span>
     <span class='ocr_line' id='line_1_128' title="bbox 1371 2225 2449 2277; baseline 0 -18"><span class='ocrx_word' id='word_1_908' title='bbox 1371 2225 1526 2260; x_wconf 88' lang='lat' dir='ltr'><strong>iussores</strong></span> <span class='ocrx_word' id='word_1_909' title='bbox 1550 2227 1717 2260; x_wconf 87' lang='lat' dir='ltr'><strong>tenentur</strong></span> <span class='ocrx_word' id='word_1_910' title='bbox 1740 2228 1776 2260; x_wconf 93' lang='lat' dir='ltr'><strong>et</strong></span> <span class='ocrx_word' id='word_1_911' title='bbox 1799 2225 1995 2267; x_wconf 91' lang='lat' dir='ltr'><strong>condictio,</strong></span> <span class='ocrx_word' id='word_1_912' title='bbox 2023 2235 2094 2270; x_wconf 88' lang='lat' dir='ltr'><strong>qua</strong></span> <span class='ocrx_word' id='word_1_913' title='bbox 2116 2229 2330 2277; x_wconf 85' lang='lat' dir='ltr'><strong>procurator</strong></span> <span class='ocrx_word' id='word_1_914' title='bbox 2351 2227 2449 2260; x_wconf 88' lang='lat' dir='ltr'><strong>tene-</strong></span> 
     </span>
     <span class='ocr_line' id='line_1_129' title="bbox 1371 2269 2447 2321; baseline -0.001 -16"><span class='ocrx_word' id='word_1_915' title='bbox 1371 2274 1480 2313; x_wconf 88' lang='lat' dir='ltr'><strong>retur,</strong></span> <span class='ocrx_word' id='word_1_916' title='bbox 1504 2270 1535 2304; x_wconf 91' lang='lat' dir='ltr'><strong>si</strong></span> <span class='ocrx_word' id='word_1_917' title='bbox 1560 2269 1742 2321; x_wconf 83' lang='lat' dir='ltr'><strong>stipulatio</strong></span> <span class='ocrx_word' id='word_1_918' title='bbox 1764 2269 1974 2315; x_wconf 86' lang='lat' dir='ltr'><strong>interposita</strong></span> <span class='ocrx_word' id='word_1_919' title='bbox 1993 2280 2065 2306; x_wconf 91' lang='lat' dir='ltr'><strong>non</strong></span> <span class='ocrx_word' id='word_1_920' title='bbox 2084 2269 2220 2313; x_wconf 81' lang='lat' dir='ltr'><strong>fuisset,</strong></span> <span class='ocrx_word' id='word_1_921' title='bbox 2244 2269 2447 2315; x_wconf 87' lang='lat' dir='ltr'><strong>peremitur.</strong></span> 
     </span>
     <span class='ocr_line' id='line_1_130' title="bbox 1373 2313 2447 2366; baseline 0 -17"><span class='ocrx_word' id='word_1_922' title='bbox 1373 2315 1536 2360; x_wconf 91' lang='lat' dir='ltr'><strong>quotiens</strong></span> <span class='ocrx_word' id='word_1_923' title='bbox 1561 2324 1653 2349; x_wconf 84' lang='lat' dir='ltr'><strong>enim</strong></span> <span class='ocrx_word' id='word_1_924' title='bbox 1676 2315 1902 2366; x_wconf 81' lang='lat' dir='ltr'><strong>procuratori</strong></span> <span class='ocrx_word' id='word_1_925' title='bbox 1925 2314 2077 2359; x_wconf 86' lang='lat' dir='ltr'><strong>pecunia</strong></span> <span class='ocrx_word' id='word_1_926' title='bbox 2099 2315 2247 2351; x_wconf 86' lang='lat' dir='ltr'><strong>solvitur</strong></span> <span class='ocrx_word' id='word_1_927' title='bbox 2277 2318 2314 2350; x_wconf 92' lang='lat' dir='ltr'><strong>et</strong></span> <span class='ocrx_word' id='word_1_928' title='bbox 2338 2313 2447 2350; x_wconf 87' lang='lat' dir='ltr'><strong>domi·</strong></span> 
     </span>
     <span class='ocr_line' id='line_1_131' title="bbox 1373 2358 2448 2403; baseline -0.001 -8"><span class='ocrx_word' id='word_1_929' title='bbox 1373 2370 1439 2395; x_wconf 91' lang='lat' dir='ltr'><strong>nus</strong></span> <span class='ocrx_word' id='word_1_930' title='bbox 1471 2369 1550 2394; x_wconf 89' lang='lat' dir='ltr'><strong>eam</strong></span> <span class='ocrx_word' id='word_1_931' title='bbox 1580 2360 1791 2395; x_wconf 83' lang='lat' dir='ltr'><strong>solutionem</strong></span> <span class='ocrx_word' id='word_1_932' title='bbox 1823 2364 1938 2395; x_wconf 90' lang='lat' dir='ltr'><strong>ratam</strong></span> <span class='ocrx_word' id='word_1_933' title='bbox 1969 2370 2041 2395; x_wconf 90' lang='lat' dir='ltr'><strong>non</strong></span> <span class='ocrx_word' id='word_1_934' title='bbox 2071 2360 2197 2403; x_wconf 90' lang='lat' dir='ltr'><strong>habet,</strong></span> <span class='ocrx_word' id='word_1_935' title='bbox 2229 2359 2390 2395; x_wconf 89' lang='lat' dir='ltr'><strong>existimo</strong></span> <span class='ocrx_word' id='word_1_936' title='bbox 2414 2358 2448 2394; x_wconf 91' lang='lat' dir='ltr'><strong>id</strong></span> 
     </span>
     <span class='ocr_line' id='line_1_132' title="bbox 1373 2403 2448 2449; baseline 0 -10"><span class='ocrx_word' id='word_1_937' title='bbox 1373 2405 1447 2449; x_wconf 83' lang='lat' dir='ltr'><strong>agi,</strong></span> <span class='ocrx_word' id='word_1_938' title='bbox 1471 2408 1512 2439; x_wconf 92' lang='lat' dir='ltr'><strong>ut</strong></span> <span class='ocrx_word' id='word_1_939' title='bbox 1535 2403 1712 2440; x_wconf 91' lang='lat' dir='ltr'><strong>condictio</strong></span> <span class='ocrx_word' id='word_1_940' title='bbox 1761 2408 1939 2440; x_wconf 83' lang='lat' dir='ltr'><strong>crematur</strong></span> <span class='ocrx_word' id='word_1_941' title='bbox 1962 2409 1997 2440; x_wconf 90' lang='lat' dir='ltr'><strong>et</strong></span> <span class='ocrx_word' id='word_1_942' title='bbox 2020 2405 2096 2440; x_wconf 92' lang='lat' dir='ltr'><strong>sola</strong></span> <span class='ocrx_word' id='word_1_943' title='bbox 2118 2405 2212 2441; x_wconf 87' lang='lat' dir='ltr'><strong>actio</strong></span> <span class='ocrx_word' id='word_1_944' title='bbox 2236 2405 2286 2448; x_wconf 88' lang='lat' dir='ltr'><strong>ei,</strong></span> <span class='ocrx_word' id='word_1_945' title='bbox 2311 2404 2373 2449; x_wconf 88' lang='lat' dir='ltr'><strong>qui</strong></span> <span class='ocrx_word' id='word_1_946' title='bbox 2394 2403 2448 2439; x_wconf 88' lang='lat' dir='ltr'><strong>in·</strong></span> 
     </span>
     <span class='ocr_line' id='line_1_133' title="bbox 1373 2448 2448 2494; baseline -0.001 -9"><span class='ocrx_word' id='word_1_947' title='bbox 1373 2449 1530 2485; x_wconf 85' lang='lat' dir='ltr'><strong>debitum</strong></span> <span class='ocrx_word' id='word_1_948' title='bbox 1554 2449 1675 2491; x_wconf 82' lang='lat' dir='ltr'><strong>solvit,</strong></span> <span class='ocrx_word' id='word_1_949' title='bbox 1707 2459 1729 2484; x_wconf 89' lang='lat' dir='ltr'><strong>a</strong></span> <span class='ocrx_word' id='word_1_950' title='bbox 1755 2459 1875 2485; x_wconf 87' lang='lat' dir='ltr'><strong>versus</strong></span> <span class='ocrx_word' id='word_1_951' title='bbox 1904 2453 2173 2494; x_wconf 88' lang='lat' dir='ltr'><strong>procuratorem</strong></span> <span class='ocrx_word' id='word_1_952' title='bbox 2202 2459 2247 2484; x_wconf 89' lang='lat' dir='ltr'><strong>ex</strong></span> <span class='ocrx_word' id='word_1_953' title='bbox 2277 2448 2448 2494; x_wconf 86' lang='lat' dir='ltr'><strong>stipulatu</strong></span> 
     </span>
     <span class='ocr_line' id='line_1_134' title="bbox 1373 2493 2448 2574; baseline -0.002 -44"><span class='ocrx_word' id='word_1_954' title='bbox 1373 2498 1563 2539; x_wconf 87' lang='lat' dir='ltr'><strong>competat.</strong></span> <span class='ocrx_word' id='word_1_955' title='bbox 1618 2494 1688 2530; x_wconf 89' lang='lat' dir='ltr'><strong>hoc</strong></span> <span class='ocrx_word' id='word_1_956' title='bbox 1719 2493 1869 2574; x_wconf 56' lang='grc'>81881188</span> <span class='ocrx_word' id='word_1_957' title='bbox 1903 2498 2087 2540; x_wconf 87' lang='lat' dir='ltr'><strong>praestant</strong></span> <span class='ocrx_word' id='word_1_958' title='bbox 2126 2493 2350 2530; x_wconf 89' lang='lat' dir='ltr'><strong>fideiussores</strong></span> <span class='ocrx_word' id='word_1_959' title='bbox 2384 2494 2448 2529; x_wconf 88' lang='lat' dir='ltr'><strong>im-</strong></span> 
     </span>
     <span class='ocr_line' id='line_1_135' title="bbox 1372 2538 2450 2620; baseline 0 -46"><span class='ocrx_word' id='word_1_960' title='bbox 1372 2549 1520 2620; x_wconf 62' lang='lat' dir='ltr'><strong>gensas,</strong></span> <span class='ocrx_word' id='word_1_961' title='bbox 1552 2549 1643 2584; x_wconf 90' lang='lat' dir='ltr'><strong>quae</strong></span> <span class='ocrx_word' id='word_1_962' title='bbox 1673 2538 1710 2574; x_wconf 93' lang='lat' dir='ltr'><strong>in</strong></span> <span class='ocrx_word' id='word_1_963' title='bbox 1741 2539 1777 2574; x_wconf 91' lang='lat' dir='ltr'><strong>iu</strong></span> <span class='ocrx_word' id='word_1_964' title='bbox 1803 2539 1910 2574; x_wconf 89' lang='lat' dir='ltr'><strong>icium</strong></span> <span class='ocrx_word' id='word_1_965' title='bbox 1943 2539 2061 2574; x_wconf 82' lang='lat' dir='ltr'><strong>factae</strong></span> <span class='ocrx_word' id='word_1_966' title='bbox 2091 2538 2252 2574; x_wconf 89' lang='lat' dir='ltr'><strong>fuissent.</strong></span> <span class='ocrx_word' id='word_1_967' title='bbox 2300 2538 2396 2584; x_wconf 90' lang='lat' dir='ltr'><strong>quod</strong></span> <span class='ocrx_word' id='word_1_968' title='bbox 2419 2539 2450 2574; x_wconf 89' lang='lat' dir='ltr'><strong>si</strong></span> 
     </span>
    </p>

    <p class='ocr_par' dir='ltr' id='par_1_23' title="bbox 1371 2583 2449 3113">
     <span class='ocr_line' id='line_1_136' title="bbox 1399 2583 2448 2628; baseline -0.002 -8"><span class='ocrx_word' id='word_1_969' title='bbox 1399 2584 1536 2620; x_wconf 90' lang='lat' dir='ltr'><strong>ominus</strong></span> <span class='ocrx_word' id='word_1_970' title='bbox 1566 2587 1681 2619; x_wconf 88' lang='lat' dir='ltr'><strong>ratam</strong></span> <span class='ocrx_word' id='word_1_971' title='bbox 1698 2584 1911 2626; x_wconf 87' lang='lat' dir='ltr'><strong>habuisset,</strong></span> <span class='ocrx_word' id='word_1_972' title='bbox 1942 2583 2168 2620; x_wconf 88' lang='lat' dir='ltr'><strong>fideiussores</strong></span> <span class='ocrx_word' id='word_1_973' title='bbox 2200 2583 2340 2628; x_wconf 90' lang='lat' dir='ltr'><strong>quidem</strong></span> <span class='ocrx_word' id='word_1_974' title='bbox 2362 2583 2448 2619; x_wconf 90' lang='lat' dir='ltr'><strong>libe-</strong></span> 
     </span>
     <span class='ocr_line' id='line_1_137' title="bbox 1372 2628 2448 2674; baseline -0.002 -9"><span class='ocrx_word' id='word_1_975' title='bbox 1372 2634 1507 2671; x_wconf 87' lang='lat' dir='ltr'><strong>rantur,</strong></span> <span class='ocrx_word' id='word_1_976' title='bbox 1532 2628 1594 2664; x_wconf 92' lang='lat' dir='ltr'><strong>sed</strong></span> <span class='ocrx_word' id='word_1_977' title='bbox 1618 2629 1664 2665; x_wconf 89' lang='lat' dir='ltr'><strong>ab</strong></span> <span class='ocrx_word' id='word_1_978' title='bbox 1687 2628 1765 2674; x_wconf 90' lang='lat' dir='ltr'><strong>ipso</strong></span> <span class='ocrx_word' id='word_1_979' title='bbox 1791 2628 1932 2665; x_wconf 90' lang='lat' dir='ltr'><strong>domino</strong></span> <span class='ocrx_word' id='word_1_980' title='bbox 1957 2629 2079 2664; x_wconf 90' lang='lat' dir='ltr'><strong>eadem</strong></span> <span class='ocrx_word' id='word_1_981' title='bbox 2102 2629 2254 2674; x_wconf 90' lang='lat' dir='ltr'><strong>pecunia</strong></span> <span class='ocrx_word' id='word_1_982' title='bbox 2277 2639 2342 2673; x_wconf 86' lang='lat' dir='ltr'><strong>per</strong></span> <span class='ocrx_word' id='word_1_983' title='bbox 2365 2638 2448 2664; x_wconf 92' lang='lat' dir='ltr'><strong>con-</strong></span> 
     </span>
     <span class='ocr_line' id='line_1_138' title="bbox 1376 2672 2447 2719; baseline 0 -10"><span class='ocrx_word' id='word_1_984' title='bbox 1376 2678 1390 2709; x_wconf 89' lang='lat'>1</span> <span class='ocrx_word' id='word_1_985' title='bbox 1440 2674 1627 2710; x_wconf 89' lang='lat' dir='ltr'><strong>dictionem</strong></span> <span class='ocrx_word' id='word_1_986' title='bbox 1659 2674 1732 2719; x_wconf 90' lang='lat' dir='ltr'><strong>peti</strong></span> <span class='ocrx_word' id='word_1_987' title='bbox 1761 2677 1889 2718; x_wconf 89' lang='lat' dir='ltr'><strong>potest.</strong></span> <span class='ocrx_word' id='word_1_988' title='bbox 1937 2673 2039 2718; x_wconf 80' lang='lat' dir='ltr'><strong>Quod</strong></span> <span class='ocrx_word' id='word_1_989' title='bbox 2062 2674 2092 2710; x_wconf 89' lang='lat' dir='ltr'><strong>si</strong></span> <span class='ocrx_word' id='word_1_990' title='bbox 2115 2677 2327 2719; x_wconf 90' lang='lat' dir='ltr'><strong>procurator</strong></span> <span class='ocrx_word' id='word_1_991' title='bbox 2349 2672 2447 2709; x_wconf 88' lang='lat' dir='ltr'><strong>debi-</strong></span> 
     </span>
     <span class='ocr_line' id='line_1_139' title="bbox 1371 2718 2449 2764; baseline -0.001 -10"><span class='ocrx_word' id='word_1_992' title='bbox 1371 2722 1444 2755; x_wconf 86' lang='lat' dir='ltr'><strong>tam</strong></span> <span class='ocrx_word' id='word_1_993' title='bbox 1480 2718 1623 2754; x_wconf 88' lang='lat' dir='ltr'><strong>domino</strong></span> <span class='ocrx_word' id='word_1_994' title='bbox 1660 2719 1845 2764; x_wconf 89' lang='lat' dir='ltr'><strong>pecuniam</strong></span> <span class='ocrx_word' id='word_1_995' title='bbox 1880 2718 1956 2755; x_wconf 89' lang='lat' dir='ltr'><strong>sine</strong></span> <span class='ocrx_word' id='word_1_996' title='bbox 1985 2718 2102 2754; x_wconf 86' lang='lat' dir='ltr'><strong>iudice</strong></span> <span class='ocrx_word' id='word_1_997' title='bbox 2132 2719 2322 2764; x_wconf 79' lang='lat' dir='ltr'><strong>exegisset,</strong></span> <span class='ocrx_word' id='word_1_998' title='bbox 2357 2718 2449 2754; x_wconf 91' lang='lat' dir='ltr'><strong>idem</strong></span> 
     </span>
     <span class='ocr_line' id='line_1_140' title="bbox 1371 2763 2448 2809; baseline -0.001 -10"><span class='ocrx_word' id='word_1_999' title='bbox 1371 2764 1458 2800; x_wconf 87' lang='lat' dir='ltr'><strong>iuris</strong></span> <span class='ocrx_word' id='word_1_1000' title='bbox 1489 2767 1562 2807; x_wconf 86' lang='lat' dir='ltr'><strong>est,</strong></span> <span class='ocrx_word' id='word_1_1001' title='bbox 1593 2763 1663 2799; x_wconf 93' lang='lat' dir='ltr'><strong>hoc</strong></span> <span class='ocrx_word' id='word_1_1002' title='bbox 1693 2774 1815 2806; x_wconf 90' lang='lat' dir='ltr'><strong>secus,</strong></span> <span class='ocrx_word' id='word_1_1003' title='bbox 1848 2763 1960 2809; x_wconf 89' lang='lat' dir='ltr'><strong>quod,</strong></span> <span class='ocrx_word' id='word_1_1004' title='bbox 1991 2764 2021 2799; x_wconf 92' lang='lat' dir='ltr'><strong>si</strong></span> <span class='ocrx_word' id='word_1_1005' title='bbox 2049 2763 2211 2800; x_wconf 88' lang='lat' dir='ltr'><strong>dominus</strong></span> <span class='ocrx_word' id='word_1_1006' title='bbox 2238 2767 2352 2798; x_wconf 89' lang='lat' dir='ltr'><strong>ratam</strong></span> <span class='ocrx_word' id='word_1_1007' title='bbox 2375 2772 2448 2798; x_wconf 89' lang='lat' dir='ltr'><strong>rem</strong></span> 
     </span>
     <span class='ocr_line' id='line_1_141' title="bbox 1372 2807 2447 2854; baseline -0.001 -10"><span class='ocrx_word' id='word_1_1008' title='bbox 1372 2809 1573 2851; x_wconf 89' lang='lat' dir='ltr'><strong>habuisset,</strong></span> <span class='ocrx_word' id='word_1_1009' title='bbox 1605 2808 1703 2844; x_wconf 86' lang='lat' dir='ltr'><strong>nulla</strong></span> <span class='ocrx_word' id='word_1_1010' title='bbox 1731 2809 1808 2844; x_wconf 93' lang='lat' dir='ltr'><strong>eius</strong></span> <span class='ocrx_word' id='word_1_1011' title='bbox 1837 2808 2010 2854; x_wconf 87' lang='lat' dir='ltr'><strong>pecuniae</strong></span> <span class='ocrx_word' id='word_1_1012' title='bbox 2037 2808 2199 2854; x_wconf 89' lang='lat' dir='ltr'><strong>repetitio</strong></span> <span class='ocrx_word' id='word_1_1013' title='bbox 2232 2807 2355 2844; x_wconf 86' lang='lat' dir='ltr'><strong>futura</strong></span> <span class='ocrx_word' id='word_1_1014' title='bbox 2382 2812 2447 2844; x_wconf 90' lang='lat' dir='ltr'><strong>est.</strong></span> 
     </span>
     <span class='ocr_line' id='line_1_142' title="bbox 1373 2852 2447 2906; baseline -0.001 -18"><span class='ocrx_word' id='word_1_1015' title='bbox 1373 2857 1392 2888; x_wconf 91' lang='lat'>2</span> <span class='ocrx_word' id='word_1_1016' title='bbox 1441 2853 1543 2898; x_wconf 79' lang='lat' dir='ltr'><strong>Quod</strong></span> <span class='ocrx_word' id='word_1_1017' title='bbox 1567 2853 1597 2888; x_wconf 90' lang='lat' dir='ltr'><strong>si</strong></span> <span class='ocrx_word' id='word_1_1018' title='bbox 1620 2858 1832 2906; x_wconf 88' lang='lat' dir='ltr'><strong>procurator</strong></span> <span class='ocrx_word' id='word_1_1019' title='bbox 1854 2863 1917 2898; x_wconf 90' lang='lat' dir='ltr'><strong>per</strong></span> <span class='ocrx_word' id='word_1_1020' title='bbox 1938 2853 2092 2889; x_wconf 91' lang='lat' dir='ltr'><strong>iudicem</strong></span> <span class='ocrx_word' id='word_1_1021' title='bbox 2114 2864 2186 2889; x_wconf 91' lang='lat' dir='ltr'><strong>non</strong></span> <span class='ocrx_word' id='word_1_1022' title='bbox 2210 2852 2365 2889; x_wconf 83' lang='lat' dir='ltr'><strong>debitam</strong></span> <span class='ocrx_word' id='word_1_1023' title='bbox 2387 2863 2447 2898; x_wconf 88' lang='lat' dir='ltr'><strong>pe-</strong></span> 
     </span>
     <span class='ocr_line' id='line_1_143' title="bbox 1373 2897 2449 2944; baseline 0 -10"><span class='ocrx_word' id='word_1_1024' title='bbox 1373 2899 1513 2934; x_wconf 87' lang='lat' dir='ltr'><strong>cuniam</strong></span> <span class='ocrx_word' id='word_1_1025' title='bbox 1536 2901 1711 2943; x_wconf 77' lang='lat' dir='ltr'><strong>exegisset</strong></span> <span class='ocrx_word' id='word_1_1026' title='bbox 1723 2899 1761 2940; x_wconf 76' lang='lat'><strong>¹⁴,</strong></span> <span class='ocrx_word' id='word_1_1027' title='bbox 1787 2898 1858 2933; x_wconf 91' lang='lat' dir='ltr'><strong>dici</strong></span> <span class='ocrx_word' id='word_1_1028' title='bbox 1880 2902 2016 2944; x_wconf 90' lang='lat' dir='ltr'><strong>potest,</strong></span> <span class='ocrx_word' id='word_1_1029' title='bbox 2049 2898 2122 2934; x_wconf 85' lang='lat' dir='ltr'><strong>sive</strong></span> <span class='ocrx_word' id='word_1_1030' title='bbox 2146 2901 2263 2934; x_wconf 88' lang='lat' dir='ltr'><strong>ratum</strong></span> <span class='ocrx_word' id='word_1_1031' title='bbox 2287 2897 2449 2934; x_wconf 88' lang='lat' dir='ltr'><strong>dominus</strong></span> 
     </span>
     <span class='ocr_line' id='line_1_144' title="bbox 1371 2942 2448 2985; baseline -0.001 -6"><span class='ocrx_word' id='word_1_1032' title='bbox 1371 2943 1557 2979; x_wconf 89' lang='lat' dir='ltr'><strong>habuisset</strong></span> <span class='ocrx_word' id='word_1_1033' title='bbox 1579 2943 1652 2979; x_wconf 81' lang='lat' dir='ltr'><strong>sive</strong></span> <span class='ocrx_word' id='word_1_1034' title='bbox 1674 2953 1747 2979; x_wconf 91' lang='lat' dir='ltr'><strong>non</strong></span> <span class='ocrx_word' id='word_1_1035' title='bbox 1770 2942 1966 2985; x_wconf 87' lang='lat' dir='ltr'><strong>habuisset,</strong></span> <span class='ocrx_word' id='word_1_1036' title='bbox 1990 2942 2216 2979; x_wconf 89' lang='lat' dir='ltr'><strong>fideiussores</strong></span> <span class='ocrx_word' id='word_1_1037' title='bbox 2234 2953 2306 2979; x_wconf 92' lang='lat' dir='ltr'><strong>non</strong></span> <span class='ocrx_word' id='word_1_1038' title='bbox 2324 2942 2448 2985; x_wconf 87' lang='lat' dir='ltr'><strong>teneri,</strong></span> 
     </span>
     <span class='ocr_line' id='line_1_145' title="bbox 1371 2987 2449 3040; baseline 0 -17"><span class='ocrx_word' id='word_1_1039' title='bbox 1371 2989 1425 3024; x_wconf 88' lang='lat' dir='ltr'><strong>vel</strong></span> <span class='ocrx_word' id='word_1_1040' title='bbox 1448 2988 1532 3040; x_wconf 81' lang='lat' dir='ltr'><strong>quia</strong></span> <span class='ocrx_word' id='word_1_1041' title='bbox 1554 2987 1654 3023; x_wconf 88' lang='lat' dir='ltr'><strong>nulla</strong></span> <span class='ocrx_word' id='word_1_1042' title='bbox 1672 2997 1729 3024; x_wconf 91' lang='lat' dir='ltr'><strong>res</strong></span> <span class='ocrx_word' id='word_1_1043' title='bbox 1750 2991 1853 3031; x_wconf 90' lang='lat' dir='ltr'><strong>esset,</strong></span> <span class='ocrx_word' id='word_1_1044' title='bbox 1878 2998 1984 3033; x_wconf 91' lang='lat' dir='ltr'><strong>quam</strong></span> <span class='ocrx_word' id='word_1_1045' title='bbox 2004 2987 2164 3024; x_wconf 90' lang='lat' dir='ltr'><strong>dominus</strong></span> <span class='ocrx_word' id='word_1_1046' title='bbox 2181 2992 2296 3023; x_wconf 90' lang='lat' dir='ltr'><strong>ratam</strong></span> <span class='ocrx_word' id='word_1_1047' title='bbox 2316 2987 2449 3024; x_wconf 88' lang='lat' dir='ltr'><strong>habere</strong></span> 
     </span>
     <span class='ocr_line' id='line_1_146' title="bbox 1371 3032 2448 3113; baseline -0.002 -44"><span class='ocrx_word' id='word_1_1048' title='bbox 1371 3038 1504 3113; x_wconf 58' lang='lat' dir='ltr'>Egsm’</span> <span class='ocrx_word' id='word_1_1049' title='bbox 1538 3032 1594 3068; x_wconf 86' lang='lat' dir='ltr'><strong>vel</strong></span> <span class='ocrx_word' id='word_1_1050' title='bbox 1632 3032 1715 3085; x_wconf 82' lang='lat' dir='ltr'><strong>quia</strong></span> <span class='ocrx_word' id='word_1_1051' title='bbox 1750 3032 1838 3068; x_wconf 90' lang='lat' dir='ltr'><strong>nihil</strong></span> <span class='ocrx_word' id='word_1_1052' title='bbox 1868 3033 2086 3078; x_wconf 89' lang='lat' dir='ltr'><strong>stipulatoris</strong></span> <span class='ocrx_word' id='word_1_1053' title='bbox 2114 3032 2301 3068; x_wconf 77' lang='lat' dir='ltr'><strong>interest¹⁶</strong></span> <span class='ocrx_word' id='word_1_1054' title='bbox 2331 3035 2448 3067; x_wconf 88' lang='lat' dir='ltr'><strong>ratum</strong></span> 
     </span>
    </p>

    <p class='ocr_par' dir='ltr' id='par_1_24' title="bbox 1370 3076 2448 3615">
     <span class='ocr_line' id='line_1_147' title="bbox 1419 3076 2447 3122; baseline -0.001 -9"><span class='ocrx_word' id='word_1_1055' title='bbox 1419 3077 1512 3113; x_wconf 87' lang='lat' dir='ltr'><strong>beri:</strong></span> <span class='ocrx_word' id='word_1_1056' title='bbox 1547 3076 1733 3113; x_wconf 77' lang='lat' dir='ltr'><strong>adficietur</strong></span> <span class='ocrx_word' id='word_1_1057' title='bbox 1771 3087 1854 3122; x_wconf 85' lang='lat' dir='ltr'><strong>ergo</strong></span> <span class='ocrx_word' id='word_1_1058' title='bbox 1891 3077 2020 3113; x_wconf 88' lang='lat' dir='ltr'><strong>iniuria</strong></span> <span class='ocrx_word' id='word_1_1059' title='bbox 2049 3077 2098 3120; x_wconf 89' lang='lat' dir='ltr'><strong>is,</strong></span> <span class='ocrx_word' id='word_1_1060' title='bbox 2136 3077 2196 3122; x_wconf 87' lang='lat' dir='ltr'><strong>qui</strong></span> <span class='ocrx_word' id='word_1_1061' title='bbox 2225 3077 2447 3122; x_wconf 89' lang='lat' dir='ltr'><strong>procuratori</strong></span> 
     </span>
     <span class='ocr_line' id='line_1_148' title="bbox 1371 3122 2447 3167; baseline -0.002 -9"><span class='ocrx_word' id='word_1_1062' title='bbox 1371 3123 1485 3158; x_wconf 87' lang='lat' dir='ltr'><strong>solvit.</strong></span> <span class='ocrx_word' id='word_1_1063' title='bbox 1532 3122 1645 3167; x_wconf 80' lang='lat' dir='ltr'><strong>magis</strong></span> <span class='ocrx_word' id='word_1_1064' title='bbox 1669 3125 1787 3158; x_wconf 89' lang='lat' dir='ltr'><strong>tamen</strong></span> <span class='ocrx_word' id='word_1_1065' title='bbox 1811 3126 1882 3165; x_wconf 90' lang='lat' dir='ltr'><strong>est,</strong></span> <span class='ocrx_word' id='word_1_1066' title='bbox 1913 3126 1969 3164; x_wconf 88' lang='lat' dir='ltr'><strong>ut,</strong></span> <span class='ocrx_word' id='word_1_1067' title='bbox 1999 3122 2030 3158; x_wconf 91' lang='lat' dir='ltr'><strong>si</strong></span> <span class='ocrx_word' id='word_1_1068' title='bbox 2053 3122 2215 3158; x_wconf 83' lang='lat' dir='ltr'><strong>dominus</strong></span> <span class='ocrx_word' id='word_1_1069' title='bbox 2238 3125 2354 3157; x_wconf 90' lang='lat' dir='ltr'><strong>ratum</strong></span> <span class='ocrx_word' id='word_1_1070' title='bbox 2377 3131 2447 3157; x_wconf 90' lang='lat' dir='ltr'><strong>non</strong></span> 
     </span>
     <span class='ocr_line' id='line_1_149' title="bbox 1372 3165 2446 3211; baseline -0.001 -9"><span class='ocrx_word' id='word_1_1071' title='bbox 1372 3171 1391 3203; x_wconf 88' lang='lat'>3</span> <span class='ocrx_word' id='word_1_1072' title='bbox 1438 3166 1623 3209; x_wconf 89' lang='lat' dir='ltr'><strong>habuerit,</strong></span> <span class='ocrx_word' id='word_1_1073' title='bbox 1654 3166 1880 3204; x_wconf 87' lang='lat' dir='ltr'><strong>fideiussores</strong></span> <span class='ocrx_word' id='word_1_1074' title='bbox 1912 3171 2110 3203; x_wconf 87' lang='lat' dir='ltr'><strong>teneantur.</strong></span> <span class='ocrx_word' id='word_1_1075' title='bbox 2157 3166 2261 3211; x_wconf 81' lang='lat' dir='ltr'><strong>Quod</strong></span> <span class='ocrx_word' id='word_1_1076' title='bbox 2289 3166 2319 3202; x_wconf 90' lang='lat' dir='ltr'><strong>si</strong></span> <span class='ocrx_word' id='word_1_1077' title='bbox 2349 3165 2446 3202; x_wconf 91' lang='lat' dir='ltr'><strong>debi-</strong></span> 
     </span>
     <span class='ocr_line' id='line_1_150' title="bbox 1370 3211 2446 3258; baseline -0.001 -10"><span class='ocrx_word' id='word_1_1078' title='bbox 1370 3216 1444 3248; x_wconf 83' lang='lat' dir='ltr'><strong>tam</strong></span> <span class='ocrx_word' id='word_1_1079' title='bbox 1463 3212 1651 3258; x_wconf 89' lang='lat' dir='ltr'><strong>pecuniam</strong></span> <span class='ocrx_word' id='word_1_1080' title='bbox 1671 3217 1882 3257; x_wconf 90' lang='lat' dir='ltr'><strong>procurator</strong></span> <span class='ocrx_word' id='word_1_1081' title='bbox 1901 3222 1965 3257; x_wconf 88' lang='lat' dir='ltr'><strong>per</strong></span> <span class='ocrx_word' id='word_1_1082' title='bbox 1982 3212 2144 3255; x_wconf 87' lang='lat' dir='ltr'><strong>iudicem,</strong></span> <span class='ocrx_word' id='word_1_1083' title='bbox 2168 3211 2226 3247; x_wconf 90' lang='lat' dir='ltr'><strong>cui</strong></span> <span class='ocrx_word' id='word_1_1084' title='bbox 2242 3211 2330 3247; x_wconf 82' lang='lat' dir='ltr'><strong>nihil</strong></span> <span class='ocrx_word' id='word_1_1085' title='bbox 2348 3221 2446 3247; x_wconf 86' lang='grc'>11188-</span> 
     </span>
     <span class='ocr_line' id='line_1_151' title="bbox 1372 3255 2447 3301; baseline -0.001 -9"><span class='ocrx_word' id='word_1_1086' title='bbox 1372 3257 1494 3293; x_wconf 92' lang='lat' dir='ltr'><strong>datum</strong></span> <span class='ocrx_word' id='word_1_1087' title='bbox 1516 3255 1634 3300; x_wconf 83' lang='lat' dir='ltr'><strong>fuerit,</strong></span> <span class='ocrx_word' id='word_1_1088' title='bbox 1667 3256 1818 3301; x_wconf 88' lang='lat' dir='ltr'><strong>petierit,</strong></span> <span class='ocrx_word' id='word_1_1089' title='bbox 1841 3256 1952 3301; x_wconf 81' lang='lat' dir='ltr'><strong>magis</strong></span> <span class='ocrx_word' id='word_1_1090' title='bbox 1976 3260 2041 3298; x_wconf 90' lang='lat' dir='ltr'><strong>est,</strong></span> <span class='ocrx_word' id='word_1_1091' title='bbox 2066 3260 2106 3291; x_wconf 89' lang='lat' dir='ltr'><strong>ut</strong></span> <span class='ocrx_word' id='word_1_1092' title='bbox 2128 3256 2164 3291; x_wconf 94' lang='lat' dir='ltr'><strong>in</strong></span> <span class='ocrx_word' id='word_1_1093' title='bbox 2187 3255 2339 3292; x_wconf 86' lang='lat' dir='ltr'><strong>solidum</strong></span> <span class='ocrx_word' id='word_1_1094' title='bbox 2361 3255 2447 3291; x_wconf 87' lang='lat' dir='ltr'><strong>fide·</strong></span> 
     </span>
     <span class='ocr_line' id='line_1_152' title="bbox 1370 3300 2446 3344; baseline -0.003 -6"><span class='ocrx_word' id='word_1_1095' title='bbox 1370 3302 1526 3338; x_wconf 85' lang='lat' dir='ltr'><strong>iussores</strong></span> <span class='ocrx_word' id='word_1_1096' title='bbox 1557 3304 1764 3344; x_wconf 86' lang='lat' dir='ltr'><strong>teneantur,</strong></span> <span class='ocrx_word' id='word_1_1097' title='bbox 1796 3301 1828 3338; x_wconf 90' lang='lat' dir='ltr'><strong>si</strong></span> <span class='ocrx_word' id='word_1_1098' title='bbox 1850 3301 2013 3337; x_wconf 88' lang='lat' dir='ltr'><strong>dominus</strong></span> <span class='ocrx_word' id='word_1_1099' title='bbox 2035 3305 2153 3336; x_wconf 89' lang='lat' dir='ltr'><strong>ratum</strong></span> <span class='ocrx_word' id='word_1_1100' title='bbox 2177 3311 2249 3337; x_wconf 92' lang='lat' dir='ltr'><strong>non</strong></span> <span class='ocrx_word' id='word_1_1101' title='bbox 2271 3300 2446 3337; x_wconf 85' lang='lat' dir='ltr'><strong>habuerit.</strong></span> 
     </span>
     <span class='ocr_line' id='line_1_153' title="bbox 1372 3345 2447 3426; baseline -0.002 -44"><span class='ocrx_word' id='word_1_1102' title='bbox 1372 3350 1392 3382; x_wconf 78' lang='lat'>4</span> <span class='ocrx_word' id='word_1_1103' title='bbox 1440 3345 1528 3381; x_wconf 88' lang='lat' dir='ltr'><strong>Cum</strong></span> <span class='ocrx_word' id='word_1_1104' title='bbox 1552 3350 1671 3381; x_wconf 89' lang='lat' dir='ltr'><strong>autem</strong></span> <span class='ocrx_word' id='word_1_1105' title='bbox 1691 3349 1908 3426; x_wconf 54' lang='lat' dir='ltr'><strong>procurator</strong></span> <span class='ocrx_word' id='word_1_1106' title='bbox 1929 3350 2024 3382; x_wconf 87' lang='lat' dir='ltr'><strong>recte</strong></span> <span class='ocrx_word' id='word_1_1107' title='bbox 2047 3346 2150 3391; x_wconf 88' lang='lat' dir='ltr'><strong>petit,</strong></span> <span class='ocrx_word' id='word_1_1108' title='bbox 2184 3345 2345 3382; x_wconf 88' lang='lat' dir='ltr'><strong>dominus</strong></span> <span class='ocrx_word' id='word_1_1109' title='bbox 2367 3354 2447 3390; x_wconf 88' lang='lat' dir='ltr'><strong>per-</strong></span> 
     </span>
     <span class='ocr_line' id='line_1_154' title="bbox 1371 3389 2448 3480; baseline -0.002 -9"><span class='ocrx_word' id='word_1_1110' title='bbox 1371 3390 1690 3471; x_wconf 47' lang='lat' dir='ltr'><strong>saturam?</strong></span> <span class='ocrx_word' id='word_1_1111' title='bbox 1707 3389 2448 3480; x_wconf 49' lang='lat' dir='ltr'><strong>fiiqffitsfftssssiui&#39;zffl‘zfsqffiffl</strong></span> 
     </span>
     <span class='ocr_line' id='line_1_155' title="bbox 1370 3479 2446 3561; baseline -0.001 -1"><span class='ocrx_word' id='word_1_1112' title='bbox 1370 3479 2446 3561; x_wconf 41' lang='lat' dir='ltr'><strong>ffl‘ffiffissffl&amp;Piaffidei‘ifffiirffih‘ssmon‘uiis&#39;3</strong></span> 
     </span>
     <span class='ocr_line' id='line_1_156' title="bbox 1371 3567 2446 3615; baseline -0.001 -10"><span class='ocrx_word' id='word_1_1113' title='bbox 1371 3573 1391 3605; x_wconf 79' lang='lat'><strong>5</strong></span> <span class='ocrx_word' id='word_1_1114' title='bbox 1437 3568 1616 3615; x_wconf 89' lang='lat' dir='ltr'><strong>impensas</strong></span> <span class='ocrx_word' id='word_1_1115' title='bbox 1646 3569 1719 3606; x_wconf 90' lang='lat' dir='ltr'><strong>litis</strong></span> <span class='ocrx_word' id='word_1_1116' title='bbox 1748 3569 1873 3606; x_wconf 89' lang='lat' dir='ltr'><strong>teneri.</strong></span> <span class='ocrx_word' id='word_1_1117' title='bbox 1927 3568 2181 3606; x_wconf 58' lang='lat' dir='ltr'><strong>Maecenas.-</strong></span> <span class='ocrx_word' id='word_1_1118' title='bbox 2220 3569 2252 3605; x_wconf 91' lang='lat' dir='ltr'><strong>si</strong></span> <span class='ocrx_word' id='word_1_1119' title='bbox 2285 3567 2446 3604; x_wconf 90' lang='lat' dir='ltr'><strong>dominus</strong></span> 
     </span>
    </p>
   </div>
   <div class='ocr_carea' id='block_1_9' title="bbox 1694 1733 2041 1765">
    <p class='ocr_par' dir='ltr' id='par_1_25' title="bbox 1694 1733 2041 1765">
     <span class='ocr_line' id='line_1_157' title="bbox 1694 1733 2041 1765; baseline 0.003 -1"><span class='ocrx_word' id='word_1_1120' title='bbox 1694 1733 1883 1765; x_wconf 88' lang='lat' dir='ltr'><strong>rocurator</strong></span> <span class='ocrx_word' id='word_1_1121' title='bbox 1908 1740 2041 1765; x_wconf 86' lang='lat' dir='ltr'><strong>cavere.</strong></span> 
     </span>
    </p>
   </div>
   <div class='ocr_carea' id='block_1_10' title="bbox 1370 3657 2519 3814">
    <p class='ocr_par' dir='ltr' id='par_1_26' title="bbox 1370 3657 2519 3814">
     <span class='ocr_line' id='line_1_158' title="bbox 1372 3657 2519 3725; baseline -0.003 -9"><span class='ocrx_word' id='word_1_1122' title='bbox 1372 3685 1417 3723; x_wconf 75' lang='grc' dir='ltr'><strong>(ο)</strong></span> <span class='ocrx_word' id='word_1_1123' title='bbox 1441 3681 1582 3715; x_wconf 73' lang='lat' dir='ltr'><strong>subinde</strong></span> <span class='ocrx_word' id='word_1_1124' title='bbox 1601 3683 1663 3716; x_wconf 63' lang='lat' dir='ltr'><strong>sm.</strong></span> <span class='ocrx_word' id='word_1_1125' title='bbox 1689 3683 1849 3722; x_wconf 54' lang='lat' dir='ltr'><strong>(amium</strong></span> <span class='ocrx_word' id='word_1_1126' title='bbox 1867 3682 1955 3724; x_wconf 54' lang='lat' dir='ltr'><strong>aaa.)</strong></span> <span class='ocrx_word' id='word_1_1127' title='bbox 2107 3683 2166 3723; x_wconf 83' lang='grc' dir='ltr'>(ιο)</span> <span class='ocrx_word' id='word_1_1128' title='bbox 2189 3680 2397 3725; x_wconf 67' lang='lat' dir='ltr'><strong>stipulationi</strong></span> <span class='ocrx_word' id='word_1_1129' title='bbox 2420 3679 2451 3713; x_wconf 65' lang='lat'><strong>1.-</strong></span> <span class='ocrx_word' id='word_1_1130' title='bbox 2516 3657 2519 3665; x_wconf 75' lang='grc'><em>’</em></span> 
     </span>
     <span class='ocr_line' id='line_1_159' title="bbox 1371 3726 2442 3769; baseline -0.002 -9"><span class='ocrx_word' id='word_1_1131' title='bbox 1371 3728 1425 3767; x_wconf 83' lang='grc'>(11)</span> <span class='ocrx_word' id='word_1_1132' title='bbox 1451 3726 1522 3759; x_wconf 84' lang='lat' dir='ltr'><strong>vice</strong></span> <span class='ocrx_word' id='word_1_1133' title='bbox 1540 3728 1764 3769; x_wconf 76' lang='lat' dir='ltr'><strong>repraesentat</strong></span> <span class='ocrx_word' id='word_1_1134' title='bbox 1782 3726 1818 3760; x_wconf 84' lang='lat' dir='ltr'><em>F</em></span> <span class='ocrx_word' id='word_1_1135' title='bbox 1905 3728 1965 3769; x_wconf 76' lang='grc'>(12)</span> <span class='ocrx_word' id='word_1_1136' title='bbox 1989 3726 2077 3768; x_wconf 84' lang='lat' dir='ltr'><strong>quod</strong></span> <span class='ocrx_word' id='word_1_1137' title='bbox 2093 3738 2155 3759; x_wconf 74' lang='lat' dir='ltr'><strong>ser.</strong></span> <span class='ocrx_word' id='word_1_1138' title='bbox 2253 3727 2312 3769; x_wconf 82' lang='grc'>(13)</span> <span class='ocrx_word' id='word_1_1139' title='bbox 2336 3735 2442 3759; x_wconf 79' lang='grc'>118888-</span> 
     </span>
     <span class='ocr_line' id='line_1_160' title="bbox 1370 3770 2236 3814; baseline 0.001 -10"><span class='ocrx_word' id='word_1_1140' title='bbox 1370 3774 1434 3804; x_wconf 84' lang='grc'>8881</span> <span class='ocrx_word' id='word_1_1141' title='bbox 1446 3772 1480 3804; x_wconf 80' lang='lat' dir='ltr'><em>F</em></span> <span class='ocrx_word' id='word_1_1142' title='bbox 1565 3774 1623 3814; x_wconf 82' lang='grc'>(14)</span> <span class='ocrx_word' id='word_1_1143' title='bbox 1648 3772 1840 3814; x_wconf 75' lang='lat' dir='ltr'><strong>exegisseF</strong></span> <span class='ocrx_word' id='word_1_1144' title='bbox 1921 3773 1980 3814; x_wconf 76' lang='lat'><strong>(15)</strong></span> <span class='ocrx_word' id='word_1_1145' title='bbox 2003 3772 2173 3805; x_wconf 78' lang='lat' dir='ltr'><strong>interesset</strong></span> <span class='ocrx_word' id='word_1_1146' title='bbox 2184 3770 2236 3805; x_wconf 66' lang='grc' dir='ltr'><strong>Ρ*</strong></span> 
     </span>
    </p>
   </div>
  </div>
 </body>
</html>
