2528 3918
182 85 393 129 XXVIIII
425 87 511 127 1.2

183 211 204 244 δ
252 206 291 243 Si
313 207 433 242 militis
458 206 555 241 adita
574 215 647 241 non
662 205 772 241 fuerit
786 204 977 247 hereditas,
1001 215 1047 240 an
1063 204 1270 240 substitutio

183 262 290 299 quain
313 252 448 331 pugillo
472 250 941 303 recusasse-quaeritur.
989 254 1026 285 et
1049 259 1136 302 coiis
1182 259 1271 286 nens

183 298 252 334 erit
274 297 344 332 hoc
392 296 496 338 'cere,
521 305 606 341 quia
627 298 844 341 permittitur
866 295 1034 330 mihtem¹
1058 293 1130 330 fiho
1168 303 1272 330 acere

183 345 446 383 testamentum,
470 339 631 385 quamvis
655 339 725 376 sibi
747 350 819 376 non
842 339 976 376 fecerit.

230 384 284 423 42
315 385 510 422 Unum
529 385 622 422 libro
645 384 924 432 quadraqesimo
939 384 1073 430 'quinto
1105 383 1156 419 ad
1177 382 1272 419 edie-

186 436 258 467 tum
305 430 364 466 Ex
387 440 429 466 eo
452 434 613 476 tempore
635 429 715 476 quis
738 429 815 466 iure
839 429 980 464 militari
1010 428 1136 473 incipit
1166 437 1273 475 posse

184 476 328 519 testari,
360 486 405 511 ex
435 486 505 521 quo
537 475 575 511 in
605 485 772 511 numeros
804 475 936 510 relatus
966 478 1040 516 est,
1073 476 1157 509 ante
1180 483 1270 509 non:

209 520 333 557 roinde
363 520 425 566 qui
454 519 613 556 nondum
642 520 681 556 iii
711 519 867 556 numeris
897 522 1000 561 sunt,
1032 518 1118 554 licet
1141 518 1273 554 etiam²

198 565 268 602 ecti
298 565 432 601 tirones
462 564 535 601 sint
568 568 605 602 et
664 565 791 601 ublicis
826 564 990 609 expensis
1025 563 1093 599 iter
1122 562 1272 615 faciunt,

184 610 342 647 nondum
360 610 489 647 milites
508 613 611 647 sunt:
661 610 768 646 ebent
787 609 879 646 enim
898 609 935 644 in
952 618 1118 644 numeros
1134 607 1271 644 referri.

230 653 284 693 43
316 654 565 692 ΡΔΡΙΜΔΜε
591 655 682 692 libro
714 658 820 690 sexto
851 663 1109 700 responsorum
1158 652 1273 688 Filius

183 700 338 736 familias
379 700 536 746 equestri
572 699 698 736 militia
732 702 925 735 exornatus
960 702 996 734 et
1028 698 1067 734 in
1101 698 1274 734 comitatu

184 746 299 791 princi
326 755 387 781 um
416 749 576 781 retentus
609 744 702 790 cingi
726 743 914 780 confestim
937 743 1056 780 iussus
1079 746 1272 779 testamen-

310 801 330 826 e
353 791 552 826 castrensi³
574 790 695 826 facere
718 793 847 834 potest.

231 834 286 873 44
311 836 326 855 ⁴
341 834 536 872 Urmnvs
554 836 644 871 libro
664 834 941 881 quadraqesimo
962 834 1088 880 quinto
1108 833 1160 869 ad
1178 833 1273 869 edic-

186 886 261 916 tum
306 880 498 926 Rescripta
528 880 729 926 principum
754 879 948 915 ostendunt
970 888 1093 915 omnes
1116 878 1273 921 omnino,

186 926 247 971 qui
279 926 355 962 eius
384 930 470 963 sunt
534 925 660 967 adus³,
691 928 732 961 ut
761 924 839 960 iure
868 924 1012 959 militari
1041 923 1168 959 testari
1201 933 1275 959 non

211 971 344 1013 ossint,
376 970 407 1007 si
436 970 474 1006 in
530 971 644 1006 ostico
677 969 988 1015 deprehendantur
1014 973 1049 1005 et
1071 968 1145 1004 illic
1169 967 1273 1004 dece-

186 982 293 1059 gant,
325 1015 502 1061 quomodo
532 1015 641 1052 velint
672 1018 708 1050 et
739 1014 932 1067 quomodo·
947 1013 1105 1060 possint,
1136 1013 1274 1056 testari,

184 796 262 826 tum

186 1062 260 1114 sive
283 1070 427 1114 praeses
451 1061 499 1114 sit
519 1060 749 1107 provinciae⁶
777 1060 850 1095 sive
874 1070 953 1105 quis
977 1059 1080 1102 alius,
1113 1058 1174 1104 qui
1196 1057 1275 1094 iure

186 1106 330 1142 militari
353 1109 478 1142 testari
502 1116 574 1142 non
597 1109 726 1151 potest.

698 1242 772 1283 11³.

233 1310 294 1343 DE
320 1308 618 1346 ADQUIRENDA
642 1308 751 1385 {511ss
753 1307 1026 1385 ΊΟῚΙέῙΙΤΤΕΝΒΑ
1040 1307 1054 1328 ⁸
1085 1307 1230 1341 HERE-

236 1419 255 1457 1
284 1420 340 1455 ΡΑ
348 1429 443 1456 vws
474 1420 565 1456 libro
596 1419 753 1455 secundo
778 1418 828 1454 ad
849 1417 1025 1455 Sabinum
1072 1418 1140 1464 Qui
1164 1423 1276 1455 totam

187 1466 420 1502 hereditatem
443 1464 630 1510 adquirere
652 1467 782 1509 potest,
809 1464 840 1500 is
862 1475 929 1510 pro
953 1467 1057 1509 parte
1080 1475 1158 1500 eam
1182 1465 1276 1501 scin-

188 1510 303 1547 dendo
328 1509 427 1546 adire
451 1520 524 1546 non
573 1513 684 1545 otest:

233 1553 259 1592 2
290 1554 485 1591 Uhpzfflvs
513 1555 541 1591 la·
563 1566 606 1590 ro
639 1559 771 1607 quarto
796 1554 847 1590 ad
868 1553 1043 1591 Sabinum
1090 1555 1154 1590 sed
1184 1559 1221 1590 et
1246 1556 1278 1592 si

187 1601 266 1646 quis
298 1610 343 1636 ex
372 1600 536 1645 pluribus
566 1600 730 1646 partibus
759 1600 798 1635 in
822 1598 979 1636 eiusdem
1002 1600 1200 1636 hereditate
1222 1600 1277 1636 in-

188 1646 335 1682 stitutus
367 1645 433 1687 sit,
465 1656 538 1681 non
568 1649 689 1690 potest
719 1644 893 1691 quasdam
923 1647 1045 1691 partes
1075 1645 1277 1692 repudiare,

189 1690 362 1737 quasdam
385 1690 612 1735 adgnoscere.

234 1733 258 1774 3
285 1735 394 1771 [mu
420 1736 511 1772 libro
541 1739 647 1772 sexto
678 1735 729 1771 ad
751 1734 926 1772 Sabinum
973 1734 1150 1780 Quamdiu
1180 1735 1279 1781 prior

186 1781 291 1818 heres
314 1780 500 1817 institutus
523 1780 757 1817 hereditatem
781 1780 881 1816 adire
903 1783 1034 1826 potest,
1060 1780 1277 1816 substitutus

188 1837 262 1863 non
310 1829 416 1862 otest.

234 1870 260 1908 4
306 1880 393 1906 Dm(
410 1871 501 1907 libro
526 1871 630 1905 tertio
654 1870 705 1905 ad
722 1869 896 1906 Sabinum
930 1869 1036 1906 Nolle
1056 1870 1155 1906 adire
1174 1871 1277 1907 here-

189 1916 337 1952 ditatem
360 1926 433 1951 non
456 1915 606 1957 videtur,
630 1915 691 1960 qui
713 1926 787 1951 non
810 1919 930 1960 potest
953 1915 1063 1951 adire.

235 1960 259 1998 5
283 1960 394 1996 loru
411 1960 503 1996 libro
519 1961 644 2013 primo
669 1960 719 1995 ad
736 1959 911 1996 Sabinum
948 1960 1091 1998 Mutum
1115 1971 1182 1996 nec
1204 1971 1278 1997 non

189 2006 355 2049 surdum,
388 2005 495 2041 etiam
524 2009 578 2040 ita
607 2009 712 2041 natos
739 2016 804 2050 pro
829 2005 959 2041 herede
981 2015 1104 2051 gerere
1128 2009 1164 2040 et
1187 2005 1277 2042 obli-

191 2054 208 2087 1
256 2050 333 2104 gari
354 2049 546 2086 hereditati
567 2060 674 2103 posse
698 2054 851 2086 constat.
899 2050 1005 2093 Eum,
1031 2051 1090 2086 cui
1111 2050 1189 2103 lege
1211 2051 1277 2087 bo-

189 2096 244 2132 nis
267 2095 510 2138 interdicitur,
544 2095 768 2131 ⁹1nstitutum
791 2105 898 2141 posse
922 2095 1022 2131 adire
1044 2096 1278 2131 hereditatem

189 2145 342 2178 constat.

235 2184 261 2225 6
285 2186 394 2222 Iesu
412 2185 504 2222 libro
527 2188 633 2222 sexto
656 2185 707 2221 ad
722 2185 896 2222 Sabinum
932 2185 1000 2230 Qui
1022 2185 1060 2221 in
1084 2185 1201 2221 aliena
1224 2189 1279 2221 est

188 2234 379 2284 potestate,
403 2241 477 2266 non
499 2234 621 2276 potest
640 2230 790 2267 invitum
811 2230 1000 2266 hereditati
1020 2230 1179 2275 obligare
1199 2240 1278 2266 eum

188 2287 226 2312 in
250 2276 352 2313 cuius
377 2279 431 2312 est
452 2279 652 2321 potestate,
683 2285 728 2311 ne
758 2276 834 2312 aeri
865 2275 982 2311 alieno
1013 2279 1118 2321 pater
1141 2275 1277 2321 obliga-

193 2326 208 2357 1
257 2325 356 2357 retur
368 2323 407 2356 ¹⁰.
436 2320 508 2356 Sed
523 2321 562 2356 in
576 2321 752 2357 bonorum
767 2320 994 2366 possessione
1008 2320 1146 2366 placuit
1162 2325 1278 2356 ratam

188 2367 315 2404 haberi
337 2376 444 2412 posse
468 2376 564 2408 eam,
599 2376 706 2411 quam
738 2366 830 2402 citra
860 2365 1080 2402 voluntatem
1111 2365 1279 2411 adgnovit

190 2415 210 2447 2
257 2412 288 2448 is
312 2411 373 2458 qui
422 2411 567 2448 otestati
589 2411 772 2447 subiectus
795 2414 859 2447 est.
907 2410 978 2447 Sed
1007 2414 1044 2447 et
1070 2411 1101 2447 si
1123 2411 1136 2446 l
1181 2410 1279 2446 'tima

190 2457 368 2493 hereditas
433 2456 465 2492 ‘o
486 2456 606 2492 delata
626 2456 674 2492 sit
693 2466 738 2493 ex
757 2460 903 2492 senatus
922 2455 1085 2492 consulto
1103 2455 1133 2492 Ο
1178 2455 1277 2492 tiano

190 2505 210 2538 3
257 2502 392 2542 matris,
418 2501 513 2537 idem
537 2501 605 2537 erit
627 2501 862 2547 probandum.
909 2500 980 2536 Sed
1003 2504 1040 2536 et
1063 2501 1094 2537 si
1116 2511 1190 2536 non
1213 2501 1276 2536 ad·

189 2547 270 2583 ierit
303 2546 419 2590 filius,
455 2546 517 2582 diu
549 2551 671 2582 tamen
731 2546 863 2583 ossedit
896 2550 999 2591 pater
1031 2546 1276 2589 hereditatem,

190 2591 388 2628 credendus
420 2595 474 2627 est
504 2591 690 2628 admisisse
741 2591 970 2634 ereditatem,
1001 2595 1043 2627 ut
1066 2591 1167 2627 divus
1190 2591 1277 2627 Pius

190 2641 212 2673 4
259 2641 295 2673 et
327 2637 522 2682 imperator
554 2641 677 2673 noster
710 2636 981 2682 rescripserunt.
1046 2635 1084 2672 Si
1122 2636 1171 2679 is,
1217 2637 1277 2682 qui

190 2682 342 2728 putabat
365 2692 403 2717 se
426 2681 538 2717 filium
560 2682 733 2725 familias,
763 2681 877 2727 patris
900 2682 1002 2718 iussu
1025 2681 1172 2724 adierit,
1196 2691 1278 2717 eum

190 2737 306 2773 neque
337 2726 405 2762 sibi
434 2737 549 2771 neque
573 2727 605 2762 ei
629 2727 690 2773 qui
711 2727 816 2762 iussit
839 2727 1022 2772 quaesisse
1043 2726 1278 2763 hereditatem

189 2775 350 2808 constat:
383 2782 599 2823 quamquain
629 2773 679 2815 is,
711 2782 817 2818 quem
844 2776 948 2817 pater
978 2772 1082 2807 iussit
1112 2771 1212 2807 adire
1242 2775 1279 2808 et

190 2816 355 2859 decessit,
381 2827 411 2852 si
431 2816 559 2851 adierit
576 2817 647 2852 iam
666 2820 807 2853 mortuo
827 2821 942 2869 patre,
966 2817 1099 2863 obliget
1118 2826 1157 2853 se
1175 2817 1278 2853 here·

190 2861 313 2904 ditati,
345 2865 387 2897 ut
408 2861 568 2897 Iulianus
599 2862 689 2898 libro
720 2862 899 2907 trigesimo
923 2862 1036 2908 primo
1061 2861 1279 2908 digestorum

189 2906 353 2952 scripsit:
379 2916 461 2941 nam
485 2917 576 2949 eum,
602 2907 662 2952 qui
686 2907 837 2950 dubitat,
862 2911 982 2943 utrum
1005 2907 1099 2943 filius
1122 2906 1277 2943 familias

191 2962 239 2988 aii
288 2955 366 2987 ater
387 2951 541 2987 familias
565 2956 677 2988 morte
699 2952 812 2998 patris
831 2951 950 2989 factus
970 2953 1028 2995 sit,
1051 2962 1160 2998 posse
1178 2952 1279 2988 adire

192 3000 212 3032 5
285 2995 491 3032 ereditatem
515 2997 625 3042 magis
653 2997 819 3033 admittit.
868 2997 1052 3034 Interdum
1080 2997 1145 3033 filii
1173 2997 1277 3034 fami·

190 3041 258 3078 lias
291 3044 328 3078 et
357 3041 435 3077 sine
465 3041 622 3077 aditione
653 3042 843 3088 adquirent
875 3042 1108 3096 hereditatem
1144 3042 1202 3079 his
1240 3042 1278 3096 ιιι

190 3087 1279 3184 ἓέιῖἓεῖμξοωὲἐὲῗῗῖἒἓίὲωῗὲωξῖωραῖθὲῗῗὲωῆἒέἑ

191 3177 269 3213 sine
300 3175 457 3229 aditione
474 3175 588 3228 ‚faciet
611 3177 775 3212 heredem
800 3181 835 3213 et
858 3177 999 3224 quidem
1023 3177 1276 3214 necessarium.

192 3225 213 3258 6
260 3221 332 3258 Sed
361 3231 394 3257 si
423 3231 503 3266 qms
525 3221 629 3256 heres
652 3222 835 3258 institutus
860 3223 928 3259 ado
956 3227 1052 3259 tetur
1074 3233 1098 3259 a
1119 3222 1193 3259 filio
1217 3232 1277 3258 ex·

192 3266 382 3309 heredaw,
419 3266 662 3302 necessarium
696 3277 775 3302 eum
810 3279 883 3303 non
933 3268 1024 3311 acit,
1062 3268 1127 3304 sed
1162 3267 1279 3304 iuberi

192 3311 310 3354 debet,
334 3315 376 3347 ut
393 3310 511 3354 adeat,
536 3311 702 3357 quoniam
720 3312 843 3348 mortis
863 3317 1024 3359 tempore
1041 3313 1081 3349 in
1098 3316 1278 3359 potestate

192 3367 265 3393 non
293 3356 420 3393 fuerit:
453 3365 537 3391 nam
563 3366 630 3408 per
660 3366 741 3391 eum
772 3358 849 3402 quis
881 3358 1031 3394 existere
1054 3358 1277 3394 necessarius

193 3405 211 3435 7
260 3412 332 3437 non
355 3404 487 3446 potest,
511 3411 573 3446 qui
594 3401 672 3447 ipse
695 3412 766 3437 non
792 3407 885 3437 esset
904 3407 1118 3440 exstaturus.
1154 3402 1278 3440 Celsus

195 3518 235 3555 (1)
262 3513 365 3546 militi
379 3514 451 3547 edd.
534 3515 578 3553 (2)
602 3513 685 3547 licet
697 3514 762 3546 im
774 3527 838 3547 scr.

194 3614 327 3645 praeses
341 3603 417 3645 quis
429 3604 476 3636 sit
488 3604 682 3646 provinciae
695 3604 765 3637 sive
777 3604 907 3646 legatus
922 3605 968 3637 D.
984 3606 1002 3638 L
1017 3618 1097 3649 qem.

241 3650 283 3689 (τ)
316 3649 396 3682 Sab.
423 3656 510 3683 1...1i.
537 3656 647 3683 is...1s.
673 3656 715 3683 ιτ.
740 3656 783 3684 ie.
809 3656 923 3683 21...³².
949 3657 1065 3685 34...4·ι.
1091 3658 1138 3686 ⁴⁹.
1164 3659 1206 3686 si.
1230 3657 1278 3686 ιι.
1347 3652 1409 3692 (εἰσ
1422 3649 1462 3684 11.
1475 3649 1819 3695 saphanath-lelio
1831 3661 1897 3691 quo
1909 3650 2027 3682 timore
2044 3662 2106 3684 scr.

195 3700 240 3726 M.
261 3701 307 3727 55.
328 3700 449 3727 ῦ8...65.
472 3701 528 3730 θ’ἵὶ
552 3694 617 3728 Ed.
632 3700 740 3734 izit.
761 3701 805 3728 10.
828 3700 877 3728 20.
897 3701 943 3728 ³³.
962 3702 1008 3728 ⁶0.
1033 3702 1077 3730 5³.
1096 3703 1143 3730 58.
1165 3704 1210 3730 57.
1228 3702 1278 3731 60.

1104 76 1509 152 -ssffl—
1582 84 1599 154 (ἶ

1523 0 1593 83 L*

1922 97 1983 128 ns
2012 96 2307 137 monianum
2336 96 2426 129 viii.
2449 147 2452 150 ι

1340 203 1430 240 libro
1464 204 1587 250 quinto
1621 204 1757 242 decimo
1795 206 2011 251 digestorum
2045 206 2190 252 scripsit
2223 216 2304 243 eum
2365 206 2427 254 qui

1341 249 1649 301 metu-verborum
1670 250 1726 286 vel
1748 250 1868 296 aliqw
1891 251 2018 286 timore
2033 251 2061 272 ¹²
2085 254 2234 287 coactus
2254 232 2427 288 salim-¹²

1340 293 1468 329 adierit
1489 293 1740 339 hereditatem,
1763 295 1838 331 sive
1859 295 1950 331 liber
1971 295 2037 338 sit,
2064 295 2230 332 heredem
2253 306 2326 332 non
2347 295 2427 333 fieri

1340 338 1472 419 place}³
1494 339 1567 375 sive
1589 349 1712 376 servus
1731 340 1789 383 sit,
1814 339 1996 377 dominum
2015 339 2179 376 heredem
2198 350 2273 376 non
2290 340 2413 377 facere

1387 381 1410 419 7
1470 393 1596 420 Δσισε
1615 384 1707 421 libro
1724 386 1848 432 primo
1872 385 1923 422 ad
1942 384 2115 421 Sabinum
2151 384 2190 421 Si
2212 386 2290 431 quis
2313 385 2426 422 fllium

1341 427 1493 464 familias
1517 428 1682 465 heredem
1703 429 1898 466 instituerit
1920 434 1957 466 et
1978 430 2030 466 ita
2054 429 2253 476 scripserit:
2279 430 2321 466 ‘si
2341 430 2427 467 mihi

1341 473 1468 509 ‘Titius
1491 473 1600 510 iste¹³
1621 473 1716 511 filius
1738 474 1891 511 familias
1913 475 2018 511 lieres
2045 486 2119 511 non
2143 475 2227 518 erit,
2260 475 2425 521 Sempro-

1342 518 1433 555 ‘nius
1452 518 1555 554 heres
1572 519 1673 562 esto’,
1692 518 1765 556 filio
1785 519 1941 556 adeunte
1959 520 2061 556 iussu
2080 520 2194 566 patris
2211 520 2427 557 substitutus

1345 566 1358 598 1
1410 563 1619 599 excluditur.
1652 563 1691 600 Si
1705 564 1799 601 filius
1818 565 1929 610 prius,
1949 575 2055 611 quam
2076 565 2185 601 sciret
2203 574 2243 601 se
2260 574 2425 602 necessa·

1341 608 1432 644 rium
1456 608 1634 645 exstitisse
1656 609 1751 654 patri
1773 610 1957 653 heredem,
1991 609 2184 646 decesserit
2205 609 2330 646 relicto
2353 609 2426 646 filio

1342 653 1564 697 necessario,
1588 654 1861 699 permittendum
1885 659 1940 691 est
1962 655 2083 708 nepoti
2106 654 2286 691 abstinere
2310 664 2349 691 se
2371 654 2429 690 avi

1342 701 1362 733 2
1409 698 1618 741 hereditate,
1644 699 1727 744 quia
1746 703 1781 735 et
1799 700 1894 752 patri
1912 699 1988 736 eius
2008 700 2101 736 idem
2119 700 2348 736 tribueretur.
2384 699 2428 735 In

1342 743 1438 778 omni
1458 744 1684 779 successione
1703 745 1765 790 qui
1784 754 1816 780 ei
1834 745 1939 780 heres
1959 744 2104 788 exstitit,
2129 744 2190 790 qui
2210 745 2304 781 Titio
2324 745 2428 781 heres

1341 787 1421 831 fuit,
1447 788 1541 824 Titio
1566 799 1708 834 quoque
1730 789 1831 825 heres
1855 789 1994 825 videtur
2016 799 2094 826 esse
2118 799 2184 826 nec
2207 793 2327 836 potest
2343 789 2429 825 Titii

1343 833 1505 869 omittere
1527 833 1771 870 hereditatem.

1389 875 1414 916 8
1455 877 1649 915 Utruiws
1688 879 1779 915 libro
1817 880 1968 926 septimo
2011 879 2061 915 ad
2094 878 2268 915 Sabinum
2326 879 2430 915 More

1342 926 1488 959 nostrae
1522 923 1675 960 civitatis
1710 934 1826 970 neque
1854 923 2011 970 pupillus
2042 935 2066 959 n
2111 934 2157 960 ue
2186 924 2323 970 pupilla
2353 924 2430 960 sine

1343 968 1471 1004 tutoris
1495 969 1710 1005 auctoritate
1733 969 1882 1014 obligari
1904 973 2075 1015 possunt:
2134 968 2287 1006 ereditas
2311 973 2430 1004 autem

1344 1013 1530 1094 ἓὲιιιῗιοοὺ.
1551 1017 1593 1095 gg
1622 1013 2100 1095 ngssessaffiinsgdmefig?
2131 1013 2278 1095 sidenogia
2289 1014 2431 1095 signali

1342 1070 1542 1139 hereditatle
1571 1070 1766 1150 loqiliimur,
1807 1105 1845 1140 in
1876 1114 1948 1149 qua
1977 1114 2051 1139 non
2081 1103 2278 1140 succedunt
2308 1104 2430 1140 huius-

1349 1152 1362 1183 1
1413 1148 1509 1185 modi
1531 1159 1705 1194 personae
1730 1150 1833 1194 quasi
1856 1148 2091 1185 necessariae.
2127 1149 2294 1194 Impubes
2313 1149 2375 1195 qui
2393 1149 2433 1184 in

1345 1193 1492 1229 alterius
1523 1197 1701 1240 potestate
1732 1198 1786 1230 est
1817 1194 1848 1230 si
1878 1194 1978 1230 iussu
2006 1194 2081 1230 eius
2105 1193 2232 1230 adierit
2254 1194 2431 1230 heredita-

1344 1241 1427 1320 ἓῖιξ,
1453 1239 1537 1275 licet
1560 1239 1698 1275 consilii
1722 1250 1839 1285 capax
1861 1249 1935 1275 non
1957 1238 2076 1281 fuerit,
2101 1239 2133 1275 ei
2155 1239 2312 1285 adquirit
2329 1239 2431 1275 here-

1421 1289 1504 1320 tem.

1392 1326 1417 1366 9
1442 1328 1603 1365 Panos
1622 1329 1714 1365 libro
1737 1329 1895 1365 secundo
1919 1329 1969 1365 ad
1990 1327 2165 1366 Sabinum
2210 1329 2373 1375 Pupillus
2403 1329 2433 1365 si

1345 1373 1414 1409 fari
1437 1374 1569 1420 possit,
1592 1374 1677 1410 licet
1698 1374 1805 1410 huius
1829 1374 1958 1410 aetatis
1982 1374 2047 1417 sit,
2073 1377 2115 1409 ut
2138 1384 2285 1410 causam
2307 1374 2354 1410 ad
2379 1374 2432 1410 ui-

1345 1419 1478 1455 rendae
1501 1419 1711 1455 hereditatis
1734 1429 1807 1456 non
1829 1419 2020 1465 intellegat,
2045 1419 2203 1465 quamvis
2222 1429 2294 1456 non
2312 1419 2346 1455 vi
2373 1430 2432 1455 ea-

1345 1469 1406 1500 tur
1436 1464 1527 1501 scire
1556 1464 1760 1500 huiusmodi
1791 1465 1919 1501 aetatis
1949 1474 2040 1510 puer
2069 1466 2199 1510 (neque
2226 1464 2318 1501 enim
2342 1465 2433 1500 scire

1345 1509 1682 1598 ffissgussf⁰ffissi
1697 1509 1787 1590 ¹²33.
1803 1512 2178 1591 ῗῧξῖᾛοξὲἓὶὸήῖἓῖθ
2190 1509 2433 1590 fflffiffl

1346 1581 1538 1645 adquirere,
1563 1605 1699 1646 potest:
1738 1600 1807 1636 hoc
1843 1601 1935 1635 enim
1968 1599 2216 1636 favorabiliter
2247 1600 2297 1636 eis
2328 1610 2432 1646 prae-

1347 1649 1404 1681 sta
1420 1656 1473 1680 ur.

1421 1688 1446 1728 Ο
1486 1688 1682 1726 Uzeuiws
1709 1689 1801 1726 libro
1831 1690 1982 1735 septimo
2016 1689 2066 1725 ad
2090 1688 2266 1726 Sabinum
2320 1690 2359 1726 Si
2390 1700 2434 1726 ex

1347 1745 1428 1771 asse
1467 1735 1571 1771 heres
1610 1734 1840 1770 destinaverit
1873 1737 2011 1779 partem
2045 1734 2180 1770 habere
2213 1734 2433 1778 hereditatis,

1346 1780 1487 1815 videtur
1508 1779 1547 1815 in
1569 1789 1686 1816 assem
1708 1790 1774 1825 pro
1798 1778 1930 1815 herede
1951 1779 2114 1824 gessisse.

1396 1824 1443 1862 11
1471 1823 1701 1861 Poupomvs
1721 1825 1812 1861 libro
1837 1825 1941 1860 tertio
1965 1823 2016 1859 ad
2029 1823 2204 1861 Sabinum
2238 1825 2434 1871 Impuberi-

1347 1871 1415 1906 bus
1438 1870 1559 1906 liberis
1583 1870 1783 1906 omnimodo
1808 1869 2010 1905 abstinendi
2031 1873 2192 1915 potestas
2216 1869 2268 1914 fit,
2290 1870 2435 1917 puberi-

1347 1916 1415 1951 bus
1440 1919 1561 1951 autem
1583 1915 1646 1958 ita,
1671 1915 1702 1952 si
1724 1925 1763 1951 se
1786 1924 1859 1950 non
1881 1913 2137 1950 immiscuerint
2148 1915 2186 1949 ²⁴.

1397 1957 1448 1998 12
1482 1959 1677 1997 ULPIANUS
1697 1960 1789 1997 libro
1812 1959 2000 1995 undecimo
2024 1959 2075 1995 ad
2096 1959 2250 1996 edictum
2295 1961 2351 2004 Ei,
2375 1961 2435 2008 qui

1347 2016 1387 2042 se
1416 2016 1491 2042 non
1523 2005 1667 2041 miscuit
1696 2004 1886 2042 hereditati
1915 2007 2106 2050 paternae,
2140 2004 2213 2042 sive
2246 2005 2360 2042 maior
2389 2007 2435 2043 sit

1348 2051 1421 2087 sive
1443 2050 1576 2094 minor,
1608 2061 1682 2086 non
1705 2061 1784 2087 esse
1813 2059 1960 2086 necesse
1991 2053 2192 2096 praetorem
2222 2050 2340 2095 adire,
2371 2052 2437 2088 sed

1347 2095 1482 2132 sufficit
1505 2106 1544 2132 se
1566 2106 1640 2131 non
1662 2096 1847 2132 miscuisse
1869 2095 2071 2131 hereditati.
2105 2099 2142 2131 et
2165 2098 2220 2131 est
2241 2096 2279 2131 in
2298 2106 2435 2133 semen-

1347 2141 1481 2177 stribus
1513 2141 1627 2177 Vibiis
1660 2140 1777 2178 Soteri
1809 2144 1845 2176 et
1874 2140 2060 2179 Victorino
2092 2141 2323 2187 rescriptum,
2363 2152 2435 2179 non

1348 2196 1427 2223 esse
1457 2196 1604 2222 necesse
1633 2186 1778 2232 pupillis
1807 2186 1846 2221 in
1875 2186 2052 2231 integrum
2085 2186 2226 2222 restitui
2261 2196 2305 2222 ex
2340 2187 2435 2223 avito

1349 2234 1549 2274 contractu,
1574 2242 1725 2277 quorum
1747 2234 1853 2278 pater
1872 2231 2107 2267 constituerat
2124 2241 2197 2268 non
2216 2231 2436 2277 adgnoscere

1346 2276 1581 2312 hereditatem
1603 2287 1718 2322 neque
1737 2277 1927 2322 quicquam
1946 2278 2129 2312 amoverat
2146 2276 2201 2312 vel
2220 2287 2285 2322 pro
2306 2277 2436 2314 herede

1346 2325 1581 2419 ἔθῗὲτῗιεκ
1599 2365 1690 2402 libro
1712 2366 1865 2418 ξερίὶζιιο
1889 2365 1940 2418 af}
1961 2364 2145 2418 Sabinum·
2181 2366 2217 2402 Is
2272 2366 2309 2402 ui
2332 2367 2434 2403 heres

1346 2412 1530 2448 institutus
1555 2414 1610 2447 est
1632 2410 1688 2446 vel
1710 2420 1741 2446 is
1765 2421 1825 2446 cui
1846 2410 2002 2456 legitima
2024 2410 2206 2447 hereditas
2238 2378 2358 2447 dqelata
2381 2417 2436 2448 est

1346 2456 1592 2503 repudiatione
1614 2455 1849 2491 hereditatem
1872 2455 2012 2491 amittit.
2054 2456 2126 2492 hoc
2148 2456 2201 2492 ita
2223 2466 2346 2492 verum
2369 2462 2433 2500 est,

1347 2502 1378 2538 si
1406 2502 1450 2538 in·
1477 2511 1520 2537 ea
1552 2511 1664 2537 causa
1695 2504 1773 2536 erat
1802 2500 2002 2543 hereditas,
2034 2505 2076 2536 ut
2106 2504 2142 2537 et
2173 2501 2264 2537 adiri
2291 2506 2433 2548 posset:

1348 2550 1506 2583 ceterum
1529 2546 1632 2582 heres
1655 2546 1841 2582 institutus
1864 2546 1932 2582 sub
1957 2545 2167 2582 condicione
2189 2546 2221 2582 si
2244 2551 2328 2584 ante
2348 2558 2434 2583 con-

1347 2592 1523 2628 dicionem
1554 2591 1765 2627 existentem
1794 2591 2012 2637 repudiavit,
2052 2591 2139 2627 nihil
2171 2591 2260 2637 egit,
2300 2592 2433 2638 qualis-

1347 2637 1463 2683 qualis
1494 2636 1564 2673 fuit
1596 2635 1777 2680 condicio,
1812 2636 1879 2673 etsi
1911 2636 1949 2672 in
1983 2636 2169 2672 arbitrium
2205 2637 2337 2673 collata
2369 2642 2429 2674 est

1352 2687 1365 2718 1
1414 2682 1557 2763 ¹Sui-llssuis
1581 2681 1730 2724 dubitet,
1753 2681 1849 2717 vivat
1870 2684 2024 2717 testator
2046 2691 2113 2718 nec
2133 2691 2189 2724 ne,
2212 2682 2433 2729 repudiando

1348 2730 1368 2763 2
1441 2727 1449 2735 '
1533 2727 1618 2773 agit.
1673 2725 1898 2763 Substitutus
1929 2737 2071 2773 quoque
2100 2726 2261 2763 similiter
2289 2727 2322 2764 si
2350 2731 2435 2764 ante

1346 2772 1533 2819 repudiat,
1565 2782 1671 2818 quam
1701 2772 1805 2808 heres
1827 2771 2010 2808 institutus
2034 2771 2205 2808 decernat
2227 2771 2272 2809 de
2293 2772 2433 2809 heredi-

1348 2822 1367 2854 3
1414 2821 1501 2861 tate,
1525 2817 1614 2853 nihil
1632 2816 1763 2853 valebit
1781 2816 1994 2863 repudiatio.
2026 2816 2152 2863 Neque
2167 2816 2261 2853 filius
2279 2817 2433 2854 familias

1347 2862 1569 2916 repudiando
1602 2862 1679 2898 sine
1709 2865 1813 2907 pati-e
1843 2871 1958 2907 neque
1986 2866 2102 2915 pater·
2118 2861 2196 2898 sine
2225 2862 2299 2899 filio
2331 2862 2430 2899 alteri

1347 2911 1639 3005 ΠοῗῗζΡῖἙςέἒ
1658 2906 2203 3005 agi-{mselzjzsnsdugtafflglgblffim
2248 2951 2348 2988 Idem
2379 2957 2434 2988 est

1348 2998 1455 3034 etiam
1478 2998 1509 3034 si
1531 2998 1687 3043 legitima
1709 2996 1888 3033 hereditas
1911 2996 1993 3032 fihis
2017 2997 2172 3033 obvemt.

1396 3042 1446 3081 15
1478 3043 1671 3080 Uzmzws
1700 3041 1791 3078 libro
1821 3042 1972 3088 septimo
2003 3041 2055 3077 ad
2075 3040 2250 3078 Sabinum
2304 3041 2340 3078 Is
2371 3042 2433 3088 qui

1346 3092 1453 3135 putat
1474 3098 1514 3124 se
1536 3086 1794 3130 necessarium,
1822 3097 1904 3122 cum
1928 3086 1975 3122 sit
1996 3086 2239 3129 voluntarius,
2270 3096 2343 3123 non
2366 3098 2431 3133 po-

1346 3134 1430 3186 terit
1451 3133 1657 3179 repudiare:
1690 3142 1773 3167 nain
1796 3131 1877 3178 plus
1900 3135 1956 3168 est
1977 3131 2015 3167 in
2038 3131 2224 3177 opinione,
2256 3142 2365 3178 quam
2394 3132 2432 3168 in

1346 3182 1576 3261 velllhatjbsu
1596 3222 1687 3259 libro
1710 3222 1874 3258 vicesimo
1898 3226 2029 3267 quarto
2053 3220 2103 3257 ad
2124 3221 2278 3258 edictum
2331 3221 2382 3257 Et
2413 3233 2432 3257 e

1347 3268 1526 3305 contrario
1550 3268 1611 3313 qui
1634 3277 1674 3304 se
1695 3270 1801 3314 putat
1822 3266 2074 3309 necessarium,
2095 3266 2316 3303 voluntarius
2337 3267 2429 3302 exis-

1346 3315 1680 3396 ιπξἹΠῖῗιῗῖῗὺῗό
1694 3357 1844 3404 septimo
1861 3355 1912 3392 ad
1925 3354 2099 3392 Sabinum
2127 3355 2205 3392 Nec
2219 3356 2262 3399 is,
2283 3355 2344 3402 qui
2359 3367 2431 3409 non

1345 3403 1462 3439 valere
1485 3406 1737 3439 testamentum
1760 3405 1825 3437 aut
1846 3400 1977 3437 falsum
2000 3411 2079 3437 esse
2101 3405 2217 3447 putat,
2243 3400 2432 3447 repudiare

918 3518 960 3554 (a)
985 3515 1120 3558 peculio
1133 3515 1283 3550 add.F⁸
1348 3523 1476 3555 ss...ss;
1513 3517 1600 3560 Pap.
1616 3523 1665 3551 ⁴⁸.
1686 3522 1816 3554 8⁴...s73
1840 3516 1929 3558 App.
1946 3522 1994 3549 se.
2016 3522 2066 3549 σο.
2089 3533 2133 3539 —-
2154 3515 2307 3554 Baetis,
2327 3523 2371 3550 1⁴.
2385 3534 2431 3541 —

194 3564 235 3595 14)
260 3574 306 3587 -=
317 3559 362 3592 D.
373 3559 480 3599 321³,
491 3566 505 3593 1
513 3571 568 3603 pr.
629 3560 673 3601 (ὁ)
694 3559 904 3592 condicionis
917 3560 963 3593 D.
974 3561 995 3594 l.
1003 3574 1083 3605 yem.
1143 3562 1189 3603 (6)
1209 3561 1279 3594 sivo
1349 3560 1398 3604 Cf
1415 3561 1493 3595 cod.
1507 3563 1540 3602 6,
1553 3568 1600 3596 80.
1614 3568 1647 3596 si

1738 3562 1782 3602 (8)
1808 3560 1946 3593 amitten
1951 3560 1994 3592 da
2006 3560 2071 3593 ind.
2081 3559 2171 3593 Flor.

1657 3608 1716 3645 (10)
1740 3604 1909 3646 obligetur
1921 3604 1974 3639 F²
2265 3560 2310 3603 (⁹)
2335 3560 2430 3594 hero-

2072 3607 2127 3645 (u)
2152 3607 2242 3637 metu
2255 3604 2429 3639 verberum

2211 3651 2269 3689 (12)
2294 3649 2426 3691 fallens]

2079 3701 2137 3737 (14)
2161 3694 2433 3728 ismisouerintF

1347 3605 1420 3638 dein
1434 3607 1493 3640 ins.
1508 3605 1558 3639 F²

1346 3695 1461 3728 nolens
1477 3707 1540 3730 scr.
1632 3696 1690 3736 (18)
1715 3695 1792 3736 iste]
1810 3694 1846 3728 id
1858 3700 1909 3727 est
1924 3707 1986 3729 scr.
