2528 3918
198 85 299 129 XVI
329 87 354 128 3

199 209 334 246 riorum
356 206 448 243 ratio
467 205 633 247 habetur,
657 202 846 240 dummodo
868 213 991 240 eorum
1011 202 1072 250 qui
1090 202 1144 239 vel
1163 204 1291 248 postea

200 263 331 290 usuras
355 253 573 297 acceperunt
595 250 687 286 ratio
711 259 785 286 non
807 249 1006 292 habeatur,
1031 247 1135 294 quasi
1156 257 1289 283 renun-

199 303 220 335 3
268 297 435 334 tiaverint
469 295 644 341 deposito.
691 295 782 330 Item
813 295 1017 341 quaeritur,
1050 297 1169 329 utrum
1201 292 1289 328 ordo

199 346 383 397 spectetur
414 352 537 378 eorum
560 340 620 386 qui
644 340 887 393 deposuerunt
910 350 957 376 an
979 350 1063 375 vero
1088 338 1192 374 simul
1207 348 1290 390 ‚om-

198 399 298 426 mum
318 386 616 433 depositariorum
634 389 728 422 ratio
746 385 933 421 habeatur.
970 388 1005 420 et
1025 387 1168 436 constat
1186 382 1292 436 ⁵3¹¹¹¹31

199 432 459 515 admittendos:
503 432 574 467 hoc
616 431 710 467 enim
752 430 926 476 rescripto
961 429 1150 475 principah
1182 438 1290 474 slgm-

226 482 340 515 catur.

245 520 270 562 8
294 522 542 558 Pammnos
561 520 653 558 libro
677 532 773 557 nono
797 521 1047 567 quaestionum
1078 517 1199 571 ‘Quod
1218 517 1291 564 pri-

198 569 246 606 vil
290 568 363 603 ‘um
386 570 574 603 exercetur
590 577 663 603 non
681 566 720 602 in
740 576 784 602 ea
801 569 942 601 tantum
963 567 1175 610 quantitate,
1200 572 1294 608 quae

198 615 236 650 in
292 613 371 650 onis
487 612 596 648 ntarii
627 622 672 648 ex
694 612 849 657 pecunia
872 610 1036 656 deposita
1058 612 1203 654 reperta
1226 612 1291 651 est,

199 659 262 696 sed
285 659 324 695 in
346 658 443 695 omni
468 668 512 694 us
534 657 755 693 fraudatoris
779 655 1031 691 facultatibus:
1056 654 1099 706 id·
1118 664 1164 689 ue
1182 664 1292 699 prop-

198 709 256 741 ter
279 704 524 740 necessarium
546 713 651 740 usum
675 701 956 747 argentariorum
980 710 1025 736 ex
1047 711 1073 735 u
1117 700 1202 735 'tate
1224 710 1292 745 pu-

199 750 296 786 blica
317 752 502 795 receptum
526 751 592 784 est.
628 748 734 794 plane
754 750 919 792 sumptus
940 755 1062 788 causa,
1088 745 1149 790 qui
1169 754 1292 780 neces-

200 794 295 831 sarie
316 794 438 831 factus
461 797 536 837 est,
567 803 708 839 semper
727 791 930 845 praecedit:
963 801 1047 826 nam
1071 789 1224 826 deducto
1250 800 1292 825 eo

199 841 378 876 bonorum
401 839 561 876 calculus
585 838 738 875 subduci
761 837 862 873 solet.

247 883 274 923 9
297 884 458 922 PAULUS
486 885 578 921 libro
610 884 761 930 septimo
794 882 930 917 decimo
966 880 1017 916 ad
1049 880 1205 916 edictum
1250 880 1294 915 In

202 930 356 977 depositi
378 930 519 966 actione
544 929 574 965 si
598 940 642 965 ex
665 928 762 964 facto
789 926 948 962 defuncti
971 929 1099 971 agatur
1123 925 1293 961 adversus

201 986 314 1012 unum
338 986 383 1012 ex
412 975 575 1021 pluribus
606 972 816 1015 heredibus,
848 983 914 1017 pro
946 975 1050 1017 parte
1079 971 1295 1006 hereditaria

202 1031 307 1067 agere
331 1020 462 1057 debeo:
495 1020 525 1056 si
547 1030 630 1055 vero
656 1029 700 1054 ex
723 1028 788 1053 suo
814 1017 964 1060 delicto,
1022 1027 1061 1052 ro
1095 1020 1199 1062 parte
1223 1027 1295 1051 non

202 1077 288 1113 ago:
313 1066 448 1109 merito,
474 1066 557 1111 quia
576 1063 776 1100 aestimatio
797 1062 951 1098 refertur
970 1073 992 1098 a
1038 1061 1170 1105 dolum,
1191 1071 1295 1106 quem

200 1113 239 1148 in
262 1111 416 1148 solidum
440 1111 517 1157 ipse
540 1111 643 1145 heres
667 1108 820 1144 admisit.

251 1156 301 1195 10
325 1156 519 1193 lomim
547 1155 638 1191 libro
669 1153 827 1190 secundo
853 1164 903 1189 ex
926 1152 1077 1189 Minicio
1123 1152 1200 1188 Nec
1231 1152 1294 1188 ad-

202 1213 325 1239 versus
351 1201 542 1238 coheredes
567 1201 653 1242 eius,
679 1199 740 1244 qui
764 1198 845 1234 dolo
867 1202 1001 1241 carent,
1028 1197 1180 1243 depositi
1199 1198 1294 1234 actio

203 1258 283 1284 com
310 1248 383 1283 etit.

251 1291 270 1330 1
334 1292 528 1329 Urmws
555 1290 646 1326 libro
678 1289 985 1335 quadraqensimo
1036 1289 1128 1324 rimo
1153 1288 1203 1324 ad
1225 1288 1294 1324 Sa-

203 1338 322 1374 binum
370 1337 473 1381 Quod
497 1345 619 1372 servus
645 1334 828 1380 deposuit,
862 1335 893 1369 is
925 1344 997 1379 apu
1056 1344 1161 1379 quem
1185 1333 1294 1379 depo-

203 1384 309 1418 situm
333 1387 387 1418 est
410 1393 510 1418 servo
534 1380 730 1416 rectissime
753 1379 880 1415 reddet
904 1389 948 1414 ex
978 1379 1075 1415 bona
1105 1378 1195 1414 fide:
1229 1390 1295 1415 nec

203 1428 296 1464 enim
320 1427 484 1463 convenit
506 1427 623 1462 bonae
645 1425 730 1460 fidei
753 1425 931 1470 abnegare
953 1424 991 1460 id
1016 1424 1113 1470 quod
1133 1425 1211 1470 quis
1234 1435 1294 1460 ac-

203 1474 317 1519 cepit,
351 1472 414 1508 sed
437 1471 581 1508 debebit
603 1470 753 1506 reddere
777 1470 809 1505 ei
833 1480 856 1505 a
902 1481 949 1505 uo
975 1470 1132 1515 accepit,
1165 1470 1217 1506 sic
1241 1474 1295 1505 ta-

203 1529 294 1561 men,
319 1518 351 1554 si
374 1518 449 1553 sine
474 1517 555 1552 dolo
580 1516 699 1552 omni¹
722 1515 861 1558 reddat,
912 1526 955 1551 oc
980 1519 1046 1558 est,
1071 1519 1112 1550 ut
1131 1526 1198 1551 nec
1221 1516 1295 1551 cu]-

203 1574 272 1609 pae
305 1563 446 1609 quidem
479 1561 637 1607 suspicio
670 1561 727 1597 sit.
770 1560 922 1606 denique
946 1560 1100 1596 Sabinus
1131 1561 1202 1597 hoc
1235 1571 1294 1597 ex-

201 1609 328 1654 plicuit
362 1607 545 1644 addendo:
584 1610 662 1642 ‘nec
694 1606 769 1642 ulla
802 1616 913 1642 causa
943 1606 1151 1649 intervenit,
1186 1617 1296 1652 quare

203 1658 343 1700 ‘putare
364 1653 479 1699 possit
502 1652 683 1688 dominum
706 1651 807 1687 reddi
829 1651 947 1687 nolle’.
984 1652 1054 1687 hoc
1075 1652 1128 1687 ita
1160 1656 1231 1695 est,
1266 1652 1297 1688 si

202 1699 319 1745 potuit
343 1698 536 1744 suspicari,
569 1698 666 1733 iusta
690 1697 827 1732 scilieet
857 1696 996 1733 ratione
1027 1700 1165 1732 motus:
1201 1701 1294 1733 cete-

202 1755 282 1779 rum
306 1743 441 1780 sufficit
463 1744 595 1779 bonam
619 1742 728 1778 fidem
752 1742 889 1778 adesse.
926 1742 989 1777 sed
1013 1745 1049 1778 et
1069 1742 1099 1778 si
1117 1746 1201 1778 ante
1221 1743 1295 1778 eius

202 1790 255 1825 rei
277 1789 414 1834 furtum
437 1788 574 1825 fecerat
597 1798 731 1830 servus,
756 1787 786 1822 si
810 1791 930 1822 tamen
954 1787 1128 1832 ignoravit
1149 1788 1180 1823 is
1201 1788 1297 1834 apud

226 1845 307 1870 uem
343 1834 508 1880 deposuit
540 1834 598 1869 vel
632 1833 782 1869 credidit
817 1833 997 1868 dominum
1032 1843 1106 1869 non
1146 1833 1297 1869 invitum

218 1890 281 1916 ore
300 1880 407 1916 huius
428 1878 627 1922 solutionis,
650 1878 797 1914 liberari
816 1881 953 1924 potest:
978 1879 1075 1914 bona
1095 1878 1189 1914 enim
1208 1878 1296 1914 fides

203 1925 364 1971 exigitur.
401 1935 473 1961 non
503 1928 645 1960 tantum
676 1927 796 1959 autem
827 1924 858 1959 si
888 1924 1088 1960 remanenti
1119 1924 1158 1959 in
1188 1924 1296 1960 servi-

200 1974 279 2007 tute
300 1970 408 2006 fuerit
433 1970 600 2012 solutum,
626 1969 689 2005 sed
713 1969 818 2005 etiam
841 1969 872 2004 si
895 1969 1112 2005 manumisso
1134 1970 1190 2005 vel
1210 1970 1295 2006 alie-

203 2019 309 2059 nato,
343 2026 388 2052 ex
409 2016 514 2052 iustis
539 2015 657 2051 causis
681 2014 845 2050 liberatio
872 2015 1064 2060 contingit,
1098 2015 1235 2050 scilicet
1266 2015 1297 2051 si

203 2062 282 2107 quis
302 2061 470 2107 ignorans
490 2060 746 2096 manumissum
758 2060 814 2095 vel
827 2060 1019 2095 alienatum
1033 2060 1148 2096 solvit.
1183 2060 1295 2096 idem-

203 2111 333 2186 quebet
354 2107 392 2141 in
416 2106 581 2142 omnibus
606 2105 826 2141 debitoribus
845 2105 1058 2141 servandum
1075 2105 1294 2151 Pomponius

203 2152 274 2187 scri
301 2151 339 2187 it.

252 2194 302 2234 12
327 2196 558 2232 POMPONIUS
585 2196 676 2232 libro
707 2196 898 2232 vicensimo
929 2195 1087 2231 secundo
1119 2196 1170 2232 ad
1191 2195 1296 2232 Sabi-

203 2253 288 2277 num
334 2241 373 2277 Si
396 2241 433 2276 in
456 2242 545 2277 Asia
569 2241 771 2287 depositum
792 2240 913 2284 fuerit,
938 2244 978 2275 ut
1002 2240 1141 2277 Romae
1163 2241 1293 2276 redda-

203 2291 274 2330 tur,
298 2287 437 2322 videtur
459 2287 497 2322 id
520 2290 662 2330 actum,
695 2290 737 2322 ut
768 2297 841 2322 non
870 2286 1022 2332 inpensa
1055 2287 1130 2322 eius
1162 2287 1199 2322 id
1231 2287 1296 2322 fiat

203 2332 301 2378 apud
334 2343 440 2377 quem
477 2332 677 2378 depositum
712 2331 778 2375 sit,
813 2331 877 2367 sed
912 2332 987 2366 eius
1023 2332 1084 2376 qui
1119 2332 1293 2378 deposuit.

206 2381 221 2412 1
271 2377 483 2423 Depositum
505 2388 546 2413 eo
566 2377 647 2413 loco
665 2377 805 2413 restitui
825 2376 941 2419 debet,
965 2377 1003 2412 in
1023 2388 1094 2422 quo
1115 2377 1191 2413 sine
1212 2377 1294 2413 dolo

203 2423 296 2458 malo
322 2423 398 2458 eius
423 2426 495 2465 est,
529 2422 625 2468 apud
657 2433 763 2475 quem
787 2422 988 2467 depositum
1012 2427 1085 2458 est:
1117 2423 1181 2458 ubi
1211 2432 1294 2458 vero

205 2468 408 2513 depositum
440 2471 512 2511 est,
548 2468 636 2503 nihil
666 2471 824 2506 interest.
874 2467 998 2503 eadem
1031 2467 1182 2503 dicenda
1213 2472 1297 2503 sunt

205 2513 439 2548 communiter
469 2517 505 2548 et
534 2513 572 2548 in
602 2513 766 2548 omnibus
797 2513 916 2548 bonae
938 2512 1022 2547 fidei
1043 2513 1196 2549 iudiciis.
1234 2513 1296 2549 sed

205 2557 394 2593 dicendum
418 2562 482 2601 est,
506 2558 537 2594 si
559 2558 644 2594 velit
667 2561 768 2593 actor
791 2558 866 2593 suis
889 2558 1048 2603 inpensis
1072 2568 1209 2603 suoque
1232 2569 1294 2603 pe·

205 2603 316 2638 riculo
340 2602 489 2648 perferri
512 2614 587 2638 rem
610 2603 782 2645 Romam,
815 2606 857 2638 ut
888 2603 1086 2639 audiendus
1111 2604 1175 2647 sit,
1207 2614 1295 2649 quo-

205 2648 300 2683 niam
344 2652 380 2683 et
416 2649 454 2683 in
497 2648 544 2683 ad
579 2648 817 2684 exhibendum
852 2648 993 2684 actione
1026 2649 1087 2683 id2
1122 2652 1294 2684 servatur.

206 2695 226 2727 2
274 2692 362 2728 Cum
393 2698 574 2738 sequestre
604 2697 702 2729 recte
733 2697 858 2738 agetur
882 2693 1034 2738 depositi
1058 2694 1297 2739 sequestraria

208 2738 368 2780 actione,
436 2749 518 2774 uam
553 2742 589 2774 et
622 2739 659 2774 in
693 2738 859 2774 heredem
895 2739 971 2774 eius
1004 2739 1106 2774 reddi
1142 2743 1293 2784 oportet.

207 2785 226 2818 3
275 2782 409 2826 Quema
471 2784 577 2819 odum
609 2784 705 2829 quod
734 2795 779 2820 ex
810 2784 985 2836 stipulatu
1015 2784 1071 2820 vel
1107 2795 1151 2820 ex
1185 2788 1294 2820 testa-

206 2831 324 2862 mento
358 2828 433 2863 dan·
465 2834 646 2873 oporteat,
679 2833 763 2874 post
792 2828 965 2864 iudicium
996 2833 1183 2875 acceptum
1215 2841 1295 2865 cum

207 2872 416 2908 detrimento
440 2874 491 2908 rei
514 2874 656 2919 periret,
681 2875 733 2909 sic
757 2874 957 2919 depositum
981 2885 1050 2919 quo
1077 2885 1122 2910 ue
1141 2876 1208 2910 eo³
1228 2875 1295 2918 die,

207 2928 278 2963 quo
304 2917 452 2962 depositi
476 2923 595 2954 actum
620 2920 676 2962 sit,
700 2919 859 2964 periculo
885 2919 960 2955 eius
985 2929 1057 2972 apu
1105 2930 1210 2965 quem
1234 2920 1295 2956 de-

206 2962 363 3007 positum
385 2962 494 2998 fuerit
518 2968 589 3006 est,
621 2965 652 3000 si
674 2964 798 2999 iudicii
821 2965 1022 3010 accipiendi
1045 2968 1206 3010 tempore
1229 2976 1294 3011 po-

206 3007 275 3042 tuit
298 3007 334 3042 id
357 3007 503 3044 reddere
525 3019 608 3044 reus
632 3020 698 3045 nec
720 3009 885 3045 reddidit.

256 3049 306 3090 13
332 3051 492 3088 Panos
511 3053 601 3089 libro
627 3055 836 3101 triqensimo
855 3055 978 3101 primo
998 3055 1048 3090 ad
1067 3055 1221 3091 edictum
1258 3055 1295 3090 Si

208 3097 287 3142 quis
310 3096 484 3132 infitiatus
509 3098 555 3133 sit
578 3110 650 3134 non
674 3099 844 3135 adversus
870 3099 1070 3143 dominum,
1105 3100 1168 3136 sed
1199 3100 1294 3146 quod

208 3152 289 3178 eum
312 3142 374 3187 qui
395 3152 470 3177 rem
494 3142 690 3187 depositam
712 3145 859 3189 petebat
881 3154 1003 3180 verum
1025 3149 1296 3190 procuratorem

207 3198 281 3223 non
303 3190 448 3233 putaret
470 3191 534 3222 aut
557 3189 631 3224 eius
656 3190 715 3234 qui
740 3189 964 3235 deposuisset
992 3190 1177 3234 heredem,
1208 3190 1295 3226 nihil

208 3232 290 3268 dolo
314 3232 408 3267 malo
432 3231 535 3267 fecit:
560 3238 686 3278 postea
709 3238 827 3269 autem
851 3235 881 3269 si
905 3245 948 3270 co
998 3235 1120 3278 overit,
1146 3246 1227 3271 cum
1251 3246 1293 3271 eo

207 3277 266 3323 agi
296 3276 447 3330 poterit,
478 3278 645 3322 quoniam
675 3290 770 3314 nunc
794 3279 864 3314 inci
890 3280 918 3314 it
941 3246 1023 3316 ἔξω
1047 3281 1139 3316 malo
1163 3280 1294 3323 facere,

210 3325 226 3357 1
276 3331 308 3357 si
329 3321 478 3358 reddere
509 3332 587 3358 eam
618 3334 689 3359 non
720 3323 804 3358 vult.
883 3325 1032 3370 ompetit
1066 3325 1171 3360 etiam
1208 3336 1293 3361 con-

208 3366 316 3402 dictio
340 3366 524 3412 depositae
547 3369 599 3403 rei
621 3368 782 3410 nomine,
815 3369 878 3404 sed
907 3381 981 3406 non
1012 3374 1095 3405 ante
1119 3381 1202 3406 uam
1233 3370 1293 3405 id⁴

208 3411 290 3448 dolo
315 3411 508 3448 admissum
539 3413 603 3449 sit:
635 3424 707 3449 non
739 3413 830 3448 enim
862 3425 1072 3460 quemquam
1096 3382 1172 3451 (imo
1202 3415 1293 3461 ipso,

208 3456 305 3502 quod
328 3457 352 3492 d
398 3457 528 3493 ositum
551 3459 716 3504 accipiat,
742 3458 966 3495 condictione
990 3460 1149 3506 obligari,
1173 3470 1294 3496 verum

208 3502 304 3547 quod
329 3467 450 3538 dssi'um
472 3503 605 3540 malum
628 3502 819 3539 admiserit.

257 3545 308 3584 14
336 3546 459 3584 (ἔωσε
483 3547 576 3585 libro
605 3560 702 3585 nono
733 3547 783 3583 ad
813 3548 966 3584 edictum
982 3549 1211 3596 provinciale
1256 3549 1294 3585 Si

1276 74 1358 123 212
1954 101 1976 111 ι

1358 201 1481 248 plures
1503 201 1656 239 heredes
1680 202 1882 240 exstiterint
1904 202 1939 241 ei
1961 203 2024 249 qui
2054 202 2278 249 deposuerit,
2309 204 2450 248 dicitur,
2522 243 2524 246 ,

1359 247 1393 283 si
1415 246 1531 282 maior
1549 257 1636 293 pars
1654 247 1793 291 adierit,
1816 248 2075 284 restituendam
2093 258 2168 284 rem
2186 251 2452 294 praesentibus:
2519 285 2521 287 ,

1360 292 1531 328 maiorem
1556 297 1677 329 autem
1699 297 1839 339 partem
1862 304 1936 329 non
1960 304 2005 329 ex
2024 303 2170 330 numero
2190 295 2312 340 utique
2331 306 2453 348 perso·
2519 303 2525 318 -·

1360 348 1510 380 narum,
1544 338 1608 374 sed
1640 349 1685 374 ex
1715 338 1958 385 magnitudine
1988 338 2193 384 portionum
2223 339 2454 376 hereditaria·
2496 363 2515 371 -.

1364 386 1379 418 1
1428 394 1509 418 rum
1520 382 1812 429 intellegendam:
1836 385 1977 420 cautela
1995 384 2124 419 idonea
2142 383 2334 420 reddenda.
2373 385 2453 422 Sive

2243 92 2453 127 nm‘osrrt
2467 82 2469 86 ⁴

1362 431 1482 463 autem
1515 439 1597 464 cum
1619 428 1632 464 i
1658 439 1698 464 so
1723 428 1821 474 apud
1843 439 1947 474 quem
1972 429 2134 474 deposita
2157 433 2212 465 est
2234 434 2354 465 actum
2376 430 2453 467 fue·
2496 423 2515 470 ,ἒ

1360 473 1409 508 rit
1431 473 1505 508 sive
1529 484 1611 509 cum

1660 474 1763 510 erede
1786 474 1861 509 eius
1887 478 1923 509 et
1945 485 2013 510 sua
2034 478 2165 509 natura
2187 484 2244 510 res
2269 479 2353 511 ante
2375 486 2449 513 rem

1361 518 1556 554 iudicatam
1577 518 1811 562 interciderit,
1834 519 1945 554 veluti
1967 519 1998 555 si
2021 519 2127 555 homo
2151 523 2313 556 mortuus
2336 519 2449 566 fuerit,

1362 562 1517 599 Sabinus
1542 567 1579 599 et
1602 563 1746 600 Cassius
1771 564 1909 599 absolvi
1932 564 2062 600 debere
2086 574 2167 600 eum
2190 575 2271 600 cum

2319 576 2365 602 UO
2391 576 2450 602 EC*
2506 582 2514 594 ¹

1361 612 1439 644 tum
1462 612 1518 644 est
1541 608 1727 653 dixerunt,
1761 609 1844 655 quia
1875 619 2028 655 aequum
2059 612 2154 645 esset
2176 613 2306 645 natura
2321 621 2376 646 em
2398 611 2450 646 in-
2498 607 2515 652 ’ἶ

1361 654 1507 689 teritum
1532 654 1579 689 ad
1602 658 1760 690 actorem
1782 654 1980 700 pertinere,
2013 654 2137 700 utique
2168 665 2248 691 cum
2270 656 2456 692 interitura
2497 654 2516 694 225

1363 702 1458 735 esset
1481 709 1524 734 ea
1546 710 1603 736 res
1629 703 1666 736 et
1687 699 1719 736 si
1741 700 1910 735 restituta
1934 703 2028 735 esset
2051 700 2176 736 actori.

1413 742 1463 781 15
1487 744 1683 781 IULIANUS
1711 745 1803 781 libro
1829 746 1934 781 tertio
1958 745 2095 781 decimo
2119 745 2341 792 diqestorum
2388 746 2457 790 Qui

1361 799 1436 826 rem
1461 800 1563 826 suam
1587 790 1716 836 deponi
1740 790 1837 836 apud
1860 800 1900 826 se
1922 790 2060 836 patitur
2078 790 2134 826 vel
2150 789 2321 826 utendam
2340 795 2455 836 rogat,

1363 846 1430 871 nec
1457 834 1610 881 depositi
1640 846 1707 872 nec
1739 835 1955 871 commodati
1985 835 2126 871 actione
2157 838 2319 871 tenetur:
2352 836 2456 872 sicuti

1363 881 1423 926 qui
1445 890 1520 916 rem
1544 891 1646 916 suam
1670 881 1841 917 conducit
1864 884 1927 916 aut
1949 881 2111 926 precario
2135 884 2259 926 rogat,
2283 891 2350 917 nec
2374 892 2454 927 pre-

1364 926 1460 962 cario
1485 929 1629 962 tenetur
1651 936 1718 962 nec
1742 936 1786 963 ex
1809 926 1941 962 locato.

1412 969 1463 1009 16
1488 972 1716 1008 AFRICANUS
1743 971 1834 1008 libro
1866 971 2018 1024 septimo
2050 971 2300 1018 quaestionum
2346 969 2385 1007 Si
2413 971 2456 1014 is,

2498 698 2519 754 Ξ

2497 755 2517 802 -Ξ

2499 911 2522 941 r.

2495 948 2517 1010 i

1364 1016 1461 1062 apud
1485 1027 1590 1062 quem
1612 1027 1688 1053 rem
1712 1017 1931 1062 deposuens,
1956 1016 2052 1062 apud
2075 1016 2183 1052 alium
2204 1026 2282 1052 eam
2302 1016 2457 1062 deponat
2498 1010 2518 1057 ἓῖ

1365 1067 1401 1097 et
1421 1062 1481 1097 ille
1499 1062 1580 1098 dolo
1602 1063 1688 1108 quid
1709 1062 1900 1105 admiserit,
1923 1062 1969 1098 ob
1990 1062 2110 1098 dolum
2129 1062 2216 1104 eius,
2237 1061 2333 1108 apud
2352 1072 2455 1107 quem
2494 1072 2500 1083 ⁸

1363 1111 1491 1153 postea
1514 1108 1561 1143 sit
1585 1108 1796 1154 depositum,
1822 1111 1971 1143 eatenus
1994 1117 2075 1143 eum
2099 1107 2213 1143 teneri
2235 1107 2332 1152 apud
2353 1117 2457 1153 quem

1363 1158 1404 1188 tu
1429 1153 1647 1198 deposueris,
1671 1157 1713 1189 ut
1737 1153 1896 1189 actiones
1920 1163 2005 1189 suas
2028 1152 2094 1188 tibi
2117 1156 2286 1198 praestet.

2499 1058 2520 1087 ae

2495 1088 2517 1172 ἑ

1414 1196 1463 1236 17
1489 1199 1767 1235 ΕιοΒΕΝΤῙΝσε
1782 1199 1871 1235 libro
1894 1199 2044 1245 septimo
2057 1199 2320 1234 institutionum
2353 1197 2458 1234 Licet
2505 1195 2517 1230 ὲ

1365 1244 1543 1290 deponere
1574 1247 1649 1280 tam
1679 1245 1800 1290 plures
1832 1255 1939 1297 quam
1970 1254 2064 1280 unus
2086 1247 2263 1324 (possunt,
2299 1246 2457 1279 attamen
2509 1260 2512 1261 ⁷

1364 1289 1462 1334 apud
1493 1293 1713 1335 sequestrem
1743 1301 1818 1326 non
1848 1290 1917 1325 msi
1939 1290 2061 1335 plures

2110 1298 2264 1334 eponere
2286 1292 2455 1334 possunt:
2499 1327 2513 1330 Ν

1363 1345 1447 1370 nam
1470 1338 1546 1370 tum
1569 1334 1607 1370 id
1630 1335 1682 1378 fit,
1708 1346 1788 1370 cum
1812 1335 1932 1388 aliqua
1954 1345 2011 1370 res
2033 1335 2071 1370 in
2096 1334 2372 1370 controversiam
2395 1334 2456 1370 de·
2506 1339 2510 1346 ‘

1365 1380 1516 1415 ducitur.
1554 1381 1675 1426 itaque
1697 1380 1768 1416 hoc
1793 1391 1880 1416 casu
1902 1391 1939 1415 1n
1963 1380 2114 1416 solidum
2136 1379 2381 1425 unusquisque
2405 1379 2455 1415 vi-

1365 1425 1469 1461 detur
1492 1425 1717 1471 deposuisse:
1753 1426 1849 1471 quod
1872 1426 1975 1468 aliter
1999 1429 2071 1468 est,
2097 1436 2178 1461 cum
2199 1435 2275 1460 rem
2299 1435 2456 1461 commu-

1368 1474 1382 1506 1
1432 1481 1514 1506 nem
1546 1472 1668 1517 plures
1702 1471 1897 1517 deponunt.
1945 1471 2012 1506 Rei
2043 1470 2227 1516 depositae
2257 1470 2456 1523 proprietas

1365 1516 1461 1562 apud
1485 1516 1722 1562 deponentem
1745 1520 1882 1553 manet:
1908 1516 1971 1552 sed
1994 1520 2031 1552 et
2053 1516 2245 1562 possessio,
2270 1516 2339 1551 nisi
2359 1515 2456 1561 apud

1365 1565 1585 1607 sequestrem
1609 1562 1773 1615 deposita
1798 1566 1869 1598 est:
1902 1573 1986 1597 nam
2009 1565 2086 1597 tum
2111 1561 2250 1597 demum
2274 1565 2457 1606 sequester

1364 1607 1544 1653 possidet:
1578 1608 1615 1643 id
1639 1618 1732 1643 emm
1755 1608 1871 1653 agitur
1894 1618 1937 1644 ea
1961 1607 2201 1652 depositione,
2235 1610 2275 1642 ut
2298 1607 2456 1642 neutrius
2500 1612 2509 1649 j

1363 1653 1584 1699 possessioni
1606 1653 1644 1688 id
1667 1657 1808 1698 tempus
1831 1652 2016 1699 procedat.

1414 1695 1465 1735 18
1490 1697 1698 1734 NEMTIUS
1711 1698 1803 1734 libro
1822 1698 1979 1735 secundo
1999 1698 2287 1734 membranarum
2333 1697 2389 1733 De
2401 1708 2455 1740 eo,
2512 1713 2515 1716 ⁴

1365 1743 1462 1789 quod
1485 1744 1659 1780 tumultus
1682 1743 1838 1779 incendii
1861 1744 1986 1779 ruinae
2009 1742 2185 1788 naufragii
2210 1752 2321 1778 causa
2345 1742 2453 1788 depo-

1365 1789 1474 1824 situm
1498 1792 1563 1832 est,
1587 1789 1626 1824 in
1649 1789 1815 1825 heredem
1839 1789 1883 1825 de
1908 1789 1989 1825 dolo
2014 1789 2147 1824 mortui
2170 1788 2264 1823 actio
2290 1790 2368 1823 est-'³
2390 1799 2456 1834 pro
2502 1795 2512 1826 j.

1364 1834 1579 1870 hereditaria
1610 1835 1774 1880 portione
1806 1838 1842 1870 et
1870 1835 1909 1869 in
1941 1834 2107 1879 simplum
2140 1837 2176 1869 et
2206 1833 2300 1869 intra
2323 1843 2456 1869 annum
2507 1836 2510 1853 2

1366 1890 1524 1925 quoque:
1558 1880 1595 1915 in
1626 1881 1743 1925 ipsum
1775 1883 1811 1916 et
1834 1880 1872 1915 in
1894 1879 2047 1916 solidum
2070 1882 2106 1915 et
2128 1879 2166 1914 in
2190 1879 2337 1924 duplum
2362 1882 2397 1914 et
2419 1879 2456 1914 in
2512 1884 2514 1889 “

1364 1929 1578 1970 perpetuum
1602 1925 1717 1961 datur.

1416 1968 1466 2008 19
1506 1970 1701 2006 Uzmzws
1732 1971 1823 2006 libro
1859 1971 2010 2016 septimo
2045 1969 2182 2006 decimo
2218 1969 2268 2004 ad
2301 1969 2455 2005 edictum

1365 2016 1525 2051 Iulianus
1551 2020 1587 2052 et
1608 2016 1803 2051 Marcellus
1834 2019 1964 2061 putant
1993 2015 2105 2051 filium
2127 2014 2281 2050 familias
2306 2014 2455 2060 depositi
2503 2065 2507 2068 f

1364 2065 1463 2096 recte
1487 2071 1592 2105 agere
1614 2072 1732 2107 posse.

1411 2104 1464 2144 20
1498 2106 1659 2143 Panos
1687 2106 1780 2142 libro
1812 2110 1937 2142 octavo
1969 2106 2105 2142 decimo
2139 2105 2190 2141 ad
2219 2105 2373 2141 edictum
2419 2105 2456 2140 Si

1365 2152 1441 2187 sine
1465 2151 1547 2188 dolo
1572 2152 1666 2188 malo
1690 2162 1765 2187 rem
1789 2151 1988 2197 depositam
2011 2151 2077 2186 tibi
2101 2151 2278 2193 amiseris,
2303 2160 2370 2186 nec
2394 2150 2454 2186 de·
2505 2181 2510 2193 ς

1364 2197 1472 2243 positi
1495 2198 1627 2232 teneris
1650 2208 1717 2233 nec
1741 2207 1866 2232 cavere
1890 2196 2009 2239 debes,
2035 2197 2066 2232 si
2086 2195 2358 2242 deprehenderis
2378 2206 2455 2231 eam
2500 2231 2502 2234 ,

1363 2242 1482 2295 reddi:
1508 2242 1539 2278 si
1562 2248 1682 2278 tamen
1706 2242 1753 2277 ad
1775 2246 1811 2278 te
1834 2242 1963 2277 iterum
1985 2242 2203 2287 pervenerit,
2228 2241 2379 2287 depositi
2401 2245 2454 2277 te-

1364 2298 1471 2369 ΠΘῙΞῩ
1488 2332 1598 2368 IDEM
1623 2332 1715 2368 libro
1738 2333 1991 2379 sexaqensimo
2015 2331 2066 2368 ad
2087 2331 2242 2368 edictum
2290 2331 2328 2367 Si
2359 2330 2455 2376 apud

1363 2378 1475 2412 filium
1506 2378 1658 2413 familias
1689 2388 1747 2413 res
1780 2378 1943 2423 deposita
1973 2378 2021 2413 sit
2051 2381 2086 2413 et
2110 2377 2249 2413 emanci
2276 2380 2356 2413 atus
2380 2386 2454 2412 rem
2498 2374 2509 2413 ⁴2

1362 2426 1495 2466 teneat,
1520 2426 1623 2468 pater
1645 2433 1712 2458 nec
1735 2423 1831 2458 intra
1854 2433 1987 2458 annum
2010 2422 2054 2458 de
2076 2423 2216 2468 peculio
2267 2423 2349 2458 ebet
2368 2432 2453 2458 con·
2499 2450 2510 2456 ..

1369 2473 1383 2502 1
1433 2468 1566 2511 veniri,
1599 2468 1662 2504 sed
1684 2468 1762 2514 ipse
1785 2468 1890 2504 filius.
1936 2468 2024 2504 Plus
2047 2468 2240 2503 Trebatius
2265 2468 2453 2510 existimat,
2500 2496 2513 2509 „

1366 2514 1505 2549 etiamsi
1539 2513 1637 2559 apud
1668 2524 1808 2549 servum
1839 2514 2039 2558 depositum
2068 2513 2115 2548 sit
2147 2517 2183 2548 et
2216 2513 2453 2548 manumissus
2502 2514 2508 2518 “

1363 2569 1438 2594 rem
1461 2563 1601 2601 teneat,
1625 2559 1663 2594 in
1685 2559 1803 2604 ipsum
1827 2558 1981 2594 dandam
2004 2559 2198 2601 actionem,
2231 2569 2305 2594 non
2327 2559 2365 2594 in
2389 2558 2452 2593 do-

1364 2604 1517 2684 minudn’
1549 2604 1634 2640 licet
1658 2614 1702 2639 ex
1726 2604 1854 2640 ceteris
1878 2604 1995 2639 causis
2019 2604 2057 2639 in
2080 2604 2334 2639 manumissum
2358 2603 2452 2639 actio

1364 2659 1437 2684 non
1487 2653 1579 2684 atur.

1411 2692 1464 2731 22
1496 2694 1737 2730 MARcELLUs
1765 2693 1855 2730 libro
1888 2695 2013 2740 quinto
2046 2693 2266 2740 diqestorum
2312 2694 2350 2729 Si
2382 2694 2451 2730 duo

1364 2740 1512 2775 heredes
1545 2750 1622 2775 rem
1652 2739 1749 2785 apud
1780 2738 1990 2774 defunctum
2013 2739 2211 2784 depositam
2235 2739 2316 2775 dolo
2340 2740 2450 2775 inter-

1364 2785 1551 2827 verterint,
1577 2785 1732 2837 quodam
1754 2784 1877 2829 utique
1901 2794 1988 2819 casu
2011 2784 2049 2819 in
2071 2788 2192 2829 partes
2215 2785 2449 2820 tenebuntur:

1364 2840 1447 2865 nam
1471 2830 1502 2865 si
1526 2830 1707 2865 divlserint
1731 2829 1853 2865 decem
1883 2829 2020 2871 milia⁶‚
2054 2840 2145 2874 quae
2176 2840 2198 2865 a
2224 2830 2274 2865 ud
2305 2829 2451 2865 defunc-

1363 2879 1439 2910 tum
1463 2875 1624 2921 deposita
1646 2875 1808 2917 fuerant,
1841 2877 1877 2909 et
1907 2875 2015 2919 quina
2038 2875 2157 2910 milia⁸
2180 2885 2203 2910 a
2228 2875 2393 2910 stulerint
2416 2879 2452 2910 et

1363 2924 1513 2966 uterque
1536 2920 1704 2956 solvendo
1730 2923 1804 2962 est,
1835 2919 1873 2954 in
1897 2923 2018 2964 partes
2043 2920 2207 2956 obstricti
2230 2923 2351 2955 erunt:
2385 2930 2452 2956 nec

1364 2966 1457 3001 enim
1480 2965 1631 3010 amplius
1655 2964 1786 3000 actoris
1807 2965 1967 3000 interest.
2009 2964 2103 3010 qnod
2134 2965 2165 3001 si
2195 2965 2334 3001 lancem
2365 2975 2450 3001 con-

1363 3011 1526 3046 flaverint
1556 3014 1620 3045 aut
1651 3009 1799 3046 conflari
1832 3010 1877 3044 ab
1912 3010 2030 3055 aliquo
2063 3011 2161 3055 passi
2183 3010 2317 3046 fuerint
2339 3010 2451 3046 aliave

1387 3065 1456 3091 uae
1487 3055 1624 3101 species
1656 3055 1737 3090 dolo
1770 3065 1892 3090 eorum
1923 3055 2118 3090 interversa
2139 3054 2266 3098 fuerit,
2298 3055 2335 3090 in
2367 3055 2449 3091 soli-

1364 3067 1448 3136 dum
1471 3100 1649 3136 conveniri
1671 3103 1859 3145 poterunt,
1884 3110 1927 3135 ac
1951 3101 1982 3135 si
2004 3100 2073 3145 ipsi
2096 3100 2305 3136 servandam
2328 3111 2449 3136 susce-

1388 3146 1515 3181 issent:
1547 3155 1631 3180 nam
1663 3149 1760 3180 certe
1789 3155 1910 3180 verum
1940 3149 1996 3181 est
2026 3146 2063 3180 in
2094 3145 2244 3181 solidum
2277 3156 2450 3190 quemque

1362 3157 1445 3226 dolo
1475 3190 1605 3226 fecisse
1638 3194 1673 3225 et
1703 3189 1771 3225 nisi
1802 3201 1867 3236 pro
1892 3190 2005 3226 solido
2029 3200 2086 3226 res
2110 3202 2182 3226 non
2205 3194 2325 3236 potest
2347 3191 2448 3226 resti-

1362 3236 1427 3271 tui.
1460 3246 1526 3271 nec
1558 3239 1678 3271 tamen
1709 3235 1865 3270 absurde
1896 3236 2042 3278 sentiet,
2078 3236 2139 3281 qui
2169 3236 2239 3271 hoc
2271 3236 2449 3280 putaverit

1362 3281 1469 3326 plane
1502 3281 1570 3316 nisi
1603 3281 1761 3326 integrae
1795 3280 1847 3315 rei
1876 3280 2098 3316 restitutione
2127 3292 2226 3323 eum,
2263 3291 2343 3316 cum
2377 3291 2448 3326 quo

1363 3329 1483 3361 actum
1506 3326 1625 3369 fuerit,
1650 3325 1792 3361 liberari
1815 3336 1887 3361 non
1909 3335 2035 3370 posse,
2061 3325 2370 3361 condemnandum
2392 3330 2447 3361 ta-

1363 3380 1455 3413 men,
1480 3371 1510 3406 si
1533 3382 1590 3406 res
1614 3382 1686 3407 non
1709 3370 1926 3414 restituetur,
1949 3381 2015 3415 pro
2040 3381 2111 3416 qua
2134 3374 2238 3416 parte
2259 3371 2362 3407 heres
2386 3380 2446 3406 ex-

1362 3415 1462 3451 stitit.

1408 3458 1460 3498 23
1482 3459 1738 3496 Monssrmvs
1750 3460 1842 3496 libro
1860 3460 2017 3496 secundo
2029 3460 2341 3507 differentiarum⁷
2374 3460 2445 3495 Ac-

1361 3505 1458 3541 tione
1482 3505 1635 3551 depositi
1654 3508 1848 3540 conventus
1868 3515 1967 3540 servo
1990 3505 2208 3541 constituto⁸
2232 3504 2446 3541 cibariorum

1362 3550 1504 3586 nomine
1527 3550 1623 3596 apud
1647 3549 1796 3586 eundem
1819 3549 1972 3585 iudicem
1995 3551 2128 3586 utiliter
2151 3550 2342 3595 experitur.

2501 3462 2519 3478 ἲ

2498 3215 2528 3590 «ἹίἏῄΜΒΥΞξΞὛ-Ῥμ-
2504 3107 2528 3199 :⁴0:¹31
2506 3091 2509 3094 ·
2507 3070 2528 3078 .·
2514 2995 2517 2998 ·
2500 2975 2507 2981 ·
2508 2943 2516 2948 =

1358 3663 1515 3705 deposito
1529 3667 1562 3694 et
1574 3663 1804 3696 commendato
1817 3664 1913 3697 addit
1927 3663 2006 3697 coll.
2024 3665 2075 3703 10,
2088 3670 2115 3706 2,
2129 3671 2146 3696 5
2282 3665 2325 3704 (8)
2350 3673 2445 3695 servo
2497 3633 2528 3702 ἒξ

1358 3708 1546 3741 constituto
1559 3721 1618 3741 οηι.
1636 3708 1716 3743 0011.
2494 3700 2528 3750 ἦ

208 3663 250 3700 (1)
273 3661 322 3693 εἰσ
333 3660 377 3693 F¹
391 3673 461 3694 cum
470 3661 516 3702 B,
530 3660 643 3694 omnia
655 3660 709 3694 F²

210 3706 253 3745 (⁴)
278 3704 360 3747 quid
374 3706 445 3739 edd.
540 3708 584 3749 (5)
608 3708 643 3739 et
653 3705 707 3739 Fa
799 3662 843 3703 (²)
868 3662 904 3693 5¹¹
917 3662 952 3694 F
1026 3664 1069 3705 (3)
1095 3665 1148 3704 00]
1162 3674 1201 3696 ex
1215 3663 1288 3696 edd.

798 3706 843 3745 (8)
868 3706 963 3739 milia
977 3708 1037 3740 del.
1051 3707 1104 3740 F²
1181 3709 1224 3750 (7)
1249 3707 1289 3740 de
2514 3744 2516 3748 ,

2501 3740 2512 3759 -0
