2528 3918
185 85 413 130 XXXVIII
442 90 532 131 4.5

184 213 204 245 ’1
253 210 372 246 animo
403 209 502 245 facta
530 209 589 245 sit.
644 209 716 246 Sed
746 210 777 246 si
809 211 843 248 is
880 211 939 248 cui
974 211 1183 257 adsignatus
1218 214 1274 248 est

185 254 433 334 repudiaverih
458 258 547 300 puto
570 255 701 298 verius,
725 255 822 308 quod
845 260 881 293 et
896 257 1092 293 Marcellus
1115 257 1272 302 scripsit,

186 303 205 336 8
250 310 359 346 posse
472 299 528 335 ’tti
556 298 689 336 fratres
718 310 806 338 eius.
862 301 900 337 Si
934 302 983 338 sit
1016 311 1062 338 ex
1094 303 1272 348 patrono¹

186 344 279 380 filius
303 355 413 388 unus,
444 355 489 380 ex
512 344 626 381 altero
649 345 722 382 duo
746 350 783 382 et
804 346 867 383 uni
889 357 1012 383 eorum
1035 347 1184 383 libertus
1208 346 1271 382 ad·

183 389 645 471 iiffssffiutt‘i-it‘mvssssssdffl
654 394 818 472 affl...
834 391 1042 472 “ffffsfissffi
1063 391 1271 482 mmsignffiiiffi

302 461 311 476 9
555 461 564 477 2

182 483 254 523 est,
283 479 321 515 id
343 484 399 515 est
423 490 524 516 suam
547 483 584 516 et
606 480 747 524 stati-is,
779 492 826 516 an
849 492 932 517 vero
956 482 1124 526 aequales
1147 485 1271 527 partes

183 524 287 566 fiant,
324 525 493 570 quoniam
522 535 589 570 per
619 526 902 571 adsignationem
933 526 1024 562 alius
1056 527 1268 562 excluditur.

182 574 219 606 et
240 569 401 606 Iulianus
424 570 516 606 libro
540 571 825 623 septuagensimo
850 571 974 616 quinto
995 572 1139 616 scripsit
1157 572 1270 624 magis

182 625 261 651 esse
312 618 354 650 ut
383 615 521 651 bessem
551 616 610 651 luc
642 617 790 658 habeat,
824 617 885 661 qui
914 616 1062 652 fratrem
1093 616 1268 653 excludit:

183 641 277 705 quod
299 670 421 696 verum
443 664 519 703 est,

183 705 272 740 mitti
301 705 421 751 potuit
450 705 498 741 ad
525 705 717 751 legitimam
743 706 993 743 hereditatem.
1028 711 1185 743 ceterum
1214 707 1271 742 si²

182 750 290 785 fuerit
314 750 432 796 capite
453 750 623 793 minutus,
648 751 817 796 aequales
839 755 963 797 partes
985 751 1181 789 habebunt.

227 793 253 832 2
286 795 515 831 Poupomvs
546 796 637 831 libro
672 800 803 842 quarto
839 801 988 832 senatus
1024 797 1268 833 consultorum

182 840 253 876 Sed
281 841 313 876 si
340 841 388 885 is,
420 840 480 877 cui
509 841 770 894 adsignassem,
802 841 1017 879 decessisset
1044 842 1171 878 relicto
1195 842 1267 878 filio

182 889 218 921 et
245 885 359 921 fratre
388 890 424 922 et
452 885 600 922 alterius
623 890 768 931 patrem
788 885 880 930 filio,
913 887 1095 924 semissem
1124 888 1268 923 habitu-

183 942 260 966 rum
290 941 371 966 eum
399 935 585 976 nepotem,
622 942 726 976 quem
762 935 859 968 esset
888 932 984 969 filius
1014 943 1114 968 meus
1145 933 1177 968 is
1207 933 1268 978 qui

183 976 266 1011 vivit
281 976 480 1013 habiturus.
505 976 537 1012 si
555 987 618 1022 ego
636 986 718 1012 eum
735 976 902 1012 libertum
918 988 992 1013 non
1012 978 1267 1023 adsignassem.

226 1018 251 1059 3
283 1020 478 1057 nmmos
492 1021 583 1057 libro
600 1027 731 1067 quarto
747 1022 884 1058 decimo
898 1023 948 1058 ad
962 1022 1137 1059 Sabinum
1170 1023 1268 1059 Idem

181 1065 249 1102 erit
272 1065 462 1102 dicendum
484 1070 521 1102 et
537 1066 569 1102 si
587 1066 629 1109 is,
654 1066 715 1111 qui
730 1066 842 1102 filium
861 1070 897 1103 et
915 1071 1083 1113 nepotem
1099 1068 1267 1111 habebat,

182 1111 302 1157 nepoti
337 1111 504 1146 libertum
539 1111 796 1156 adsignaverit:
837 1112 1045 1148 admittetur
1075 1123 1187 1166 nepos
1223 1113 1269 1149 ad

179 1157 372 1202 legitimam
395 1156 642 1199 hereditatem,
666 1157 749 1192 licet
768 1157 815 1193 sit
835 1157 982 1194 alterius
1000 1162 1145 1203 patrem
1162 1158 1267 1201 filius,

181 1205 218 1237 et
249 1202 319 1237 hoc
353 1201 526 1246 contingit
583 1203 675 1236 atrui
708 1202 801 1237 vita:
841 1208 999 1238 ceterum
1034 1203 1065 1238 si
1100 1203 1161 1238 ille
1196 1214 1269 1239 non

180 1250 293 1290 esset,
321 1246 409 1281 nihil
433 1247 465 1282 ei
488 1257 554 1291 pro
580 1251 677 1282 esset
700 1246 900 1292 adsignatio
924 1248 971 1283 ad
995 1247 1268 1284 deminuendum

184 1296 197 1327 l
247 1292 304 1328 ius
334 1291 480 1327 alterius
511 1291 655 1336 patroni
686 1292 761 1326 tilii.
810 1291 922 1328 Posse
946 1296 1065 1328 autem
1089 1297 1125 1329 et
1147 1294 1270 1338 nepoti

180 1336 360 1389 adsignari
384 1340 521 1371 certum
543 1337 623 1372 est³
645 1340 683 1372 et
730 1337 880 1372 raeferri
903 1337 977 1374 filio
1007 1343 1174 1383 nepotem
1205 1338 1269 1374 ad-

181 1385 201 1418 2
248 1381 438 1427 signatoris
470 1384 624 1417 constat.
705 1381 775 1417 nde
807 1383 932 1428 quaeri
960 1384 1111 1436 poterit,
1141 1393 1207 1426 an,
1239 1384 1271 1420 si

179 1427 290 1462 filium
314 1427 446 1462 habeat
469 1430 506 1462 et
529 1437 573 1462 ex
597 1436 638 1462 eo
663 1430 849 1471 nepotem,
879 1432 1012 1473 poss1t‚
1046 1429 1149 1474 quasi
1180 1429 1269 1465 duos

179 1473 312 1507 habeat
338 1471 376 1506 in
406 1475 604 1516 potestate,
637 1472 693 1507 ius
724 1476 871 1508 senatus
903 1473 1058 1509 consulti
1087 1474 1268 1510 inducere.

178 1517 216 1552 in
239 1527 311 1562 qua
334 1517 453 1561 specie
477 1527 558 1552 cum
581 1517 747 1562 placeat⁴
772 1517 879 1553 etiam
903 1518 947 1561 ei,
972 1519 1034 1563 qui
1050 1519 1088 1554 in
1107 1523 1269 1564 potesta-

179 1564 276 1598 tem⁵
299 1572 489 1597 recasurus
516 1566 581 1605 est,
607 1561 788 1606 adsignari
811 1573 923 1608 quare
945 1574 1019 1600 non
1037 1564 1268 1608 admittimus,

179 1618 260 1643 cum
285 1611 403 1642 utrum
428 1618 474 1642 ue
497 1617 577 1642 esse
599 1607 637 1642 in
692 1611 845 1644 otestate
873 1618 1005 1654 negare
1035 1619 1110 1644 non
1139 1620 1268 1654 possu-

180 1655 199 1688 3
250 1653 353 1687 mus?
487 1655 607 1687 autem
640 1618 689 1687 ag
715 1652 909 1697 legitimam
940 1654 1175 1690 hereditatem
1206 1655 1268 1690 ad-

180 1697 270 1732 mitti
292 1697 409 1743 possit
431 1697 491 1732 hic
516 1697 577 1742 qui
601 1701 655 1732 est
676 1698 715 1732 in
736 1702 927 1742 potestate,
951 1699 1102 1734 tractari
1152 1700 1268 1735 eterit.

180 1747 216 1778 et
240 1754 321 1778 cum
343 1742 447 1777 multi
470 1742 542 1778 sint
565 1753 687 1785 casus,
721 1743 851 1788 quibus
880 1747 916 1780 et
946 1744 1114 1780 libertum
1185 1745 1270 1780 bere

179 1789 239 1834 qui
262 1788 300 1823 in
350 1791 502 1823 otestate
526 1792 582 1823 est
604 1788 736 1832 possit,
762 1799 829 1823 cur
850 1799 923 1824 non
946 1789 1016 1825 hoc
1040 1801 1182 1843 quoque
1205 1790 1267 1825 ad-

179 1834 304 1869 mitten
331 1844 389 1867 um
412 1833 475 1875 sit,
511 1837 549 1867 ut
576 1843 642 1877 per
665 1842 746 1868 eum
769 1837 874 1878 pater
896 1833 943 1869 ad
965 1834 1143 1879 legit1mae
1166 1835 1268 1870 here-

179 1878 300 1914 ditatis
325 1877 559 1913 admittatur⁶
581 1877 884 1914 emolumentum?
909 1880 1004 1924 quod
1020 1883 1056 1916 et
1071 1880 1160 1915 Pom
1187 1881 1268 1916 onio

179 1927 275 1959 recte
295 1923 445 1959 videtur.
481 1923 615 1958 habent
638 1927 759 1958 autem
781 1924 929 1960 libertos
954 1924 1062 1960 etiam
1081 1924 1146 1960 filii
1181 1926 1269 1960 ami-

180 1969 257 2011 lias,
285 1972 325 2004 ut
347 1972 437 2013 puta
459 1969 490 2003 si
515 1972 732 2004 castrensem
756 1979 896 2004 servum
919 1980 1044 2005 eorum
1067 1971 1170 2015 quis⁷
1194 1981 1268 2006 ma-

179 2018 199 2050 4
246 2013 442 2049 numiserit.
498 2013 754 2058 Emancipatos
786 2025 928 2060 quoque
959 2015 1052 2050 filios
1082 2015 1177 2059 eius,
1210 2017 1270 2051 cui

179 2059 386 2103 adsignatus
419 2062 473 2094 est
502 2059 672 2101 libertus,
701 2059 836 2094 habere
867 2060 1091 2096 commodum
1122 2064 1268 2097 senatus

180 2104 335 2140 consulti
358 2107 465 2148 puto,
497 2114 570 2139 non
601 2107 642 2138 ut
665 2103 710 2138 ad
733 2104 925 2149 legitimam
948 2105 1181 2141 hereditatem
1205 2106 1266 2141 ad-

180 2153 199 2185 5
247 2149 453 2192 mittantur,
484 2148 547 2184 sed
577 2147 623 2183 ad
652 2158 695 2183 ea
726 2159 818 2193 quae
846 2154 1009 2194 possunt.
1064 2150 1267 2186 Secundum

179 2193 275 2240 quod
302 2194 430 2229 liberto
460 2194 630 2229 intestato
662 2193 851 2237 defuncto,
882 2196 1050 2240 quoniam
1080 2195 1126 2231 ad
1152 2196 1266 2241 legiti-

179 2250 273 2275 mam
296 2239 528 2274 hereditatem
553 2238 692 2274 admitti
715 2250 788 2275 non
810 2244 974 2285 possunt,
998 2240 1199 2284 videndum,
1223 2252 1268 2277 ne

179 2284 413 2320 admittatur*
448 2284 542 2319 filius
574 2284 810 2329 adsignatoris
847 2284 886 2320 in
913 2285 1049 2320 familia
1079 2296 1267 2322 remanens

178 2341 227 2366 an
249 2330 346 2365 non?
378 2333 413 2365 et
435 2335 556 2374 putem
581 2330 826 2375 emancipatos
848 2340 914 2375 per
937 2334 1139 2383 praetorem
1162 2342 1268 2376 prae-

179 2380 199 2410 6
245 2374 423 2410 ferendos.
460 2375 611 2410 Liberos
635 2377 755 2410 autem
779 2375 867 2418 eius,
892 2386 951 2411 cui
974 2376 1181 2421 adsignatus
1201 2381 1266 2420 est,

180 2420 344 2466 accipere
368 2419 537 2456 debemus
561 2430 634 2455 non
657 2420 774 2455 solum
797 2420 902 2462 filios,
927 2431 1049 2457 verum
1074 2422 1181 2457 etiam
1203 2432 1266 2458 ne-

179 2468 196 2500 '1
273 2469 348 2501 otes
373 2470 409 2500 et
432 2469 557 2510 neptes
583 2468 619 2500 et
638 2465 805 2510 deinceps
825 2465 1093 2502 descendentes.
1130 2467 1167 2502 Si
1186 2467 1266 2512 quis

179 2510 249 2546 duo
276 2522 319 2546 us
343 2510 421 2546 adsi
470 2510 582 2545 averit
604 2509 774 2546 libertum
796 2514 833 2546 et
856 2511 948 2547 alter
970 2512 1007 2546 in
1027 2511 1169 2548 civitate
1188 2522 1267 2548 esse

181 2556 258 2592 sine
282 2555 404 2591 liberis
451 2555 582 2597 esierit,
606 2555 697 2591 alter
719 2566 803 2598 non,

225 2599 251 2637 4
285 2600 515 2635 POMPONIUS
546 2600 638 2636 libro
671 2605 803 2646 quarto
838 2605 989 2636 senatus
1022 2602 1266 2638 consultorum

179 2645 234 2681 vel
263 2645 388 2681 vivus⁹
417 2645 574 2681 noluerit
603 2645 651 2681 ad
681 2655 720 2681 se
751 2645 984 2682 hereditatem
1014 2646 1134 2683 liberti
1156 2648 1266 2693 perti-

180 2700 277 2772 κζ’
291 2734 498 2787 Πιηᾼςνυε.
524 2734 615 2770 libro
642 2739 789 2788 ‘quarto
827 2735 964 2772 decimo
1004 2736 1055 2772 ad
1070 2782 1078 2789 ·
1092 2735 1265 2774 Sabinum

182 2784 301 2815 utrum
325 2783 444 2824 portlo
468 2789 560 2822 eius,
591 2791 651 2825 qm
673 2791 712 2815 1n
736 2780 879 2816 clvitate
902 2790 982 2816 esse
1005 2781 1110 2817 desiit
1133 2782 1188 2818 vel
1210 2793 1265 2817 re-

181 2824 359 2870 pudiavit,
388 2825 424 2859 in
447 2823 617 2860 familiam
641 2825 792 2861 redeat?
826 2836 873 2861 an
896 2836 979 2862 vero
1004 2827 1036 2861 ei
1085 2827 1179 2863 otius
1203 2828 1265 2863 ad-

180 2874 332 2912 crescat,
355 2869 393 2903 in
418 2870 519 2905 cuius
542 2880 698 2914 persona
722 2871 831 2906 durat
853 2838 1083 2916 adsignatio&
1109 2876 1144 2907 et
1158 2872 1264 2908 Iulia-

180 2926 248 2951 nus
271 2914 363 2950 libro
387 2915 671 2966 septuagensimo
688 2917 812 2961 quinto
828 2916 974 2961 scripsit
986 2917 1266 2962 adsignationem

179 2961 217 2995 in
239 2959 346 2995 huius
371 2959 483 2995 sohus
506 2970 660 3005 persona
683 2961 800 2997 locum
828 2961 962 2997 habere
993 2966 1029 2997 et
1058 2962 1173 2998 solum
1203 2963 1265 2998 ad-

187 3008 201 3040 1
250 3004 477 3047 mittendum,
511 3004 606 3049 quod
636 3010 691 3041 est
714 3016 846 3041 verum.
895 3006 998 3052 Quod
1027 3007 1059 3043 si
1088 3018 1160 3044 non
1189 3008 1267 3044 sine

181 3050 301 3086 liberis
325 3048 528 3093 decesserit,
554 3060 599 3084 an
624 3061 705 3085 cum
728 3051 805 3087 vivo
821 3051 1081 3087 admittantur?
1113 3057 1148 3088 et
1189 3057 1268 3088 utat

180 3095 300 3131 adhuc
323 3094 436 3130 solum
455 3094 721 3140 admittendum,
746 3096 915 3132 defuncto
935 3101 1055 3133 autem
1074 3107 1116 3134 eo
1134 3098 1160 3133 li
1186 3108 1266 3134 eros

181 3140 329 3176 alterius
353 3139 564 3182 succedere,
596 3151 668 3175 non
691 3141 728 3176 in
752 3141 922 3177 familiam
946 3142 1111 3178 libertum
1135 3143 1264 3179 redire.

181 3188 201 3219 2
249 3184 320 3220 Sed
350 3185 381 3220 si
411 3194 455 3219 ex
484 3184 624 3220 duobus
647 3186 725 3221 istis
748 3186 840 3222 alter
862 3187 973 3230 filios,
1005 3188 1096 3223 alter
1117 3198 1162 3224 ne
1189 3193 1266 3225 otes

182 3230 374 3275 reliquerit,
398 3240 444 3265 an
468 3229 574 3266 simul
598 3230 643 3265 ad
667 3231 856 3275 legitimam
880 3232 1113 3268 hereditatem
1136 3244 1159 3268 a
1220 3234 1264 3268 it·

181 3276 328 3310 tantur?
361 3279 400 3311 et
421 3278 509 3320 puto
534 3274 693 3310 ordinem
717 3276 809 3311 inter
831 3287 893 3313 eos
917 3277 1130 3313 faciendum.

227 3318 253 3358 6
277 3320 515 3356 Muccurum
533 3320 624 3356 libro
647 3321 797 3366 septimo
822 3323 1082 3358 institutionum
1130 3323 1167 3359 Si
1190 3334 1264 3360 ser-

180 3375 246 3401 vus
276 3365 368 3401 liber
396 3375 476 3401 esse
504 3365 625 3402 iussus
654 3364 764 3401 fuerit
793 3371 830 3401 et
853 3366 925 3403 filie
949 3367 962 3402 1
1028 3372 1105 3411 tus,
1137 3367 1266 3404 deinde

181 3411 279 3446 vivus
309 3414 461 3446 testator
490 3420 572 3446 eum
602 3410 863 3453 manumiserit‚
895 3412 942 3447 ad
1013 3413 1084 3448 ‘um
1114 3413 1265 3449 libertus

182 3455 282 3501 quasi
313 3454 520 3501 adsignatus
550 3455 717 3502 pertinet.
762 3454 833 3492 hoc
866 3457 917 3491 ita
946 3461 1018 3501 est,
1055 3458 1128 3494 sive
1141 3459 1170 3480 ¹⁰
1203 3468 1263 3494 ex-

552 661 720 706 quamdiu
751 661 865 697 frater
894 661 971 698 eius
1002 661 1098 697 vivat
1127 662 1183 697 vel
1205 662 1269 697 ad-

183 3572 222 3604 (ι)
246 3578 315 3601 uno
328 3569 584 3613 ins.Hoffinann
658 3571 703 3611 (2)
726 3578 796 3602 non
807 3568 911 3603 tuerit
923 3569 976 3603 vel
989 3572 1047 3604 inu.

183 3617 252 3647 tum
265 3615 314 3647 est
333 3614 393 3647 del.
511 3615 554 3656 (4)
578 3624 655 3647 enm
665 3613 797 3658 placeat
815 3615 878 3649 del.
993 3620 1035 3652 (5)
1061 3619 1222 3659 potestate
1237 3616 1273 3650 F

183 3662 227 3699 (e)
251 3658 446 3691 admittetur
467 3660 499 3691 F
608 3663 651 3700 (7)
676 3659 753 3702 quis
772 3660 835 3694 del.
850 3659 884 3693 F
885 3661 901 3682 ²
1013 3662 1060 3701 (8)
1084 3661 1264 3694 videndum

183 3703 421 3737 admittatume
432 3717 494 3737 scr.
576 3707 621 3746 (ο)
645 3703 751 3747 vim]
765 3704 861 3738 onius
873 3704 925 3737 F*
1011 3708 1070 3746 (ιο)
1095 3706 1123 3737 si
1137 3705 1188 3739 vel
1199 3719 1261 3740 ser.

1256 85 1343 135 574

1318 1312 1320 1314 ν
1342 1296 1356 1328 1
1406 1298 1444 1329 et
1462 1293 1638 1329 bonorum

1125 3544 1172 3613 (8)Ι
1192 3581 1263 3605 eorb
1331 3572 1387 3613 (ιι)
1411 3573 1572 3614 poterunt
1583 3572 1657 3605 edd.

1508 0 1578 57 Lx

1567 58 1576 109 ἶ
1794 102 1858 135 ΒΕ
1886 102 2190 137 Ansmlunms
2218 104 2420 138 lamnam

1341 214 1596 302 gffisfflgssggt
1617 211 1685 294 :gil
1702 215 1814 303 αἰξὶ-ἕ
1827 211 2253 304 Ιίἰὶῗὲξξιθιῗιῇιέεἳὲιιὲεᾪιί

1583 283 1592 300 ,
2225 286 2234 295 .

1388 298 1412 338 7
1437 301 1639 338 Scarus
1665 302 1756 339 libro
1779 303 1935 339 secundo
1965 303 2174 350 reqularum
2221 304 2421 351 Adsignare

1341 349 1377 381 et
1399 356 1488 391 pure
1511 349 1548 382 et
1570 347 1638 383 sub
1656 347 1874 391 condicione,
1899 351 1935 383 et
1952 358 2018 393 per
2035 348 2223 393 epistulam
2238 350 2294 385 vel
2310 355 2419 386 testa-

1340 391 1473 427 tionem
1495 391 1552 427 vel
1575 391 1739 437 chirogra
1764 393 1848 428 hum
1871 403 2078 438 possumus,
2111 394 2195 438 quia
2223 394 2420 440 adsignatio

1340 436 1458 471 liberti
1481 446 1595 488 neque
1618 437 1721 482 quasi
1821 442 1897 473 tum
1919 448 2034 482 neque
2053 439 2156 482 quasi
2174 438 2419 476 fideicommis-

1340 491 1420 516 sum
1447 481 1664 526 percipitur:
1699 482 1851 528 denique
1881 493 1947 519 nec
1979 483 2250 520 fideicommisso
2282 486 2421 522 onerari

1365 529 1469 561 otest.

1340 537 1363 571 p
1386 567 1411 608 8
1434 569 1691 608 Mons-smus
1708 572 1799 608 libro
1812 574 1963 619 septimo
1980 573 2268 619 differentiarum
2301 574 2422 611 Liberi

1338 615 1483 661 patroni
1507 625 1719 660 quamquam
1742 621 1779 653 et
1799 617 1870 662 ipsi
1892 617 1930 652 in
1952 618 2132 663 plerisque
2156 619 2273 655 causis
2296 630 2421 655 manu-

1338 660 1497 696 missorIs
1528 661 1607 697 iure
1637 666 1843 705 censentur,
1880 667 1999 698 tamen
2032 667 2221 708 paternum
2256 664 2423 700 libertum

1338 706 1459 741 liberis
1483 705 1558 742 suis
1583 706 1660 742 adsi
1709 717 1770 743 are
1793 718 1865 743 non
1887 710 2131 760 potuerunt¹¹,
2163 708 2302 744 etiamsi
2323 710 2376 745 eis
2400 720 2423 746 a

1338 754 1487 831 paruente
1509 751 1631 832 fugritt
1642 717 1790 797 affiigna
1790 756 1867 787 tus:
1892 752 1999 798 idque
2023 757 2060 788 et
2082 753 2198 788 Iulian·
2199 764 2243 790 us
2266 758 2303 790 et
2324 755 2421 791 Mar-

1339 806 1379 831 ce
1406 806 1450 831 us
1501 807 1541 832 ro
1568 806 1641 831 an.

1384 838 1409 879 9
1434 807 1542 876 1121}ss
1566 841 1656 877 libro
1686 852 1780 877 nono
1802 841 2071 888 pandectarum
2123 841 2252 879 Utrum
2279 844 2314 879 ei
2342 848 2422 880 tan-

1337 889 1413 921 tum
1446 886 1506 930 qui
1536 886 1574 922 in
1604 890 1782 932 potestate
1811 887 1859 922 sit
1887 896 1935 921 an
1964 887 2071 922 etiam
2102 889 2326 933 emancipato
2348 889 2422 926 filio

1337 931 1528 977 adsignare
1564 931 1731 967 libertum
1768 936 1942 977 patronus
1978 932 2109 976 possit,
2147 933 2178 968 si
2211 934 2316 970 modo
2352 946 2424 971 non

1336 976 1529 1021 pauciores
1582 987 1665 1012 uam
1696 976 1786 1012 duos
1809 980 1997 1021 praeterea
2019 977 2054 1011 in
2078 981 2256 1022 potestate
2279 979 2422 1023 habeat,

1338 1021 1500 1057 dubitari
1523 1032 1563 1058 so
1579 1025 1631 1057 et:
1655 1026 1692 1058 et
1714 1022 1826 1066 magis
1850 1025 1906 1057 est
1927 1031 2045 1067 posse.

1387 1065 1437 1105 10
1464 1067 1687 1103 Tfflefflvrms
1707 1066 1886 1103 Casurus
1901 1066 1992 1102 libro
2011 1067 2221 1102 duodecimo
2241 1068 2291 1103 ad
2308 1068 2422 1115 leqem

1338 1111 1473 1148 Iuliam
1490 1115 1527 1148 et
1542 1111 1698 1159 Papiam
1735 1112 1810 1147 Sub
1829 1111 2038 1148 condicione
2054 1112 2111 1147 vel
2126 1112 2165 1147 in
2183 1112 2277 1148 diem
2294 1113 2423 1150 liberto

1338 1157 1526 1203 adsignato
1550 1157 1692 1192 interim
1715 1156 1892 1202 pendente
1916 1157 1973 1192 die
1995 1156 2051 1192 vel
2075 1157 2282 1194 condicione
2306 1161 2424 1195 omnia

1337 1202 1486 1247 perinde
1510 1202 1815 1245 observabuntur,
1844 1212 1889 1237 ac
1917 1202 1947 1237 si
1976 1202 2183 1247 adsignatus
2214 1213 2287 1239 non
2310 1209 2422 1240 esset:

1338 1249 1459 1293 itaque
1483 1252 1624 1283 mortuo
1649 1257 1691 1283 eo
1714 1247 1855 1299 interim
1878 1247 2070 1300 adomnes
2094 1247 2226 1300 liberos
2245 1249 2424 1303 hereditas

1337 1338 1405 1374 sub
1431 1338 1640 1374 condicione
1653 1292 2051 1389 Ἧὶῗέἓῗιῗέοαξίξῗὲιζιθῗῒῗὲ
2058 1291 2132 1379 sits,1
2140 1303 2232 1382 effi
2238 1295 2425 1391 Pdgie’pffi

1338 1383 1546 1428 adsignatus
1570 1383 1626 1427 sit,
1649 1382 1827 1428 pendente
1847 1382 2055 1418 condicione
2072 1383 2188 1419 solum
2206 1388 2350 1429 patrom
2366 1385 2424 1421 ius

1338 1428 1472 1464 habere
1495 1427 1684 1463 dicendum
1707 1431 1772 1464 est.

1387 1472 1434 1510 11
1463 1472 1710 1508 Pennus-vs
1736 1472 1828 1508 libro
1852 1475 1984 1518 quarto
2008 1472 2145 1508 decimo
2168 1483 2423 1519 responsorum

1337 1518 1598 1554 Alimentorum
1621 1528 1732 1554 causa
1754 1518 1901 1553 libertos
1925 1517 2006 1553 filiis
2030 1517 2231 1554 adtributos
2253 1517 2337 1555 filiis
2360 1521 2422 1555 ad-

1337 1563 1497 1608 signatos
1520 1574 1594 1599 non
1615 1563 1728 1598 videri
1749 1562 1928 1615 respondi,
1954 1573 2035 1597 cum
2058 1573 2103 1598 ea
2125 1562 2263 1599 ratione
2286 1564 2423 1601 libertis

1339 1608 1479 1644 consuli
1495 1612 1669 1654 patronus
1688 1608 1851 1650 voluerit,
1871 1618 1941 1652 quo
1959 1607 2100 1643 facilius
2119 1607 2310 1644 voluntatis
2327 1619 2423 1646 emo-

1337 1654 1535 1689 lumentum
1558 1657 1834 1698 consequantur,
1858 1653 1955 1688 salvo
1979 1653 2058 1688 iure
2082 1653 2272 1689 communi.

1387 1696 1438 1735 12
1470 1698 1700 1734 POMPONIUS
1734 1698 1825 1734 libro
1857 1698 2066 1734 duodecimo
2097 1699 2334 1745 epistularum
2386 1699 2424 1736 Si

1339 1754 1383 1779 ex
1419 1744 1559 1779 duobus
1590 1743 1751 1789 patronis
1783 1743 1875 1778 alter
1903 1753 2027 1779 eorum
2056 1743 2129 1779 filio
2160 1754 2226 1779 suo
2257 1744 2423 1781 libertum

1338 1788 1588 1834 adsignaverit,
1613 1799 1686 1824 non
1710 1789 1839 1830 obstat,
1866 1798 1935 1832 quo
1960 1788 2076 1824 minus
2099 1788 2192 1824 alter
2209 1794 2383 1834 patronus
2397 1792 2423 1812 ¹⁷

1337 1834 1394 1870 ius
1419 1834 1571 1869 solidum
1594 1844 1700 1869 suum
1721 1834 1882 1869 haberet.

1387 1876 1437 1917 13
1464 1878 1570 1914 loru
1585 1879 1676 1915 libro
1694 1882 1826 1925 quarto
1845 1882 1994 1913 senatus
2011 1879 2255 1915 consultorum
2297 1880 2423 1916 Testa-

1337 1929 1456 1960 mento
1507 1927 1600 1960 otest
1623 1924 1702 1968 quis
1727 1927 1763 1960 et
1785 1933 1925 1959 servum
1948 1923 2196 1960 manumittere
2219 1928 2256 1960 et
2273 1925 2423 1961 eundem

1341 1973 1355 2004 1
1405 1974 1446 2004 ut
1504 1970 1643 2005 bertum
1675 1969 1876 2013 adsignare.
1924 1968 1980 2004 De
2010 1968 2151 2011 liberis,
2183 1969 2245 2014 qui
2272 1974 2358 2005 sunt
2386 1971 2423 2007 in

1337 2019 1527 2094 gotestate,
1551 2019 1698 2050 senatus
1721 2015 1863 2050 locutus
1883 2018 1955 2049 est:
1981 2024 2064 2059 ergo
2082 2014 2126 2050 de
2142 2015 2316 2059 postumis
2335 2016 2423 2052 nihil

1363 2070 1406 2096 oc
1426 2063 1573 2096 senatus
1592 2060 1756 2095 consulto
1774 2058 1955 2104 provisum
1975 2063 2049 2094 est:
2073 2059 2186 2104 magis
2199 2064 2320 2096 tamen
2334 2065 2423 2106 puto

1337 2108 1357 2140 2
1405 2105 1511 2141 etiam
1530 2108 1716 2150 postumos
1735 2104 1919 2141 contineri.
1956 2103 2060 2148 Quod
2079 2105 2194 2148 inquit
2211 2109 2357 2142 senatus
2381 2107 2423 2143 ‘si

1337 2152 1392 2185 ‘ex
1414 2150 1538 2186 liberis
1563 2150 1642 2195 quis
1665 2150 1703 2185 in
1728 2150 1870 2185 civitate
1900 2159 1979 2185 esse
2002 2149 2174 2192 desisset',
2205 2160 2287 2186 eum
2315 2151 2422 2197 signi-

1335 2195 1431 2239 ficat,
1457 2195 1518 2240 qui
1539 2196 1577 2230 in
1600 2199 1814 2240 perpetuum
1836 2195 1874 2229 in
1898 2194 2040 2230 civitate
2064 2205 2142 2231 esse
2165 2195 2318 2238 desierit,
2350 2207 2422 2233 non

1337 2243 1356 2275 3
1403 2240 1512 2276 etiam
1529 2240 1561 2276 si
1578 2240 1656 2285 quis
1675 2241 1721 2276 ab
1738 2240 1904 2276 hostibus
1919 2244 2047 2285 eaptus
2060 2240 2189 2276 reverti
2202 2241 2328 2286 possit.
2364 2242 2422 2278 Ex

1337 2285 1393 2321 die
1416 2296 1557 2331 quoque
1581 2290 1681 2320 certa
1703 2285 1883 2330 adsignari
1902 2289 2032 2330 potest,
2057 2285 2121 2321 sed
2141 2296 2254 2330 usque
2272 2286 2310 2321 in
2329 2286 2422 2323 diem

1337 2334 1473 2366 certum
1503 2330 1562 2366 ⁸bix
1592 2334 1730 2375 potest:
1768 2341 1850 2365 nam
1880 2330 1958 2375 ipse
1990 2334 2134 2366 senatus
2165 2331 2249 2366 huic
2279 2332 2422 2377 negotio

1336 2375 1441 2411 finem
1464 2375 1683 2421 praeposuit.

1833 2510 1920 2552 V¹⁸.

1358 2579 1401 2612 s1
1425 2579 1534 2616 QUID
1560 2579 1611 2611 m
1634 2578 1857 2616 FRAUDEM
1880 2577 2079 2611 PATRONI
2105 2577 2293 2611 merum
2315 2579 2396 2614 srr.

1386 2644 1403 2683 1
1439 2645 1634 2681 Urmrvvs
1653 2645 1745 2681 libro
1768 2644 2072 2691 quadraqensimo
2095 2648 2226 2690 quarto
2255 2644 2306 2680 ad
2326 2645 2420 2683 edio-

1337 2694 1410 2726 tum
1457 2690 1496 2726 Si
1524 2690 1610 2735 quid
1640 2689 1723 2726 dolo
1751 2690 1846 2726 malo
1868 2689 1988 2724 liberti
2012 2687 2146 2724 factum
2169 2699 2248 2726 esse
2270 2690 2419 2735 dicetur,

1336 2737 1409 2772 sive
1431 2739 1644 2771 testamento
1667 2735 1766 2771 facto
1789 2736 1863 2771 sive
1885 2735 2056 2770 intestato
2078 2734 2227 2770 libertus
2256 2734 2419 2772 decesse-

1335 2782 1393 2826 rit,
1418 2791 1490 2827 quo
1514 2781 1632 2816 minus
1655 2791 1762 2826 quam
1784 2791 1869 2825 pars
1894 2779 2015 2815 debita
2037 2779 2212 2815 bonorum
2229 2780 2275 2815 ad
2295 2790 2419 2816 eorum

1336 2837 1439 2872 quem
1459 2826 1652 2871 perveniat,
1678 2825 1739 2870 qui
1763 2829 1888 2861 contra
1910 2824 2054 2860 tabulas
2079 2825 2253 2860 bonorum
2275 2836 2418 2870 posses-

1336 2872 1471 2908 sionem
1494 2871 1658 2916 accipere
1681 2874 1849 2916 possunt:
1881 2869 2064 2950 cogitoso-it
2092 2874 2238 2923 praetor
2269 2874 2305 2922 et
2334 2881 2418 2916 ope·

1341 2922 1351 2951 1
1403 2927 1481 2952 ram
1512 2915 1592 2959 dat,
1625 2926 1670 2951 ne
1703 2925 1745 2950 ea
1775 2926 1834 2951 res
1863 2916 1896 2951 ei
1983 2914 2043 2950 udl
2072 2918 2130 2949 sit.
2183 2914 2221 2950 81
2250 2916 2418 2952 ahenatio

1335 2962 1417 2998 dolo
1445 2961 1540 2997 malo
1569 2961 1668 2996 facta
1698 2962 1760 3003 sit,
1792 2971 1865 2997 non
1896 2959 2098 3011 quaerimus
2106 2986 2126 3011 ,·
2147 2963 2265 2995 utrum
2293 2962 2418 2998 mortis

1336 3017 1448 3043 causa
1474 3006 1573 3042 facta
1604 3006 1650 3041 sit
1680 3016 1727 3041 an
1756 3017 1828 3042 non
1857 3006 1922 3041 sit:
1954 3015 2048 3040 omm
2071 3014 2164 3039 emm
2187 3005 2292 3040 modo
2315 3016 2416 3042 revo-

1336 3057 1450 3087 catur.
1497 3051 1527 3086 si
1555 3061 1638 3086 vero
1668 3062 1739 3086 non
1770 3051 1817 3086 sit
1846 3051 1928 3086 dolo
1957 3050 2051 3085 malo
2080 3049 2194 3090 facta,
2227 3050 2289 3085 sed
2316 3051 2416 3094 alias,

1335 3103 1421 3133 tunc
1444 3096 1559 3132 actori
1578 3096 1802 3141 probandum
1823 3096 1891 3132 erit
1906 3095 2029 3131 morfis
2050 3104 2160 3130 causa
2177 3094 2310 3130 factam
2330 3096 2416 3131 alie-

1335 3142 1527 3178 nationem.
1580 3141 1611 3176 si
1639 3142 1733 3177 enim
1767 3150 1949 3194 proponas
1982 3139 2106 3176 mortis
2139 3149 2251 3175 causa
2283 3139 2415 3176 factam

1334 3186 1594 3228 alienationem,
1619 3197 1692 3222 non
1715 3197 1755 3222 re
1779 3187 1939 3228 uinmus,
1964 3189 2082 3220 utrum
2107 3184 2189 3220 dolo
2209 3185 2302 3221 malo
2319 3185 2417 3222 facta

1334 3233 1381 3269 sit
1414 3242 1462 3267 an
1498 3242 1571 3267 non
1606 3232 1670 3267 sit:
1706 3243 1749 3267 su
1791 3232 1840 3267 cit
1869 3229 1962 3267 enim
1992 3230 2121 3266 docere
2151 3230 2274 3266 mortis
2305 3241 2417 3267 causa

1333 3278 1486 3320 factam,
1510 3287 1576 3312 nec
1599 3277 1790 3312 immerito:
1816 3275 1939 3312 mortis
1963 3285 2074 3310 causa
2096 3275 2190 3310 enim
2207 3274 2416 3312 donationes

1334 3326 1589 3367 comparantur
1619 3322 1744 3366 legatis
1775 3325 1812 3358 et
1841 3321 1935 3357 sicut
1964 3320 2003 3355 in
2031 3320 2156 3372 legatis
2180 3330 2252 3355 non
2275 3322 2414 3366 quaeri-

1334 3378 1430 3411 mus,
1462 3367 1543 3402 dolo
1573 3367 1668 3402 malo
1698 3366 1834 3402 factum
1863 3366 1910 3402 sit
1939 3375 1987 3400 an
2016 3376 2088 3400 non
2119 3368 2181 3406 eit,
2211 3364 2264 3400 ita
2287 3376 2354 3402 nec
2376 3366 2414 3402 in

1334 3416 1353 3447 2
1400 3412 1525 3448 mortis
1558 3422 1668 3447 causa
1699 3410 1962 3448 donationibus.
2015 3410 2117 3455 Quod
2145 3413 2262 3445 autem
2292 3412 2415 3447 mortis
2450 3426 2457 3429 κ

1333 3467 1445 3494 causa
1475 3456 1547 3492 filio
1580 3457 1751 3493 donatum
1780 3460 1854 3499 est,
1894 3466 1966 3491 non
1997 3458 2203 3491 revocatur:
2241 3465 2323 3491 nam
2356 3456 2413 3492 cui

1749 3571 1810 3613 (12)
1833 3572 1992 3613 patronos
2002 3571 2036 3604 F

1377 3618 1435 3656 (aa)
1461 3617 1541 3650 Sub.
1556 3623 1633 3651 ι..·.ο.
1647 3623 1748 3655 amn:
1768 3616 1835 3650 Ed.
1849 3623 1892 3650 12.
1906 3623 1957 3654 18:
1975 3616 2061 3659 Pap.
2075 3623 2155 3650 7.—
2165 3616 2247 3649 Βαε.
2263 3618 2316 3657 49,
2330 3624 2412 3650 ο.-

1336 3661 1387 3704 Cf.
1403 3661 1528 3703 Cod.6,
1540 3669 1558 3696 ι
