2528 3918
138 99 222 142 1111
252 102 279 141 6
1231 91 1288 138 64

137 231 242 257 nemo
268 230 391 256 eorum
415 221 492 254 erat
514 217 691 252 defensor.
727 227 810 253 nam
841 217 872 253 si
901 217 971 253 fuit
1000 219 1228 263 procurator,

139 277 221 303 cum
243 264 413 301 habueris
438 273 543 308 quem
568 262 778 305 convenias,
801 272 874 298 non
898 262 1005 298 debet
1026 261 1227 308 inquietari.

139 315 297 347 ceterum
321 310 352 344 si
375 319 447 344 non
471 307 648 343 existebat
671 306 849 350 defensor,
873 307 1128 354 aequissimum
1152 309 1230 341 erat

139 355 331 397 subveniri,
355 363 396 389 eo
421 352 560 398 potius,
585 351 682 397 quod
704 361 828 388 eorum
852 353 913 398 qni
936 363 1008 388 non
1032 351 1228 388 defendun-

139 406 209 443 tur,
235 400 265 435 si
289 398 431 444 quidem
454 397 615 440 latitent,
647 401 793 442 praetor
824 407 869 433 ex
900 397 1017 433 edicto
1041 397 1230 443 pollicetur

138 447 176 482 in
208 446 304 480 bona
335 453 458 479 eorum
472 443 483 464 ¹
516 442 676 484 mittere,
707 446 749 478 ut
782 442 813 478 si
841 453 899 478 res
934 443 1090 487 exegerit
1123 442 1230 476 etiam

138 490 393 531 distrahantur,
417 487 449 524 si
470 497 554 523 vero
573 498 647 523 non
666 487 817 530 latitent,
841 488 926 523 licet
945 498 1017 523 non
1038 486 1230 522 defendan-

139 538 159 572 3
206 539 276 577 tur,
300 534 339 569 in
362 534 457 569 bona
478 536 619 568 tantum
638 532 741 568 mitti.
789 532 943 568 Defendi
966 536 1085 567 autem
1105 542 1177 567 non
1199 531 1230 566 is

137 579 287 622 videtur,
313 579 414 614 cuius
439 587 478 614 se
501 577 672 614 defensor
694 578 841 623 ingerit,
866 577 931 612 sed
955 577 1016 622 qui
1038 587 1076 612 re
1102 576 1230 612 uisitus

139 626 184 661 ab
219 628 342 660 actore
372 634 447 659 non
470 623 550 659 est²
582 622 779 659 defensioni
811 622 1018 664 defuturus,
1053 633 1077 667 p
1093 631 1231 667 enaque

138 669 298 706 defensio
323 669 400 705 acci
425 669 530 711 ietur,
554 668 585 704 si
609 671 645 704 et
666 668 836 704 iudicium
859 678 932 703 non
956 667 1174 703 detrectetur
1195 670 1231 702 et

138 715 336 751 iudicatum
360 724 399 750 so
414 714 449 749 vi
471 713 676 749 satisdetur.

184 757 239 797 22
271 759 431 795 PAUzUs
462 758 555 795 libro
589 758 798 794 duodecimo
835 757 886 792 ad
919 757 1075 794 edictum
1132 756 1229 802 Ergo

137 805 322 841 sciendum
353 807 408 840 est
438 814 512 840 non
544 803 648 839 aliter
670 804 739 838 hoc
763 802 920 838 edictum
942 802 1062 838 locum
1084 801 1229 844 habere,

138 860 246 896 quam
269 850 300 886 si
323 849 429 885 amici
453 849 529 885 eius
552 848 760 893 interrogati
782 847 928 890 fuerint,
953 858 1000 883 an
1025 846 1228 890 defendant,

137 899 202 931 aut
224 895 256 931 si
278 905 382 930 nemo
406 894 464 937 sit,
489 894 549 939 qui
572 892 784 938 interrogari
806 895 937 938 potest.
973 893 1026 928 ita
1049 892 1143 928 enim
1165 892 1229 927 ab·

137 950 220 976 sens
245 939 387 976 defendi
409 940 507 975 non³
530 938 686 980 videtur,
719 938 749 973 si
781 941 883 973 actor
906 938 1002 973 ultro
1025 937 1230 983 interpellat

137 995 205 1022 nec
227 985 307 1031 quis
332 995 415 1020 uam
438 983 636 1020 defensioni
659 993 697 1018 se
721 982 866 1018 offerat:
900 992 1015 1028 eaque
1037 983 1230 1019 testatione

140 1034 156 1066 1
207 1040 311 1075 comp
326 1030 397 1065 ecti
428 1031 580 1074 oportet.
629 1027 730 1063 Sicut
751 1028 859 1072 igitur
882 1027 1011 1064 damno
1037 1038 1099 1064 eos
1123 1026 1230 1063 adfici

138 1078 159 1111 2
206 1085 279 1111 non
309 1075 404 1117 vult,
439 1074 491 1110 ita
521 1074 661 1108 lucrum
691 1072 812 1108 facere
835 1083 908 1108 non
930 1073 1077 1118 patitur.
1125 1072 1230 1118 Quod

138 1119 295 1157 edictum
316 1120 423 1155 etiam
442 1118 489 1154 ad
507 1118 663 1154 furiosos
684 1121 721 1153 et
739 1117 895 1154 infantes
916 1122 953 1154 et
973 1118 1135 1154 civitates
1146 1128 1228 1163 per-

136 1166 250 1201 tinere
273 1165 397 1200 Labeo
422 1165 482 1199 ait.

184 1207 238 1248 23
277 1209 472 1246 ULHANUS
504 1209 595 1244 libro
631 1208 840 1244 duodecimo
876 1208 928 1244 ad
958 1208 1113 1245 edictum
1167 1208 1231 1244 Ait

137 1258 300 1301 praetor:
327 1255 417 1289 ‘inve
440 1253 589 1289 vinculis
610 1257 714 1296 esset,
738 1263 904 1289 secumve
922 1253 1051 1299 agendi
1069 1256 1228 1299 potesta-

138 1304 221 1336 ‘tem
244 1310 317 1336 non
339 1299 497 1334 faceret‘.
533 1299 622 1334 haec
646 1308 801 1350 persona
823 1298 949 1334 merito
983 1298 1124 1334 adiecta
1154 1302 1227 1334 est:

138 1345 216 1381 fieri
240 1345 333 1381 enim
382 1347 509 1386 oterat,
534 1346 575 1378 ut
599 1353 676 1388 quis
700 1343 737 1378 in
760 1343 910 1379 vinculis
956 1353 1102 1380 raesens
1123 1347 1229 1387 esset,

137 1390 193 1426 vel
214 1390 253 1425 in
275 1355 421 1435 pubffca
444 1389 499 1424 vel
522 1389 559 1422 in
582 1388 723 1433 privata
744 1389 889 1424 vincula
937 1392 1062 1425 uetus:
1087 1399 1171 1424 nam
1195 1392 1231 1424 et

137 1445 219 1471 eum
242 1435 303 1480 qui
325 1434 363 1469 in
385 1433 535 1469 vinculis
560 1437 625 1475 est,
650 1433 680 1468 si
703 1433 809 1469 modo
833 1445 907 1470 non
927 1434 974 1470 sit
991 1435 1030 1470 in
1049 1434 1230 1477 servitute,

137 1490 244 1525 posse
262 1490 330 1515 usu
349 1478 536 1524 adquirere
549 1481 702 1513 constat.
737 1478 800 1514 sed
823 1482 859 1514 et
881 1479 912 1515 is
959 1479 997 1515 ui
1019 1479 1057 1515 in
1079 1479 1230 1515 vinculis

141 1528 155 1560 l
206 1528 260 1560 est
283 1524 314 1560 si
337 1523 560 1565 defendatur,
586 1527 704 1559 cessat
726 1524 917 1560 restitutio.
972 1535 990 1560 s
1013 1527 1144 1567 autem,
1169 1524 1230 1569 qui

138 1569 235 1614 apud
257 1570 379 1604 hostes
399 1572 464 1611 est,
488 1569 574 1603 nihil
594 1579 658 1613 per
678 1579 783 1604 usum
802 1569 871 1604 sibi
897 1569 943 1605 ad
968 1569 1085 1605 uirere
1110 1573 1231 1614 potest

137 1615 225 1650 nec⁴
251 1618 413 1659 coeptam
436 1614 699 1658 possessionem
722 1614 854 1658 poterit
875 1614 947 1667 imp
962 1624 1043 1657 ere,
1068 1614 1153 1650 dum
1175 1618 1231 1650 est

136 1658 233 1705 apud
266 1659 405 1695 hostes:
438 1659 508 1694 hoc
539 1659 692 1703 amplius
723 1669 791 1694 nec
823 1660 1041 1704 posthminio
1064 1670 1229 1696 reversus

137 1707 157 1739 2
203 1704 418 1749 reciperabit
440 1714 505 1749 per
527 1714 632 1739 usum
652 1703 797 1739 dominii
816 1704 1101 1750 adquisitionem.
1138 1705 1229 1740 Item

137 1750 187 1792 ei,
212 1749 273 1794 qui
295 1759 361 1794 per
384 1748 627 1794 captivitatem
650 1748 753 1784 fundi
776 1750 1039 1794 possessionem
1062 1750 1118 1786 vel
1141 1760 1228 1785 usus

135 1794 276 1830 fructus
288 1794 390 1839 quasi
401 1794 663 1846 possessionem
675 1794 803 1837 amisit,
826 1795 1108 1830 succurrendum
1118 1796 1132 1816 ⁵
1151 1805 1229 1830 esse

134 1839 356 1884 Papinianus
380 1843 442 1881 alt,
468 1842 503 1874 et
525 1838 665 1874 fructus
690 1850 832 1884 quoque
855 1840 971 1875 medio
996 1843 1158 1885 tempore
1181 1840 1227 1875 ab

135 1884 206 1919 alio
231 1894 276 1919 ex
297 1894 367 1919 usu
388 1883 510 1919 fructu
560 1887 723 1929 erceptos
756 1884 884 1920 debere
916 1885 1056 1930 captivo
1087 1885 1230 1920 restitui

137 1932 158 1964 3
205 1939 358 1980 aequum
369 1931 485 1974 putat.
558 1929 566 1936 ⁰
591 1929 709 1973 plane,
735 1929 795 1974 qui
817 1929 966 1965 fuerunt
987 1930 1026 1965 in
1048 1933 1229 1975 potestate

137 1974 287 2019 captivi,
320 1984 390 2009 usu
420 1984 495 2009 rem
519 1973 707 2019 adquirere
729 1977 882 2019 possunt
905 1985 949 2010 ex
971 1986 1012 2011 re
1034 1975 1227 2020 peculiari:

137 2022 174 2054 et
195 2028 349 2063 aequum
373 2018 439 2054 erit
462 2028 506 2054 ex
528 2019 597 2054 hac
622 2018 783 2054 clausula
806 2020 1072 2064 praesentibus,
1103 2020 1141 2056 id
1174 2023 1230 2056 est

160 2063 198 2099 ui
220 2074 294 2099 non
317 2067 403 2099 sunt
424 2063 462 2099 in
487 2064 713 2108 captivitate,
746 2064 944 2108 subveniri,
980 2065 1011 2101 si
1043 2076 1124 2101 cum
1155 2075 1228 2101 non

137 2074 415 2144 defenderentur
448 2112 663 2153 usucaptum
698 2108 783 2153 quid
817 2109 874 2145 sit.
919 2109 983 2146 sed
1019 2113 1055 2145 et
1088 2111 1119 2146 si
1154 2110 1228 2146 dies

136 2153 300 2196 actionis,
325 2163 417 2198 quae
440 2153 608 2188 adversus
632 2154 811 2198 captivum
833 2155 1068 2200 competebat,
1093 2155 1228 2198 exierit,

136 2201 158 2236 4
204 2202 435 2235 succurretur
458 2199 627 2234 adversus
648 2209 738 2234 eum.
775 2198 913 2235 Deinde
932 2200 1043 2235 adicit
1060 2203 1226 2246 praetor:

137 2248 312 2280 ‘secumve
335 2243 463 2290 agendi
486 2247 701 2288 potestatem
723 2254 797 2279 non
820 2243 980 2287 faceret’,
1004 2248 1046 2280 ut
1069 2245 1119 2288 si,
1144 2245 1228 2280 dum

136 2290 206 2326 hoc
236 2289 366 2332 faciat,
398 2299 463 2334 per
485 2299 589 2324 usum
613 2288 804 2334 adquisitio
827 2289 973 2334 impleta
995 2290 1052 2325 vel
1075 2289 1161 2335 quid
1185 2300 1229 2325 ex

136 2345 247 2380 supra
270 2334 411 2380 scriptis
436 2334 596 2378 contigit,
620 2334 797 2369 restitutio
823 2334 1062 2370 concedatur:
1087 2335 1226 2377 merito,

136 2390 204 2415 nec
235 2379 327 2414 enim
359 2378 493 2415 sufficit
524 2389 664 2424 semper
691 2379 729 2414 in
758 2379 1022 2424 possessionem
1051 2380 1228 2416 bonorum

137 2424 212 2460 eius
236 2425 347 2467 mitti,
379 2424 463 2477 quia
487 2434 529 2459 ea
550 2423 729 2460 interdum
752 2424 890 2469 species
915 2434 994 2461 esse
1016 2428 1154 2470 potest,
1186 2428 1227 2460 ut

135 2470 173 2504 in
204 2469 307 2505 bonis
337 2470 513 2505 latitantis
545 2469 638 2504 mitti
668 2480 741 2505 non
772 2470 888 2514 possit
909 2474 974 2505 aut
996 2481 1069 2506 non
1091 2470 1226 2505 latitet:

137 2514 230 2559 finge
254 2514 363 2557 enim,
388 2514 472 2550 dum
496 2513 748 2550 advocationes
772 2514 950 2559 postulat,
985 2515 1078 2551 diem
1101 2515 1226 2558 exisse,

137 2559 191 2594 vel
215 2559 299 2594 dum
323 2559 394 2595 alia
417 2570 517 2595 mora
539 2559 661 2595 iudicii
686 2559 868 2604 contingit.

184 2601 238 2641 24
262 2603 319 2639 ΡΛ
327 2614 370 2639 171.
378 2614 422 2640 vs
442 2605 534 2640 libro
566 2604 776 2640 duodecimo
808 2604 859 2640 ad
887 2604 1042 2641 edictum
1088 2603 1160 2640 Sed
1192 2607 1227 2640 et

138 2647 186 2683 ad
209 2658 270 2683 eos
294 2649 468 2694 pertinet,
493 2649 553 2694 qui
578 2650 742 2685 conventi
764 2649 985 2685 frustrantur
1009 2653 1045 2685 et
1068 2649 1227 2695 qualibet

137 2694 426 2745 tergiversatione
450 2697 486 2729 et
509 2694 667 2730 sollertia
690 2694 861 2738 efficiunt,
886 2705 932 2730 ne
956 2705 1038 2730 cum
1061 2695 1149 2740 ipsis
1169 2694 1226 2740 agi

164 2742 263 2773 ossit.

137 2748 162 2783 p
185 2780 237 2820 25
266 2782 388 2819 (ἔωσε
396 2783 485 2819 libro
499 2787 629 2829 quarto
642 2784 857 2821 adedictum
862 2784 1092 2831 provinciale
1123 2784 1227 2829 Quod

140 2827 280 2873 quidem
311 2828 416 2863 simili
446 2828 550 2863 modo
583 2829 630 2864 ad
661 2839 742 2864 eum
766 2839 908 2875 quoque
930 2830 1108 2875 pertinere
1130 2829 1225 2865 dice-

138 2882 238 2914 mus,
262 2873 324 2917 qui
345 2883 418 2908 non
440 2872 636 2908 frustrandi
658 2874 773 2918 gratia
796 2875 833 2910 id
855 2874 1010 2918 faceret,
1043 2874 1106 2910 sed
1130 2874 1226 2920 quod

138 2917 363 2953 multitudine
386 2927 503 2952 rerum
527 2918 806 2963 distringeretur.

185 2959 239 2999 26
270 2961 464 2998 Ulmanus
484 2963 574 2998 libro
599 2964 807 3000 duodecimo
831 2965 882 3000 ad
903 2965 1057 3001 edictum
1101 2963 1171 3000 Sed
1191 2968 1227 3000 et

141 3011 156 3042 1
195 3007 227 3043 si
246 3017 311 3053 per
324 3010 531 3086 ¹praetorem
553 3008 661 3060 stetit,
683 3010 860 3046 restitutio
872 3009 1125 3055 indulgebitur.
1149 3009 1224 3045 Ad-

137 3062 262 3088 versus
285 3062 324 3087 re
338 3056 478 3096 egatum
501 3054 759 3089 restitutionem
782 3054 983 3091 faciendam
1007 3065 1051 3090 ex
1069 3054 1226 3100 generali

139 3096 301 3133 clausula
322 3096 540 3142 Pomponius
565 3098 632 3133 ait:
668 3099 731 3134 sed
763 3111 834 3135 non
868 3104 904 3135 et
932 3100 1002 3145 ipsi
1027 3099 1224 3136 conceden-

139 3141 233 3184 dam,
257 3141 342 3187 quia
363 3142 481 3186 potuit
504 3147 770 3186 procuratorem
795 3144 882 3180 relin
908 3155 1012 3181 uere:
1048 3155 1092 3180 ex
1115 3154 1226 3181 causa

138 3189 160 3223 2
205 3191 326 3222 tamen
349 3190 436 3231 puto
461 3187 566 3221 etiam
590 3188 657 3238 ipsi
689 3199 881 3225 succurren
908 3201 978 3225 um.
1025 3190 1088 3225 Ait
1118 3199 1224 3242 prae-

136 3236 214 3268 tor:
240 3234 317 3268 ‘aut
339 3241 421 3267 cum
445 3241 524 3266 eum
548 3232 694 3267 invitum
718 3234 755 3267 in
778 3235 832 3270 ius
856 3245 986 3271 vocare
1008 3245 1081 3270 non
1102 3234 1226 3270 liceret

138 3280 268 3323 ‘neque
290 3275 562 3312 defenderetur’.
606 3277 695 3312 haec
722 3278 882 3314 clausula
906 3279 953 3315 ad
977 3290 1037 3315 eos
1059 3279 1225 3325 pertinet,

162 3332 229 3358 uos
251 3331 351 3358 more
372 3321 544 3356 maiorum
576 3321 651 3356 sine
682 3322 807 3358 fraude
838 3325 875 3359 in
907 3325 963 3360 ius
994 3335 1124 3360 vocare
1153 3335 1226 3360 non

165 3371 233 3410 cet,
252 3370 295 3402 ut
313 3365 496 3403 consulem
507 3369 708 3411 praetorem
722 3372 939 3413 ceterosque,
960 3370 1021 3415 qui
1040 3369 1226 3414 imperium

164 3415 395 3448 otestatemve
424 3421 531 3457 quam
562 3411 705 3446 habent.
743 3412 805 3447 sed
830 3423 894 3448 nee
918 3413 965 3449 ad
988 3424 1049 3450 eos
1073 3414 1227 3460 pertinet

138 3424 208 3493 Boc
239 3456 416 3499 edictum,
451 3465 541 3502 quos
571 3459 716 3501 praetor
746 3457 910 3502 prohibet
941 3459 1016 3494 sine
1050 3459 1226 3504 permissu

140 3514 207 3540 suo
236 3502 376 3544 vocari,
410 3500 579 3547 quoniam
610 3500 728 3536 aditus
763 3502 880 3547 potuit
928 3504 1126 3539 ermittere:
1162 3514 1227 3549 pa-

142 3551 162 3584 3
208 3552 332 3584 tronos
371 3550 461 3592 puta
492 3548 530 3581 et
561 3549 741 3591 parentes.
796 3514 926 3582 Deintf>

140 3661 180 3702 (1)
204 3670 316 3693 eorum
330 3659 394 3694 del.
509 3659 553 3701 (2)
577 3660 629 3691 eat
640 3669 698 3692 om.
712 3657 748 3691 Ρ
866 3660 907 3699 (3)
933 3669 999 3692 non
1014 3660 1146 3694 defendi
1158 3674 1221 3696 scr.

139 3706 184 3746 (4)
209 3706 297 3738 nef·
364 3706 407 3745 (5)
432 3704 546 3737 amisit
559 3703 806 3736 currendum?
863 3705 908 3746 (e)
933 3707 1223 3747 permag.sactum

2141 109 2201 140 Ex
2230 109 2390 148 QUIBUS

1298 215 1588 252 ‘defenderetur’z
1610 216 1706 261 quod
1725 217 1772 252 ad
1789 228 1912 254 omnes
1931 228 2042 264 supra
2061 219 2214 264 scriptos
2232 219 2389 271 pertinet

1297 264 1548 307 praeterquam
1567 260 1614 296 ad
1634 271 1725 305 eum,
1769 262 1807 298 ui
1826 262 1956 299 absens
1978 263 2063 309 quid
2082 274 2150 299 usu
2164 268 2275 309 cepitz
2301 275 2385 310 quo·

1299 309 1339 358 4·
1366 305 1464 359 niam
1485 305 1590 352 plene
1612 316 1723 359 supra
1771 317 1791 343 e
1816 318 1857 344 eo
1883 312 2027 344 cautum
2050 313 2115 344 est.
2151 309 2214 344 Ait
2225 314 2390 354 praetor:

1299 354 1384 386 ‘Sive
1408 361 1467 386 cui
1489 360 1555 396 per
1577 356 1808 396 magistratus
1832 353 1908 389 sine
1932 353 2013 389 dolo
2039 353 2132 389 malo
2157 354 2269 399 ipsius
2293 355 2392 390 actio

1299 399 1476 441 ‘exempta
1499 405 1578 431 esse
1600 395 1758 432 dicetur’.
1794 398 1864 434 hoc
1885 399 1981 444 quo?
2005 402 2054 441 ut,
2076 399 2106 434 si
2152 408 2190 434 er
2202 398 2391 436 dilationes

1298 440 1426 476 iudicis
1451 440 1617 476 effectum
1640 441 1697 484 sit,
1722 446 1762 477 ut
1785 443 1878 478 actio
1903 444 2090 486 eximatur,
2142 447 2181 479 at
2197 444 2393 480 restitutio-

1300 485 1364 521 sed
1387 489 1423 521 et
1445 485 1477 521 si
1499 486 1728 531 magistratus
1753 487 1857 533 copia
1886 498 1958 524 non
1989 488 2077 531 fuit,
2109 488 2233 524 Labeo
2258 490 2310 524 ait
2331 500 2387 525 re-

1299 531 1521 566 stitutionem
1532 530 1743 568 faciendam.
1776 542 1841 578 per
1858 544 1894 568 m
1943 533 1951 540 ‘
1972 536 2088 569 tratus
2107 537 2227 569 autem
2250 533 2388 570 factum

1299 576 1349 611 ita
1361 575 1608 628 accipiendum
1621 579 1686 629 est,
1706 577 1737 613 si
1754 578 1811 613 ius
1831 543 2029 613 nona‘dlisxit:
2050 578 2208 624 alioquin
2228 579 2259 615 si
2279 590 2391 615 causa

1300 624 1442 666 cogmta
1469 620 1655 667 denegavit
1677 622 1871 665 actionem,
1904 623 2082 659 restitutio
2107 628 2243 660 cessat:
2279 628 2315 659 et
2337 625 2390 660 ita

1300 666 1421 718 Servio
1434 665 1584 719 videtur.
1608 666 1692 703 item
1714 677 1779 713 per
1802 667 2030 720 magistratus
2053 668 2190 720 factum
2213 668 2353 721 vid-etur
2362 671 2389 712 ⁰,

1299 722 1336 792 2¹.
1348 712 2391 802 iffeff‘ssffl12¹221320‘1‘33i22ffi‘5fflss1220m25?0¹22¹²22³¹3ss1³3ss

1300 805 1476 837 ‘secumve
1499 802 1627 847 agendi
1647 806 1864 848 potestatem
1886 813 1959 838 non
1981 802 2123 839 faciat’:
2149 813 2232 839 nam
2254 804 2267 839 i
2316 805 2388 850 egit

1298 847 1465 892 litigator,
1489 857 1536 883 ne
1558 857 1680 883 secum
1703 851 1849 893 agatur,
1882 847 1967 883 dum
1995 848 2149 884 iudicem
2181 850 2388 895 corrumpit.

1299 895 1319 927 5
1366 891 1472 927 Actio
1498 895 1664 938 exempta
1686 893 1738 928 sic
1762 893 1829 928 erit
1852 892 2081 938 accipienda,
2105 893 2136 929 si
2159 893 2263 930 desiit
2285 904 2394 947 agere

1299 940 1319 972 6
1366 946 1485 982 posse.
1532 936 1583 972 Et
1601 937 1772 974 adicitur:
1797 938 1887 973 ‘sine
1910 937 1992 974 dolo
2015 938 2109 974 malo
2133 938 2270 984 ipsius',
2293 939 2390 975 vide-

1298 982 1382 1017 licet
1404 985 1465 1025 ut,
1490 981 1522 1017 si
1545 981 1647 1018 dolus
1672 983 1748 1018 eius
1770 983 1980 1026 intervenit,
2012 994 2058 1020 ne
2081 984 2114 1019 ei
2137 987 2391 1020 succurratur:

1297 1026 1384 1079 ipsis
1398 1027 1491 1062 enim
1503 1026 1791 1073 delinquentibus
1803 1031 1950 1073 praetor
1961 1039 2034 1064 non
2046 1029 2220 1064 subvenit.
2240 1029 2393 1074 proinde

1298 1083 1339 1115 si,
1365 1071 1450 1107 dum
1472 1072 1549 1108 vult
1570 1072 1667 1118 apud
1691 1076 1897 1119 sequentem
1920 1077 2122 1118 praetorem
2146 1084 2268 1119 agere,
2300 1078 2388 1110 tem·

1323 1127 1366 1153 us
1378 1116 1575 1153 frustratus
1588 1121 1654 1161 est,
1678 1129 1751 1154 non
1775 1118 1807 1154 ei
1827 1118 2066 1154 subvenietur.
2101 1119 2164 1155 sed
2184 1123 2220 1155 et
2239 1119 2281 1162 si,
2306 1119 2389 1155 dum

1324 1165 1443 1198 ecreto
1467 1163 1642 1208 praetoris
1666 1174 1739 1199 non
1774 1163 2016 1208 obtemperat,
2047 1163 2326 1200 iurisdictionem
2357 1165 2390 1201 ei

1299 1207 1544 1260 denegaverit,
1568 1218 1642 1244 non
1665 1218 1744 1244 esse
1767 1219 1847 1244 eum
1870 1208 2127 1244 restituendum
2150 1209 2274 1245 Labeo
2299 1210 2388 1245 scri-

1297 1253 1361 1288 bit.
1397 1252 1561 1298 1demque
1585 1253 1616 1289 si
1639 1263 1684 1289 ex
1707 1253 1777 1289 alia
1799 1253 1895 1289 iusta
1919 1263 2030 1289 causa
2052 1265 2126 1290 non
2147 1254 2256 1289 fuerit
2278 1255 2324 1290 ab
2346 1265 2391 1291 eo

1299 1301 1317 1332 7
1366 1297 1522 1333 auditus.
1559 1297 1598 1333 Si
1620 1297 1731 1334 feriae
1755 1302 1857 1334 extra
1880 1299 2040 1334 ordinem
2060 1299 2131 1334 sint
2150 1299 2316 1343 indictae,
2341 1300 2390 1336 ob

1298 1353 1355 1379 res
1378 1346 1468 1388 puta
1490 1353 1662 1388 prospere
1683 1347 1802 1388 gestas
1826 1344 1881 1379 vel
1899 1344 1936 1379 in
1955 1344 2127 1380 honorem
2146 1344 2260 1389 princi
2286 1345 2329 1388 is,
2354 1348 2391 1380 et

1297 1391 1491 1434 propterea
1513 1389 1742 1441 magistratus
1766 1389 1822 1424 ius
1845 1399 1918 1424 non
1942 1389 2081 1432 dixerit,
2106 1388 2218 1425 Gaius
2272 1390 2390 1426 assius

1297 1433 1505 1469 nominatim
1529 1433 1691 1469 edlcebat
1713 1434 1961 1469 restituturum
1985 1444 2034 1477 se,
2059 1434 2143 1487 quia
2159 1445 2224 1480 per
2245 1439 2388 1480 praeto-

1298 1488 1373 1514 rem
1394 1478 1581 1514 videbatur
1603 1478 1757 1514 factum:
1781 1479 2004 1515 sollemnium
2027 1490 2120 1515 emm
2139 1479 2309 1515 feriarum
2328 1491 2387 1516 ra-

1297 1523 1430 1559 tionem
1452 1523 1579 1559 haberi
1602 1534 1675 1559 non
1699 1524 1848 1567 debere,
1882 1524 1966 1569 quia
1996 1525 2201 1570 prospicere
2232 1535 2292 1561 eas
2323 1536 2387 1571 po·

1297 1568 1406 1604 tuerit
1418 1571 1454 1604 et
1465 1568 1628 1604 debuerit
1639 1572 1751 1612 actor,
1772 1580 1818 1605 ne
1836 1570 1873 1604 in
1894 1580 1954 1605 eas
1974 1569 2121 1605 incidat.
2158 1569 2254 1615 quod
2271 1571 2390 1606 verius

1299 1616 1373 1656 est,
1407 1617 1444 1648 et
1472 1613 1524 1648 ita
1548 1613 1672 1650 Celsus
1695 1614 1786 1650 libro
1811 1614 1969 1651 secundo
2004 1614 2221 1660 digestorum
2251 1616 2388 1651 scribit.

1299 1658 1363 1694 sed
1388 1669 1469 1694 cum
1491 1657 1603 1694 feriae
1626 1663 1766 1712 tempus
1792 1660 1968 1702 eximunt,
1999 1660 2177 1696 restitutio
2202 1659 2393 1696 dumtaxat

1297 1703 1457 1749 ipsorum
1480 1703 1615 1739 dierum
1636 1704 1804 1740 faclenda
1827 1709 1892 1747 est,
1917 1715 1990 1740 non
2008 1705 2117 1740 totius
2135 1706 2316 1751 temporis.
2353 1710 2389 1740 et

1296 1749 1349 1784 ita
1370 1749 1530 1784 Iulianus
1553 1749 1643 1785 libro
1669 1754 1796 1795 quarto
1822 1750 2037 1795 digestorum
2057 1750 2199 1785 scribit:
2225 1751 2276 1785 ait
2295 1751 2389 1786 enim

1297 1794 1545 1829 rescissionem
1575 1795 1806 1840 usucapionis
1840 1795 1892 1830 ita
1922 1794 2141 1837 faciendam,
2173 1798 2215 1830 ut
2244 1795 2282 1830 hi
2313 1795 2390 1831 dies

1296 1839 1554 1882 restituantur,
1587 1839 1715 1884 quibus
1740 1844 1843 1875 actor
1865 1850 1970 1885 agere
1991 1840 2103 1875 voluit
2126 1844 2162 1875 et
2184 1840 2388 1876 interventu

1297 1887 1317 1919 8
1363 1883 1534 1920 feriarum
1563 1884 1753 1930 impeditus
1778 1888 1842 1920 est.
1891 1884 2062 1929 Quotiens
2093 1894 2158 1930 per
2188 1885 2389 1921 absentiam

1297 1930 1376 1975 quis
1400 1939 1474 1965 non
1496 1932 1573 1964 toto
1598 1933 1759 1975 tempore
1782 1930 1935 1982 aliquem
1958 1930 2121 1973 exclusit,
2145 1933 2187 1965 ut
2202 1933 2291 1976 puta
2312 1940 2388 1966 rem

1295 1978 1396 2009 tuam
1418 1974 1564 2019 possedi
1586 1985 1657 2010 uno
1682 1975 1799 2010 minus
1820 1975 1877 2011 dle
1896 1978 2032 2011 statuto
2051 1975 2089 2010 in
2108 1975 2391 2020 usucapionibus

1296 2022 1468 2064 tempore,
1494 2019 1622 2054 deinde
1644 2020 1696 2055 rei
1717 2020 1884 2065 publicae
1907 2030 2018 2055 causa
2041 2020 2167 2056 abesse
2192 2020 2303 2066 coepi,
2328 2031 2385 2056 re-

1297 2067 1317 2099 9
1365 2064 1502 2100 stitutio
1522 2064 1690 2101 adversus
1710 2075 1767 2100 me
1787 2065 1892 2100 unius
1903 2065 1972 2100 diei
1983 2065 2148 2100 facienda
2161 2069 2225 2100 est.
2263 2065 2390 2108 ‘Item’,

1295 2109 1411 2154 inquit
1440 2112 1605 2161 praetor,
1631 2110 1681 2145 ‘si
1711 2120 1783 2155 qua
1813 2110 1884 2145 alia
1913 2110 1999 2145 mihi
2029 2110 2125 2145 iusta
2157 2120 2268 2146 causa
2290 2110 2386 2146 vide-

1297 2154 1424 2197 ‘bitur,
1448 2165 1487 2189 m
1508 2154 1684 2199 integrum
1706 2155 1917 2190 restituam.’
1952 2155 2042 2190 haec
2076 2154 2238 2190 clausula
2269 2154 2389 2191 edicto

1296 2199 1431 2235 inserta
1454 2202 1509 2234 est
1532 2200 1755 2235 necessario:
1781 2200 1882 2235 multi
1906 2200 1998 2235 enim
2022 2210 2130 2235 casus
2158 2199 2298 2236 evenire
2321 2211 2386 2245 po-

1295 2247 1453 2286 tuerunt,
1478 2244 1538 2289 qui
1563 2244 1742 2280 deferrent
1763 2244 1997 2280 restitutionis
2021 2244 2203 2287 auxilium,
2226 2254 2293 2280 nec
2312 2245 2387 2280 sin·

1295 2289 1443 2334 gillatim
1466 2289 1666 2324 enumerari
1687 2292 1901 2334 potuerunt,
1938 2293 1989 2331 ut,
2024 2289 2188 2334 quotiens
2222 2289 2389 2335 aequitas

1296 2333 1558 2369 restitutionem
1577 2334 1742 2379 suggerit,
1766 2334 1813 2369 ad
1832 2334 1926 2369 hanc
1947 2334 2144 2370 clausulam
2158 2334 2225 2369 erit
2237 2334 2383 2370 descen-

1297 2378 1462 2414 dendum.
1506 2382 1548 2413 ut
1570 2382 1659 2424 puta
1681 2379 1858 2424 legatione
1882 2379 1962 2424 quis
1983 2390 2050 2431 pro
2076 2379 2218 2415 civitate
2240 2378 2386 2415 functus

1298 2427 1369 2460 est:
1395 2423 1647 2468 aequissimum
1671 2428 1726 2459 est
1749 2434 1831 2459 eum
1853 2424 2012 2467 restitui,
2036 2424 2122 2459 licet
2144 2424 2196 2459 rei
2218 2424 2390 2470 publicae

1298 2479 1407 2504 causa
1431 2479 1504 2504 non
1528 2468 1637 2504 absit:
1674 2472 1709 2504 et
1740 2469 1944 2514 saepissime
1975 2469 2209 2504 constitutum
2241 2472 2298 2504 est
2319 2469 2385 2505 ad-

1294 2513 1410 2549 iuvari
1429 2523 1510 2549 eum
1532 2513 1671 2557 debere,
1692 2514 1765 2549 sive
1782 2514 1910 2549 habuit
1928 2517 2196 2560 procuratorem
2215 2514 2287 2550 sive
2298 2525 2382 2550 non.

1295 2558 1388 2594 idem
1411 2562 1511 2603 puto,
1537 2562 1572 2594 et
1591 2559 1622 2594 si
1639 2559 1833 2594 testimonii
1852 2569 1964 2595 causa
1982 2559 2030 2594 sit
2049 2562 2216 2595 evocatus
2231 2569 2276 2594 ex
2295 2569 2384 2604 qua-

1294 2603 1382 2639 libet
1404 2603 1589 2656 provincia
1611 2604 1667 2639 vel
1689 2604 1726 2639 in
1749 2604 1874 2640 urbem
1896 2604 1952 2639 vel
1974 2603 2022 2639 ad
2051 2604 2267 2656 principem:
2301 2614 2384 2639 nam

1296 2652 1332 2684 et
1353 2649 1464 2684 hmc⁸
1487 2649 1694 2694 saepissime
1717 2652 1772 2685 est
1793 2649 2005 2694 rescriptum
2035 2648 2225 2684 subvemri.
2261 2648 2325 2684 sed
2348 2653 2388 2684 et

1295 2694 1371 2736 his,
1403 2693 1465 2739 qui
1497 2693 1708 2739 cognitionis
1738 2694 1855 2739 gratia
1876 2694 1930 2729 vel
1953 2693 2203 2739 appellationis
2226 2693 2382 2739 peregri·

1294 2739 1370 2774 nati
1383 2742 1477 2782 sunt,
1491 2739 1651 2775 similiter
1663 2739 1885 2775 subventum.
1922 2742 1958 2774 et
1976 2738 2189 2784 generaliter
2200 2739 2382 2784 quotiens-

1295 2794 1448 2829 cumque
1471 2783 1550 2829 quis
1575 2794 1618 2819 ex
1641 2784 1872 2826 necessitate,
1903 2794 1976 2819 non
2008 2794 2051 2819 ex
2074 2782 2257 2819 voluntate
2279 2782 2385 2826 afuit,

1295 2829 1365 2865 dici
1389 2832 1533 2874 oportet
1556 2829 1589 2864 ei
1611 2828 1901 2865 subveniendum.

1340 2872 1393 2911 27
1418 2873 1579 2910 Pxows
1607 2874 1699 2910 libro
1722 2873 1932 2910 duodecimo
1956 2872 2007 2908 ad
2029 2873 2183 2910 edictum
2228 2873 2279 2908 Et
2308 2873 2387 2909 sive

1294 2919 1380 3006 quti'd
1403 2919 1560 2999 ῗίιιιιεεςίίι
1582 2919 1638 2954 vel
1659 2919 1819 2998 lu‘ffmffss
1843 2928 1918 2998 nord
1939 2918 2196 2999 sin-restituti?
2215 2917 2385 2954 facienda

1294 2975 1332 3000 es
1384 2975 1403 3000 e
1433 2974 1522 2999 amsi
1544 2974 1616 3000 non
1640 2974 1684 2999 ex
1733 2973 1810 2999 oms
1858 2974 1895 2998 m
1942 2973 2111 2998 amissum
2134 2974 2165 2999 si

1340 3006 1393 3047 28
1425 3007 1621 3046 mmmm
1649 3008 1741 3044 libro
1776 2974 1987 3044 dugdecimo
2021 3008 2072 3043 ad
2104 3008 2258 3044 edictum
2306 3007 2385 3044 Nec

1294 3065 1366 3090 non
1390 3057 1427 3090 et
1448 3053 1479 3089 si
1503 3053 1581 3098 quis
1605 3052 1649 3088 de
1673 3063 1783 3088 causa
1805 3053 1983 3098 probabili
2006 3052 2153 3096 afuerit,
2186 3052 2385 3089 deliberare

1295 3099 1400 3135 debet
1422 3102 1584 3144 praetor,
1617 3108 1664 3133 an
1696 3098 1729 3133 ei
1752 3098 1931 3133 subveniri
1954 3097 2099 3140 debeat,
2131 3101 2221 3143 puta
2243 3097 2379 3134 studio·

1294 3155 1373 3180 rum
1397 3153 1508 3179 causa
1518 3144 1544 3186 ⁹,
1567 3142 1661 3179 forte
1683 3146 1916 3188 procuratore
1939 3153 2004 3179 suo
2028 3142 2218 3178 defuncto:
2250 3153 2296 3178 ne
2318 3142 2379 3178 de·

1297 3193 1312 3224 1
1363 3189 1516 3241 cipiatur
1538 3198 1604 3241 per
1625 3187 1854 3223 iustissimam
1877 3188 2061 3223 absentiae
2084 3197 2240 3223 causam.
2289 3187 2379 3222 Item

1294 3234 1326 3270 si
1349 3244 1427 3287 quis
1451 3244 1518 3269 nec
1541 3244 1579 3269 in
1602 3232 1766 3268 custodia
1790 3243 1856 3269 nec
1879 3233 1917 3268 in
1938 3232 2087 3268 vinculis
2118 3232 2183 3275 sit,
2215 3231 2278 3267 sed
2310 3233 2380 3268 sub

1293 3278 1542 3315 fideiussorum
1565 3276 1796 3314 satisdatione
1820 3281 1872 3321 et,
1905 3277 1989 3313 dum
2018 3280 2165 3323 propter
2186 3277 2256 3312 hoc
2279 3287 2380 3313 rece·

1295 3323 1378 3360 dere
1400 3334 1472 3359 non
1495 3326 1632 3369 potest,
1665 3326 1792 3368 captus
1816 3322 1880 3365 sit,
1910 3322 2118 3358 restituetur
2150 3325 2186 3357 et
2208 3321 2378 3357 adversus

1294 3371 1314 3404 2
1363 3379 1444 3404 eum
1476 3368 1619 3404 dabitur
1648 3367 1838 3404 restitutio.
1886 3365 2001 3411 ‘Quod
2025 3367 2112 3402 eius‘
2136 3366 2251 3412 inquit
2272 3377 2377 3412 prae-

1293 3417 1351 3450 tor
1375 3417 1450 3459 ‘per
1471 3413 1565 3458 leges
1589 3412 1701 3458 plebis
1719 3412 1811 3448 scita
1830 3416 1975 3447 senatus
1997 3411 2160 3447 consulta
2179 3411 2296 3447 edicta
2316 3410 2377 3446 de-

1294 3461 1406 3494 ‘creta
1417 3458 1618 3504 principum
1628 3457 1773 3493 licebit!
1805 3466 1897 3502 quae
1917 3456 2078 3492 clausula
2099 3467 2172 3492 non
2189 3455 2278 3491 illud
2299 3456 2378 3501 pol—

1293 3503 1421 3539 licetur
1442 3503 1700 3546 restituturum,
1724 3501 1755 3538 si
1777 3501 1871 3547 leges
1894 3502 2119 3554 permittant,
2143 3500 2205 3537 sed
2228 3501 2258 3536 si
2280 3500 2380 3545 leges

915 3558 934 3582 e
963 3549 1072 3584 adicit
1103 3552 1228 3593 ‘neque
1294 3550 1315 3583 3
1362 3558 1434 3584 non
1445 3547 1668 3593 prohibeant.
1705 3546 1833 3592 Siquis
1851 3556 1992 3592 saepius
2013 3546 2063 3582 rei
2083 3545 2248 3591 publicae
2266 3555 2377 3581 causa

1839 3662 1883 3701 (8)
1908 3661 1963 3693 hic
1979 3661 2010 3693 F
2104 3661 2147 3699 (9)
2174 3669 2273 3692 causa
2286 3659 2334 3693 bis
2346 3657 2385 3692 P

1291 3661 1426 3695 videtur
1433 3662 1496 3695 del.
1589 3663 1632 3703 (7)
1657 3663 1708 3694 est
1718 3662 1755 3696 F
