2528 3918
183 91 319 135 vn4

182 214 251 251 nisi
275 213 416 249 sublato
441 210 602 246 aedificio
626 220 731 246 nsum
753 208 911 246 fructum
941 219 1047 245 areae
1076 206 1163 244 mihi
1193 217 1271 245 ces·

183 260 288 301 serit,
317 263 477 303 tempore
508 255 645 292 scilicet
668 265 738 301 quo
763 265 850 290 usus
874 254 1013 290 fructus
1036 254 1131 300 perit
1153 257 1270 289 trans·

183 308 277 341 acto.

231 346 255 386 8
287 347 482 385 [nmmos
520 346 613 382 libro
654 345 806 392 septimo
842 344 979 381 decime)
1013 343 1065 380 ad
1097 342 1271 380 Sabinum

183 393 302 430 Fundi
326 403 394 428 usu
418 392 539 427 fructu
558 391 674 436 legato
693 389 724 426 si
743 389 827 425 villa
846 389 966 425 diruta
985 389 1042 431 sit,
1067 399 1154 424 usus
1174 387 1272 423 fruc-

182 445 242 474 tus
267 449 339 474 non
370 437 614 482 extinguetur,
645 435 731 481 quia
759 435 843 470 villa
872 434 974 470 fundi
1006 433 1165 469 accessio
1199 437 1271 468 est:

183 495 255 519 non
280 482 391 528 magis
414 492 522 527 quam
546 481 576 517 si
599 480 746 516 arbores
770 479 975 516 deciderint.

230 527 255 566 9
285 528 336 563 ΡΑ
345 536 438 563 vsvs
456 526 548 563 libro
562 524 914 561 tertioadSabinum
962 523 1032 559 Sed
1057 527 1093 559 et
1116 533 1158 559 eo
1184 532 1272 569 quo-

183 583 253 620 que
277 573 365 615 solo,
389 572 424 607 in
450 582 521 617 quo
546 571 617 606 fuit
638 570 733 613 villa,
758 571 811 605 uti
834 570 905 604 frui
926 574 1066 622 potero.

233 617 283 656 10
315 616 511 653 ULPJANUS
546 616 638 652 libro
668 626 688 651 s
736 617 820 651 timo
851 615 987 650 decumo
1018 613 1069 649 ad
1098 612 1273 649 Sabinum

183 663 275 709 Quid
299 667 420 698 tamen
443 661 473 698 si
495 660 630 697 fundus
654 661 700 696 vil
715 671 757 695 ae
780 659 850 695 fuit
873 659 1059 695 accessio?
1082 658 1274 710 videamus,

183 719 228 745 ne
252 708 358 744 etiam
381 707 483 743 fundi
506 717 593 743 usus
616 706 757 741 fructus
782 705 1027 750 extinguatur:
1052 707 1089 738 et
1107 703 1201 739 idem
1222 703 1274 738 dl-

186 758 200 789 1
253 752 404 789 cendum
428 756 500 795 est,
525 757 566 787 ut
590 762 661 787 non
687 750 925 795 extinguatur.
972 749 1055 785 Non
1079 752 1220 784 tantum
1245 748 1276 783 si

183 798 289 835 aedes
313 797 361 834 ad
391 808 512 833 aream
543 796 712 832 redactae
744 796 835 837 sint,
867 805 954 830 usus
985 794 1126 829 fructus
1159 793 1274 829 extin-

182 844 314 890 guitur,
332 853 455 879 verum
475 842 582 878 etiam
603 842 633 877 si
653 841 827 877 demolitis
846 840 994 875 aedibus
1014 842 1168 874 testator
1186 839 1275 874 alias

183 899 294 925 novas
318 887 531 924 restituerit:
564 887 670 933 plane
701 886 731 921 si
762 896 827 931 per
857 889 978 930 partes
1003 884 1160 927 reficiat,
1191 883 1277 919 licet

183 934 298 970 omnis
333 943 427 969 nova
458 932 558 968 facta
593 932 657 973 sit,
700 930 798 966 aliud
833 931 900 965 erit
933 930 1038 966 nobis
1073 929 1273 965 dicendum.

184 982 205 1015 2
252 978 340 1024 Agri
362 978 418 1014 vel
440 978 511 1014 loci
535 988 622 1013 usus
645 976 785 1011 fructus
810 975 958 1020 legatus,
984 975 1014 1010 si
1037 974 1146 1010 fuerit
1169 974 1274 1010 inun-

184 1024 308 1062 datus.
340 1028 382 1059 ut
412 1027 577 1068 stagnum
601 1023 671 1057 iam
695 1022 742 1056 sit
765 1025 830 1055 aut
852 1021 975 1065 palus,
1007 1019 1135 1066 procul
1166 1019 1274 1055 dubio

183 1072 204 1106 3
252 1069 488 1115 extinguetur.
537 1067 607 1102 Sed
639 1071 675 1102 et
705 1066 735 1101 si
766 1066 884 1111 stagni
907 1076 993 1101 usus
1018 1065 1159 1100 fructus
1182 1065 1274 1110 lege-

181 1118 243 1151 tur
266 1119 302 1149 et
326 1113 504 1149 exaruerit
528 1113 598 1155 sic,
631 1115 672 1147 ut
703 1121 788 1156 ager
820 1111 866 1146 sit
896 1110 1034 1153 factus,
1067 1113 1206 1145 mutata
1237 1120 1276 1146 re

182 1162 204 1195 4
251 1159 488 1195 ususfructus
502 1157 727 1210 extinguitur.
771 1155 854 1191 Non
877 1159 1009 1198 tamen,
1035 1155 1065 1190 si
1089 1155 1164 1190 arvi
1187 1165 1275 1191 usus

182 1204 322 1240 fructus
346 1204 482 1249 legetur
506 1207 541 1239 et
562 1203 612 1237 ib1
635 1202 758 1237 vineae
782 1202 854 1236 sint
877 1201 1015 1247 positae
1047 1200 1102 1236 vel
1135 1204 1274 1243 contra,

182 1253 269 1296 puto
295 1249 463 1295 extingui.
501 1252 597 1284 certe
621 1247 730 1282 silvae
753 1257 821 1281 usu
845 1246 966 1282 fructu
990 1246 1107 1291 legato
1132 1246 1163 1281 si
1187 1245 1276 1281 silva

183 1305 290 1330 caesa
313 1295 383 1330 illic
416 1294 572 1329 sationes
602 1292 738 1327 fuerint
767 1291 905 1334 factae,
938 1292 1014 1327 sine
1046 1291 1155 1327 dubio
1187 1301 1274 1326 usus

183 1343 203 1375 5
250 1339 389 1375 fructus
414 1338 641 1384 extinguitur.
679 1337 716 1372 Si
740 1347 881 1372 massae
905 1347 991 1372 usus
1015 1336 1156 1372 fructus
1179 1336 1274 1381 lege-

182 1389 242 1420 tur
266 1389 301 1420 et
325 1395 368 1420 ex
392 1394 436 1420 ea
458 1394 544 1419 vasa
568 1383 640 1418 sint
654 1382 753 1417 facta
773 1382 828 1417 vel
849 1386 986 1424 contra,
1013 1381 1159 1417 Cassius
1178 1381 1275 1427 apud

182 1429 346 1466 Urseium
376 1429 501 1465 scribit
529 1428 674 1464 interire
706 1438 811 1462 usum
843 1427 1020 1462 fructum:
1053 1437 1161 1472 quam
1192 1437 1274 1463 sen-

183 1479 204 1512 6
250 1475 396 1511 tentiam
417 1478 504 1520 puto
525 1483 654 1509 veram.
690 1472 846 1508 Proinde
870 1477 906 1508 et
930 1477 1177 1508 ornamentum
1203 1472 1274 1507 dis-

183 1521 338 1557 solutum
369 1525 431 1555 aut
461 1518 753 1564 transfiguratum
778 1518 874 1553 extin
926 1518 952 1552 't
975 1528 1080 1553 usum
1104 1518 1272 1553 fructum.

182 1570 201 1601 7
251 1566 294 1601 In
324 1565 424 1601 navis
456 1574 599 1610 quoque
630 1574 697 1598 usu
728 1563 850 1599 fructu
910 1563 1037 1598 abinus
1070 1563 1212 1605 scribit,
1245 1562 1275 1598 si

182 1611 324 1657 quidem
359 1621 425 1656 per
454 1614 575 1655 partes
606 1608 744 1644 refecta
775 1609 840 1650 sit,
876 1619 980 1644 usum
1011 1607 1171 1643 fructum
1202 1619 1275 1643 non

182 1657 343 1692 interire:
377 1656 408 1691 si
439 1659 558 1690 autem
583 1654 758 1689 dissoluta
782 1654 847 1697 sit,
880 1654 966 1689 licet
995 1653 1109 1689 isdem
1139 1653 1273 1689 tabulis

181 1702 279 1737 nulla
302 1705 489 1746 praeterea
514 1699 655 1735 adiecta
677 1702 881 1734 restaurata
906 1699 962 1742 sit,
987 1709 1092 1734 usum
1115 1698 1273 1734 fructum

182 1747 398 1783 extinctum:
432 1755 539 1791 quam
564 1745 776 1781 sententiam
799 1748 887 1789 puto
911 1744 1094 1779 veriorem.
1131 1754 1215 1779 nam
1239 1748 1275 1778 et

182 1792 211 1828 si
236 1792 361 1827 domus
384 1790 515 1826 fuerit¹
539 1790 727 1832 restituta,
759 1800 847 1825 usus
878 1789 1018 1824 fructus
1044 1789 1271 1834 extinguitur.

182 1839 201 1872 8
249 1836 450 1882 Quadrigae
474 1846 541 1871 usu
563 1835 687 1870 fructu
709 1835 826 1880 legato
852 1835 883 1870 si
906 1845 999 1870 unus
1024 1845 1068 1870 ex
1091 1835 1192 1879 equis
1213 1834 1272 1869 de-

182 1883 346 1924 cesserit,
372 1892 419 1917 an
444 1881 673 1926 extinguatur
695 1890 783 1915 usus
806 1879 947 1915 fructus
972 1880 1167 1925 quaeritur.
1208 1890 1272 1925 ego

207 1931 269 1962 uto
294 1927 444 1962 multum
467 1927 659 1966 interesse,
692 1936 865 1971 equorum
897 1935 943 1960 an
968 1925 1162 1971 quadrigae
1186 1935 1273 1960 usus

180 1939 319 2008 fructus
355 1972 402 2007 sit
434 1972 591 2017 legatus:
624 1981 707 2006 nam
738 1971 768 2006 si
800 1980 992 2016 equorum,
1029 1970 1206 2015 supererit
1235 1970 1272 2006 in

181 2017 343 2060 residuis,
368 2017 399 2052 si
423 2017 627 2062 quadrigae,
652 2027 725 2052 non
749 2016 956 2059 remanebit,
990 2015 1158 2061 quoniam
1183 2026 1271 2061 qua-

182 2062 235 2099 dri
260 2073 282 2097 a
305 2073 384 2098 esse
407 2062 528 2098 desiit:

259 2107 277 2145 1
306 2107 362 2143 ΡΑ
370 2117 466 2143 ULUs
482 2107 573 2143 libro
593 2107 698 2142 tertio
719 2106 770 2141 ad
780 2105 956 2142 Sabinum
991 2105 1060 2141 nisi
1080 2106 1172 2142 alius
1188 2109 1273 2142 ante

182 2153 273 2189 diem
297 2153 329 2188 le
353 2153 402 2187 ati
427 2152 613 2188 cedentem
637 2151 854 2187 substitutus
879 2151 936 2187 sit.

230 2196 282 2236 12
313 2164 508 2234 ζῗιΡίΑΝσε
536 2198 628 2234 libro
659 2197 812 2244 septimo
845 2197 982 2232 decimo
1014 2195 1065 2232 ad
1098 2195 1271 2232 Sabinum

182 2243 219 2280 Si
244 2243 300 2279 cui
324 2242 455 2279 balinei
477 2253 565 2279 usus
588 2242 729 2278 fructus
753 2242 891 2287 legatus
915 2241 963 2277 sit
981 2245 1018 2277 et
1036 2246 1188 2277 testator
1206 2242 1271 2277 ha-

180 2289 389 2325 bitationem
412 2289 482 2324 hoc
505 2288 642 2331 fecerit,
667 2287 721 2323 vel
745 2287 775 2322 si
799 2287 973 2323 tabernae
989 2290 1025 2322 et
1041 2286 1195 2322 diaetam
1218 2286 1271 2322 fe-

184 2337 198 2369 1
246 2334 343 2376 cerit,
353 2333 542 2369 dicendum
550 2337 605 2369 est
613 2344 717 2369 usum
725 2332 882 2368 fructum
892 2332 1099 2368 extinctum.
1115 2331 1272 2367 Proinde

182 2383 217 2415 et
241 2379 271 2415 si
293 2379 476 2415 histrionis
507 2378 690 2424 reliquerit
721 2388 825 2413 usum
856 2378 1014 2413 fructum
1046 2381 1082 2413 et
1112 2387 1194 2413 eum
1225 2377 1271 2412 ad

182 2424 277 2460 aliud
300 2424 532 2459 ministerium
555 2423 796 2466 transtulerit,
832 2423 1026 2458 extinctum
1059 2433 1137 2458 esse
1166 2433 1272 2458 usum

181 2469 336 2505 fructum
360 2469 550 2505 dicendum
574 2469 651 2505 erit.

231 2513 279 2552 13
306 2514 464 2550 was
494 2515 584 2550 libro
620 2515 724 2550 tertio
748 2513 799 2549 ad
820 2513 995 2550 Sabinum
1043 2512 1080 2548 Si
1110 2512 1271 2548 fructua-

181 2560 255 2595 rius
268 2570 417 2595 messem
437 2559 523 2595 fecit
544 2563 579 2595 et
599 2559 763 2601 decessit,
785 2559 966 2604 stipulam,
988 2568 1081 2604 quae
1100 2558 1138 2593 in
1158 2569 1273 2594 messe

181 2605 292 2647 iacet,
325 2605 465 2640 heredis
503 2605 578 2640 eius
614 2615 692 2640 esse
724 2604 849 2640 Labeo
882 2604 952 2647 ait,
990 2603 1144 2649 spicam,
1181 2613 1272 2648 quae

182 2654 279 2685 terra
302 2653 477 2692 teneatur,
502 2650 634 2685 domini
658 2649 759 2685 fundi
783 2659 863 2685 esse
885 2649 1113 2694 fructumque
1136 2649 1273 2694 percipi

182 2705 199 2730 s
226 2695 282 2729 ica
305 2698 369 2729 aut
391 2694 495 2730 faeno
522 2705 626 2730 caeso
651 2698 715 2730 aut
733 2705 803 2730 uva
823 2694 1013 2740 adempta²
1037 2697 1100 2729 aut
1120 2703 1273 2729 excussa

182 2750 204 2774 o
220 2750 280 2782 ea,
312 2740 469 2784 quamvis
501 2740 657 2775 nondum
681 2740 804 2775 tritum
827 2739 1045 2775 frumentum
1068 2743 1132 2774 aut
1156 2739 1273 2775 oleum

181 2784 318 2820 factum
341 2784 396 2819 vel
427 2785 601 2820 vindemia
634 2789 761 2821 coacta
790 2785 847 2821 sit.
885 2784 948 2821 sed
979 2788 1021 2821 ut
1049 2795 1172 2820 verum
1207 2787 1271 2827 est,

183 2829 278 2910 guod
301 2828 344 2864 de
364 2829 442 2864 olea
462 2840 612 2865 excussa
632 2831 702 2866 scri
729 2830 786 2872 sit,
809 2830 861 2866 ita
884 2830 988 2866 aliter
1011 2829 1273 2866 observandum

209 2885 228 2909 e
252 2884 294 2909 ea
318 2874 406 2916 olea,
432 2885 523 2919 quae
547 2886 610 2920 per
634 2886 672 2910 se
717 2875 874 2919 eciderit,
898 2875 1059 2911 Iulianus
1081 2875 1148 2910 ait:
1173 2874 1271 2910 fruc-

182 2919 289 2955 tuarii
312 2918 451 2954 fructus
475 2924 560 2955 tunc
584 2920 679 2962 fieri,
713 2932 793 2956 cum
817 2930 879 2957 eos
903 2920 1122 2966 perceperit,
1154 2920 1273 2956 bonae

183 2964 267 3045 fidgi
295 2968 421 3044 'mitem
455 2966 690 3010 possessoris,
734 2977 818 3002 mox
853 2976 960 3011 quam
995 2975 1018 3001 a
1054 2965 1131 3002 solo
1167 2975 1270 3011 sepa-

182 3020 225 3046 ra
275 3019 329 3044 sm

233 3052 283 3092 14
308 3053 537 3090 Poupomzrs
557 3054 647 3090 libro
673 3056 798 3101 quinto
822 3056 872 3091 ad
893 3055 1067 3092 Sabinum
1106 3056 1273 3102 Excepta

184 3099 311 3146 capitis
342 3098 537 3134 minutione
560 3099 614 3135 vel
645 3104 759 3135 morte
790 3101 946 3146 reliquae
970 3111 1103 3137 causae
1126 3101 1181 3137 vel
1204 3111 1270 3147 pro

182 3149 286 3192 parte
308 3143 489 3180 interitum
512 3154 599 3179 usus
623 3144 761 3180 fructus
786 3146 858 3181 reci
885 3147 973 3182 iunt.

234 3188 284 3228 15
315 3188 511 3226 ULPJANUS
550 3189 641 3225 libro
677 3194 801 3225 octavo
863 3193 978 3227 ccimo
1011 3190 1062 3226 ad
1094 3189 1269 3227 Sabinum

182 3234 367 3271 Interdum
399 3233 656 3280 proprietarius
692 3234 737 3269 ad
771 3235 968 3271 libertatem
1007 3235 1198 3281 perducet,
1241 3236 1271 3271 si

182 3280 277 3317 forte
309 3289 398 3316 usus
430 3278 570 3314 fructus
603 3278 713 3314 fuerit
742 3281 878 3315 tamdiu
908 3282 1064 3326 legatus,
1102 3280 1271 3326 quamdiu

183 3324 471 3361 manumittatur:
504 3334 586 3359 nam
609 3324 800 3368 incipiente
823 3325 1058 3371 proprietario
1082 3326 1269 3361 manumit-

182 3376 260 3406 tere
282 3369 508 3415 extinguetur
530 3379 617 3404 usus
641 3368 792 3404 fructus.

235 3413 285 3454 16
309 3414 417 3452 Ιυιιι
435 3413 526 3450 libro
549 3414 675 3460 quinto
699 3414 981 3459 disputationum
1029 3415 1067 3451 Si
1091 3415 1158 3451 sub
1184 3426 1269 3451 con-

185 3461 325 3497 dicione
355 3459 439 3495 mihi
470 3458 606 3504 legatus
630 3459 676 3494 sit
699 3469 784 3493 usus
809 3458 946 3494 fructus
971 3461 1156 3506 medioque
1180 3465 1268 3495 tem-

183 3517 272 3553 pore
295 3506 343 3542 sit
365 3513 474 3551 penes
497 3502 679 3545 heredem,
711 3508 830 3548 potest
861 3505 962 3540 heres
986 3516 1088 3540 usum
1112 3506 1268 3541 fructum

1258 82 1338 133 105

1726 99 1888 139 oumus
1913 99 2056 131 uoms
2086 100 2151 132 us.
2180 99 2251 132 ra.
2281 100 2432 134 Amr-r.
2491 0 2528 113 ’Ξ

1341 207 1402 244 8Ηὶ
1425 207 1560 260 legare:
1591 218 1685 254 quae
1713 218 1771 245 res
1794 208 1902 252 facit,
1933 213 1994 252 ut,
2025 210 2056 246 si
2087 209 2251 247 condicio
2282 211 2436 250 extiterit

1341 263 1411 288 mei
1433 252 1560 298 legati,
1591 263 1679 290 usus
1708 253 1849 290 fructus
1880 254 1928 290 ab
1950 254 2081 291 herede
2103 255 2249 292 relictus
2279 256 2433 294 finiatur.

1342 296 1439 343 quod
1470 297 1502 333 si
1533 307 1597 350 ego
1628 309 1733 335 usum
1762 298 1920 336 fructum
1942 300 2114 343 amisero,
2146 310 2218 336 non
2241 306 2438 339 revertetm·

1342 342 1401 395 ad·
1424 342 1652 396 legatarium,
1684 344 1744 380 cui
1774 344 1821 380 ab
1852 344 1984 381 herede
2015 356 2104 391 pure
2134 345 2271 391 legatus
2305 347 2436 391 fuerat,

1342 397 1438 466 qamt·
1460 398 1504 440 ex
1531 387 1685 426 *diversis
1720 389 1942 426 testamentis
1976 390 2033 426 ius
2069 390 2330 428 coniunctionis
2364 403 2437 429 non

1388 443 1411 467 n
1428 443 1441 467 1
1501 438 1526 468 t.

1343 443 1662 531 οῗηυῖυιμῃυε
1696 479 1788 516 libro
1821 480 2026 517 m‘censimo
2057 481 2184 528 quinto
2215 481 2436 529 diqestorum

1345 522 1384 558 δι
1406 523 1473 558 tlbl
1496 522 1601 559 fundi
1624 534 1711 560 usus
1734 524 1875 561 fructus
1898 536 2000 571 pure,
2024 537 2089 572 pro
2116 526 2226 562 rietas
2238 531 2357 563 autem
2369 528 2438 564 sub

1344 568 1555 621 condicione
1579 568 1674 605 Titio
1705 570 1825 623 legata
1854 570 1982 614 fuerit,
2015 582 2086 617 pen
2112 575 2194 608 ente
2226 572 2439 609 condicione

1344 613 1538 666 domimum
1550 614 1779 660 proprietatis
1799 615 2021 661 adquisieris,
2044 616 2172 652 deinde
2192 617 2355 654 condicio
2376 629 2436 653 ex-

1343 662 1473 701 titent,
1504 659 1609 705 pleno
1640 659 1718 695 iure
1746 659 1898 696 fundum
1923 661 2038 697 Titius
2069 661 2220 697 habebit
2242 672 2358 708 neque
2381 664 2437 698 in-

1343 707 1474 747 terest,
1506 704 1603 749 quod
1634 705 1797 741 detracto
1829 716 1897 741 usu
1929 706 2052 742 fructu
2084 707 2287 759 proprietas
2318 708 2436 754 legata

1344 749 1409 785 sit:
1435 749 1550 785 ³enim
1574 749 1659 785 dum
1681 751 1936 796 proprietatem
1960 751 2138 797 adquiris,
2169 751 2226 788 ius
2258 763 2362 789 omne
2385 754 2436 789 le-

1344 794 1419 840 gati
1442 804 1528 830 usus
1551 794 1693 831 fructus
1716 795 1877 831 amisisti.

1395 837 1446 877 18
1470 838 1702 876 Poupomvs
1729 841 1820 876 libro
1845 842 1950 877 tertio
1973 840 2024 877 ad
2044 839 2220 878 Sabinum
2267 842 2305 878 Si
2335 853 2438 880 servo

1343 883 1560 921 hereditario
1579 889 1664 921 ante
1683 885 1817 921 aditam
1836 886 2070 922 hereditatem
2089 886 2228 932 legatus
2240 898 2327 924 usus
2339 888 2435 925 fruc-

1344 933 1404 966 tus
1427 929 1574 974 fuisset,
1604 930 1717 976 magis
1740 931 1862 976 placet
1884 931 1984 967 adita
2007 931 2205 968 hereditate
2228 942 2307 969 eum
2331 944 2436 970 usum

1343 974 1502 1028 fructum
1525 975 1572 1011 ad
1594 979 1631 1011 te
1654 976 1808 1012 transire
1831 986 1898 1012 nec
1921 977 2066 1013 interire
2089 978 2193 1023 quasi
2215 982 2352 1014 mutato
2373 979 2436 1015 do-

1344 1031 1483 1100 mlgm’·
1505 1021 1589 1066 quia
1620 1031 1688 1057 nec
1719 1021 1795 1057 dies
1819 1025 1904 1058 ante
1927 1022 2092 1065 cesserit,
2124 1033 2232 1068 quam
2262 1027 2302 1059 tu
2332 1024 2439 1061 heres

1345 1076 1390 1101 ex
1419 1071 1515 1101 teris.

1394 1108 1445 1149 19
1473 1110 1598 1147 (ἔωθε
1629 1111 1724 1147 libro
1756 1112 1909 1159 septimo
1940 1111 1991 1147 ad
2022 1112 2176 1149 edictum
2207 1114 2440 1160 provinciale

1344 1155 1470 1208 Neque
1493 1167 1580 1209 usus
1604 1155 1746 1192 fructus
1770 1167 1886 1203 neque
1909 1157 1978 1193 iter
2001 1161 2148 1194 actusve
2161 1158 2306 1194 dominii
2319 1163 2436 1196 muta-

1346 1206 1445 1237 tlone
1470 1202 1655 1237 amlttitur.

1391 1244 1444 1299 20
1469 1245 1527 1282 ΡΑ
1535 1257 1631 1282 σιω]
1658 1246 1750 1283 libro
1807 1248 1908 1300 uinto
1933 1247 2069 1284 decimo
2093 1247 2145 1284 ad
2165 1247 2350 1285 Plautium
2396 1250 2434 1286 Is

1344 1291 1796 1373 ἓᾚθῖῗέυξῖὲὲᾛιὲἓ,
1811 1296 2059 1380 ῗαὲἓξὲῗᾞῖ
2073 1297 2437 1376 ffiffirfflmffiss:

1344 1382 1483 1418 tineat‘?
1515 1387 1551 1418 et
1575 1383 1606 1418 si
1628 1383 1768 1435 quidem
1792 1383 1909 1419 sciens
1934 1393 1973 1419 se
1997 1394 2100 1419 usum
2122 1383 2281 1420 fructum
2303 1385 2440 1421 habere

1344 1431 1484 1463 tantum
1507 1428 1561 1463 uti
1584 1428 1679 1471 velit,
1704 1428 1816 1464 nihilo
1841 1428 1957 1464 minus
1982 1433 2018 1465 et
2035 1428 2108 1464 frui
2124 1429 2281 1465 videtur:
2307 1430 2338 1466 si
2353 1441 2437 1467 vero

1343 1473 1492 1518 ignoret,
1543 1476 1605 1509 uto
1631 1483 1711 1509 eum
1734 1474 1898 1509 amittere
1923 1473 2102 1510 fructum:
2127 1485 2199 1510 non
2219 1475 2312 1511 enim
2332 1486 2376 1511 ex
2394 1486 2438 1512 eo

1345 1518 1442 1564 quod
1465 1484 1575 1554 haget
1599 1518 1720 1561 utitur,
1745 1518 1808 1554 sed
1821 1529 1873 1566 ex
1895 1529 1936 1555 eo
1953 1519 2050 1564 quod
2068 1520 2208 1565 putavit
2228 1531 2268 1556 se
2288 1521 2432 1557 habere.

1390 1561 1440 1601 21
1467 1562 1724 1599 Movsssrmvs
1740 1563 1832 1599 libro
1852 1565 1956 1599 tertio
1969 1564 2255 1610 differentiarum
2303 1565 2342 1601 Si
2351 1577 2438 1602 usus

1342 1608 1482 1644 fructus
1514 1608 1649 1644 civitati
1682 1608 1819 1654 legetur
1851 1612 1887 1644 et
1917 1614 2076 1644 aratrum
2106 1610 2143 1645 in
2168 1620 2211 1646 ea
2233 1610 2436 1655 inducatur,

1345 1654 1469 1690 civitas
1494 1664 1573 1690 esse
1598 1654 1749 1696 desinit,
1780 1658 1822 1689 ut
1844 1664 1953 1699 passa
1977 1658 2032 1690 est
2056 1654 2254 1701 Carthago,
2286 1656 2439 1702 ideoque

1343 1699 1447 1745 quasi
1469 1703 1583 1735 morte
1607 1699 1737 1735 desinit
1760 1700 1894 1735 habere
1917 1710 2021 1735 usum
2043 1699 2213 1736 fructum.

1390 1742 1444 1782 22
1469 1744 1700 1780 Poupomos
1728 1744 1820 1780 libro
1854 1749 1960 1780 sexto
1993 1745 2044 1780 ad
2074 1744 2243 1788 Quintum
2274 1745 2436 1783 Mucium

1344 1789 1381 1825 Si
1404 1789 1543 1825 mulieri
1566 1800 1652 1825 usus
1678 1789 1827 1826 domus⁴
1851 1790 1989 1835 legatus
2014 1790 2060 1826 sit
2083 1795 2120 1826 et
2137 1790 2199 1826 illa
2217 1795 2318 1827 trans
2337 1802 2439 1828 mare

1342 1834 1507 1880 profecta
1538 1835 1585 1870 sit
1620 1838 1656 1871 et
1691 1834 1887 1871 constituto
1925 1840 2085 1881 tempore
2121 1836 2168 1871 ad
2202 1837 2436 1872 amittendum

1343 1891 1447 1916 usum
1471 1879 1613 1923 afuerit,
1638 1879 1788 1916 maritus
1811 1891 1894 1916 vero
1919 1880 2025 1916 domo
2049 1891 2137 1917 usus
2159 1880 2280 1924 fuerit,
2304 1882 2434 1918 retine-

1342 1930 1402 1961 tur
1433 1925 1544 1961 nihilo
1576 1925 1694 1961 minus
1725 1936 1833 1969 usus,
1868 1925 2165 1971 quemadmodum
2201 1927 2234 1963 si
2265 1926 2436 1964 familiam

1343 1981 1445 2007 suam
1476 1971 1514 2006 in
1547 1970 1654 2006 domu
1684 1971 1885 2017 reliquisset
1917 1982 2030 2017 eaque
2061 1972 2357 2025 peregrinaretur.
2401 1977 2435 2009 et

1342 2017 1411 2052 hoc
1435 2016 1546 2061 magis
1580 2016 1770 2052 dicendum
1803 2019 1876 2059 est,
1909 2017 1939 2052 si
1970 2027 2117 2052 uxorem
2147 2028 2185 2052 m
2216 2017 2322 2053 domu
2353 2018 2435 2054 reli-

1343 2062 1460 2107 querit
1490 2060 1658 2104 maritus,
1692 2072 1774 2097 cum
1808 2062 1877 2108 ipsi
1908 2062 2035 2097 marito
2068 2072 2156 2098 usus
2188 2062 2315 2099 domus
2339 2063 2435 2109 lega·

1341 2111 1399 2142 tus
1423 2107 1481 2142 sit.

1390 2150 1441 2189 23
1468 2152 1578 2187 IDEM
1605 2152 1696 2187 libro
1728 2152 1919 2187 vicensimo
1950 2155 2055 2188 sexto
2088 2153 2138 2188 ad
2160 2152 2330 2196 Quintum
2354 2153 2434 2189 Mu·

1343 2199 1436 2234 cium
1483 2197 1521 2232 Si
1545 2207 1639 2242 ager,
1666 2197 1768 2232 cuius
1793 2207 1877 2232 usus
1901 2196 2039 2232 fructus
2064 2202 2186 2233 noster
2209 2198 2266 2240 sit,
2289 2198 2437 2234 flumine

1342 2243 1397 2278 vel
1408 2242 1499 2278 mari
1518 2242 1713 2277 inundatus
1732 2241 1853 2284 fuerit,
1878 2242 2055 2277 amittitur
2074 2253 2161 2278 usus
2182 2242 2334 2286 fructus,
2354 2254 2434 2279 cum

1343 2288 1450 2323 etiam
1473 2288 1553 2333 ipsa
1575 2287 1776 2332 proprietas
1801 2296 1843 2322 eo
1868 2297 1956 2322 casu
1979 2287 2182 2323 amittatur:
2215 2298 2258 2324 ac
2289 2299 2335 2324 ne
2357 2289 2431 2334 pis-

1343 2332 1458 2368 cando
1483 2332 1624 2378 quidem
1647 2332 1800 2368 retinere
1822 2332 2017 2377 poterimus
2041 2343 2146 2368 usum
2168 2331 2338 2369 fructum.
2371 2334 2435 2370 sed

1343 2377 1659 2423 quemadmodum,
1695 2377 1725 2412 si
1758 2376 1882 2413 eodem
1915 2377 2051 2423 impetu
2088 2377 2292 2414 discesserit
2326 2389 2435 2425 aqua,

1343 2434 1413 2468 quo
1431 2423 1538 2466 venit,
1562 2422 1762 2458 restituitur
1786 2422 1999 2468 proprietas,
2022 2422 2074 2458 ita
2098 2427 2133 2459 et
2156 2434 2259 2459 usum
2276 2423 2434 2460 fructum

1343 2468 1624 2504 restituendum⁵
1648 2467 1837 2503 dicendum
1862 2470 1926 2503 est.

1388 2511 1442 2551 24
1466 2513 1512 2549 IA
1522 2523 1692 2549 νοιΕΝυε
1719 2513 1810 2549 libro
1842 2513 1948 2549 tertio
1979 2524 2030 2549 ex
2052 2514 2341 2561 posterioribus⁶
2363 2514 2433 2551 La·

1343 2559 1464 2594 beonis
1511 2558 1599 2594 Cum
1631 2568 1733 2593 usum
1763 2557 1922 2594 fructum
1954 2558 2049 2594 horti
2081 2559 2268 2602 haberem,
2299 2559 2434 2596 flumen

1342 2605 1484 2639 hortum
1509 2603 1708 2648 occupavit,
1734 2602 1862 2639 deinde
1885 2603 1931 2639 ab
1955 2614 1997 2640 eo
2021 2604 2187 2640 recessit:
2211 2605 2267 2640 ius
2292 2615 2436 2651 quoque

1343 2660 1429 2685 usus
1452 2649 1593 2684 fructus
1617 2649 1822 2684 restitutum
1852 2658 1932 2684 esse
1961 2648 2123 2685 Labeoni
2156 2649 2315 2693 videtur,
2349 2650 2433 2696 quia

1341 2694 1378 2730 id
1409 2695 1523 2730 solum
1555 2697 1728 2739 perpetuo
1755 2693 1919 2730 eiusdem
1949 2694 2036 2730 iuris
2067 2694 2267 2731 mansisset.
2314 2695 2366 2731 ita
2395 2695 2433 2731 id

1341 2750 1464 2775 verum
1494 2744 1603 2785 puto,
1637 2739 1667 2774 si
1696 2738 1828 2774 fiumen
1851 2738 2084 2775 inundatione
2106 2739 2251 2775 hortum
2275 2750 2430 2793 occupa-

1342 2785 1408 2821 vit:
1434 2795 1517 2820 nam
1536 2784 1566 2820 si
1586 2784 1685 2820 alveo
1706 2787 1844 2819 mutato
1857 2783 1939 2819 inde
1957 2793 2105 2820 manare
2124 2785 2293 2831 coeperit,
2318 2785 2432 2821 amitti

1342 2841 1446 2866 usum
1468 2829 1626 2866 fructum
1651 2829 1836 2871 existimo,
1868 2839 1949 2864 cum
1974 2829 2004 2864 is
2027 2829 2130 2866 loeus
2153 2829 2243 2866 alvei
2265 2831 2430 2876 publicus

1342 2886 1421 2911 esse
1463 2875 1639 2920 coeperit,
1682 2884 1798 2920 neque
1830 2873 1868 2909 in
1901 2874 2090 2919 pristinum
2125 2878 2259 2912 statum
2292 2876 2432 2911 restitui

1348 2924 1356 2956 1
1409 2930 1527 2966 posse.
1575 2919 1673 2955 Idem
1697 2919 1784 2955 iuris
1806 2918 1869 2954 in⁷
1892 2919 2018 2955 itinere
2043 2923 2079 2955 et
2110 2924 2195 2956 actu
2226 2920 2430 2956 custodien-

1342 2965 1427 3001 dum
1451 2975 1530 3001 esse
1553 2965 1605 3000 ait
1615 2964 1757 3000 Labeo:
1782 2963 1826 2999 de
1850 2964 1978 3010 quibus
2002 2964 2109 3001 rebus
2135 2975 2198 3018 ego
2218 2965 2310 3001 idem
2334 2966 2432 3011 quod

1341 3014 1361 3046 2
1408 3010 1446 3046 in
1469 3020 1538 3046 usu
1560 3009 1683 3045 fructu
1707 3009 1834 3045 sentio.
1874 3008 2016 3045 Lamo.
2040 3009 2118 3046 Nec
2134 3020 2165 3046 si
2180 3021 2319 3047 summa
2334 3015 2430 3047 terra

1341 3055 1485 3091 sublata
1508 3065 1552 3090 ex
1575 3054 1686 3090 fundo
1711 3065 1789 3090 meo
1815 3057 1851 3090 et
1881 3054 1950 3089 alia
1981 3059 2121 3100 regesta
2153 3059 2264 3098 esset,
2295 3056 2431 3092 idcirco

1340 3110 1457 3136 meum
1481 3100 1596 3135 solum
1620 3109 1700 3135 esse
1732 3099 1878 3142 desinit,
1911 3110 1983 3136 non
2013 3101 2124 3146 magis
2155 3111 2263 3147 quam
2292 3105 2428 3138 sterco-

1340 3149 1420 3181 rato
1509 3156 1542 3181 o.

1387 3188 1439 3228 25
1502 3198 1695 3225 om’omvs
1722 3189 1812 3225 libro
1837 3189 2024 3226 undecimo
2048 3201 2098 3226 esc
2128 3191 2239 3226 variis
2269 3191 2436 3228 lectioni-

1341 3236 1406 3272 bus
1450 3235 1578 3271 Placet
1598 3234 1654 3270 vel
1678 3238 1798 3270 certae
1821 3235 1934 3280 partis
1958 3235 2013 3271 vel
2043 3246 2109 3281 pro
2140 3235 2291 3272 indiviso
2323 3246 2429 3272 usum

1338 3280 1497 3317 fructum
1522 3290 1595 3316 non
1618 3279 1751 3316 utendo
1776 3279 1902 3315 amitti.

1385 3323 1439 3363 26
1463 3324 1521 3361 ΡΑ
1529 3334 1624 3360 mos
1643 3325 1734 3361 libro
1751 3325 1876 3371 primo
1899 3323 1950 3360 ad
1971 3323 2159 3360 Neratium
2206 3324 2243 3361 Si
2275 3335 2359 3371 ager
2380 3325 2429 3361 ab

1338 3370 1502 3406 hostibus
1527 3374 1727 3422 occupatus
1751 3380 1917 3405 servusve
1948 3372 2075 3415 captus
2106 3369 2276 3406 liberatus
2307 3370 2427 3413 fuerit,

1339 3416 1415 3451 iure
1463 3414 1643 3450 ostlimimi
1666 3415 1873 3451 restituetur
1895 3424 1980 3451 usus
2003 3414 2156 3451 fructus.

1385 3458 1410 3498 2
1471 3459 1579 3495 Imm
1605 3459 1696 3495 libro
1757 3461 1848 3495 rimo
1879 3459 2100 3495 manualium
2147 3459 2185 3495 Si
2216 3469 2359 3503 servus,
2390 3460 2427 3496 in

1339 3516 1409 3551 quo
1434 3515 1521 3540 usus
1545 3505 1686 3541 fructus
1711 3516 1732 3541 a
1747 3505 1847 3540 ienus
1873 3507 1946 3546 est,
1978 3515 2094 3540 noxae
2125 3504 2278 3541 dedatur
2309 3516 2331 3540 a
2362 3505 2425 3540 do-

183 3620 224 3658 (1)
250 3618 391 3660 [diruta]
405 3623 439 3650 et
450 3617 554 3651 isdem
568 3616 728 3649 cementis
743 3616 915 3657 tignisque
928 3616 1031 3650 suerit
1045 3620 1102 3651 ins.
1119 3618 1156 3657 S,
1168 3620 1270 3652 sedat

182 3665 320 3707 primum
334 3663 522 3696 vocabulum
538 3674 601 3695 non
613 3662 703 3695 adsit
715 3662 781 3694 nini
794 3662 824 3694 in
840 3664 1069 3695 recentioribus
1085 3665 1177 3697 libris

184 3710 228 3747 ‹2›
253 3708 389 3750 dempta
404 3708 583 3752 Hoffmann
695 3712 736 3745 131
763 3709 799 3738 tu
813 3706 873 3739 ins.
894 3706 923 3739 S
1033 3712 1073 3747 (4)
1098 3709 1144 3741 sic
1160 3708 1197 3747 S,
1211 3707 1268 3741 do-

1341 3628 1427 3651 mum
1443 3617 1477 3651 F
1596 3621 1639 3655 (ὁ)
1665 3617 1799 3650 restitui
1811 3617 1966 3660 Krueyer
2092 3618 2137 3659 (o)
2163 3616 2385 3659 posteriorum
2397 3616 2431 3650 F

1342 3665 1384 3705 (7)
1412 3662 1447 3696 in
1466 3662 1503 3705 S,
1518 3674 1576 3695 om.
1591 3662 1624 3695 F
