2528 3918
213 66 344 110 XV1

213 198 257 225 ea
291 198 383 234 quae
419 187 465 223 ad
499 197 647 222 uxorem
681 188 854 234 respicit?
898 198 946 225 an
980 198 1062 224 vero
1098 198 1306 233 separamus

213 244 344 270 causas
369 232 473 278 quasi
495 232 534 267 in
557 231 698 269 duobus
722 233 890 279 peculiis,
922 242 963 270 ut
994 237 1030 269 et
1062 243 1173 269 causa
1196 233 1307 269 debiti

213 279 310 325 quod
334 278 468 323 petitur
490 279 698 323 spectetur?
734 282 784 323 ut,
809 279 840 316 si
863 279 1006 326 quidem
1031 289 1075 314 ex
1099 289 1140 314 eo
1164 279 1305 324 peculio

213 328 352 370 agatur,
377 322 474 368 quod
493 322 540 358 ad
560 322 742 360 mulierem
761 329 913 371 spectat,
938 324 973 360 id
998 324 1185 366 deducam,
1210 323 1307 369 quod

213 379 257 404 ex
282 379 323 404 eo
350 371 540 404 contractu
565 367 739 405 debeatur
751 371 781 413 ¹,
814 370 845 406 si
868 381 912 406 ex
936 380 978 405 eo
1004 372 1212 412 contractu,
1270 369 1306 404 ui

213 414 260 450 ad
283 424 340 449 me
362 413 520 466 respicit,
543 424 662 450 meum
685 414 885 452 deducam?
919 424 1013 461 quae
1033 414 1195 459 quaestio
1215 380 1304 450 diffu-

214 459 326 495 cidius
349 462 403 494 est
422 469 459 494 1n
478 458 679 497 fructuario
696 464 864 504 tractata,
889 465 1008 496 utrum
1033 470 1075 495 ex
1100 470 1142 495 eo
1166 459 1307 495 demum

213 508 401 540 contractu
425 507 546 549 potest
569 504 614 541 de
636 506 777 551 peculio
811 505 1010 548 conveniri,
1043 504 1166 550 qu0d2
1189 504 1236 540 ad
1267 515 1307 540 se

211 549 376 595 pertinet,
401 559 449 585 an
473 559 518 585 ex
536 549 642 586 omni.
676 555 712 587 et
728 552 922 587 Marcellus
943 550 1051 587 etiam
1070 550 1307 586 fructuarium

211 594 325 630 teneri
347 594 474 630 scribit
497 598 533 630 et
563 605 608 631 ex
639 597 736 632 omni
767 600 974 633 contractu:
1008 606 1090 631 eum
1122 595 1215 631 enim
1246 595 1306 641 qui

212 640 394 676 contrahit
436 643 552 676 totum
584 642 677 677 servi
737 643 890 678 eculium
924 641 1020 678 velut
1053 640 1306 693 patrimonium

211 685 390 721 intuitum.
438 689 536 722 certe
565 686 653 722 illud
684 697 705 722 a
731 687 942 723 mittendum
973 686 1175 722 ommmodo
1208 685 1305 729 dicit,

211 734 253 767 ut
274 730 394 776 priore
418 735 605 774 convento,
631 733 677 768 ad
702 743 807 778 quem
830 743 887 768 res
911 731 1076 778 respicit,
1111 732 1148 767 in
1179 741 1304 777 super-

210 776 324 812 fluum
345 775 397 820 is,
430 777 489 812 cui
514 778 714 823 quaesitum
738 789 811 814 non
836 781 900 819 est,
927 777 1179 813 conveniatur:
1212 787 1305 822 quae

212 821 389 857 sententia
423 822 645 868 probabilior
677 827 731 858 est
763 827 798 858 et
831 834 854 858 a
884 822 1084 868 Papiniano
1119 822 1304 868 probatur.

211 866 308 948 guod
332 871 369 902 et
391 867 428 903 in
452 867 593 903 duobus
617 868 733 904 bonae
755 868 838 904 fidei
858 868 1078 913 emptoribus
1098 867 1166 903 erit
1185 867 1305 903 dicen-

236 923 308 948 um.
345 912 407 948 sed
430 913 467 948 in
491 914 617 949 marito
642 914 766 948 melius
790 918 845 949 est
863 913 981 949 dicere
999 913 1207 958 simpliciter
1226 923 1306 948 eum

211 958 257 994 de
279 958 419 1003 peculio
442 958 566 994 teneri.
603 958 659 994 sin
683 963 802 994 autem
821 959 971 994 maritus
992 958 1197 994 huiusmodi
1215 958 1307 994 servi

211 1002 354 1040 nomine
388 1003 522 1049 aliquid
555 1004 792 1049 praestiterit,
836 1015 884 1040 an
919 1004 1090 1039 adversus
1123 1003 1306 1039 mulierem

211 1052 373 1130 agentem
399 1049 493 1084 dotis
518 1049 659 1084 nomine
684 1049 862 1085 deducere
885 1049 921 1084 id
945 1049 1085 1094 possit?
1121 1053 1158 1085 et
1181 1048 1249 1092 ait,
1274 1049 1305 1084 si

210 1094 224 1131 i
272 1093 369 1140 quod
393 1094 560 1130 creditori
583 1095 793 1139 praestitum
817 1099 873 1131 est
895 1094 943 1130 ad
964 1095 1149 1140 utriusque
1167 1094 1305 1140 generis

238 1139 391 1175 eculium
422 1139 631 1184 pertinebit,
664 1150 730 1184 pro
763 1144 844 1175 rata
868 1140 1011 1186 utrique
1033 1140 1174 1186 peculio
1200 1139 1304 1176 dece-

211 1151 297 1220 ἕπε
322 1184 461 1220 debere.
499 1195 543 1220 ex
567 1195 637 1230 quo
662 1185 819 1230 intellegi
841 1189 978 1231 potest,
1004 1185 1035 1221 si
1059 1185 1106 1221 ad
1129 1185 1306 1221 alterum³

210 1230 389 1276 peculium
413 1234 621 1265 contractus
645 1231 855 1276 pertinebit,
886 1231 992 1267 modo
1025 1230 1093 1267 soli
1116 1231 1220 1266 uxori
1243 1230 1304 1266 de-

209 1275 316 1318 trahi,
341 1275 446 1311 modo
471 1286 542 1310 non
567 1275 716 1318 detrahi,
742 1276 773 1311 si
796 1276 843 1312 ad
866 1276 903 1311 id
928 1276 1108 1322 peculium
1131 1276 1305 1321 pertinuit

212 1323 232 1356 2
281 1324 506 1363 contractuS,
540 1320 636 1365 quod
667 1321 766 1366 apud
797 1322 966 1357 maritum
1000 1321 1143 1357 resedit.
1192 1321 1305 1357 Inter-

212 1366 297 1401 dum
322 1370 357 1401 et
379 1365 448 1411 ipsi
471 1365 670 1402 fructuario
689 1367 860 1403 adversus
881 1367 1064 1403 dominum
1083 1367 1189 1402 datur
1209 1367 1304 1403 actio

211 1411 256 1446 de
278 1411 439 1456 peculio,
471 1415 512 1446 ut
542 1415 631 1456 puta
662 1412 692 1447 si
723 1423 745 1447 a
772 1412 820 1448 ud
853 1423 934 1448 eum
956 1413 1091 1448 habeat
1113 1412 1305 1458 peculium,

211 1456 306 1501 apud
330 1457 446 1502 ipsum
470 1466 552 1492 vero
577 1460 641 1492 aut
664 1457 735 1493 nih’
773 1462 838 1494 aut
861 1458 989 1501 minus,
1014 1468 1123 1503 quam
1141 1457 1305 1494 fructua-

210 1502 263 1537 rio
288 1501 448 1537 debetur.
484 1502 577 1537 idem
601 1502 708 1538 etiam
732 1507 859 1539 contra
891 1504 1047 1547 eveniet,
1079 1502 1237 1549 quamvis
1268 1503 1306 1538 in

211 1547 351 1628 guoblus
376 1546 528 1582 dominis
551 1547 710 1584 sufficiat
732 1559 798 1594 pro
823 1549 922 1585 socio
942 1549 999 1585 vel
1018 1548 1198 1585 communi
1218 1548 1304 1584 divi-

239 1603 286 1628 un
314 1603 335 1628 ο
361 1592 474 1628 actio:

256 1635 310 1675 20
335 1636 496 1673 was
512 1637 604 1675 libro
625 1639 675 1675 tri
699 1640 835 1675 ensimo
848 1639 898 1675 ad
908 1639 1064 1676 edictum
1111 1649 1194 1675 nam
1213 1639 1306 1675 inter

209 1693 248 1718 se
318 1693 378 1719 ere
401 1683 490 1719 socii
514 1683 559 1718 de
608 1694 648 1720 ec
690 1685 722 1720 ‘o
747 1695 822 1720 non
845 1688 1010 1730 possunt.

256 1693 318 1765 28?
349 1727 546 1764 Urpmws
590 1729 668 1765 ibro
704 1730 895 1766 vicensimo
931 1741 1027 1766 nono
1063 1728 1114 1765 ad
1148 1729 1304 1766 edictum

209 1774 356 1809 Summa
380 1784 461 1809 cum
485 1774 624 1810 ratione
647 1775 754 1811 etiam
773 1775 843 1811 hoc
861 1775 1003 1821 peculio
1024 1779 1170 1821 praetor
1189 1775 1304 1821 impu-

208 1819 309 1862 tavit,
334 1818 431 1864 quod
453 1819 534 1855 dolo
559 1820 652 1856 malo
678 1820 812 1856 domini
833 1821 971 1856 factum
995 1825 1068 1864 est,
1093 1831 1163 1866 quo
1187 1821 1304 1856 minus

208 1864 246 1900 in
276 1864 416 1910 peculio
449 1868 554 1900 esset.
592 1865 656 1901 sed
687 1866 808 1902 dolum
838 1866 971 1902 malum
1002 1865 1165 1911 accipere
1197 1866 1304 1902 debe-

209 1921 307 1953 mus,
338 1910 369 1946 si
392 1910 425 1945 ei
447 1910 580 1945 ademit
602 1911 798 1956 peculium:
832 1911 895 1947 sed
919 1915 956 1947 et
978 1911 1009 1947 si
1032 1922 1113 1947 eum
1136 1911 1306 1947 intricare

235 1955 387 1991 eculium
409 1955 448 1990 in
471 1965 595 1991 necem
619 1956 835 1992 creditorum
858 1967 989 2002 passus
1010 1961 1075 2000 est,
1099 1957 1197 1993 Mela
1215 1957 1303 1993 scri-

208 1966 263 2036 git
286 2000 368 2037 dolo
386 2000 480 2036 malo
501 2000 577 2037 eius
597 2001 745 2038 factum.
783 2002 848 2038 sed
868 2007 905 2038 et
924 2003 956 2038 si
974 2003 1064 2048 quis,
1086 2013 1167 2038 cum
1187 2002 1304 2048 suspi-

210 2046 376 2082 caretur⁴
397 2046 506 2081 alium
526 2056 648 2082 secum
667 2051 844 2091 acturum,
865 2048 935 2083 alio
955 2048 1135 2093 peculium
1155 2051 1303 2091 avertat,

209 2092 292 2127 dolo
316 2102 390 2128 non
413 2095 522 2127 caret.
560 2092 623 2128 sed
647 2093 677 2128 si
697 2093 757 2128 alii
777 2093 892 2135 solvit,
917 2103 990 2129 non
1011 2093 1136 2129 dubito
1165 2093 1209 2129 de
1234 2093 1305 2129 hoc

210 2137 296 2182 quin
320 2147 393 2172 non
415 2140 592 2180 teneatur,
617 2138 786 2184 quoniam
805 2138 974 2174 creditori
997 2139 1146 2174 solvitur
1167 2142 1202 2174 et
1220 2138 1305 2174 licet

212 2186 227 2216 1
279 2181 448 2217 creditori
466 2182 611 2227 vigilare
631 2183 678 2219 ad
698 2194 803 2220 suum
823 2183 1122 2229 consequendum.
1172 2183 1210 2219 Si
1222 2183 1303 2220 dolo

209 2227 339 2263 tutoris
362 2227 418 2262 vel
442 2228 618 2264 curatoris
649 2228 775 2264 furiosi
807 2229 862 2265 vel
892 2229 1136 2275 procuratoris
1166 2229 1304 2265 factum

209 2273 274 2315 sit,
307 2282 356 2308 an
387 2273 544 2318 pupillus
567 2273 623 2309 vel
645 2273 804 2310 furiosus
827 2274 882 2310 vel
906 2274 1070 2310 dominus
1095 2274 1139 2310 de
1162 2275 1303 2320 peculio

210 2317 452 2362 conveniatur,
475 2318 678 2355 videndum.
716 2324 752 2355 et
770 2324 871 2365 puto,
890 2319 922 2355 si
941 2320 1108 2356 solvendo
1128 2324 1228 2356 tutor
1245 2320 1303 2362 sit,

210 2367 394 2409 praestare
415 2364 591 2409 pupillum
615 2375 660 2400 ex
684 2365 765 2401 dolo
790 2365 886 2408 eius,
917 2365 1070 2401 maxime
1093 2365 1124 2401 si
1148 2365 1233 2411 quid
1257 2365 1304 2401 ad

210 2419 290 2444 eum
313 2409 492 2454 pervenit,
526 2413 562 2445 et
584 2409 636 2445 ita
658 2409 877 2456 Pomponius
900 2411 991 2446 libro
1017 2414 1143 2447 octavo
1169 2411 1303 2456 epistu-

209 2454 326 2489 larum
358 2454 493 2490 scribit.
529 2454 623 2490 idem
657 2459 694 2491 et
726 2456 764 2491 in
799 2459 966 2492 curatore
1001 2460 1037 2491 et
1070 2460 1304 2502 procuratore

210 2502 230 2534 2
277 2499 345 2535 erit
367 2498 566 2535 dicendum.
613 2500 768 2546 Emptor
784 2505 911 2537 vautem
935 2512 981 2537 ex
1004 2501 1086 2537 dolo
1110 2501 1302 2538 venditoris

210 2555 282 2580 non
305 2545 486 2580 tenebitur
508 2556 575 2581 nec
598 2545 703 2582 heres
727 2547 783 2582 vel
807 2546 899 2582 alius
923 2557 1129 2590 successor,
1164 2547 1232 2582 nisi
1265 2547 1303 2582 in

209 2589 245 2625 id
275 2589 372 2635 quod
402 2589 449 2625 ad
472 2600 511 2626 se
541 2591 737 2636 pervenit„
762 2591 836 2628 sive
867 2595 988 2628 autem
1018 2595 1103 2637 post
1132 2592 1302 2628 iudicium

209 2639 398 2680 acceptum
417 2635 490 2671 sive
509 2640 593 2672 ante
612 2636 694 2672 dolo
712 2636 850 2673 factum
871 2639 929 2681 sit,
954 2638 1158 2673 continetur
1181 2637 1301 2673 officio

210 2683 230 2715 3
277 2679 416 2716 iudicis.
465 2680 503 2716 Si
534 2681 699 2717 dominus
723 2682 778 2718 vel
801 2686 905 2728 pater
927 2687 1071 2719 recuset
1094 2682 1138 2719 de
1161 2683 1301 2728 peculio

210 2725 397 2768 actionem,
422 2736 494 2761 non
518 2730 574 2762 est
597 2727 807 2771 audiendus,
833 2728 897 2764 sed
920 2729 1101 2774 cogendus
1125 2732 1180 2764 est
1200 2729 1303 2774 quasi

210 2770 317 2805 aliam
364 2771 499 2806 uamvis
522 2773 747 2817 personalem
771 2774 950 2809 actionem
974 2774 1167 2819 suscipere.

257 2813 311 2852 22
373 2825 568 2852 oupomvs
585 2817 676 2853 libro
696 2820 848 2865 septimo
861 2819 911 2854 ad
921 2818 1097 2855 Sabinum
1132 2819 1170 2854 Si
1183 2819 1303 2855 damni

209 2860 332 2896 infecti
363 2861 502 2897 aedium
532 2863 765 2907 peculiarium
796 2864 940 2900 nomine
962 2865 1166 2910 promiserit
1189 2864 1301 2900 domi-

209 2916 299 2949 nus,
329 2906 421 2942 ratio
453 2907 528 2942 eius
559 2907 684 2943 haberi
715 2908 822 2945 debet
852 2913 889 2945 et
917 2909 997 2946 ideo
1029 2910 1075 2945 ab
1109 2920 1150 2946 eo
1175 2910 1235 2955 qui
1258 2909 1302 2945 de

209 2951 351 2997 peculio
376 2951 449 2996 agit
472 2951 613 2988 domino
639 2954 836 2990 cavendum
861 2958 926 2990 est.

259 2993 312 3034 23
337 2995 444 3032 loru
469 2997 560 3032 libro
584 3009 680 3034 nono
705 2999 756 3034 ad
778 2998 953 3036 Sabinum
998 2999 1152 3035 Aedium
1183 3005 1302 3035 autem

209 3041 442 3122 genuliarium
465 3042 607 3094 nomine
628 3043 665 3078 in
689 3044 840 3080 solidum
861 3045 981 3080 damni
999 3045 1124 3080 infecti
1142 3046 1301 3091 promitti

235 3087 335 3130 ebet,
367 3087 462 3123 sicut
491 3088 613 3122 vicarii
644 3089 786 3126 nomine
810 3090 939 3126 noxale
961 3090 1133 3126 iudicium
1156 3091 1193 3125 in
1216 3091 1300 3126 soli-

210 3132 293 3168 dum
316 3132 413 3178 pati,
437 3132 523 3177 quia
545 3143 610 3212 pro
633 3135 782 3186 pignore
804 3145 866 3178 ea,
899 3135 930 3171 si
953 3146 1025 3171 non
1050 3135 1299 3179 defendantur,

210 3182 314 3214 actor
337 3177 484 3214 abducit
506 3187 549 3212 ve
611 3179 754 3214 ossldet.

256 3220 310 3260 24
341 3221 537 3259 vamum
563 3223 592 3258 li
633 3234 654 3258 o
687 3225 879 3261 vicensimo
909 3230 1015 3262 seoeto
1047 3225 1098 3261 ad
1126 3224 1300 3261 Sabinum

211 3268 366 3304 Curator
395 3266 523 3303 furiosi
553 3267 895 3306 administrationem
925 3270 1057 3316 peculii
1089 3274 1125 3306 et
1154 3270 1242 3306 dare
1265 3274 1301 3306 et

210 3313 279 3350 den
347 3323 387 3348 re
408 3316 530 3358 potest
550 3317 625 3348 tam
649 3323 750 3349 servo
773 3315 900 3351 furiosi
925 3327 1032 3361 quam
1054 3315 1139 3351 filio.

256 3356 282 3396 2
335 3357 564 3394 Poupomvs
592 3358 684 3394 libro
709 3360 899 3397 vicensimo
924 3362 1028 3397 tertio
1052 3361 1103 3397 ad
1124 3359 1299 3397 Sabinum

211 3404 251 3439 Id
275 3403 523 3440 vestimentum
546 3403 675 3449 peculii
699 3414 777 3440 esse
799 3405 942 3451 incipit,
967 3406 1064 3452 quod
1086 3406 1139 3442 ita
1162 3405 1300 3442 dederit

211 3520 251 3559 (ι)
276 3521 315 3551 ut
334 3518 364 3550 si
384 3517 521 3560 quidem
540 3527 582 3550 ex
600 3527 640 3550 eo
659 3520 839 3551 contractu
859 3529 980 3562 agatur
998 3520 1057 3562 qui
1070 3520 1112 3552 ad
1122 3531 1166 3553 m.
1179 3531 1242 3563 sp.,
1263 3520 1300 3553 id

211 3562 385 3603 deducam,
398 3562 488 3605 quod
500 3573 540 3596 ex
553 3573 592 3596 eo
604 3562 739 3605 peculio
751 3563 912 3596 debeatur
921 3577 983 3598 scr.
1095 3567 1138 3607 (2)
1164 3565 1224 3607 qui
1234 3578 1298 3599 scr.

213 3609 254 3649 (³)
278 3607 476 3641 alterutrum
487 3621 551 3642 ner.
645 3608 688 3649 (4)
712 3608 941 3651 susciperetur
952 3610 987 3643 F
1068 3611 1112 3651 (5)
1141 3614 1300 3653 sequetur

212 3664 239 3686 e.
253 3663 280 3687 ι.
294 3663 321 3685 e.
335 3653 545 3686 ministrabit
556 3665 617 3687 scr.

213 3699 255 3739 (τ)
280 3698 441 3741 estquod]
454 3708 560 3742 exque
570 3710 635 3732 scr.

739 3701 787 3743 (8)
809 3699 942 3732 eumF¹
1048 3702 1094 3742 (⁹)
1119 3700 1298 3734 creditori-

1295 64 1373 110 198

778 3655 822 3691 le)
847 3653 941 3686 uliud
955 3656 1013 3687 ins.
1029 3656 1190 3696 (eimiliter
1200 3656 1298 3698 Hal.)
1367 3656 1450 3698 suis]
1463 3657 1563 3690 euiiis
1576 3658 1611 3690 F
1615 3656 1640 3697 ²,
1653 3657 1755 3690 siisve
1767 3657 1866 3690 suiiis
1878 3657 1921 3691 F¹

2402 81 2463 114 Dr.

1376 188 1560 231 dominus,
1596 191 1637 224 ut
1671 198 1713 224 eo
1746 189 1878 226 vestitu
1910 199 2051 227 servum
2172 193 2254 227 etuo
2285 190 2339 227 uti
2361 192 2467 228 vellet

1378 242 1492 278 eoque
1515 233 1657 269 nomine
1679 233 1713 270 ei
1734 233 1911 278 traderet,
1944 246 1990 271 ne
2020 234 2099 280 quis
2161 235 2214 271 'us
2238 245 2281 272 eo
2305 240 2467 274 uteretur

1374 277 1482 323 idque
1505 278 1551 324 ab
1576 288 1618 314 eo
1642 278 1717 315 eius
1741 290 1828 315 usus
1851 280 1967 326 gratia
1990 279 2239 316 custodiretur.
2275 282 2339 317 sed
2370 282 2466 328 quod

1374 323 1623 359 vestimentum
1633 333 1735 360 servo
1758 324 1922 361 dominus
1942 325 1994 362 ita
2016 325 2114 361 dedit
2134 326 2315 370 utendum,
2335 331 2376 363 ut
2393 338 2465 363 non

1374 378 1533 414 semper,
1570 368 1633 404 sed
1664 369 1711 405 ad
1742 374 1878 406 certum
1910 382 2014 407 usum
2043 370 2149 407 certis
2179 372 2398 417 temporibus
2424 383 2464 409 eo
2527 370 2528 403 ἒ

1375 416 1551 456 uteretur,
1592 413 1701 450 veluti
1746 425 1826 451 cum
1860 421 2069 462 sequeretur
2103 426 2183 452 eum
2217 417 2290 452 sive
2324 418 2466 454 cenanti

1374 458 1585 494 ministravit
1595 461 1620 502 ⁵,
1643 459 1681 495 id
1705 460 1952 497 vestimentum
1977 472 2049 498 non
2075 471 2153 497 esse
2175 462 2316 508 peculii.

1421 501 1474 542 26
1499 503 1660 541 PAULUS
1679 504 1770 540 libro
1796 507 2005 553 triqensimo
2030 506 2080 542 ad
2101 506 2253 543 edictum
2301 507 2340 544 Si
2359 508 2466 544 semel

1374 560 1420 585 ex
1444 560 1486 585 ea
1510 559 1631 592 causa,
1655 549 1692 585 id
1716 553 1770 586 est
1794 551 1890 596 quod
1914 551 1996 589 dolo
2017 552 2153 595 fecerit,
2178 552 2342 589 dominus
2362 564 2465 599 prae-

1374 595 1506 630 stiterit
1529 594 1573 630 de
1596 595 1736 640 peculio
1762 600 1969 640 conventus,
1995 597 2122 634 ceteris
2147 608 2191 633 ex
2211 598 2334 634 eadem
2357 609 2467 635 causa

1374 640 1462 675 nihil
1480 640 1689 686 praestabit.
1725 641 1788 676 sed
1808 645 1843 677 et
1863 641 1894 677 si
1913 642 2122 678 tantundem
2143 653 2266 679 servus
2288 644 2320 679 ei
2340 643 2468 680 debeat

1376 689 1550 731 quantum
1583 685 1666 721 dolo
1697 686 1840 727 minuit,
1871 698 1944 723 non
1975 688 2041 723 erit
2073 687 2375 725 condemnandus.
2411 690 2466 725 his

1376 740 1599 776 consequens
1631 730 1714 773 erit,
1746 735 1787 766 ut
1816 733 2034 769 manumisso
2067 743 2209 778 quoque
2231 734 2286 769 vel
2310 734 2464 770 alienato

1375 786 1476 812 servo
1502 787 1545 811 ex
1570 785 1680 812 causa
1703 776 1810 812 etiam
1833 777 1905 813 doli
1929 778 2023 814 intra
2046 789 2179 814 annum
2202 783 2377 815 teneatur.

1423 819 1475 859 27
1506 821 1630 858 (ἔωσε
1658 821 1749 858 libro
1782 833 1878 858 nono
1902 823 1953 858 ad
1974 823 2128 860 edictum
2145 825 2374 871 provinciale
2418 825 2468 860 Et

1375 867 1586 903 ancillarum
1605 866 1747 902 nomine
1768 871 1803 902 et
1821 867 1974 903 filiarum
1994 868 2147 904 familias
2164 869 2201 904 in
2221 870 2360 915 peculio
2372 871 2465 906 actio

1375 912 1500 948 datur:
1526 912 1679 947 maxime
1701 911 1732 947 si
1756 923 1828 957 qua
1851 913 2067 949 sarcinatrix
2087 918 2150 949 aut
2169 915 2301 950 textrix
2319 915 2387 950 erit
2404 920 2467 951 aut

1375 957 1546 1004 aliquod⁰
1570 957 1761 993 artificium
1791 958 1936 1003 vulgare
1969 963 2152 1002 exerceat,
2185 959 2291 995 datur
2320 965 2468 1006 propter

1375 1014 1454 1040 eam
1477 1002 1583 1038 actio.
1622 1002 1773 1048 depositi
1806 1014 1946 1049 quoque
1977 1009 2013 1040 et
2043 1005 2259 1041 commodati
2290 1006 2467 1042 actionem

1375 1049 1530 1085 dandam
1554 1058 1677 1084 earum
1700 1048 1841 1083 nomine
1865 1049 2024 1086 Iulianus
2048 1050 2116 1086 ait:
2150 1050 2214 1086 sed
2246 1055 2282 1086 et
2314 1051 2465 1087 tributo-

1374 1095 1465 1130 riam
1497 1093 1688 1136 actionem,
1721 1093 1752 1128 si
1784 1094 1958 1139 peculiari
1981 1106 2099 1132 merce
2121 1096 2256 1132 sciente
2279 1101 2380 1141 patre
2403 1096 2466 1132 do-

1374 1140 1514 1175 minove
1537 1139 1780 1184 negotientur,
1816 1139 1972 1175 dandam
2006 1151 2095 1177 esse.
2131 1141 2236 1186 longe
2258 1142 2370 1188 magis
2394 1153 2467 1178 non

1375 1185 1577 1227 dubitatur,
1602 1188 1638 1219 et
1660 1184 1691 1219 si
1714 1184 1751 1218 in
1774 1195 1850 1220 rem
1874 1196 2013 1221 versum
2038 1190 2113 1229 est,
2138 1187 2257 1232 quod⁷
2280 1188 2380 1223 iussu
2428 1197 2466 1222 a-

1379 1234 1391 1266 l
1442 1230 1508 1266 tris
1544 1229 1720 1265 dominive
1756 1234 1981 1266 contractum
2013 1232 2070 1268 sit.
2118 1231 2267 1268 Constat
2301 1233 2386 1268 here
2413 1243 2466 1268 em

1374 1275 1507 1312 domini
1517 1275 1555 1310 id
1568 1285 1710 1320 quoque
1730 1275 1907 1311 deducere
1927 1276 2067 1320 debere,
2091 1277 2187 1323 quod
2206 1288 2342 1320 servus,
2365 1278 2466 1313 cuius

1374 1322 1516 1358 nomine
1541 1331 1623 1356 cum
1648 1330 1689 1355 eo
1715 1320 1759 1356 de
1782 1321 1922 1366 peculio
1947 1327 2122 1368 ageretur,
2147 1327 2231 1359 ante
2251 1323 2384 1358 aditam
2403 1324 2465 1359 he-

1374 1367 1564 1403 reditatem
1597 1376 1642 1401 ex
1672 1365 1777 1402 bonis
1807 1366 2030 1403 hereditariis
2062 1369 2254 1404 amovisset
2277 1379 2465 1414 consump-

1375 1415 1394 1448 2
1442 1413 1549 1448 sisset
1572 1411 1800 1463 corrupisset.
1850 1411 1887 1447 Si
1911 1422 2033 1449 servus
2057 1413 2233 1450 alienatus
2258 1414 2315 1456 sit,
2341 1424 2463 1459 quam-

1373 1457 1426 1494 vis
1449 1457 1488 1493 in
1511 1468 1610 1499 eum,
1637 1467 1697 1502 qm
1720 1457 1946 1501 alienaverit,
1980 1459 2075 1494 intra
2098 1469 2232 1495 annum
2255 1463 2400 1505 praetor
2423 1459 2467 1494 de

1374 1502 1514 1556 peculio
1540 1502 1718 1538 actionem
1740 1502 1973 1547 polliceatur,
2004 1508 2124 1540 tamen
2155 1504 2266 1540 nihilo
2290 1504 2407 1540 minus
2431 1509 2467 1540 et

1373 1559 1411 1584 m
1442 1559 1573 1584 novum
1609 1547 1789 1583 dominum
1824 1550 1919 1584 actio
1955 1549 2080 1593 datur,
2117 1554 2153 1586 et
2185 1549 2272 1585 nihil
2306 1550 2465 1593 interest,

1374 1594 1472 1630 aliud
1495 1593 1593 1639 apud
1617 1603 1697 1628 eum
1720 1593 1767 1628 ad
1793 1593 1929 1629 uisierit
1948 1595 2128 1639 peculium
2149 1605 2195 1630 an
2217 1595 2312 1641 quod
2331 1595 2466 1640 pariter

1375 1650 1458 1675 cum
1489 1639 1556 1674 eo⁸
1588 1638 1712 1674 emerit
1745 1649 1787 1674 ve
1837 1650 1881 1674 ex
1915 1640 2107 1676 donatione
2141 1641 2322 1686 acceperit
2354 1640 2466 1676 eidem

1375 1688 1395 1720 3
1444 1683 1673 1721 concesserit.
1720 1683 1813 1719 Illud
1837 1695 1979 1730 quoque
2001 1686 2154 1730 placuit,
2203 1686 2276 1721 uod
2301 1690 2336 1721 et
2358 1686 2465 1721 Iulia·

1374 1740 1443 1765 nus
1455 1730 1597 1775 probat,
1618 1729 1819 1764 omnimodo
1831 1730 2107 1775 permittendum
2125 1741 2185 1766 cre
2213 1731 2361 1767 'toribus
2373 1732 2387 1752 ⁹
2406 1731 2461 1767 vel

1373 1775 1411 1811 in
1434 1780 1555 1821 partes
1581 1785 1662 1810 cum
1685 1774 1831 1819 singulis
1855 1785 1961 1821 agere
1980 1776 2036 1811 vel
2054 1787 2135 1812 cum
2155 1787 2227 1813 uno
2246 1776 2285 1811 in
2301 1777 2464 1812 solidum.

1374 1824 1395 1856 4
1443 1820 1513 1856 Sed
1535 1819 1622 1866 ipsi,
1648 1820 1709 1865 qui
1731 1819 1929 1856 vendiderit
1951 1831 2108 1864 servum,
2133 1833 2205 1858 non
2228 1826 2334 1874 putat
2356 1822 2464 1858 lulia-

1373 1877 1441 1902 nus
1473 1866 1517 1902 de
1549 1876 1611 1909 eo,
1644 1864 1740 1910 quod
1771 1869 1856 1901 ante
1885 1866 2122 1903 venditionem
2147 1867 2351 1910 cred1derit,
2385 1878 2465 1903 cum

1374 1915 1393 1947 5
1443 1915 1603 1957 emptore
1634 1911 1678 1946 de
1701 1911 1840 1956 peculio
1865 1922 1970 1957 agere
2021 1912 2279 1948 ermittendum.
2328 1912 2399 1948 Sed
2431 1917 2467 1948 et

1373 1957 1404 1993 si
1428 1957 1543 1993 alieno
1569 1955 1753 1992 credidero
1778 1966 1930 2002 eumque
1953 1967 1992 1992 re
2018 1968 2153 2001 emero,
2179 1958 2306 1994 deinde
2330 1958 2464 1994 aliena-

1372 2013 1467 2045 vero,
1493 2012 1606 2055 aeque
1629 2012 1703 2037 non
1725 2005 1831 2047 putat
1853 2002 1938 2038 mihi
1961 2003 1998 2038 in
2023 2007 2216 2049 emptorem
2240 2003 2318 2039 dari
2337 2004 2466 2039 debere

1376 2051 1397 2084 6
1443 2047 1623 2084 iudiclum.
1671 2047 1715 2082 In
1747 2046 1966 2084 venditorem
1997 2052 2117 2084 autem
2152 2048 2339 2084 dumtaxat
2371 2049 2466 2084 intra

1373 2104 1507 2129 annum
1529 2097 1613 2138 post
1635 2091 1915 2172 redemgtionem
1940 2094 2199 2130 numerandum
2223 2094 2268 2130 de
2291 2105 2345 2137 eo,
2371 2094 2464 2139 quod

1373 2139 1493 2174 adhuc
1517 2139 1632 2174 alieno
1658 2137 1755 2173 credi
1782 2138 1878 2181 erim,
1904 2139 2058 2175 dandam
2082 2150 2160 2176 esse
2184 2140 2269 2175 mihi
2289 2139 2466 2175 actionem

1374 2184 1554 2220 existimat
1577 2183 1731 2219 deducto
1757 2193 1819 2226 eo,
1855 2184 1952 2229 quod
1982 2185 2079 2230 apud
2110 2196 2166 2220 me
2188 2185 2319 2230 peculii
2343 2195 2464 2220 servus

1374 2233 1392 2264 7
1440 2229 1599 2265 habebit.
1648 2228 1750 2264 Sicut
1773 2233 1893 2264 autem
1918 2230 1963 2266 de
1987 2240 2028 2266 eo
2042 2257 2050 2273 ‚
2083 2230 2180 2276 quod
2202 2231 2280 2275 ipse
2304 2230 2462 2266 credide-

1372 2275 1439 2310 rim
1463 2284 1563 2310 servo
1588 2284 1679 2317 mec,
1703 2284 1778 2310 non
1800 2278 1905 2319 putat
1927 2275 2088 2311 Iulianus
2106 2275 2143 2310 in
2164 2279 2358 2321 emptorem
2378 2275 2463 2310 alie-

1372 2324 1458 2356 nato
1479 2330 1521 2356 eo
1540 2320 1717 2355 actionem
1735 2319 1822 2354 mihi
1841 2319 1920 2355 dari
1939 2320 2078 2363 debere,
2101 2321 2154 2356 ita
2171 2325 2207 2356 et
2227 2321 2272 2356 de
2290 2330 2344 2363 eo,
2370 2320 2464 2373 quod

1372 2376 1496 2401 servus
1519 2375 1619 2400 meus
1637 2374 1739 2400 servo
1758 2375 1836 2400 meo
1859 2365 2058 2408 crediderit,
2083 2366 2178 2407 siis,
2206 2366 2265 2402 cui
2290 2365 2464 2401 cred1tum

1370 2410 1491 2453 fuerit,
1517 2411 1694 2446 alienatus
1718 2410 1783 2452 sit,
1808 2415 1915 2491 negat
1937 2411 2095 2456 permitti
2118 2411 2204 2447 mihi
2228 2411 2358 2447 debere
2383 2422 2463 2447 cum

1373 2459 1393 2492 8
1442 2459 1602 2501 emptore
1636 2455 1799 2500 experiri.
1874 2456 1885 2490 i
1922 2457 2001 2502 quis
2045 2467 2126 2492 cum
2169 2467 2270 2492 servo
2312 2456 2464 2492 duorum

1372 2501 1568 2547 pluriumve
1592 2501 1828 2544 contraxerit,
1852 2502 2129 2554 permittendum
2153 2506 2207 2538 est
2230 2502 2263 2538 ei
2287 2512 2369 2538 cum
2392 2512 2462 2554 quo

1371 2547 1456 2582 velit
1479 2546 1703 2582 dominorum
1726 2546 1764 2581 in
1796 2546 1948 2582 sohdum
1981 2547 2152 2593 experiri:
2185 2551 2241 2583 est
2271 2547 2365 2582 enim
2395 2547 2461 2582 mi-

1372 2603 1482 2638 quum
1504 2593 1542 2627 in
1565 2592 1686 2637 plures
1710 2591 1934 2628 adversarios
1961 2592 2122 2638 distringi
2155 2603 2253 2635 eum,
2313 2593 2350 2628 ui
2381 2603 2462 2628 cum

1372 2648 1447 2673 uno
1480 2637 1716 2673 contraxerit:
1750 2647 1817 2672 nec
1850 2638 1957 2673 huius
1993 2637 2179 2674 dumtaxat
2207 2648 2274 2683 pec
2316 2638 2336 2646 ''
2368 2637 2460 2673 ratio

1371 2683 1496 2719 haberi
1520 2683 1636 2725 debet,
1662 2682 1759 2727 quod
1782 2682 1879 2728 apud
1902 2693 1982 2718 eum
2007 2694 2089 2719 cum
2101 2694 2180 2764 3υο
2201 2683 2318 2728 agitur
2336 2683 2368 2719 is
2386 2693 2460 2719 ser-

1371 2739 1436 2764 vus
1460 2728 1629 2770 haberet,
1662 2727 1725 2763 sed
1749 2732 1785 2763 et
1808 2728 1883 2764 eius
1907 2728 2004 2774 quod
2027 2739 2100 2774 apu
2143 2731 2169 2750 ¹⁰
2193 2728 2357 2764 alterum.
2393 2738 2461 2764 nec

1371 2778 1492 2809 tamen
1523 2784 1581 2809 res
1613 2773 1787 2809 damnosa
1816 2773 1942 2808 futura
1974 2778 2029 2809 est
2052 2774 2085 2809 ei
2108 2774 2168 2819 qui
2192 2773 2459 2815 condemnat-ur,

1372 2830 1454 2854 cum
1476 2819 1591 2864 possit
1613 2828 1738 2854 rursus
1756 2818 1834 2863 ipse
1852 2819 1984 2854 iudicio
2005 2819 2188 2855 societatis
2208 2819 2262 2854 vel
2283 2819 2460 2855 communi

1372 2864 1562 2900 dividundo
1587 2863 1684 2917 quod
1707 2863 1858 2908 amplius
1883 2874 1950 2900 sua
1972 2865 2137 2910 portione
2158 2864 2302 2900 solverit
2319 2874 2343 2899 a
2361 2863 2459 2900 socio

1371 2909 1521 2945 sociisve
1555 2910 1669 2945 sms¹¹
1706 2909 1886 2954 consequi.
1932 2910 2026 2955 quod
2061 2910 2221 2945 Iulianus
2256 2909 2308 2945 ita
2340 2908 2459 2945 locum

1370 2955 1503 2990 habere
1536 2955 1605 2997 ait,
1638 2954 1669 2990 si
1698 2963 1720 2989 a
1746 2953 1795 2989 ud
1826 2954 1977 2990 alterum
2007 2966 2149 3001 quoque
2178 2955 2247 2990 fuit
2269 2954 2458 3007 peculium,

1370 3000 1455 3045 quia
1485 3010 1527 3036 eo
1560 3009 1647 3035 casu
1681 3009 1721 3035 so
1736 2999 1850 3035 vendo
1883 3000 2034 3053 quisque
2065 3001 2173 3036 etiam
2208 3010 2343 3036 soclum
2376 3010 2459 3035 aere

1370 3045 1484 3081 alieno
1515 3045 1669 3080 liberare
1698 3044 1855 3080 videtur:
1888 3049 1927 3081 at
1957 3056 1988 3081 s1
2020 3046 2157 3081 nullum
2180 3045 2227 3080 sit
2250 3044 2348 3090 apud
2370 3045 2457 3080 alte-

1369 3101 1448 3126 rum
1470 3090 1667 3135 peculium,
1700 3094 1827 3125 contra
1857 3100 1955 3133 esse,
1988 3091 2074 3143 quia
2104 3101 2171 3127 nec
2201 3090 2354 3126 liberare
2384 3090 2457 3126 ullo

1369 3135 1474 3171 modo
1498 3145 1581 3171 aere
1604 3135 1720 3171 alieno
1745 3145 1826 3171 eum
1849 3135 2075 3181 intellegitur.

1415 3177 1469 3219 28
1493 3179 1687 3216 IULIANUS
1702 3180 1794 3216 libro
1814 3181 2025 3217 duodecimo
2039 3183 2067 3203 ¹²
2085 3181 2306 3228 diqestorum
2340 3180 2458 3225 Quare

1370 3230 1406 3262 et
1440 3226 1471 3262 si
1502 3225 1600 3262 socio
1632 3235 1748 3271 neque
1778 3225 1881 3262 heres
1914 3236 1960 3262 ne
1985 3237 2031 3262 ue
2061 3227 2236 3262 bonorum
2270 3235 2458 3271 possessor

1368 3270 1574 3313 exstitisset,
1599 3275 1745 3307 eatenus
1770 3271 1931 3307 damnari
1980 3272 2060 3307 ebet
2081 3271 2112 3307 is
2137 3282 2218 3307 cum
2241 3281 2312 3317 quo
2336 3275 2457 3307 actum

1367 3316 1486 3359 fuerit,
1509 3320 1685 3361 quatenus
1708 3316 1887 3362 peculium
1910 3316 2008 3362 apud
2032 3327 2112 3352 eum
2137 3316 2203 3352 erit
2226 3320 2262 3352 et
2284 3321 2457 3362 quantum

1369 3372 1414 3397 ex
1436 3361 1540 3397 bonis
1565 3372 1672 3398 conse
1699 3362 1734 3398 ui
1757 3366 1886 3407 potest.

1415 3403 1470 3444 29
1497 3406 1622 3443 (ἔωσε
1648 3407 1677 3443 Ιι·
1718 3419 1740 3444 o
1770 3418 1866 3443 nono
1898 3407 1949 3443 ad
1970 3407 2123 3444 edictum
2142 3406 2372 3454 provinciale
2417 3406 2456 3442 Si

1369 3519 1444 3562 bus]
1466 3521 1627 3555 creditori
1646 3521 1802 3564 pluribus
1821 3520 2001 3555 heredibus
2021 3521 2208 3554 venditoris
2231 3521 2454 3554 existentibus

1368 3567 1425 3608 (cs.
1440 3566 1460 3600 l.
1474 3573 1510 3601 ao
1526 3571 1542 3606 §
1557 3574 1581 3600 1.
1609 3567 1628 3600 L
1642 3574 1680 3601 32
1689 3579 1743 3611 pr.
1756 3567 1788 3600 Ιι.
1804 3569 1839 3606 t.)
1853 3579 1915 3600 scr.
2032 3569 2092 3607 (ιο)
2116 3566 2206 3608 apud
2218 3579 2276 3599 om.
2290 3566 2330 3607 F,
2344 3578 2413 3599 cum
2425 3573 2456 3600 et

1368 3623 1453 3654 quae
1460 3613 1663 3655 praecedunt
1675 3622 1750 3645 eum
1762 3622 1838 3645 cum
1850 3636 1858 3644 .
1869 3636 1877 3643 .
1888 3636 1895 3644 .
1906 3612 1978 3644 eius
1991 3611 2081 3654 quod
2093 3612 2250 3645 omisisset
2260 3611 2312 3644 ΙΝ
2397 3613 2454 3653 (11)

2015 3658 2074 3697 (12)
2099 3656 2276 3690 undecimo
2288 3657 2331 3690 F·
