2528 3918
12 119 62 171 ,ἐξ
72 116 82 154 s
133 109 359 150 connuc'n

31 251 67 271 η,
175 224 229 264 40
257 224 380 262 θΔῙσε
397 224 488 261 libro
508 223 635 270 quinto
655 223 706 260 ad
722 222 877 260 edictum
877 222 1112 276 provinciale
1146 220 1215 274 Qui

39 269 60 309 ,ἶ
130 270 327 308 mercedem
350 269 482 315 accipit
503 279 569 314 pro
594 268 758 304 custodia
779 268 930 304 alicums
953 268 1024 311 rei,
1055 268 1086 304 is
1108 267 1215 303 hmus

35 335 40 342 Δ
130 316 326 364 periculum
350 313 532 351 custodiae
554 316 725 358 praestat.

150 360 226 406 Ἴ41
261 360 456 397 {limans
486 358 577 394 libro
613 359 739 404 quinto
774 358 825 394 ad
857 357 1011 395 edictum
1065 356 1136 392 Sed
1171 355 1215 391 de

130 406 258 442 damno
283 405 328 440 ab
353 404 422 440 alio
448 403 531 439 dato
556 404 613 449 agi
637 414 718 439 cum
742 414 783 439 eo
808 414 881 439 non
904 413 1011 449 posse
1030 402 1213 438 Iulianus¹

129 452 197 487 ait:
223 460 294 496 qua
317 450 409 485 enim
434 448 596 484 custodia
621 449 791 495 consequi
814 449 949 529 Ἧι,
974 459 1021 484 ne
1045 447 1214 483 damnum

129 495 256 533 iniuria
288 495 334 531 ab
366 494 436 531 alio
461 493 538 529 dari
561 494 701 539 possit?
735 494 798 530 sed
905 494 1014 529 cellus
1037 492 1214 528 interdum

129 551 207 578 esse
224 539 354 587 posse²
390 539 459 582 ait,
492 539 565 575 sive
597 539 769 575 custodiri
800 539 936 585 potuit,
970 549 1014 574 ne
1047 539 1214 574 damnum

129 587 293 628 daretur,
326 585 400 621 sive
422 585 499 631 ipse
523 587 644 620 custos
669 584 838 621 damnum
861 584 976 620 dedit:
1010 594 1102 630 quae
1133 593 1213 619 sen-

129 631 240 668 tentia
263 630 428 667 Marcelli
475 630 637 670 robanda
660 633 725 666 est.

126 699 129 703 -
173 674 228 714 42
263 675 422 712 Panos
467 675 544 711 z‘bro
579 676 684 711 tertio
719 675 856 711 decimo
891 674 943 710 ad
975 675 1130 711 edietum
1177 673 1215 709 Si

129 722 285 759 locatum
318 721 384 756 tibi
417 731 558 757 servum
588 720 786 766 subripias,
822 723 1013 766 utrumque
1044 719 1214 755 iudicium

127 767 297 803 adversus
320 770 358 802 te
381 769 436 802 est
459 765 717 809 exercendum,
747 766 857 802 locati
881 765 1031 801 actionis
1056 769 1092 801 et
1114 764 1212 800 furti.

173 809 225 850 43
250 811 357 847 IDEM
373 811 465 848 libro
486 812 650 847 vicesimo
662 812 787 858 primo
808 811 858 846 ad
878 811 1032 847 edictum
1080 810 1118 845 Si
1136 810 1212 846 vul-

127 857 306 894 neraveris
330 867 470 893 servum
493 856 558 891 tibi
580 857 756 900 locatum,
790 856 947 892 eiusdem
970 855 1124 892 vulneris
1148 865 1213 890 no-

126 903 219 938 mine
241 902 327 948 legis
350 902 515 948 Aquiliae
540 905 575 938 et
598 912 642 937 ex
665 902 785 937 locato
810 902 904 937 actio
930 905 995 943 est,
1020 901 1084 937 sed
1107 901 1212 937 alter-

125 951 208 984 utra
231 951 422 984 contentus
445 951 547 983 actor
571 957 649 983 esse
673 947 788 990 debet,
813 946 920 992 idque
943 946 1063 983 officio
1087 945 1213 982 iudicis

127 993 341 1037 continetur,
367 993 465 1039 apud
511 1003 592 1029 uem
616 1003 660 1028 ex
682 993 801 1029 locato
827 996 962 1038 agetur.

171 1037 226 1091 44
265 1037 461 1075 Urpmws
501 1038 579 1074 ibro
609 1039 760 1086 septimo
793 1038 843 1073 ad
872 1038 1027 1074 edietum
1073 1037 1215 1073 Locare

127 1087 332 1121 serututem
355 1094 458 1120 nemo
482 1087 612 1130 potest.

170 1127 224 1167 45
250 1129 411 1165 Psows
430 1129 521 1165 libro
545 1129 709 1165 vicesimo
732 1129 891 1165 secundo
915 1128 966 1164 ad
987 1128 1140 1164 edietum
1176 1126 1215 1162 Si

126 1175 268 1210 domum
291 1174 356 1210 tibi
378 1174 540 1211 locavero
566 1179 601 1210 et
624 1174 716 1210 servi
738 1174 808 1209 mei
830 1174 896 1209 tibi
920 1173 1087 1209 damnum
1107 1171 1213 1208 dede-

124 1220 196 1256 rint
218 1220 273 1256 vel
295 1220 431 1255 furtum
449 1220 610 1263 fecerint,
634 1230 708 1256 non
727 1223 854 1256 teneor
873 1219 939 1255 tibi
959 1230 1003 1255 ex
1022 1218 1213 1260 conducto,

128 1269 143 1301 1
193 1265 257 1301 sed
279 1265 401 1301 noxali
424 1265 575 1301 actione.
624 1265 662 1301 Si
684 1265 862 1301 hominem
885 1265 951 1300 tibi
972 1265 1149 1306 locavero,
1173 1267 1215 1299 ut

125 1311 258 1347 habeas
281 1311 320 1346 in
342 1311 503 1354 taberna,
528 1314 565 1347 et
587 1311 618 1346 is
641 1310 777 1346 furtum
800 1310 943 1353 fecerit,
970 1310 1125 1345 dubitari
1148 1319 1213 1354 po-

124 1360 214 1400 test,
246 1359 367 1392 utrum
390 1367 435 1392 ex
458 1356 635 1392 conducto
659 1357 754 1393 actio
779 1355 953 1398 sufficiat,
1009 1355 1088 1391 uasi
1111 1355 1215 1407 longe

125 1402 172 1438 sit
195 1412 218 1437 a
240 1402 337 1438 bona
358 1401 430 1438 fide
454 1405 595 1444 actum,
628 1405 669 1437 ut
699 1401 785 1447 quid
815 1402 965 1447 patiaris
1015 1400 1215 1436 etriment1³

124 1458 190 1494 per
214 1457 291 1483 eam
314 1457 390 1484 rem
413 1457 519 1493 quam
543 1446 764 1491 conduxisti,
798 1458 845 1483 an
876 1447 994 1482 adhuc
1025 1446 1214 1482 dicendum

125 1493 172 1529 sit
202 1496 305 1528 extra
336 1503 483 1529 causam
515 1492 763 1529 conductionis
795 1503 872 1529 esse
902 1492 992 1528 furti
1022 1492 1156 1528 crimen
1180 1494 1216 1526 et

124 1539 162 1574 in
175 1538 354 1584 propriam
368 1538 652 1584 persecutionem
673 1538 800 1574 cadere
821 1539 890 1574 hoc
910 1537 1097 1574 delictum:
1120 1537 1215 1582 quod

125 1594 182 1619 ma
209 1584 236 1619 's
261 1587 324 1620 est.

199 1627 224 1667 6
256 1628 453 1665 ΠιΡΙΑΝσε
473 1629 565 1665 libro
589 1629 818 1676 sexaqesimo
843 1639 938 1665 nono
962 1628 1013 1664 acl
1035 1628 1188 1664 edictum
1201 1628 1213 1648 ⁵

126 1675 164 1710 Si
188 1674 267 1720 quis
292 1674 503 1710 conduxerit
526 1685 669 1710 nummo
693 1685 786 1717 uno,
811 1674 1002 1710 conductio
1027 1673 1126 1709 nulla
1150 1676 1214 1715 est,

125 1721 208 1766 quia
233 1724 268 1755 et
290 1720 361 1756 hoc
385 1720 588 1756 donationis
611 1720 726 1756 instar
749 1719 900 1756 inducit.

172 1763 225 1803 47
250 1764 492 1801 MARCELLUS
519 1765 611 1802 libro
634 1769 739 1802 sexto
764 1765 985 1812 diqestorum
1032 1765 1120 1800 Cum
1151 1774 1214 1809 ap-

121 1811 264 1857 parebit
293 1814 489 1856 emptorem
521 1811 843 1847 conductoremve⁵
867 1810 1030 1856 pluribus
1061 1809 1214 1845 venden-

124 1862 196 1892 tem
231 1857 287 1892 vel
321 1857 499 1892 locantem
534 1856 754 1902 singulorum
789 1857 827 1891 in
860 1856 1011 1892 solidum
1047 1855 1215 1891 intuitum

123 1912 323 1948 personam,
347 1902 400 1937 ita
423 1901 563 1938 demum
587 1902 634 1937 ad
657 1901 936 1948 praestationem
954 1901 1067 1947 partis
1088 1900 1215 1946 singuli

125 1951 210 1984 sunt
234 1947 488 1993 compellendi,
521 1947 552 1983 si
576 1948 756 1984 constabit
778 1957 857 1983 esse
880 1957 1002 1983 omnes
1026 1946 1214 1982 solvendo:

124 2003 339 2039 quamquam
373 1992 528 2029 fortasse
560 1993 690 2029 iustius
724 1993 770 2029 sit
805 1993 931 2036 etiam,
975 1993 1005 2028 si
1048 1991 1214 2028 solvendo

124 2049 246 2074 omnes
271 2042 394 2081 erunt,
420 2039 628 2074 electionem
654 2038 885 2074 conveniendi
933 2048 1013 2074 uem
1037 2037 1122 2074 velit
1143 2048 1215 2073 non

124 2084 356 2119 auferendam
379 2084 510 2127 actori,
536 2084 566 2120 si
590 2084 749 2120 actiones
773 2094 858 2120 suas
883 2094 905 2119 a
930 2093 1051 2119 versus
1074 2086 1215 2120 ceteros

124 2132 308 2175 praestare
331 2139 404 2165 non
426 2133 579 2166 recuset.

172 2172 226 2213 48
250 2173 360 2211 IDEM
378 2175 470 2211 libro
494 2179 620 2211 octavo
645 2175 866 2221 digestorum
913 2174 951 2210 Si
985 2174 1045 2210 cui
1075 2174 1214 2210 locave-

124 2220 191 2256 rim
213 2220 418 2256 faciendum
442 2220 538 2266 quod
563 2231 625 2266 ego
651 2219 912 2262 conduxeram,
946 2220 1128 2255 constabit
1150 2220 1214 2254 ha-

128 2269 142 2301 1
193 2266 278 2301 bere
309 2276 365 2301 me
397 2275 441 2301 ex
470 2266 590 2301 locato
623 2266 811 2301 actionem.
859 2265 928 2310 Qui
959 2276 1099 2301 servum
1131 2276 1213 2301 con-

128 2312 274 2347 ductum
306 2311 361 2346 vel
392 2311 498 2346 aliam
520 2322 595 2347 rem
619 2323 692 2347 non
715 2311 928 2347 immobilem
952 2321 1025 2347 non
1047 2310 1214 2353 restituit,

125 2357 250 2403 quanti
273 2356 310 2391 in
333 2357 431 2392 litem
454 2357 610 2392 iuratum
633 2356 741 2392 fuerit
765 2357 1003 2392 damnabitur.

171 2400 224 2439 49
245 2401 501 2438 Moosssmws
517 2402 607 2438 libro
627 2406 732 2438 sexto
753 2403 1028 2438 excusationum
1072 2400 1117 2436 Οἱ
1134 2404 1214 2436 ἐπί-

125 2460 259 2493 τροποι
289 2445 478 2494 γενόμενοι
508 2446 530 2490 ἢ
562 2446 778 2494 κουράτορες
808 2448 896 2494 πρὶν
925 2450 1064 2482 ἑκτίσαι
1085 2446 1132 2482 τὰ
1154 2448 1215 2490 τῆς

125 2490 338 2538 κηδεμονίας
367 2493 558 2538 μισθωταὶ
579 2496 762 2538 Καίσαρος
792 2493 965 2540 γενέσθαι
996 2490 1214 2527 κωλύονται·

125 2536 194 2572 κᾶν
223 2550 277 2573 τις
302 2533 602 2586 ἀποκρυψάμενος
624 2540 731 2572 τοῦτο
756 2536 942 2585 προσέλθῃ
965 2540 1009 2585 τῇ
1032 2538 1216 2583 μισθώσει

123 2585 200 2618 τῶν
221 2585 286 2618 τοῦ
307 2586 490 2630 Καίσαρος
512 2587 674 2631 χωρίων,
709 2582 757 2619 ὡς
786 2582 1042 2629 παραποιήσας
1065 2582 1214 2624 κολάζε-

127 2632 143 2664 1
191 2640 270 2663 ται·
290 2631 396 2664 τοῦτο
417 2627 595 2664 ἐκέλευσεν
614 2625 633 2663 ό
657 2624 891 2684 αὐτοκράτωρ
902 2631 1078 2676 Σεβῆρος.
1116 2628 1216 2663 Κατὰ

123 2676 238 2708 ταῦτα
272 2672 312 2708 δὲ
335 2677 396 2708 καὶ
420 2674 459 2709 οἱ
475 2675 689 2721 χειρίζοντες
713 2677 910 2720 ἐπιτροπίας
933 2672 955 2717 ἢ
979 2678 1216 2721 κουρατορίας

127 2720 217 2754 εἰσὶν
239 2718 477 2764 κεκωλυμένοι
499 2720 733 2764 μισθοῦσθαι
755 2723 816 2754 καὶ
839 2719 940 2765 παρὰ
962 2722 1027 2754 τοῦ
1049 2723 1215 2765 ταμιείου

208 2768 216 2778 ’
248 2766 263 2787 ὅ

123 2777 238 2863 χωὲὃα
250 2791 358 2863 1:an
385 2797 477 2863 libro
509 2810 646 2847 decimo
671 2811 940 2857 pandectarum
988 2811 1026 2846 Si
1048 2810 1215 2856 ignorans

126 2866 205 2901 quis
228 2855 330 2890 mhtl
349 2866 453 2901 quam
470 2866 612 2901 pagano
632 2855 813 2899 locaverit,
835 2857 973 2901 exigere
991 2856 1090 2891 illum
1109 2866 1216 2902 posse

125 2901 445 2954 probandumoest:
470 2912 543 2937 non
567 2901 660 2936 enim
680 2902 876 2938 contemnit
893 2902 1129 2947 disciplinam,
1155 2901 1216 2947 qui

125 2950 307 3029 'Qfavlffi
317 2947 488 3027 ιῗέἒὲῗνιὲὲ
505 2991 609 3044 ‘libro
642 2992 830 3029 undecimo
866 2992 1104 3039 epistularum
1157 2991 1215 3027 Ea

126 3036 204 3082 lege
226 3036 375 3072 fundum
399 3037 526 3080 locavi,
550 3041 602 3080 ut,
627 3038 658 3073 si
681 3048 754 3073 non
778 3048 823 3074 ex
845 3038 922 3082 lege
947 3039 1132 3080 coleretur,
1157 3047 1213 3073 re-

126 3082 247 3118 locare
270 3092 351 3118 eum
374 3082 460 3117 mihi
483 3082 606 3118 liceret
625 3086 661 3118 et
681 3094 751 3129 quo
771 3083 918 3119 minoris
937 3084 1124 3125 locassem,
1144 3083 1214 3118 hoc

127 3128 214 3163 mihi
235 3131 499 3172 praestaretur,
523 3138 591 3164 nec
615 3129 798 3172 convenit,
823 3132 882 3172 ut,
908 3129 938 3164 si
960 3129 1073 3174 pluris
1097 3129 1213 3164 locas-

127 3183 220 3216 sem,
251 3173 322 3209 hoc
351 3173 419 3208 tibi
448 3177 712 3219 praestaretur,
746 3178 782 3209 et
814 3185 895 3210 cum
925 3184 1029 3210 nemo
1063 3173 1214 3209 fundum

128 3218 286 3261 colebat,
311 3218 423 3264 pluris
447 3222 567 3254 tamen
589 3219 720 3255 locavi:
747 3230 900 3265 quaero,
932 3230 979 3255 an
1002 3219 1072 3254 hoc
1095 3219 1214 3264 ipsum

127 3266 311 3316 praestare
341 3263 499 3299 debeam.
542 3264 744 3309 respondit:
776 3265 814 3300 in
844 3265 1048 3300 huiusmodi
1078 3265 1213 3309 obliga-

127 3309 284 3344 tionibus
319 3308 356 3344 id
390 3309 542 3345 maxime
572 3313 736 3355 spectare
767 3309 955 3353 debemus,
992 3310 1089 3356 quod
1121 3310 1214 3345 inter

127 3356 316 3399 utramque
327 3357 466 3399 partem
479 3355 661 3391 convenit:
682 3355 822 3391 videtur
834 3359 953 3391 autem
964 3356 1002 3391 in
1013 3355 1083 3391 hac
1094 3355 1214 3401 specie

129 3513 169 3555 (1)
193 3513 346 3547 Iulianus
357 3514 404 3547 D.
420 3516 472 3555 13,
488 3522 515 3555 6,
530 3522 561 3549 19
675 3516 719 3557 (2)
744 3515 914 3558 interdum
926 3526 1024 3558 posse
1036 3526 1098 3549 nec
1112 3515 1216 3548 inter-

125 3567 196 3591 esse
207 3571 270 3592 scr.
407 3561 451 3602 (3)
463 3561 663 3596 detrimento
674 3562 709 3596 F
857 3564 902 3605 (4)
914 3578 958 3591 =
971 3562 1016 3595 D.
1032 3564 1088 3603 41,
1099 3570 1127 3601 2,
1141 3571 1184 3602 ιο,
1199 3570 1215 3596 2

127 3605 170 3646 (5)
194 3605 400 3647 emptoribus
413 3606 714 3638 conductoribusve
727 3618 787 3639 scr.
884 3610 927 3649 (6)
953 3608 990 3640 id
1002 3614 1066 3640 est.-
1078 3607 1146 3643 Qui
1158 3609 1211 3639 tu-

127 3651 216 3682 tores
235 3649 288 3682 vel
308 3652 478 3682 curatores
498 3650 582 3683 facti
599 3655 679 3683 sunt
698 3651 896 3694 priusquam
921 3651 1025 3684 officii
1039 3652 1093 3684 sui
1106 3652 1207 3684 ratio—

127 3704 202 3727 nem
214 3695 434 3735 reddiderint,
454 3695 677 3738 prohibentur
689 3696 912 3729 conductores
932 3697 1004 3729 fisci
1024 3697 1107 3737 fieri,
1129 3700 1162 3729 et
1181 3698 1208 3729 si

61 3746 71 3750 ‘
129 3740 204 3783 quis
223 3741 259 3773 id
276 3740 492 3773 dissimulans
506 3740 547 3773 ad
561 3741 817 3774 conductionem
831 3742 1045 3785 praediorum
1059 3742 1210 3775 Caesaris

1197 93 1280 143 255

2146 95 2311 139 XVIIII
2343 98 2368 138 2

1283 220 1320 256 id
1344 219 1484 256 silentio
1510 219 1734 263 convenisse,
1767 230 1814 256 ne
1837 220 1922 266 quid
1944 222 2207 267 praestaretur,
2241 218 2273 254 si
2296 228 2369 254 am-

1283 265 1395 311 pliore
1417 264 1572 310 pecunia
1594 264 1727 300 fundus
1753 270 1848 301 esset
1870 266 2031 309 locatus,
2062 265 2101 302 id
2120 268 2187 301 -est
2217 267 2259 300 ut
2281 264 2370 300 haec

1284 310 1497 346 conventio⁷
1528 320 1594 355 pro
1618 309 1779 346 locatore
1801 311 2048 347 tantummodo
2072 311 2371 356 interponeretur.

1286 359 1301 391 1
1350 355 1484 392 Locavi
1508 365 1598 400 opus
1622 354 1825 391 faciendum
1847 357 1909 399 ita,
1934 360 1976 391 ut
1997 367 2063 402 pro
2084 366 2191 402 opere
2210 355 2371 400 redemp-

1282 400 1352 436 tori
1376 404 1510 437 certam
1533 400 1731 436 mercedem
1753 401 1791 436 in
1814 401 1887 436 dies
1920 402 2077 447 singulos
2108 402 2248 438 darem:
2281 410 2371 446 opus

1282 446 1448 482 vitiosum
1471 446 1608 481 factum
1632 449 1704 483 est:
1731 456 1777 481 an
1802 457 1845 481 ex
1864 446 1981 482 locato
2003 458 2107 492 agere
2125 446 2284 494 possim?
2315 455 2372 481 re-

1283 491 1444 537 spondit:
1478 491 1509 527 si
1539 491 1591 526 ita
1621 501 1711 536 opus
1743 491 1890 533 locasti,
1924 495 1964 527 ut
1995 492 2137 529 bonitas
2162 493 2238 528 eius
2260 491 2326 527 tibi
2350 501 2373 526 a

1284 536 1502 572 conductore
1526 536 1797 582 adprobaretur,
1821 537 1964 572 tametsi
1985 539 2158 581 convenit,
2182 542 2224 573 ut
2242 537 2279 573 in
2299 537 2371 573 sin-

1282 582 1384 628 gulas
1409 591 1538 628 operas
1563 585 1662 618 certa
1685 582 1839 627 pecunia
1863 581 2027 625 daretur,
2051 583 2228 628 praestari
2251 586 2371 618 tamen

1283 627 1348 662 tibi
1371 637 1394 663 a
1418 627 1636 663 conductore
1659 627 1785 670 debet,
1820 627 1850 662 si
1874 627 1910 662 id
1935 637 2025 673 opus
2048 629 2213 664 vitiosum
2236 629 2371 664 factum

1285 676 1356 708 est:
1390 683 1463 709 non
1487 673 1581 708 enim
1605 673 1795 718 quicquam
1819 672 1984 715 interest,
2017 677 2137 709 utrum
2160 685 2232 710 uno
2256 674 2371 719 pretio

1284 728 1375 763 opus
1401 728 1447 753 an
1469 717 1506 753 in
1530 718 1686 763 singulas
1710 728 1838 764 operas
1860 718 2057 753 collocatur
2067 719 2091 762 ⁸,
2117 719 2146 754 si
2167 720 2271 755 modo
2292 719 2371 754 uni-

1284 763 1433 799 versitas
1470 763 1785 799 consummationis
1820 763 1868 798 ad
1904 763 2156 800 conductorem
2188 764 2370 810 pertinuit.

1284 809 1416 854 poterit
1437 808 1558 854 itaque
1591 819 1635 844 ex
1664 809 1783 845 locato
1817 819 1899 844 cum
1930 818 1972 844 eo
2007 809 2081 854 agi,
2119 809 2179 855 qui
2208 810 2371 845 vitiosum

1284 864 1375 899 opus
1398 853 1536 890 fecerit.
1572 854 1642 890 nisi
1666 854 1696 890 si
1719 854 1800 890 ideo
1824 854 1862 889 in
1885 864 2015 899 operas
2048 854 2205 900 singulas
2237 865 2372 890 merces

1285 899 1481 935 constituta
1513 899 1599 943 erit,
1631 903 1672 934 ut
1705 899 1852 935 arbitrio
1878 899 2011 935 domini
2035 910 2055 935 o
2083 910 2126 935 us
2152 899 2371 935 efficeretur:

1283 947 1360 980 tum
1383 944 1476 980 enim
1499 945 1587 980 nihil
1610 944 1809 981 conductor
1831 948 2016 990 praestare
2065 945 2182 981 omino
2208 945 2252 981 de
2271 945 2372 981 boni·

1283 993 1359 1026 tate
1381 990 1500 1035 operis
1522 990 1673 1027 videtur.

1330 1033 1383 1073 52
1408 1035 1638 1072 POMPONIUS
1666 1035 1757 1072 libro
1783 1036 1833 1072 tri
1857 1036 1966 1072 esimo

1283 1080 1444 1118 Mucium
1492 1081 1530 1117 Si
1565 1081 1688 1117 decem
1722 1081 1788 1117 tibi
1837 1091 1938 1117 ocem

1284 1127 1464 1163 existimes
1489 1127 1646 1172 quinque
1668 1130 1704 1162 te
1728 1127 1947 1170 conducere,
1973 1127 2060 1162 nihil
2084 1128 2220 1172 agitur:
2252 1127 2316 1162 sed
2341 1130 2375 1162 et

1283 1173 1314 1208 si
1338 1183 1400 1217 ego
1425 1172 1572 1209 minoris
1594 1183 1652 1208 me
1674 1173 1796 1208 locare
1819 1183 1984 1216 sensero,
2017 1176 2057 1208 tu
2091 1173 2204 1218 pluris
2228 1176 2266 1208 te
2290 1183 2374 1207 con-

1283 1217 1424 1261 ducere,
1448 1217 1572 1264 utique
1587 1229 1661 1254 non
1680 1218 1794 1264 pluris
1814 1218 1882 1254 erit
1902 1218 2105 1262 conductio,
2126 1228 2233 1264 quam
2252 1218 2376 1263 quanti

1284 1274 1347 1309 ego
1397 1264 1505 1299 utavi.

1330 1308 1354 1347 5
1408 1308 1657 1346 Papmaiws
1677 1309 1768 1346 libro
1792 1309 1980 1346 undecimo
2004 1319 2263 1357 responsorum
2309 1308 2376 1352 Qui

1285 1354 1475 1391 fideiussor
1507 1355 1641 1391 exstitit
1672 1355 1769 1401 apud
1792 1355 1992 1401 mancipem
2017 1366 2082 1401 pro
2108 1355 2235 1391 colono
2259 1355 2375 1400 publi-

1285 1411 1407 1436 corum
1430 1400 1678 1446 praediorum,
1710 1411 1803 1447 quae
1835 1402 2031 1447 manceps⁹
2054 1401 2087 1437 ei
2119 1401 2246 1437 colono
2278 1400 2375 1435 loca-

1284 1446 1353 1489 vit,
1378 1446 1430 1482 rei
1447 1446 1620 1499 publicae
1642 1457 1715 1482 non
1738 1450 1897 1483 tenetur:
1931 1447 1994 1483 sed
2025 1447 2166 1483 fructus
2190 1446 2227 1481 in
2253 1445 2376 1482 eadem

1286 1502 1398 1527 causa
1446 1491 1578 1537 ignoris
1603 1495 1759 1528 manent.

1331 1536 1386 1574 54
1443 1547 1571 1573 AULUS
1590 1537 1682 1574 libro
1702 1538 1829 1590 quinto
1848 1548 2105 1591 responsorum
2152 1537 2303 1582 Quaero,
2329 1548 2375 1572 an

1283 1582 1470 1619 fideiussor
1494 1582 1741 1619 conductioms
1765 1583 1873 1619 etiam
1896 1595 1933 1618 m
1956 1594 2085 1619 usuras
2105 1594 2176 1619 non
2197 1583 2376 1618 illatarum

1284 1629 1496 1673 pensionum
1527 1629 1671 1664 nomine
1701 1631 1868 1665 teneatur
1892 1639 1958 1665 nec
1980 1629 2122 1674 prosint
2146 1629 2178 1664 ei
2202 1628 2374 1664 constitu-

1284 1674 1418 1717 tiones,
1451 1673 1581 1719 quibus
1614 1678 1762 1710 cavetur
1794 1685 1875 1717 eos,
1910 1674 1971 1720 qui
1993 1685 2059 1720 pro
2084 1674 2161 1710 aliis
2187 1673 2375 1719 pecuniam

1285 1719 1483 1763 exsolvunt,
1504 1719 1611 1755 sortis
1632 1719 1852 1756 solummodo
1874 1719 2042 1756 damnum
2062 1729 2257 1765 agnoscere
2269 1729 2374 1764 opor-

1285 1769 1372 1800 tere.
1415 1765 1551 1800 Paulus
1574 1775 1631 1801 res
1660 1765 1777 1808 ondit,
1810 1766 1841 1801 si
1870 1766 1908 1800 in
1940 1775 2080 1801 omnem
2112 1775 2258 1801 causam
2290 1775 2375 1800 con-

1285 1810 1465 1845 ductionis
1489 1810 1597 1846 etiam
1647 1809 1811 1846 deiussor
1834 1821 1874 1846 se
1897 1810 2086 1856 obligavit,
2120 1821 2201 1846 eum
2233 1820 2376 1856 quoque

1286 1855 1447 1901 exemplo
1481 1855 1600 1891 coloni
1631 1856 1768 1891 tardius
1799 1856 1980 1891 illatarum
2010 1866 2075 1902 per
2098 1866 2235 1891 moram
2260 1855 2377 1891 coloni

1284 1901 1496 1982 pensionum
1518 1904 1703 1946 praestare
1727 1901 1857 1937 debere
1880 1912 2027 1937 usuras:
2059 1911 2190 1937 usurae
2223 1901 2316 1936 enim
2339 1900 2376 1935 in

1311 1956 1402 1982 onae
1437 1946 1521 1982 fidei
1555 1946 1696 1982 iudiciis
1732 1947 1800 1982 etsi
1830 1957 1904 1982 non
1933 1949 2008 1982 tam
2022 1948 2050 1968 ¹⁰
2081 1956 2126 1982 ex
2161 1946 2376 1992 obligatione

1284 1991 1561 2038 proficiscantur
1595 2002 1702 2072 guam
1737 2003 1781 2028 ex
1816 1992 1936 2028 officio
1970 1992 2098 2028 iudicis
2141 1992 2375 2037 applicentur,

1285 2042 1423 2080 tamen,
1457 2048 1539 2073 cum
1569 2037 1594 2072 fi
1621 2037 1758 2073 eiussor
1787 2038 1825 2073 in
1856 2048 1996 2073 omnem
2028 2047 2176 2073 causam
2199 2047 2238 2072 se
2262 2037 2370 2082 appli·

1286 2083 1378 2126 cuit,
1413 2092 1564 2128 aequum
1596 2083 1737 2119 videtur
1758 2083 1771 2118 i
1797 2093 1876 2118 sum
1900 2093 2042 2129 quoque
2066 2092 2261 2129 agnoscere
2285 2093 2374 2118 onus

1285 2138 1494 2171 usurarum,
1528 2138 1572 2164 ac
1603 2129 1633 2164 si
1656 2129 1708 2164 ita
1730 2128 1756 2163 fi
1780 2128 1981 2164 eiussisset:
2009 2129 2056 2164 ‘in
2081 2132 2255 2174 quantum
2277 2127 2375 2163 illum

1286 2174 1530 2209 ‘condemnari
1553 2183 1597 2209 ex
1620 2174 1717 2210 bona
1738 2174 1810 2210 fide
1834 2174 2032 2220 oportebit,
2056 2177 2195 2210 tantum
2219 2173 2290 2209 fide
2313 2176 2376 2208 tua

1286 2222 1376 2255 ‘esse
1398 2219 1546 2254 iubes?’
1577 2219 1632 2255 vel
1655 2220 1725 2255 ita:
1759 2219 1970 2255 ‘indemnem
2002 2230 2060 2255 me
2073 2221 2099 2241 ¹¹
2131 2219 2375 2264 praestabis‘?'

1288 2268 1302 2300 1
1352 2265 1452 2300 Inter
1481 2265 1677 2300 locatorem
1707 2264 1815 2300 fundi'
1842 2269 1878 2301 et
1910 2265 2164 2301 conductorem
2199 2264 2374 2306 convenit,

1284 2321 1330 2346 ne
1352 2310 1448 2345 intra
1470 2313 1542 2345 tem
1569 2321 1634 2346 ora
1652 2310 1841 2347 locationis
1862 2310 1964 2346 Seius
1986 2310 2183 2346 conductor
2203 2309 2247 2345 de
2266 2309 2375 2345 fundo

1284 2356 1414 2391 invitus
1438 2366 1523 2401 repe
1550 2359 1669 2391 eretur
1700 2359 1754 2399 et,
1787 2356 1818 2391 si
1848 2356 2013 2401 pulsatus
2027 2357 2054 2377 ¹²
2079 2358 2191 2398 esset,
2223 2365 2376 2400 poenam

1286 2401 1407 2436 decem
1438 2404 1598 2447 praestet
1628 2401 1745 2437 Titius
1776 2401 1916 2438 locator
1947 2401 2027 2437 Seio
2061 2400 2288 2437 conductori:
2321 2400 2376 2435 vel

1286 2447 1388 2482 Seius
1421 2446 1620 2482 conductor
1651 2447 1765 2490 Titio,
1801 2447 1831 2482 si
1862 2447 1958 2482 intra
1991 2450 2153 2492 tempora
2186 2445 2375 2482 locationis

1286 2491 1468 2528 discedere
1490 2492 1606 2535 vellet,
1631 2502 1745 2538 aeque
1765 2492 1887 2528 decem
1907 2492 2002 2528 Titio
2022 2491 2173 2527 locatori
2192 2497 2376 2537 praestare

1285 2538 1449 2573 vellet¹³z
1483 2537 1578 2583 quod
1608 2538 1760 2573 invicem
1784 2537 1828 2573 de
1851 2548 1890 2573 se
1914 2537 2073 2582 stipulati
2097 2540 2191 2572 sunt.
2229 2547 2375 2582 quaero,

1286 2594 1367 2618 cum
1391 2583 1493 2619 Seius
1518 2583 1717 2619 conductor
1739 2583 1872 2618 biennii
1896 2582 2055 2618 continui
2074 2582 2282 2628 pensionem
2302 2592 2374 2617 non

1285 2629 1448 2671 solveret,
1474 2638 1520 2663 an
1545 2628 1622 2664 sine
1644 2632 1742 2664 metu
1792 2638 1904 2664 oenae
1927 2628 2055 2673 expelli
2077 2628 2202 2673 possit.
2239 2627 2374 2662 Paulus

1284 2674 1478 2720 respondit,
1504 2674 1662 2719 quamvis
1687 2640 1788 2709 nihi?
1798 2683 2003 2719 expressum
2024 2673 2070 2709 sit
2089 2673 2126 2708 in
2146 2673 2376 2718 stipulatione

1284 2719 1427 2765 poenali
1447 2719 1491 2754 de
1510 2719 1688 2754 solutione
1705 2718 1927 2764 pensionum,
1953 2722 2073 2754 tamen
2092 2718 2278 2754 verisimile
2297 2728 2375 2754 esse

1283 2766 1335 2800 ita
1358 2764 1566 2800 convenisse
1590 2765 1634 2799 de
1657 2775 1728 2800 non
1760 2764 1969 2810 expellendo
2003 2764 2130 2800 colono
2161 2764 2256 2799 intra
2285 2767 2374 2799 tem-

1283 2821 1374 2856 pora
1396 2809 1595 2856 praefinita,
1621 2810 1651 2845 si
1674 2810 1906 2855 pensionibus
1930 2809 2092 2856 paruerit
2115 2813 2151 2845 et
2169 2812 2210 2844 ut
2232 2812 2374 2862 oportet

1286 2856 1436 2891 coleret:
1470 2858 1506 2890 et
1536 2855 1635 2898 ideo,
1668 2855 1699 2890 si
1729 2865 1883 2900 poenam
1914 2858 2036 2900 petere
2068 2854 2226 2900 coeperit
2259 2865 2290 2890 1s
2315 2854 2373 2900 qui

1284 2901 1515 2947 pensionibus
1540 2900 1628 2936 satis
1652 2911 1724 2936 non
1746 2900 1850 2943 fecit,
1875 2900 2104 2946 profuturam
2126 2900 2278 2936 locatori
2302 2900 2373 2935 doli

1285 2950 1304 2982 2
1353 2945 1607 2991 exceptionem.
1655 2946 1791 2981 Paulus
1810 2945 1995 2991 respondit
2013 2956 2164 2988 servum,
2187 2945 2247 2991 qui
2268 2945 2373 2980 aesti-

1283 2996 1401 3027 matus
1427 2991 1575 3027 colonae
1599 2991 1803 3037 adscriptus
1828 2995 1901 3034 est,
1934 2991 1980 3027 ad

1283 3037 1476 3083 pertinebit
1488 3037 1516 3057 ¹⁴
1541 3040 1576 3071 et
1599 3036 1679 3072 ideo
1705 3036 1987 3072 aestimationem

1283 3082 1414 3118 herede
1438 3081 1587 3118 colonae
1609 3082 1788 3127 praestari
1811 3085 1987 3128 oportere.

1330 3126 1383 3165 55
1409 3127 1517 3162 IDEM
1531 3127 1623 3163 libro
1639 3127 1798 3163 seeundo
1809 3129 2067 3163 sententiarum
2102 3127 2277 3163 Dominus
2289 3127 2371 3161 hor-

1282 3184 1426 3209 reorum
1458 3171 1614 3208 effractis
1645 3176 1683 3208 et
1714 3173 1913 3218 compilatis
1945 3173 2082 3209 horreis
2114 3183 2187 3208 non
2218 3175 2370 3213 tenetur,

1283 3219 1351 3255 nisi
1375 3217 1576 3254 custodiam
1600 3227 1722 3253 eorum
1745 3218 1897 3264 recepit:
1932 3219 2024 3254 servi
2046 3221 2167 3254 tamen
2191 3217 2265 3252 eius
2291 3226 2369 3251 cum

1283 3275 1353 3310 quo
1387 3266 1612 3299 contractum
1636 3266 1691 3299 est
1712 3267 1861 3309 propter
1883 3263 2125 3299 aedificiorum
2149 3262 2311 3298 notitiam
2334 3261 2371 3295 in

1284 3313 1300 3344 1
1373 3308 1593 3344 uaestionem
1622 3309 1698 3354 peti
1728 3313 1890 3355 possunt.
1938 3310 1981 3344 In
2005 3309 2181 3345 conducto
2205 3306 2316 3341 fundo
2341 3306 2372 3340 si

1283 3321 1483 3391 conductor
1513 3363 1581 3389 sua
1610 3364 1722 3400 opera
1752 3354 1886 3400 aliquid
1917 3354 2118 3390 necessario
2151 3352 2206 3388 vel
2238 3350 2372 3386 utiliter

2016 1036 2108 1072 rimo
2132 1036 2183 1071 ad
2205 1035 2370 1079 Quintum

1988 1081 2142 1123 undum,
2179 1085 2221 1116 tu
2256 1086 2369 1118 autem

2030 2991 2200 3027 ericulum
2226 2991 2374 3026 colonae

2035 3037 2116 3072 nius
2141 3036 2303 3072 defuncti
2327 3036 2372 3070 ab

1285 3514 1475 3555 accesserit,
1487 3515 1631 3557 punitur
1643 3517 1782 3559 propter
1794 3514 1934 3548 falsum:
1948 3513 2127 3546 constituit
2139 3512 2174 3544 id
2187 3511 2370 3553 imperator

1285 3560 1436 3592 Severus.
1463 3560 1652 3594 Secundum
1665 3561 1747 3594 haec
1761 3561 1820 3603 qui
1832 3559 1955 3592 tutelas
1966 3558 2018 3591 vel
2031 3568 2127 3590 curas
2136 3558 2260 3599 gerunt
2268 3556 2369 3588 etiam

1284 3605 1325 3638 ab
1339 3605 1469 3638 aerario
1480 3606 1619 3648 praedia
1631 3606 1816 3640 conducere
1829 3604 1996 3648 prohibiti
2009 3605 2088 3636 sunt
2157 3603 2199 3643 (7)
2225 3611 2369 3633 conven-

1284 3651 1376 3683 tione
1388 3651 1423 3683 F
1589 3652 1634 3694 (8)
1659 3651 1792 3684 locatur
1804 3652 1879 3684 dett.
2061 3649 2103 3690 (9)
2130 3656 2328 3690 quaemceps
2341 3646 2372 3678 F

1285 3697 1344 3737 (ιο)
1369 3699 1480 3728 tamen
1493 3697 1527 3729 F
1635 3700 1690 3738 (ιι)
1714 3697 1923 3729 indemneme
1936 3694 1970 3726 F'
2071 3695 2128 3734 (12)
2154 3691 2271 3735 pulsus
2284 3691 2366 3727 Hal.

1284 3743 1340 3784 (13)
1366 3741 1459 3775 Titio
1470 3741 1493 3774 1.
1507 3752 1539 3787 p.
1554 3741 1655 3775 vellet
1668 3742 1731 3777 del.
1824 3742 1883 3781 (14)
1908 3739 2076 3783 pertinere
2090 3738 2163 3773 dete.
