2528 3918
206 136 326 180 1113
1303 132 1360 180 42

208 267 250 294 eo
276 268 358 293 cum
382 267 452 302 quo
477 257 596 301 agitur
618 256 662 292 ‘si
685 266 758 292 non
781 256 866 292 mihi
890 256 1101 292 mandatum
1125 257 1189 300 sit,
1214 260 1255 292 ut
1278 267 1300 292 a

209 302 441 339 ‘debitoribus
473 301 642 346 peterem'
678 304 837 337 actorem
871 301 926 337 ita
961 301 1092 337 debere
1125 301 1300 348 replicare

209 351 287 384 ‘aut
310 348 341 383 si
365 346 451 382 mihi
474 346 684 381 mandatum
709 349 775 390 est,
799 350 841 382 ut
863 356 886 382 a
909 350 946 382 te
969 347 1150 393 peterem'.

255 389 309 430 49
333 391 494 427 Panos
513 391 604 427 libro
628 391 793 444 quinqua
819 392 955 427 ens-imo
979 395 1110 438 quarto
1135 391 1186 427 ad
1206 391 1300 428 edic-

209 442 283 473 tum
329 436 534 481 Ignorantis
557 435 690 472 dommi
713 447 782 473 con
811 437 877 473 ‘cio
902 437 1058 473 deterior
1080 447 1145 482 per
1167 447 1299 482 procu-

207 486 363 518 ratorem
386 480 464 516 fieri
487 491 561 517 non
584 481 701 517 debet.

254 525 307 564 50
336 525 460 562 (ἔωσε
475 525 567 562 libro
587 527 777 563 vicensimo
796 526 955 564 secundo
974 526 1025 562 ad
1043 526 1197 563 edictum
1209 538 1301 574 pro-

207 570 360 608 vinciale
405 570 567 616 Quacum
591 581 638 607 ue
667 572 807 608 ratione
863 575 1052 607 rocurator
1082 575 1167 608 tuus
1199 582 1222 608 a
1244 582 1302 609 me

207 617 381 653 liberatus
405 619 470 659 est,
494 616 534 652 id
556 620 585 652 ts
610 617 623 652 i
644 617 817 663 prodesse
866 617 956 652 ebet.

253 659 304 699 51
339 660 537 698 Usamus
556 661 649 699 libro
668 663 923 716 sexaqensimo
937 662 948 683 ¹
972 662 1022 697 ad
1043 661 1200 698 edictum
1231 662 1301 698 Mi-

206 717 274 743 nor
296 706 418 752 viginti
441 707 598 759 quinque
620 708 724 743 annis
747 718 778 743 Sl
800 706 967 743 defensor
989 706 1131 750 existat,
1155 717 1200 743 ex
1224 707 1302 760 qui-

207 752 277 788 bus
303 751 422 788 causis
444 762 484 787 ιιι
505 752 682 798 integrum
704 753 845 788 restitui
893 751 1000 795 ossit‚
1034 751 1202 788 defensor
1224 752 1301 788 ido·

206 806 297 834 neus
321 806 396 833 non
419 801 493 841 est,
526 797 610 844 quia
634 801 670 833 et
691 797 761 842 ipsi
784 802 820 833 et
843 797 869 832 fi
895 797 1113 833 eiussoribus
1138 797 1215 833 eius
1238 807 1303 843 per

209 845 226 878 1
274 841 314 878 in
343 841 399 878 int
551 842 813 878 restitutionem
845 842 1077 878 succurritur.
1125 842 1303 888 Quoniam

205 887 352 923 tamen²
374 887 399 924 d
436 887 565 924 endere
585 891 641 924 est
660 887 833 923 eandem³
851 888 965 924 vicem
985 898 1091 933 quam
1110 899 1194 924 reus
1216 888 1301 924 sub-

205 932 269 976 ire,
294 931 462 970 defensor
484 933 604 969 mariti
626 933 664 968 in
687 933 840 978 amplius
864 943 972 979 quam
1002 933 1151 970 maritus
1181 933 1303 969 facere

207 980 228 1013 2
276 978 394 1024 possit
426 988 500 1014 non
534 982 590 1014 est
624 977 928 1014 condemnandus.
975 978 1011 1014 Is
1046 978 1109 1024 qui
1143 979 1303 1025 suscepit

207 1021 461 1066 defensionem,
486 1023 554 1059 etsi
576 1022 877 1069 locupletissimus
900 1023 948 1059 sit
956 1023 982 1067 ⁴,

253 1065 309 1106 52
332 1067 494 1105 Panos
509 1069 600 1104 libro
622 1069 948 1120 qat’nquaqensimo
967 1069 1118 1116 septimo
1139 1068 1190 1104 ad
1207 1068 1302 1105 edie-

207 1116 283 1149 tum
330 1114 398 1149 etsi
422 1113 621 1150 consularis
645 1116 702 1156 sit,

255 1154 309 1196 53
342 1157 538 1194 mmmm
559 1158 651 1194 libro
674 1159 930 1205 sexaqensimo
954 1158 1005 1194 ad
1026 1157 1182 1194 edietum
1228 1169 1302 1195 non

205 1202 349 1240 videtur
373 1203 575 1246 defendere,
599 1202 670 1238 nisi
692 1203 870 1239 satisdare
891 1202 1002 1239 fuerit
1023 1206 1186 1249 paratus.
1288 1233 1290 1236 ,

252 1246 308 1286 54
331 1247 389 1284 ΡΑ
397 1258 493 1284 orvs
513 1248 604 1285 libro
650 1248 952 1296 uinquaqensimo
973 1248 1023 1284 ad
1043 1248 1198 1284 edictum
1228 1248 1301 1284 Ne-

207 1303 277 1340 que
298 1293 432 1329 femina
455 1303 571 1339 neque
656 1303 693 1328 es
716 1304 833 1339 neque
853 1294 915 1340 qui
933 1293 986 1329 rei
1005 1293 1171 1338 publicae
1192 1304 1303 1330 causa

206 1338 373 1374 afuturus
406 1341 461 1374 est
485 1342 549 1374 aut
571 1338 697 1374 morbo
720 1343 895 1384 perpetuo
920 1342 1063 1374 tenetur
1086 1343 1150 1374 aut
1172 1339 1301 1384 magis-

205 1387 341 1420 tratum
374 1384 529 1419 initurus
564 1387 619 1419 est
654 1387 718 1418 aut
749 1383 881 1420 invitus
911 1384 1083 1420 iudicium
1118 1384 1196 1429 pati
1230 1395 1303 1420 non

205 1435 221 1467 1
274 1431 405 1474 potest,
428 1428 579 1464 idoneus
603 1428 771 1464 defensor
787 1429 1014 1475 intellegitur.
1054 1429 1219 1472 Tutores,
1266 1429 1302 1465 ui

205 1476 245 1554 {n
268 1473 318 1554 {lli
342 1484 396 1554 ιιιι)1
413 1473 494 1509 loco
518 1473 876 1518 administraverunt,
909 1474 1034 1511 eodem
1066 1474 1145 1510 loco
1180 1478 1217 1510 et
1265 1485 1301 1510 e-

222 1529 267 1555 en
294 1519 302 1526 “
353 1528 372 1554 e
399 1522 470 1554 ent.

253 1561 307 1601 55
327 1562 524 1599 ULPIANUS
540 1562 633 1600 libro
653 1563 911 1611 sexagensimo
932 1564 1058 1608 quinto
1079 1564 1129 1600 ad
1146 1564 1302 1601 edietum

206 1609 449 1644 Procuratore
471 1609 510 1644 in
532 1618 608 1643 rem
632 1618 734 1644 suam
759 1608 844 1644 dato
868 1607 1126 1653 praeferendus
1151 1620 1224 1649 non
1248 1613 1303 1645 est

206 1653 370 1690 dominus
393 1653 645 1705 procuratori-'²
667 1654 706 1688 in
736 1653 835 1689 litem
865 1653 1075 1689 movendam
1105 1655 1161 1690 vel
1191 1665 1301 1700 pecu-

205 1699 303 1735 niam
315 1698 599 1744 suscipiendam:
624 1699 685 1744 qui
704 1699 799 1734 enim
818 1708 884 1734 suo
905 1699 1049 1735 nomine
1069 1699 1173 1735 utiles
1187 1699 1300 1736 actio-

205 1754 270 1780 nes
294 1744 415 1786 habet‚
439 1744 508 1779 rite
532 1753 594 1779 eas
617 1743 780 1779 intendit.

253 1786 307 1827 56
331 1788 442 1825 IDEM
459 1788 551 1825 libro
574 1790 830 1835 seaeaqensimo
853 1791 960 1824 sexto
984 1788 1035 1823 ad
1053 1789 1209 1825 edictum
1243 1789 1302 1825 Ad

204 1844 281 1916 Eam
303 1834 471 1870 mobilem
493 1833 685 1880 petendam
705 1833 811 1869 datus
829 1837 1044 1878 procurator
1064 1834 1111 1870 ad
1131 1834 1301 1871 exhiben-

231 1890 292 1915 um
314 1883 414 1915 recte
461 1883 529 1914 «ret.

252 1922 306 1962 57
331 1923 441 1960 IDEM
481 1924 560 1960 ibro
590 1924 883 1971 septuaqensimo
916 1927 1049 1969 quarto
1074 1924 1125 1960 ad
1146 1924 1300 1961 edictum

205 1969 276 2015 Qui
298 1973 572 2014 procuratorem
596 1968 677 2012 dat,
700 1973 742 2005 ut
762 1967 957 2004 confestim
980 1972 1083 2014 agat,
1107 1969 1139 2005 is
1162 1970 1300 2006 intelle-

204 2013 342 2060 gendus
385 2018 441 2050 est
472 2014 678 2060 permittere
711 2013 939 2060 procuratori
973 2018 1009 2049 et
1042 2018 1171 2060 postea
1204 2015 1302 2051 litem

208 2063 224 2095 1
274 2069 454 2105 peragere.
504 2058 542 2095 Si
573 2059 652 2104 quis
682 2059 819 2095 remisit
850 2058 1095 2104 exceptionem
1126 2071 1301 2106 procura-

204 2104 345 2147 toriam,
371 2115 445 2140 non
467 2104 601 2150 poterit
624 2114 669 2140 ex
691 2104 912 2150 paenitentia
935 2114 1014 2139 eam
1038 2115 1231 2151 opponere.

252 2146 306 2187 58
330 2149 491 2186 PAULUS
511 2149 602 2186 l'ibro
625 2160 665 2184 se
692 2150 916 2196 tuaqensimo
966 2151 1058 2185 rimo
1079 2151 1129 2186 ad
1147 2151 1301 2188 edictum

204 2194 435 2237 Procurator,
461 2194 520 2230 cui
537 2204 647 2239 gener
685 2194 749 2229 'ter
767 2195 882 2230 libera
901 2204 924 2229 a
987 2194 1161 2231 'nistratio
1180 2206 1301 2232 rerum

206 2239 398 2276 commissa
421 2242 487 2283 est,
511 2242 632 2285 potest
655 2239 805 2284 exigere,
829 2250 963 2276 novare
973 2240 998 2282 ⁶,
1023 2240 1121 2276 aliud
1140 2252 1206 2286 pro
1230 2242 1300 2277 alio

205 2288 442 2382 Ρξιὸυῇτὲι(
470 2329 564 2365 libro
582 2328 735 2382 ‘decimo
771 2329 821 2365 ad
854 2328 1041 2365 Plautium
1081 2329 1159 2382 ‘Sed-
1193 2333 1230 2366 et
1263 2330 1301 2366 id

206 2385 277 2421 quo
303 2385 350 2411 ue
373 2385 407 2411 ei
429 2374 593 2410 mandari
615 2373 765 2417 wdetur,
789 2377 831 2410 ut
854 2374 970 2410 solvat
993 2374 1241 2411 creditorrbus.

252 2417 277 2458 6
329 2419 439 2456 IDEM
457 2419 549 2456 libro
573 2422 705 2466 quarto
728 2430 985 2467 responsorum
1031 2420 1204 2456 Mandato
1238 2431 1298 2465 ge-

205 2465 318 2501 nerali
348 2475 422 2501 non
453 2464 629 2500 contineri
661 2465 767 2500 etiam
798 2465 1082 2501 transactionem
1114 2465 1299 2502 decidendi

206 2519 316 2546 causa
338 2510 607 2555 interpositam:
641 2513 677 2545 et
700 2509 780 2545 ideo
804 2510 836 2546 si
885 2514 987 2546 ostea
1010 2510 1040 2546 is
1065 2511 1126 2555 qui
1149 2511 1298 2546 manda-

205 2555 257 2591 vit
279 2555 561 2591 transactionem
584 2558 701 2590 ratam
724 2565 798 2591 non
820 2555 870 2591 ha
896 2555 967 2598 uit,
991 2566 1064 2591 non
1087 2566 1195 2601 posse
1219 2567 1299 2592 eum

204 2600 332 2646 repelli
355 2601 402 2636 ab
427 2600 630 2636 actionibus
655 2600 874 2636 exercendis.

254 2643 304 2683 61
333 2645 442 2681 low
469 2645 561 2681 libro
578 2645 703 2692 primo
727 2645 778 2681 ad
799 2645 986 2681 Plautium
1031 2645 1195 2681 Plautius
1226 2646 1296 2682 ait:

206 2694 481 2736 procuratorem
504 2690 714 2726 damnatum
737 2701 810 2726 non
835 2690 966 2727 debere
997 2691 1196 2734 conveniri,
1229 2691 1298 2727 nisi

206 2740 271 2771 aut
293 2735 332 2770 in
353 2746 430 2771 rem
453 2745 555 2771 suam
579 2735 685 2771 datus
708 2740 803 2771 esset
827 2739 891 2771 aut
913 2747 934 2772 o
962 2736 1102 2771 tulisset
1126 2746 1183 2779 se,
1216 2747 1297 2772 cum

206 2780 316 2816 sciret
339 2784 484 2816 cautum
507 2791 580 2816 non
604 2791 701 2823 esse,
734 2781 899 2817 omnibus
922 2792 946 2827 p
961 2781 1068 2816 acuit.
1105 2781 1198 2817 idem
1231 2782 1299 2817 erit

206 2825 469 2861 observandum
502 2830 538 2861 et
568 2826 599 2861 si
630 2826 829 2862 defensoris
851 2826 932 2862 loco
959 2837 1039 2862 cum
1063 2827 1298 2863 satisdatione

206 2880 246 2907 se
268 2870 324 2906 liti
347 2870 528 2916 optulerit.

252 2913 307 2953 62
332 2915 563 2951 POMPONIUS
582 2916 674 2952 libro
696 2917 853 2953 secundo
877 2928 928 2953 ex
947 2916 1094 2953 Plautio
1129 2916 1188 2952 Ad
1199 2917 1296 2962 lega-

205 2963 283 2996 tum
314 2960 507 3006 petendum
538 2965 751 3007 procurator
775 2962 881 2998 datus
906 2962 937 2998 si
959 2961 1149 2998 interdicto
1173 2966 1298 2998 utatur

206 3005 378 3042 adversus
400 3005 566 3042 heredem
590 3006 633 3042 de
651 3007 783 3044 tabulis
803 3007 1024 3050 exhibendis,
1073 3009 1298 3043 rocuratoria

207 3051 388 3131 egceptio,
413 3051 516 3096 quasi
538 3061 611 3087 non
634 3056 671 3087 et
691 3052 762 3088 hoc
787 3056 881 3089 esset
905 3053 937 3089 ei
959 3062 1044 3088 man
1071 3056 1189 3095 atum,
1223 3064 1297 3089 non

207 3106 228 3132 0
255 3099 339 3131 stat.

255 3137 309 3178 63
332 3139 589 3176 Monssmws
609 3140 700 3177 libro
731 3146 837 3179 seaeto
869 3142 1159 3188 differentiarum
1206 3142 1295 3179 Pro·

207 3189 354 3221 curator
382 3188 542 3221 totorum
575 3186 770 3230 bonorum,
807 3188 866 3223 cui
899 3198 957 3223 res
992 3187 1296 3223 administrandae

206 3230 396 3266 mandatae
419 3233 520 3273 sunt,
544 3240 601 3266 res
626 3230 760 3267 domini
782 3243 898 3278 neque
922 3232 1070 3268 mobiles
1093 3233 1148 3268 vel
1170 3232 1295 3268 immo-

206 3275 296 3312 biles
337 3285 453 3321 neque
487 3276 631 3311 servos⁷
666 3276 743 3312 sine
777 3278 924 3322 speciali
957 3277 1090 3313 domini
1124 3278 1296 3314 mandatu

206 3320 364 3357 alienare
376 3323 513 3374 potest,
536 3320 606 3356 nisi
627 3319 767 3357 fructus
792 3326 855 3357 aut
874 3322 963 3358 alias
982 3332 1051 3366 res,
1076 3333 1168 3368 quae
1189 3322 1297 3359 facile

207 3376 350 3402 corrum
374 3376 388 3401 1
409 3368 571 3411 possunt.

252 3409 306 3449 64
353 3420 439 3446 osu
457 3410 549 3447 libro
573 3411 678 3447 tertio
701 3422 742 3447 re
768 3411 911 3447 alarum
957 3412 1004 3455 Is,
1029 3412 1131 3448 cuius
1154 3412 1296 3448 nomine

207 3454 375 3492 defensor
398 3455 552 3499 exstitit,
585 3455 616 3491 si
639 3459 724 3491 ante
741 3422 844 3491 {item
868 3460 1107 3493 contestatam
1129 3457 1167 3493 in
1189 3467 1294 3503 prae-

208 3570 248 3611 (ι)
273 3569 487 3612 exagemimo
503 3569 540 3603 F
670 3569 714 3612 (2)
739 3572 851 3603 tamen
871 3570 933 3603 del.

208 3615 251 3656 (⁴)
266 3617 317 3647 est
327 3614 381 3647 Γ*
458 3615 502 3657 (5)
515 3615 563 3648 εἰσ
573 3612 658 3648 F’S
669 3626 737 3648 eum
756 3614 797 3657 B,
812 3615 1042 3658 procuratoris
1053 3616 1089 3649 F
1094 3616 1107 3637 ¹

208 3668 286 3691 vare
298 3659 329 3693 S
337 3671 406 3693 eum
418 3659 464 3702 B,
479 3672 539 3693 om.
552 3659 588 3692 F
692 3660 736 3700 (¹1)
761 3670 876 3693 servus
886 3660 923 3693 F
1031 3661 1075 3703 (8)
1100 3659 1220 3694 absens
1230 3661 1296 3695 Ar-

210 3704 360 3791 ?snlg'gu.
374 3748 412 3791 F,
426 3751 517 3792 quod
528 3762 590 3793 quo
598 3751 765 3794 pertineat
777 3752 947 3794 quaeritur
1005 3751 1065 3792 (10)
1091 3753 1126 3783 et
1137 3751 1200 3784 del.
1211 3751 1295 3785 Hal.

1176 3617 1220 3658 (ο)
1234 3626 1294 3648 no-

1072 3571 1115 3613 (8)
1140 3570 1255 3604 eadem
1266 3570 1302 3604 F

1971 150 2032 182 DE
2060 151 2148 183 PRO
2152 150 2460 186 culu'ronmus

1369 256 1486 292 sentia
1516 255 1626 309 fuerit
1648 260 1684 293 et
1706 257 1865 310 postulet
1888 269 1953 295 suo
1977 259 2120 296 nomine
2142 260 2240 301 litem
2264 261 2457 308 suscipere,

1370 311 1482 338 causa
1506 305 1648 348 cognita
1670 302 1869 339 audiendus
1893 307 1957 341 est.

1416 343 1469 384 65
1493 345 1603 382 IDEM
1620 346 1712 383 libro
1734 348 1792 383 sin
1818 348 1918 385 ulan·
1938 348 1983 384 de
2006 348 2260 386 heurematicis
2305 350 2343 386 Si
2374 362 2458 397 pro-

1370 395 1574 428 curatorem
1605 391 1789 429 absentem
1844 393 2006 430 dominus
2038 394 2273 431 satisdatione
2303 395 2461 432 relevare

1369 437 1464 479 velit,
1487 436 1628 472 litteras
1651 446 1737 473 suas
1760 437 1807 473 ad
1837 438 2080 476 adversarium
2111 439 2271 486 derigere
2302 440 2458 485 debebit,

1370 481 1501 534 quibus
1531 480 1724 527 significet,
1757 493 1862 528 quem
1893 483 2062 520 adversus
2087 495 2168 520 eum
2216 489 2460 522 rocuratorem

1371 530 1406 562 et
1428 537 1467 561 ιιι
1490 537 1562 572 qua
1585 536 1696 563 causa
1712 526 1849 571 fecerit,
1873 532 2062 575 ratumque
2081 539 2121 565 se
2138 530 2187 565 ha
2212 530 2346 566 iturum
2366 530 2461 577 quod

1370 582 1452 607 cum
1484 581 1525 623 eo
1558 575 1679 608 actum
1708 572 1774 608 sit:
1807 573 1876 624 hoc
1908 573 2003 609 enim
2035 584 2123 610 casu
2145 575 2274 628 litteris
2298 575 2374 628 eius
2397 575 2460 611 ad-

1371 614 1871 704 {ifiggffafflussfflffiff
1878 626 1955 696 ἐξ
1958 619 2461 706 ⁰12&ss&ssssssssssss

1370 707 1641 748 procuratorem
1653 715 1731 741 esse
1742 716 1788 741 no
1803 705 1907 748 uerit,
1926 709 2047 742 tamen
2066 707 2247 752 iudicium,
2268 719 2338 754 quo
2358 709 2460 755 quasi

1370 752 1583 794 procurator
1606 754 1772 795 expertus
1797 754 1861 793 est,
1886 754 2004 786 ratum
2027 761 2106 788 esse
2129 752 2235 789 debet
2244 754 2270 789 ⁹.

1415 793 1469 834 66
1494 795 1741 832 Firmanus
1760 796 1852 832 libro
1877 807 1973 832 nono
1997 797 2245 842 quaestionum
2292 797 2331 833 Si
2349 798 2380 834 is
2401 799 2461 844 qui

1369 840 1532 877 Stichum
1554 840 1611 877 vel
1629 840 1792 884 Damam,
1816 844 1937 877 utrum
1961 851 2083 878 eorum
2104 841 2182 888 ipse
2204 842 2320 886 vellet,
2345 843 2459 889 stipu-

1368 886 1463 922 latus
1488 889 1543 922 est
1566 889 1602 922 et
1615 887 1643 908 ¹⁰
1665 889 1784 922 ratum
1806 886 1958 929 habeat,
1993 886 2090 932 quod
2113 887 2267 923 alterum
2289 898 2460 940 procura·

1368 931 1461 967 torio
1485 931 1628 967 nomine
1650 931 1766 967 Titius
1789 932 1899 977 petit:
1930 931 2038 974 facit,
2071 935 2113 967 ut
2142 942 2201 968 res
2231 932 2271 968 in
2291 932 2461 970 iudicium

1370 976 1525 1012 deducta
1547 976 1720 1020 videatur,
1745 980 1781 1012 et
1803 976 2070 1022 stipulationem
2093 978 2281 1014 consumit.

1415 1019 1467 1059 67
1483 1022 1510 1044 ¹²
1533 1020 1643 1058 1012-ss
1667 1021 1759 1058 libro
1789 1022 1948 1058 secundo
1979 1032 2236 1075 responsorum
2281 1023 2459 1059 Procura-

1368 1070 1426 1102 tor
1438 1066 1478 1110 ¹²,
1513 1066 1576 1112 qui
1608 1077 1674 1112 pro
1711 1066 1885 1103 evictione
1918 1067 2148 1119 praediorum
2180 1078 2273 1114 quae
2303 1068 2462 1104 vendidit

1368 1112 1476 1148 fidem
1500 1121 1603 1148 suam
1627 1111 1835 1155 adstrinxit,
1861 1115 1928 1148 etsr
1951 1113 2095 1158 negotia
2116 1123 2240 1158 gerere
2252 1113 2281 1135 ¹³
2304 1113 2459 1157 desierit,

1369 1157 1596 1203 obligationis
1626 1161 1749 1193 tamen
1780 1167 1888 1193 onere
1911 1158 2088 1203 praetoris
2113 1158 2244 1194 auxilio
2268 1169 2342 1194 non
2365 1159 2459 1195 leva·

1368 1203 1466 1238 bitur
1478 1203 1526 1238 ¹⁴:
1551 1212 1636 1238 nam
1653 1206 1867 1248 procurator
1878 1202 1918 1245 ¹2,
1944 1203 2004 1255 qui
2052 1213 2092 1239 ro
2117 1202 2259 1240 domino
2278 1203 2458 1240 vinculum

1369 1247 1442 1284 obli
1466 1247 1596 1283 ationis
1619 1248 1790 1293 suscepit,
1815 1258 1907 1283 onus
1931 1258 2008 1284 eius
2093 1251 2169 1284 stra
2190 1253 2347 1284 recusat.

1416 1258 1469 1331 66
1494 1292 1604 1328 IDEM
1622 1293 1714 1329 libro
1739 1293 1845 1328 tertio
1868 1303 2126 1339 responsorum
2173 1293 2459 1347 QuodIrocura-

1369 1342 1427 1374 tor
1452 1349 1494 1373 ex
1517 1348 1558 1373 re
1582 1337 1715 1373 domini
1737 1337 1907 1374 mandato
1933 1348 2004 1374 non
2028 1338 2233 1383 refragante
2254 1339 2460 1385 stipulatur,

1367 1383 1477 1419 invito
1501 1387 1737 1428 procuratore
1760 1383 1923 1419 dominus
1946 1387 2068 1429 petere
2091 1394 2164 1420 non
2178 1384 2206 1406 ¹⁵
2228 1388 2358 1431 potest.

1414 1425 1468 1466 69
1492 1428 1653 1464 Panos
1680 1428 1772 1464 libro
1806 1429 1911 1464 tertio
1942 1439 2200 1475 responsorum
2245 1429 2381 1465 Paulus
2405 1440 2460 1466 re·

1368 1473 1514 1519 spondit
1537 1474 1644 1509 etiam
1668 1483 1776 1526 eum,
1810 1473 1871 1518 qui
1895 1473 1941 1508 ad
1964 1473 2062 1509 litem
2086 1474 2352 1519 suscipiendam
2371 1485 2441 1555 {iro

1369 1522 1573 1554 curatorem
1597 1517 1712 1561 dedlt,
1746 1528 1878 1554 causae
1901 1528 1988 1554 suae
2011 1518 2138 1555 adesse
2159 1530 2234 1556 non
2290 1519 2371 1555 rohi
2397 1520 2458 1556 eri.

1414 1561 1467 1602 70
1492 1562 1698 1599 Sena-vom
1721 1562 1813 1599 libro
1863 1563 1955 1599 rimo
1973 1574 2232 1611 responsorum
2297 1568 2375 1601 ater
2386 1564 2459 1601 filio

1368 1619 1434 1644 suo
1470 1608 1606 1661 pupillo
1641 1574 2047 1689 ιιιιριῗΐιὲωέιὶᾱῗέεω
2065 1609 2219 1690 'ror-riui&
2241 1609 2460 1690 tel-redituram

1368 1664 1490 1689 suum:
1523 1664 1555 1689 1s
1586 1652 1737 1689 adminis
1881 1664 1943 1689 ue
2009 1664 2049 1689 re
2100 1665 2137 1689 ui
2219 1665 2242 1690 a
2277 1665 2332 1690 em

1367 1698 1552 1741 heredem,
1585 1698 1646 1750 qui
1670 1702 1706 1734 et
1727 1698 1740 1733 i
1767 1708 1806 1734 se
1829 1698 1983 1734 decessit
2005 1702 2042 1735 et
2063 1665 2129 1744 pler
2150 1665 2461 1736 fideicommiSsguuss

1367 1754 1497 1779 nomen
1528 1743 1699 1779 debitoris
1755 1743 1818 1779 itio
1842 1743 1986 1790 reliquit
2020 1744 2122 1790 eique
2152 1745 2345 1781 mandatae
2375 1749 2460 1781 sunt

1368 1789 1527 1824 actiones
1540 1789 1586 1824 ab
1605 1788 1815 1841 heredibus:
1842 1799 1988 1834 quaero,
2013 1800 2095 1841 cum
2113 1793 2189 1826 tam
2209 1790 2459 1843 tutelae-‚actio

1367 1833 2144 1931 33352355331250{rssffizssesssffifflae
2160 1834 2367 1924 «Ξᾝέιὶἓῗιι
2377 1835 2460 1916 1123

1367 1925 1398 1960 si
1431 1923 1601 1960 defendat
1631 1923 1801 1967 heredes,
1832 1934 1856 1959 a
1902 1924 2008 1960 uibus
2033 1924 2065 1960 ei
2088 1925 2246 1961 actiones
2269 1936 2353 1961 man
2378 1929 2460 1962 atae

1368 1973 1463 2005 sunt.
1499 1968 1669 2014 respondi
1693 1968 1823 2005 debere
1847 1969 1891 2005 de
1909 1969 2048 2005 endere.

1414 2012 1463 2052 71
1491 2014 1652 2050 Pio-ms
1672 2014 1763 2051 libro
1779 2015 1906 2060 primo
1929 2015 2188 2051 sententiarum
2222 2015 2364 2051 Absens
2375 2026 2458 2052 reus

1368 2070 1497 2096 causas
1528 2059 1712 2095 absentiae
1735 2069 1800 2104 per
1812 2061 1840 2081 ¹⁶
1861 2063 2134 2106 procuratorem
2155 2059 2307 2096 reddere
2329 2063 2458 2106 potest.

1413 2102 1467 2142 72
1490 2104 1601 2141 low
1625 2104 1717 2141 libro
1774 2105 1866 2141 rimo
1889 2105 2113 2141 manualium
2158 2105 2229 2142 Per
2246 2109 2459 2152 procurato-

1366 2160 1441 2186 rem
1463 2161 1537 2186 non
1560 2160 1701 2196 semper
1723 2115 1772 2185 ag

1367 2241 1398 2276 si
1446 2240 1611 2276 rohibeat
1634 2250 1725 2286 opus
1748 2250 1879 2276 novum
1902 2239 1997 2284 fieri,
2030 2244 2073 2276 ut
2102 2240 2333 2277 interdictum
2356 2240 2460 2278 nobis

1367 2297 1390 2320 u
1410 2285 1417 2293 ‘
1434 2296 1454 2321 e
1477 2286 1525 2322 sit
1549 2285 1646 2330 quod
1668 2285 1703 2321 vi
1726 2288 1791 2321 aut
1814 2285 1917 2329 clam,
1941 2295 2026 2321 nam
2049 2289 2086 2322 et
2106 2286 2166 2322 hic
2188 2286 2379 2332 pristinum
2402 2286 2458 2323 ius

1367 2330 1469 2366 nobis
1494 2334 1683 2366 conservat
1695 2331 1734 2365 ¹⁷.

1388 2416 1390 2418 ,
1413 2373 1465 2413 73
1491 2375 1599 2411 IDEM
1618 2375 1710 2411 libro
1732 2374 1917 2422 sinqulari
1938 2374 1983 2410 de
2006 2375 2132 2422 officio
2156 2375 2384 2412 adsessorum
2420 2375 2458 2412 Si

1366 2431 1450 2456 reus
1480 2424 1631 2466 paratus
1667 2420 1714 2456 sit
1747 2423 1832 2455 ante
1864 2419 1963 2455 litem
1999 2424 2238 2457 contestatam
2269 2422 2457 2467 pecuniam

1365 2466 1520 2509 solvere,
1553 2469 1789 2511 procuratore
1812 2469 1939 2510 agente
1963 2465 2050 2511 quid
2074 2466 2153 2502 fieri
2176 2467 2344 2513 oportet?
2376 2477 2458 2503 nam

1363 2511 1524 2556 iniquum
1536 2515 1591 2547 est
1603 2510 1682 2556 cogi
1702 2521 1783 2546 eum
1802 2510 1973 2546 iudicium
1993 2511 2167 2557 accipere.
2204 2511 2458 2558 propterquod

1364 2560 1554 2602 suspectus
1585 2555 1698 2592 videri
1754 2559 1869 2598 otest,
1906 2556 1968 2601 qui
1998 2560 2187 2601 praesente
2219 2557 2361 2593 domino
2385 2567 2458 2594 non

1363 2602 1496 2647 optulit
1525 2567 1752 2646 pecuniam?
1795 2600 1857 2636 uid
1888 2601 1919 2636 si
1941 2604 2029 2637 tunc
2051 2601 2261 2638 facultatem
2283 2602 2458 2647 pecuniae

1363 2658 1436 2683 non
1459 2646 1597 2690 habuit,
1621 2657 1707 2682 num
1732 2612 1794 2681 uig
1817 2646 1896 2691 cogi
1920 2645 2050 2682 debeat
2071 2646 2244 2683 iudicium
2266 2647 2455 2693 accipere?

1363 2691 1449 2738 quid
1473 2692 1566 2728 enim
1589 2692 1620 2727 si
1644 2696 1680 2727 et
1719 2701 1841 2730 amosa
1871 2691 1919 2727 sit
1949 2691 2043 2727 actio
2057 2692 2075 2727 ⁸?
2105 2691 2170 2727 sed
2199 2693 2270 2728 hoc
2302 2695 2455 2736 constat,
2512 2732 2514 2734 v

1362 2740 1404 2772 ut
1437 2740 1520 2773 ante
1554 2737 1653 2772 litem
1687 2739 1927 2773 contestatam
1961 2746 2108 2782 praeses
2141 2737 2265 2773 iubeat
2298 2737 2336 2773 in
2368 2736 2456 2774 aede

1362 2793 1468 2818 sacra
1490 2782 1680 2828 pecuniam
1703 2781 1747 2817 de
1774 2781 1850 2818 oni:
1875 2781 1946 2817 hoc
1969 2781 2063 2817 enim
2085 2781 2128 2817 fit
2150 2785 2187 2818 et
2208 2782 2246 2818 in
2268 2782 2453 2828 pupillari·

1363 2828 1430 2863 bus
1453 2827 1627 2872 pecuniis.
1687 2837 1734 2863 uo
1782 2826 1814 2863 si
1836 2826 1880 2862 lis
1905 2829 2109 2862 contestata
2141 2830 2217 2870 est,
2249 2827 2320 2864 hoc
2351 2837 2455 2864 omne

1362 2873 1483 2908 officio
1507 2872 1635 2908 iudicis
1686 2872 1693 2879 '
1717 2871 1725 2880 '
1764 2871 1895 2908 endum
1919 2875 1984 2907 est.
2502 2912 2504 2914 ,

1410 2915 1463 2955 74
1494 2917 1689 2954 ULPIANUS
1717 2917 1808 2953 libro
1863 2921 1970 2952 uarto
2001 2916 2212 2964 opinionum
2257 2916 2335 2954 Nec
2369 2917 2453 2954 civi-
2507 2956 2512 2966 ξ

1362 2963 1447 2999 tatis
1460 2966 1563 2999 actor
1573 2962 1754 3007 negotium
1773 2961 1848 3007 pub
1864 2961 1957 2997 'cum
1976 2972 2042 3007 per
2060 2965 2331 3007 procuratorem
2351 2971 2454 3008 agere
2508 2976 2512 2982 ⁵

1387 3012 1492 3044 otest.
2499 3011 2501 3017 '

1362 3019 1385 3053 p
1409 3051 1462 3090 75
1486 3052 1682 3088 Ioannes
1710 3051 1803 3088 libro
1836 3053 1941 3088 tertio
1965 3051 2187 3099 diqestorum
2233 3052 2302 3097 Qui
2324 3053 2452 3089 absen-

1361 3102 1434 3133 tem
1465 3100 1659 3143 emptorem
1691 3096 1913 3143 eundemque
1930 3107 2181 3149 possessorem
2202 3096 2306 3134 fundi
2329 3097 2451 3134 defen·

1362 3143 1470 3179 debat
1493 3146 1529 3178 et
1550 3141 1720 3178 iudicium
1742 3142 1886 3178 nomine
1909 3152 1984 3178 eius
2008 3142 2087 3178 acci
2111 3142 2220 3185 iebat,
2243 3142 2452 3188 postulabat

1362 3199 1385 3223 a
1414 3186 1598 3223 venditore
1627 3186 1750 3230 fundi,
1781 3190 1823 3222 ut
1846 3187 1892 3223 ab
1917 3197 1959 3223 eo
1984 3186 2089 3223 defen
2115 3190 2252 3223 eretur:
2288 3187 2451 3224 venditor

1361 3232 1630 3268 desiderabat¹⁸
1654 3232 1771 3268 caveri
1794 3232 1862 3268 sibi
1883 3236 2001 3268 ratam
2022 3242 2099 3268 rem
2121 3236 2318 3277 emptorem
2347 3232 2449 3269 habi·

1360 3281 1498 3314 turum:
1523 3281 1611 3322 puto
1637 3287 1717 3313 eum
1739 3277 1914 3314 venditori
1937 3277 1982 3313 de
2004 3280 2085 3313 rato
2108 3276 2286 3313 satisdare
2309 3277 2448 3321 debere,

1385 3322 1447 3358 uia
1479 3322 1511 3358 si
1543 3322 1695 3358 fundum
1729 3322 1848 3367 agenti
1881 3321 2078 3358 restituerit
2089 3321 2129 3365 ¹⁹,
2164 3322 2252 3358 nihil

1362 3334 1544 3405 aominum
1551 3377 1626 3402 rem
1660 3371 1755 3402 etere
1764 3371 1799 3401 et
1807 3367 1885 3411 cogi
1893 3365 2110 3401 venditorem
2117 3375 2242 3400 rursus
2250 3364 2275 3400 d
2310 3363 2449 3400 endere.

1410 3410 1464 3450 76
1488 3412 1597 3448 IDEM
1636 3412 1715 3449 ibro
1747 3412 1874 3458 quinto
1905 3410 1956 3446 ad
1984 3409 2173 3447 Minicium
2219 3410 2336 3446 Titius
2370 3419 2451 3446 cum

1363 3458 1548 3494 absentem
1571 3456 1795 3500 defenderet,
1826 3454 2013 3493 satisdedit
2035 3458 2071 3491 et
2099 3455 2198 3501 prius
2229 3465 2336 3501 quam
2357 3453 2449 3491 iudi-

1365 3570 1633 3636 (213=Vaasr.§
1643 3570 1790 3635 mem
1839 3567 2283 3620 (nubsentiqimbisvae.
2331 3566 2450 3610 (mm

1362 3611 2247 3703 ²⁶13·{oifffflffifflfflas‘fflassffss'ffffi‘g‘ssa
2267 3612 2446 3691 1923222

409 3705 454 3746 (⁹)
479 3704 568 3737 idem
580 3704 669 3738 libro
680 3704 810 3738 decimo
822 3704 1073 3749 pandectarum,
1085 3706 1146 3740 ced
1155 3718 1296 3750 eaepunc-
1364 3704 1424 3746 (16)
1449 3704 1681 3738 causasentiae
1693 3703 1900 3747 (om.per)F
1951 3705 2010 3744 (ιτ)
2035 3701 2255 3737 conservetF
2306 3701 2367 3745 (18)
2390 3700 2447 3734 do-
2479 3742 2483 3749 Ι

1363 3749 1533 3783 siderebat
1543 3750 1579 3783 F
1664 3750 1724 3792 (19)
1748 3749 1945 3782 restituerat
1955 3747 2002 3782 D

1771 2149 1943 2195 quirimus
1968 2150 2139 2194 actiones,
2164 2150 2229 2187 sed
2247 2151 2458 2188 retinemus:

1366 2196 1475 2231 veluti
1498 2195 1530 2231 si
1551 2205 1653 2231 reum
1677 2195 1865 2231 conveniat
1885 2195 1982 2231 intra
2003 2195 2198 2240 legitimum
2219 2199 2380 2241 tempus:
2404 2195 2460 2232 vel
2511 2201 2525 2235 ῑ

2329 3322 2451 3358 ohibet
2490 3327 2501 3350 6
