2528 3918
191 120 429 166 xxxxli

191 245 291 282 latim
322 246 520 289 occupatus
550 246 605 279 est
634 243 708 279 sive
737 253 810 279 non
839 243 1028 289 paulatim,
1061 240 1125 277 sed
1147 240 1270 277 eodem

192 292 325 336 impetu
348 299 492 325 recessu
514 287 668 324 fluminis
691 288 895 331 restitutus,
925 288 972 323 ad
994 286 1182 332 pristinum
1205 285 1269 322 do-

192 336 324 370 minum
347 334 520 380 pertinet:
556 332 704 368 flumina
726 334 820 369 enim
851 333 1066 379 censitorum
1088 330 1165 367 vice
1187 330 1270 366 fun-

192 384 339 425 guntur,
371 383 413 414 ut
443 389 487 414 ex
518 377 657 423 privato
688 378 726 414 in
754 378 955 424 publicum·
970 376 1140 412 addicant
1168 379 1205 411 et
1227 386 1272 411 ex

192 423 981 505 sium
1000 421 1165 512 ,aia
1189 431 1272 500 «ιι

795 495 804 510 9
1175 492 1184 508 9

194 525 288 549 nunc
322 513 482 559 privatus
518 513 593 548 eius
629 523 707 549 esse
742 513 865 554 debet,
907 512 1007 547 cuius
1049 515 1157 546 antea
1190 510 1270 546 fuit.

193 563 214 594 4
260 558 299 594 Si
320 558 414 610 pilas
437 558 475 592 in
498 568 595 593 mare
617 558 822 594 iactaverim
854 561 890 592 et
921 567 963 592 su
990 566 1030 591 ra
1053 566 1114 591 eas
1135 555 1271 591 inaedi-

192 603 383 645 ficaverim,
407 603 576 638 continuo
599 603 798 638 aedificium
820 612 938 637 meum
986 605 1011 635 t.
1056 601 1141 636 item
1164 600 1195 636 si
1217 601 1271 635 in-

193 649 308 684 sulam
331 649 369 683 in
392 648 483 683 mari
506 647 780 690 aedificaverim,
806 647 974 682 continuo
998 655 1078 681 mea
1100 646 1159 689 fit,
1184 656 1272 691 quo-

193 694 288 729 niam
310 693 358 736 id,
382 692 479 738 quod
501 692 631 729 nullius
655 693 711 736 sit,
738 692 947 737 occupantis
970 691 1022 726 fit.

240 735 290 776 31
319 737 375 772 ΡΑ
383 747 478 774 ULUS
513 737 604 774 libro
645 738 852 784 trz'qensimo
885 737 1010 783 primo
1039 735 1089 771 ad
1119 735 1272 771 edictum

193 784 397 828 Numquam
419 782 517 818 nuda
534 783 678 818 traditio
702 781 875 817 transfert
897 781 1101 823 dominium,
1125 780 1187 815 sed
1209 780 1271 823 ita,

193 829 224 864 si
261 827 415 863 venditio
454 831 519 863 aut
554 828 695 872 aliqua¹
740 827 836 862 iusta
873 837 985 862 causa
1026 825 1271 872 praecesserit,

196 878 209 908 1
259 877 408 919 propter
447 882 554 918 quam
590 871 735 907 traditio
772 875 988 917 sequeretur.
1041 870 1273 906 Thensaurus

194 923 249 954 est
278 922 380 953 vetus
415 917 590 962 quaedam
625 916 800 962 depositio
831 916 1024 962 pecuniae,
1064 915 1165 951 cuius
1201 926 1274 950 non

193 967 311 999 exstat
333 963 518 1006 memoria,
554 967 595 997 ut
623 962 696 997 iam
726 962 905 997 dominum
936 972 1009 997 non
1032 961 1183 997 habeat:
1221 960 1273 995 sic

194 1009 286 1044 enim
313 1008 355 1042 fit
385 1008 461 1044 eius
491 1008 552 1052 qui
585 1006 774 1049 invenerit,
811 1006 907 1052 quod
935 1017 1008 1042 non
1038 1006 1185 1042 alterius
1214 1005 1272 1040 sit.

193 1053 351 1098 alioquin
374 1053 406 1089 si
429 1052 507 1098 quis
526 1052 662 1097 aliquid
684 1052 740 1087 vel
762 1052 853 1087 lucri
876 1062 988 1088 causa
1004 1052 1060 1087 vel
1082 1054 1199 1087 metus
1218 1050 1273 1085 vel

195 1097 381 1134 custodiae
404 1097 603 1133 condiderit
625 1097 692 1132 sub
715 1100 830 1139 terra,
861 1107 934 1133 non
957 1099 1013 1132 est
1037 1097 1271 1132 thensaurus:

195 1144 298 1179 cuius
321 1143 430 1179 etiam
451 1142 586 1178 furtum
608 1141 660 1177 fit.

239 1185 293 1226 32
320 1188 446 1224 Gsms
470 1187 560 1223 libro
584 1186 772 1223 undecimo
795 1186 845 1221 ad
875 1186 1029 1222 edictum
1045 1184 1274 1232 provinciale

194 1233 315 1268 Etiam
343 1233 461 1268 invitis
485 1232 588 1267 nobis
619 1241 684 1278 per
711 1242 832 1267 servos
861 1231 1063 1276 adquiritur
1092 1240 1207 1275 paene
1229 1239 1275 1265 ex

194 1278 358 1314 omnibus
382 1276 513 1313 causis.

239 1320 291 1361 33
324 1322 517 1358 ULPIANUS
545 1321 637 1357 libro
669 1324 800 1367 quarto
824 1321 1107 1367 disputationum
1154 1319 1196 1354 In
1220 1329 1273 1361 eo,

217 1368 290 1404 uod
320 1377 420 1403 servo
458 1366 632 1402 castrensi
662 1370 747 1402 ante
776 1366 911 1401 aditam
944 1365 1178 1401 hereditatem
1210 1364 1275 1399 filii

209 1412 345 1448 amilias
379 1412 500 1447 militis
534 1412 691 1456 legatur,
730 1412 786 1447 vel
821 1421 883 1454 eo,
927 1410 1024 1456 quod
1056 1410 1276 1455 stipulatur2

193 1468 332 1500 servm,
369 1461 547 1492 tractatur
579 1467 602 1491 a
628 1456 677 1491 ud
706 1456 918 1492 Marcellum
948 1456 1039 1491 libro
1070 1455 1271 1496 vicensimo,

193 1513 239 1539 ex
262 1502 362 1538 cuius
381 1512 536 1547 persona
558 1512 600 1537 ve
638 1501 819 1546 stipulatio
843 1501 935 1536 vires
946 1501 1079 1536 habeat
1101 1500 1156 1535 vel
1179 1500 1273 1545 lega-

192 1552 278 1583 tum.
326 1551 363 1583 et
393 1550 480 1592 puto
503 1547 637 1588 verius,
669 1546 766 1592 quod
792 1550 827 1581 et
856 1546 1048 1581 Scaevolae
1078 1545 1217 1580 videtur
1239 1549 1275 1580 et

195 1593 272 1638 ipse
294 1592 490 1628 Marcellus
511 1595 663 1632 tractat,
689 1591 719 1627 si
743 1591 886 1636 quidem
909 1590 1059 1626 adeatur
1081 1589 1273 1631 hereditas,

196 1637 316 1673 omnia
344 1641 387 1672 ut
415 1637 454 1672 in
476 1636 690 1672 hereditario
715 1646 834 1678 servo,
867 1635 898 1671 si
920 1634 1019 1671 adita
1040 1645 1113 1670 non
1137 1635 1203 1677 sit,
1234 1638 1276 1669 ut

194 1683 232 1718 in
253 1693 320 1728 pro
346 1682 399 1717 rio
422 1682 536 1728 patris
560 1690 639 1717 esse
661 1681 876 1726 spectanda:
912 1684 949 1716 et
971 1681 1002 1716 si
1024 1691 1112 1716 usus
1135 1679 1274 1715 fructus

193 1728 302 1764 fuerit
349 1727 409 1762 uic
428 1736 529 1762 servo
549 1726 707 1768 relictus,
731 1726 837 1761 modo
861 1725 956 1771 patri
973 1725 1086 1761 videri
1107 1725 1275 1767 delatum,

192 1773 298 1808 modo
333 1772 467 1815 heredi,
501 1782 569 1807 nec
600 1781 623 1807 a
699 1781 808 1807 rsona
835 1771 875 1806 in
906 1780 1095 1816 personam
1120 1770 1276 1806 creditur

199 1822 212 1852 1
262 1817 446 1854 transisse.
493 1816 630 1852 Eadem
714 1816 886 1852 tinctione
909 1815 989 1861 quis
1012 1819 1134 1851 utetur
1157 1815 1275 1859 etiam,

194 1863 226 1898 si
255 1873 314 1899 res
344 1862 453 1898 fuerit
480 1862 682 1898 subtracta:
713 1865 777 1896 aut
808 1871 951 1896 cessare
982 1864 1046 1896 aut
1068 1861 1166 1896 non³
1187 1859 1276 1895 furti

194 1908 371 1944 actionem
401 1907 514 1949 dicet,
549 1907 580 1943 si
609 1917 654 1942 ex
683 1910 897 1942 testamento
926 1905 1071 1947 adierit,
1108 1905 1276 1959 quoniam

196 1952 385 1989 hereditati
407 1952 544 1988 furtum
566 1962 639 1988 non
662 1951 722 1994 fit,
754 1955 833 1994 aut,
864 1951 895 1987 si
916 1961 991 1986 non
1013 1950 1158 1993 adient‚
1181 1951 1277 1996 patri

195 2001 215 2033 2
261 1998 406 2033 dabitur
435 1997 523 2032 furti
546 1997 653 2033 actio.
699 1996 793 2032 Nam
816 2000 853 2032 et
883 1995 1079 2039 condictio,
1136 1996 1276 2031 uotiens

195 2053 319 2078 servus
356 2042 591 2078 hereditarius
630 2042 823 2087 stipulatur
860 2042 916 2077 vel
951 2051 1017 2087 per
1047 2045 1082 2076 tr
1142 2040 1276 2076 tionem

196 2088 338 2133 accipit,
358 2097 570 2140 expersona
587 2086 747 2123 defuncti
766 2086 858 2122 vires
878 2086 1059 2128 assumit⁴,
1077 2090 1118 2121 ut
1136 2086 1275 2122 Iuliano

195 2133 333 2179 placet:
364 2143 467 2168 cuius
498 2136 534 2167 et
555 2132 668 2167 valuit
698 2131 875 2167 sententia
897 2131 1062 2167 testantis
1086 2141 1276 2177 personam

195 2177 428 2223 spectandam
449 2187 530 2213 esse
552 2177 744 2222 opinantis.

240 2220 295 2261 34
318 2222 426 2259 Isau
444 2222 536 2258 libro
558 2228 690 2268 quarto
708 2222 753 2257 de
776 2222 941 2258 censibus
973 2220 1163 2257 Hereditas
1183 2221 1277 2256 enim

195 2279 268 2304 non
277 2267 419 2304 heredis
430 2277 636 2321 personam,
655 2267 719 2303 sed
739 2266 899 2302 defuncti
919 2266 1082 2310 sustinet,
1101 2271 1143 2301 ut
1156 2266 1276 2302 multis

322 2313 414 2349 entis
434 2313 523 2349 iuris
547 2312 658 2348 civilis
682 2323 761 2348 com
787 2312 955 2348 robatum
977 2315 1044 2347 est.

241 2323 295 2397 Ξῖ)
319 2358 429 2394 Imm
453 2357 545 2394 libro
575 2358 726 2404 septimo
781 2357 1040 2403 isputationum
1086 2355 1124 2392 Si
1146 2366 1277 2402 procu-

196 2407 296 2440 rator
318 2413 419 2440 meus
441 2402 498 2439 vel
527 2405 627 2438 tutor
656 2401 785 2448 pupilli
812 2412 887 2437 rem
910 2411 1013 2437 suam
1060 2401 1140 2437 uasi
1162 2411 1277 2436 meam

196 2449 252 2485 vel
275 2448 402 2494 pupilli
424 2447 485 2483 alii
506 2447 728 2491 tradiderint,
752 2457 826 2483 non
846 2446 997 2482 recessit
1019 2456 1042 2481 a
1090 2446 1141 2483 eis
1165 2446 1277 2482 domi-

195 2494 294 2529 nium
324 2497 362 2530 et
382 2493 482 2529 nulla
510 2496 566 2529 est
587 2493 774 2536 alienatio,
805 2492 890 2538 quia
918 2502 1022 2527 nemo
1053 2502 1179 2528 errans
1203 2502 1278 2527 rem

197 2550 300 2575 suain
322 2538 465 2574 amittit.

242 2581 296 2622 36
320 2583 347 2619 I
348 2593 513 2620 omanus
533 2582 624 2618 libro
648 2583 753 2618 tertio
777 2581 914 2618 decimo
933 2581 1154 2629 diqestorum
1188 2580 1278 2617 Cum

195 2629 234 2664 in
264 2639 396 2674 corpus
433 2627 574 2674 quidem
606 2627 703 2673 quod
731 2626 885 2662 traditur
923 2626 1205 2670 consentiamus,
1239 2626 1278 2661 in

196 2674 316 2710 causis
338 2683 421 2709 vero
446 2673 713 2714 dissentiamus,
744 2683 817 2708 non
840 2671 1102 2714 animadverto,
1135 2682 1200 2707 cur
1221 2670 1277 2707 in-

198 2718 328 2755 efficax
350 2718 399 2755 sit
416 2718 574 2760 traditio,
597 2717 707 2753 veluti
728 2717 760 2753 si
778 2727 844 2762 ego
864 2716 1008 2753 credam
1024 2727 1081 2752 me
1100 2726 1145 2752 ex
1166 2720 1276 2752 testa-

197 2768 315 2799 mento
346 2763 414 2799 tibi
444 2763 639 2815 obligatum
670 2773 768 2805 esse,
804 2766 845 2797 ut
875 2761 1026 2797 fundum
1048 2761 1205 2805 tradam,
1237 2766 1278 2796 tu

198 2808 377 2845 existimes
410 2818 453 2843 ex
482 2808 655 2853 stipulatu
685 2807 752 2843 tibi
781 2817 863 2843 eum
894 2806 1026 2843 deberi.
1074 2816 1157 2842 nam
1189 2810 1226 2842 et
1248 2806 1279 2842 si

197 2853 386 2899 pecuniam
408 2856 630 2888 numeratam
652 2852 720 2888 tibi
741 2851 884 2888 tradam
907 2851 1064 2888 donandi
1085 2851 1214 2898 gratia,
1238 2855 1279 2886 tu

196 2897 826 2994 {imoeqmmisissfflffipssffiii'ssiiz
847 2897 1279 2987 ggssestffuolc’irffirrffitacfff

927 2969 936 2985 ‚
1262 2961 1278 2969 -

197 2999 274 3025 sam
297 2986 406 3024 dandi
429 2991 535 3032 atque
558 2986 757 3032 accipiendi
779 2987 1063 3024 dissenserimus.

242 3030 296 3072 37
321 3032 429 3069 Ioni:
454 3032 545 3068 libro
576 3033 878 3078 quadraqensimo
902 3035 1035 3078 quarto
1057 3032 1277 3079 diqestorum

197 3079 267 3115 Pei·
277 3088 428 3121 servum,
453 3076 515 3130 qui
536 3076 675 3122 pignori
695 3077 801 3113 datus
819 3081 886 3119 est,
911 3076 1080 3113 creditori
1102 3087 1169 3113 nec
1192 3087 1277 3130 pos-

197 3123 308 3160 sessio
333 3122 542 3168 adquiritur,
565 3121 651 3202 guia
668 3133 733 3157 nec
751 3122 979 3167 stipulatione
999 3132 1065 3159 nec
1086 3122 1278 3158 traditione

197 3179 264 3205 nec
296 3168 370 3203 ullo
402 3166 472 3203 alio
506 3177 564 3203 mo
590 3177 611 3202 o
638 3177 708 3219 per
738 3177 818 3203 eum
851 3177 991 3203 servum
1022 3167 1213 3213 quicquam
1243 3166 1279 3202 ei

202 3218 212 3249 ι
265 3212 465 3259 adquiritur
473 3238 491 3264 ,ι
507 3221 668 3264 quamvis
691 3212 871 3257 possessio
893 3222 1005 3258 penes
1029 3222 1111 3248 eum
1132 3212 1190 3248 sit.
1239 3211 1277 3247 Si

198 3269 291 3294 unus
321 3268 367 3294 ex
398 3257 549 3293 dominis
571 3267 674 3293 servo
699 3257 878 3292 communi
907 3257 1097 3303 pecuniam
1120 3256 1276 3300 donavit,

197 3306 233 3339 in
255 3306 435 3349 potestate
458 3301 591 3338 domini
611 3305 685 3342 est,
717 3302 1012 3347 quemadmodum
1046 3312 1148 3338 servo
1180 3312 1275 3338 com-

197 3348 295 3383 muni
316 3347 506 3394 pecuniam
529 3346 648 3383 donet.
695 3355 778 3381 nam
802 3347 832 3381 si
855 3347 924 3383 hoc
947 3347 1063 3383 solum
1150 3347 1212 3389 rit,
1237 3351 1278 3382 ut

198 3404 241 3429 ea
270 3396 458 3438 separetur
487 3402 511 3427 a
539 3391 616 3429 suis
646 3390 846 3427 rationibus
875 3396 913 3427 et
940 3392 977 3427 in
1014 3402 1081 3437 pec
1122 3392 1155 3428 ‘o
1186 3392 1278 3428 servi

197 3439 254 3482 sit,
277 3437 436 3473 manebit
467 3436 625 3473 eiusdem
658 3435 793 3472 domini
816 3446 881 3480 pro
908 3437 1036 3473 rietas:
1071 3437 1104 3473 si
1125 3447 1208 3473 vero
1233 3447 1276 3473 eo

198 3483 302 3519 modo
333 3482 522 3528 pecuniam
544 3491 647 3519 servo
672 3481 851 3517 communi
874 3447 1074 3522 ‹fonaverin
1099 3481 1275 3528 quomodo

196 3599 238 3639 (i)
262 3595 330 3630 alia
347 3596 584 3641 Bynkmlaoek
692 3596 736 3637 (2)
759 3594 789 3628 is
808 3596 867 3629 ins.
888 3595 1042 3639 Krueysr
1147 3597 1191 3639 (8)
1214 3598 1275 3629 aut

196 3651 264 3675 non
277 3642 339 3676 del.
352 3642 514 3683 (similitor
525 3641 712 3685 Schultt'nq)
819 3641 863 3682 (4)
885 3641 935 3674 eie
947 3648 1004 3674 aut
1016 3640 1068 3674 Γ*
1080 3643 1175 3685 autj}
1195 3651 1274 3674 oon-

195 3686 297 3719 sumit
307 3686 358 3720 Ρ*
366 3699 379 3719 .·
388 3687 537 3730 sortasse
547 3699 612 3721 ser.
625 3686 712 3719 vires
719 3686 781 3718 aut
789 3684 893 3719 sumit
901 3687 962 3719 aut
973 3696 1041 3718 non
1053 3687 1155 3719 sumit
1164 3698 1274 3720 secun-

196 3732 269 3767 dum
291 3731 436 3766 Graecos
538 3732 581 3774 (5)
606 3730 783 3764 fructuarii
800 3730 884 3763 servi
907 3732 939 3763 et
955 3742 1019 3764 eor.

1262 116 1347 165 648

1500 8 1571 91 ἥ

1560 97 1563 115 Ι

2027 129 2087 159 ns
2116 124 2410 166 ADQUIRENDO

1338 240 1464 276 alienis
1486 241 1596 277 servis
1619 240 1752 277 donare
1775 241 1946 283 solemus,
1969 240 2033 276 fiet
2055 240 2232 277 sociorum
2257 251 2411 278 commu-

1338 289 1358 320 2
1405 285 1460 321 nis
1483 296 1548 331 pro
1571 286 1750 332 portione,
1806 296 1886 322 uam
1909 286 1947 320 in
1977 295 2078 321 servo
2102 286 2296 321 habebunt.
2343 286 2412 322 Sed

1338 335 1379 366 ut
1411 340 1563 375 sequens
1602 331 1763 376 quaestio
1818 341 1922 367 ocum
1963 330 2113 373 habeat,
2157 332 2413 367 constituamus

1338 375 1475 411 socium
1506 375 1558 411 ita
1594 385 1695 412 servo
1731 376 1908 412 communi
1967 375 2128 410 ecuniam
2161 375 2332 419 donasse,
2374 379 2415 411 ut

1338 420 1592 466 proprietatem
1611 430 1713 456 suam
1734 431 1876 456 manere
1900 431 1941 455 ve
1968 424 2014 455 et.
2050 420 2082 456 si
2105 430 2149 455 ex
2170 421 2240 456 hac
2262 421 2415 466 pecunia

1339 475 1460 501 servus
1484 464 1634 500 fundum
1657 465 1929 511 comparaverit,
1961 465 2028 500 erit
2050 465 2082 500 is
2103 465 2235 501 fundus
2259 476 2415 501 commu-

1339 510 1394 546 nis
1418 510 1598 546 sociorum
1620 520 1686 555 pro
1703 511 1867 556 portione
1889 510 2049 546 dominii:
2073 520 2156 545 nam
2175 514 2211 545 et
2230 511 2262 546 si
2278 509 2415 546 furtivis

1340 555 1491 591 nummis
1514 565 1636 591 servus
1660 556 1854 591 communis
1878 555 2028 590 fundum
2051 555 2326 600 comparaverit,
2357 566 2415 591 so-

1340 600 1476 636 ciorum
1512 600 1579 635 erit
1611 610 1677 645 pro
1712 600 1875 645 portione
1905 600 2061 635 dominii.
2108 610 2222 644 neque
2253 600 2346 635 enim
2376 604 2417 635 ut

1338 644 1559 680 fructuarius
1582 654 1705 681 servus
1727 655 1773 680 ex
1794 655 1834 680 re
1855 644 2044 680 fructuarii
2066 656 2138 680 non
2157 645 2203 680 ad
2228 645 2311 680 uirit
2332 656 2414 690 pro-

1340 690 1529 735 prietario,
1552 690 1605 725 ita
1627 693 1665 725 et
1688 690 1883 725 communis
1907 700 2030 726 servus
2054 700 2098 725 ex
2121 700 2161 725 re
2183 656 2330 725 aiterius
2353 689 2416 725 do-

1340 735 1425 770 mini
1446 745 1520 771 non
1544 734 1699 780 adquirit
1721 735 1823 770 alteri
1847 735 2000 770 domino.
2037 735 2101 771 sed
2124 735 2418 781 quemadmodum

1339 780 1378 815 in
1412 780 1485 822 his,
1521 790 1614 825 quae
1637 779 1779 815 aliunde
1803 779 2055 824 adquiruntur,
2093 779 2233 815 diversa
2257 779 2417 815 condicio

1340 828 1396 861 est
1418 824 1609 860 fructuarii
1632 829 1668 859 et
1689 825 1802 860 servi⁵
1832 825 2046 867 communis,
2077 825 2187 860 veluti
2219 835 2300 860 cum
2329 825 2419 860 alter

1340 869 1538 905 fructuario
1563 880 1636 905 non
1658 869 1840 915 adquirat,
1864 869 1954 905 alter
1978 869 2127 904 dominis
2150 869 2332 915 adquirat:
2367 870 2419 904 ita

1341 914 1438 960 quod
1460 925 1504 950 ex
1527 925 1567 950 re
1590 914 1731 960 quidem
1753 914 1942 950 fructuarii
1974 914 2189 959 adquisitum
2212 914 2339 957 fuerit,
2373 914 2420 949 ad
2446 934 2450 949 ς

1341 970 1421 996 ειιιιι
1454 960 1570 995 solum
1599 959 1807 1005 pertinebit,
1843 959 1939 1004 quod
1970 969 2014 994 ex
2047 969 2087 994 re
2118 959 2263 994 alterius
2286 959 2419 995 domini

1342 1015 1465 1040 servus
1490 1004 1686 1040 communis
1707 1004 1933 1049 adquisierit,
1958 1004 2003 1039 ad
2027 1008 2216 1048 utrumque
2239 1004 2418 1040 dominum

1342 1053 1362 1085 3
1409 1050 1612 1095 pertinebit.
1677 1049 1778 1085 Sicut
1816 1059 1938 1084 servus
1982 1049 2177 1084 communis
2218 1049 2262 1084 sti
2289 1049 2419 1084 ulando

1341 1095 1548 1130 nominatim
1583 1094 1684 1130 alteri
1718 1104 1762 1130 ex
1796 1094 1963 1136 dominis,
2004 1094 2056 1129 ita
2096 1104 2162 1139 per
2193 1098 2251 1129 tra
2277 1094 2420 1129 itionem

1342 1143 1362 1174 4
1410 1140 1487 1175 acci
1512 1139 1618 1175 iendo
1647 1139 1715 1175 soli
1745 1139 1778 1175 ei
1808 1139 1973 1184 adquirit.
2027 1138 2132 1183 Quod
2161 1139 2266 1174 unius
2298 1149 2420 1175 servus

1341 1195 1408 1230 per
1423 1151 1653 1220 traditionem
1670 1183 1877 1230 accipiendo
1899 1194 1939 1219 se
1958 1184 2120 1229 accipere
2133 1184 2262 1219 dixerit
2279 1184 2419 1220 domino

1342 1234 1380 1265 et
1391 1229 1498 1272 Titio,
1521 1233 1662 1274 partem
1685 1229 1827 1264 domino
1846 1228 2020 1274 adquiret,
2043 1229 2081 1264 in
2130 1234 2207 1263 arte
2229 1229 2317 1263 nihil
2337 1230 2419 1274 agit.

1343 1278 1362 1309 5
1409 1274 1646 1310 Fructuarius
1671 1284 1793 1309 servus
1816 1274 1847 1310 si
1869 1274 1997 1309 dixerit
2028 1284 2068 1309 se
2119 1274 2238 1310 omino
2261 1275 2420 1326 proprie-

1341 1320 1426 1355 tatis
1449 1330 1514 1365 per
1535 1319 1763 1355 traditionem
1782 1319 1956 1364 accipere,
1980 1329 2025 1354 ex
2046 1328 2085 1354 re
2101 1318 2291 1354 fructuarii
2307 1323 2421 1354 totum

1343 1364 1484 1400 domino
1513 1364 1693 1409 adquiret:
1724 1375 1809 1399 nam
1827 1367 1863 1399 et
1881 1364 1959 1400 sic⁰
1977 1364 2022 1399 sti
2050 1364 2181 1399 ulando
2206 1374 2251 1399 ex
2268 1374 2307 1399 re
2324 1364 2421 1399 fruc-

1343 1414 1363 1445 6
1409 1410 1517 1445 tuarii
1547 1410 1689 1445 domino
1720 1409 1951 1455 proprietatis
1986 1419 2009 1444 a
2034 1409 2200 1454 quireret.
2248 1409 2305 1452 Si,
2341 1421 2421 1445 cum

1342 1455 1428 1490 mihi
1451 1455 1586 1490 donare
1609 1455 1736 1497 velles,
1768 1454 1931 1490 iusserim
1959 1457 1996 1489 te
2019 1464 2120 1489 servo
2144 1455 2322 1489 communi
2345 1465 2423 1491 meo

1343 1504 1379 1535 et
1401 1500 1488 1535 Titii
1517 1510 1593 1535 rem
1620 1499 1762 1535 tradere
1790 1499 1892 1545 isque
1921 1500 1990 1534 hac
2014 1503 2132 1535 mente
2154 1500 2351 1544 acciperet,
2383 1504 2424 1535 ut

1342 1555 1417 1580 rem
1441 1544 1527 1580 Titii
1548 1544 1702 1587 faceret,
1733 1544 1821 1579 nihil
1843 1548 1987 1589 agetur:
2023 1554 2107 1579 nam
2130 1548 2167 1580 et
2196 1544 2228 1579 si
2249 1555 2422 1590 procura-

1342 1590 1412 1625 tori
1434 1600 1513 1625 meo
1536 1600 1612 1626 rem
1633 1589 1821 1625 tradideris
1830 1590 1856 1632 ⁷,
1886 1593 1929 1624 ut
1950 1599 2065 1625 meam
2088 1589 2226 1626 faceres
2235 1590 2260 1632 ⁸,
2291 1590 2322 1626 is
2354 1591 2422 1626 hac

1343 1638 1460 1671 mente
1483 1635 1672 1681 acceperit,
1697 1639 1737 1669 ut
1759 1645 1862 1670 suam
1881 1634 2027 1677 faceret,
2050 1634 2138 1669 nihil
2155 1638 2292 1679 agetur.
2329 1635 2424 1679 quod

1343 1680 1375 1716 si
1397 1690 1521 1716 servus
1545 1679 1742 1716 communis
1764 1680 1834 1715 hac
1856 1684 1974 1715 mente
1998 1679 2187 1732 acceperit.
2210 1683 2252 1714 ut
2273 1679 2423 1715 duorum

1344 1725 1568 1761 dominorum
1601 1724 1754 1769 faceret,
1788 1725 1828 1760 in
1862 1729 1964 1770 parte
1999 1725 2146 1760 alterius
2177 1724 2307 1760 domini
2338 1725 2424 1761 nihil

1344 1781 1366 1805 a
1389 1774 1480 1806 etur.

1366 1781 1444 1854 g38
1474 1816 1657 1851 Arsanus
1685 1814 1807 1850 ἤπυε
1843 1814 1934 1850 libro
1969 1818 2101 1860 quarto
2140 1814 2180 1850 di
2204 1821 2360 1850 estorum
2399 1828 2421 1850 a

1345 1859 1479 1896 Pano
1507 1861 1782 1908 epitomatorum
1836 1860 1956 1896 Attius
1993 1859 2144 1894 fundum
2226 1860 2334 1896 bebat
2367 1871 2423 1896 se-

1345 1905 1501 1941 cundum
1530 1906 1624 1941 viam
1653 1905 1850 1957 publicam:
1886 1905 1983 1940 ultra
2012 1905 2106 1940 viam
2128 1904 2258 1940 fiumen
2290 1910 2367 1940 erat
2389 1910 2425 1941 et

1344 1961 1429 1995 ager
1463 1951 1567 1986 Lucii
1598 1950 1701 1986 Titii:
1743 1949 1848 1986 fluit⁹
1885 1950 2017 1985 flumen
2058 1951 2231 1995 paulatim
2271 1951 2421 1995 primum

1345 1996 1501 2031 omnium
1513 1997 1542 2017 ²⁰
1575 2006 1597 2031 a
1706 2021 1716 2038 ‚
1751 1995 1812 2041 qui
1841 1995 1936 2031 inter
1965 1996 2058 2030 viam
2091 2001 2129 2031 et
2155 1995 2286 2031 flumen
2318 2000 2423 2038 esset,

1344 2041 1503 2077 ambedit
1533 2045 1570 2077 et
1599 2041 1692 2076 viam
1722 2041 1883 2083 sustulit,
1916 2044 2043 2085 postea
2072 2051 2197 2076 rursus
2226 2040 2424 2076 minutatim

1343 2086 1493 2122 recessit
1514 2089 1552 2122 et
1574 2086 1751 2121 alluvione
1778 2086 1816 2121 in
1839 2086 2025 2130 antiquum
2046 2085 2165 2121 locum
2187 2085 2303 2122 rediit.
2349 2097 2423 2121 res—

1343 2130 1488 2211 pondit,
1522 2141 1605 2167 cuin
1625 2130 1760 2166 fiumen
1781 2141 1906 2176 agrum
1928 2134 1966 2166 et
1986 2131 2079 2165 viam
2101 2131 2282 2176 publicam
2305 2135 2423 2166 sustu-

1357 2177 1453 2220 isset,
1477 2186 1559 2212 eum
1578 2186 1703 2221 agrum
1726 2176 1802 2212 eius
1825 2175 1961 2211 factum
1979 2186 2067 2218 esse,
2093 2176 2154 2221 qui
2178 2180 2277 2211 trans
2293 2176 2425 2211 flumen

1343 2221 1495 2257 fundum
1516 2222 1720 2258 habuisset:
1743 2225 1870 2266 postea
1893 2231 1974 2256 cum
1995 2221 2170 2266 paulatim
2192 2225 2288 2257 retro
2312 2221 2424 2257 redis-

1344 2270 1410 2309 set,
1434 2266 1608 2302 ademisse
1633 2267 1683 2309 ei,
1714 2267 1817 2302 cuius
1839 2265 1959 2301 factus
1982 2270 2095 2309 esset,
2119 2270 2157 2302 et
2178 2266 2357 2302 addidisse
2380 2267 2423 2308 ei,

1345 2311 1447 2347 cuius
1470 2315 1572 2347 trans
1595 2311 1688 2346 viam
1712 2315 1824 2354 esset,
1856 2311 2024 2356 quoniam
2046 2311 2123 2347 eius
2147 2311 2280 2347 fundus
2303 2312 2422 2356 proxi-

1345 2367 1425 2392 mus
1447 2356 1586 2391 flumini
1609 2360 1721 2399 esset,
1745 2356 1782 2391 id
1804 2360 1939 2399 autem,
1964 2356 2061 2400 quod
2082 2356 2263 2401 publicum
2287 2356 2424 2399 fuisset,

1344 2401 1477 2438 nemini
1499 2401 1759 2437 accessisset¹¹.
1795 2411 1861 2437 nec
1884 2405 2003 2436 tamen
2014 2401 2042 2422 ¹²
2063 2401 2315 2454 impedimento
2332 2401 2424 2437 viam

1345 2456 1424 2482 esse
1446 2447 1507 2490 ait,
1532 2457 1602 2491 quo
1625 2446 1742 2482 minus
1765 2456 1860 2492 ager,
1885 2446 1947 2491 qui
1968 2450 2069 2482 trans
2092 2455 2185 2481 Viam
2207 2446 2384 2482 alluvione
2397 2448 2425 2468 ¹³

1344 2491 1491 2571 relicttus
1514 2496 1585 2535 est,
1608 2491 1700 2526 Attii
1721 2490 1841 2527 fieret:
1872 2501 1956 2527 nam
1978 2491 2058 2536 ipsa
2079 2500 2221 2537 quoque
2243 2491 2301 2526 via
2323 2491 2424 2527 fundi

1345 2546 1424 2573 esse
1442 2564 1450 2572 .
1610 2548 1617 2554 ·

1391 2579 1446 2620 39
1468 2581 1662 2617 Iozuiws
1689 2581 1779 2622 libro
1811 2581 1916 2616 tertio
1939 2591 1990 2616 ex
2011 2579 2161 2617 Minicio
2206 2580 2327 2616 Etiam
2349 2581 2423 2616 fur-

1345 2627 1439 2662 tivus
1463 2637 1587 2663 servus
1603 2627 1720 2662 bonae
1741 2625 1826 2662 fidei
1847 2635 1905 2662 em
1929 2626 1999 2661 tori
2019 2625 2183 2671 adquirit,
2208 2625 2305 2672 quod
2321 2636 2366 2662 ex
2386 2637 2424 2662 re

1345 2672 1422 2708 eius
1444 2672 1640 2717 stipulatur
1661 2674 1726 2707 aut
1773 2681 1813 2707 er
1834 2674 1892 2706 tra
1918 2670 2061 2706 ‘tionem
2084 2671 2227 2716 accipit.

1390 2715 1445 2755 40
1470 2719 1697 2753 Armanas
1723 2716 1750 2752 la
1793 2726 1816 2751 o
1838 2717 1989 2763 septimo
2013 2717 2261 2762 quaestionum
2307 2716 2423 2761 Quae-

1346 2762 1453 2798 situm
1476 2766 1549 2805 est,
1578 2762 1610 2798 si
1639 2762 1688 2806 is,
1721 2761 1780 2797 cui
1806 2761 1897 2797 liber
1919 2761 2025 2796 homo
2048 2761 2145 2797 bona
2173 2760 2243 2797 fide
2265 2762 2423 2803 serviret,

1346 2807 1540 2844 decesserit
1560 2806 1665 2852 eique
1693 2807 1725 2842 is
1747 2806 1851 2842 heres
1875 2806 2049 2850 extiterit,
2078 2806 2140 2851 qui
2169 2806 2319 2842 liberum
2342 2817 2423 2843 eum

1346 2862 1424 2888 esse
1447 2852 1558 2895 sciat,
1589 2862 1638 2887 an
1660 2851 1794 2897 aliquid
1822 2861 1887 2896 per
1916 2861 1998 2887 eum
2027 2850 2204 2904 adquirat.
2251 2862 2324 2886 non
2345 2862 2424 2887 esse

1345 2897 1415 2940 ait,
1450 2901 1492 2933 ut
1523 2897 1582 2933 hic
1616 2897 1713 2933 bona
1746 2896 1816 2932 fide
1849 2906 2037 2942 possessor
2066 2894 2245 2940 videatur,
2305 2897 2422 2932 uando

1346 2943 1462 2979 sciens
1483 2942 1635 2978 liberum
1656 2941 1840 2987 possidere
1863 2941 2031 2987 coeperit,
2056 2940 2140 2986 quia
2162 2944 2199 2976 et
2220 2941 2253 2977 si
2340 2941 2422 2977 dum

1346 2998 1450 3023 suum
1480 2987 1559 3033 quis
1587 2986 1772 3032 legaverit,
1805 2987 1927 3031 lieres,
1961 2985 2023 3032 qui
2054 2996 2134 3021 eum
2167 2986 2323 3031 legatum
2345 2997 2423 3023 esse

1345 3033 1454 3076 sciat,
1485 3031 1614 3078 procul
1641 3031 1750 3068 dubio
1780 3031 1922 3067 fructus
1955 3041 1999 3067 ex
2021 3041 2064 3067 eo
2088 3040 2173 3066 suos
2200 3040 2274 3067 non
2297 3030 2421 3067 faciet:

1345 3081 1381 3114 et
1411 3077 1524 3114 multo
1554 3077 1667 3122 magis
1698 3077 1730 3112 si
1757 3080 1910 3113 testator
1939 3087 2020 3112 eum
2051 3075 2204 3111 alienum
2234 3076 2331 3112 bona
2352 3076 2423 3112 fide

1345 3126 1501 3169 emptum
1531 3121 1699 3167 possedit.
1746 3125 1784 3158 et
1814 3122 1910 3157 circa
1938 3131 2117 3157 servorum
2149 3120 2159 3129 '
2184 3120 2255 3156 ‘tur
2277 3131 2422 3167 operam

1344 3178 1387 3204 ac
1411 3166 1642 3203 ministerium
1661 3167 1810 3203 eandem
1826 3166 2001 3202 rationem
2023 3176 2156 3211 sequen
2274 3171 2326 3209 ut,
2349 3167 2422 3203 sive

1343 3211 1481 3258 proprii
1502 3212 1576 3248 sive
1605 3212 1714 3248 alieni
1723 3213 1750 3234 ²⁴
1782 3211 1839 3248 vel
1860 3210 1968 3257 legati
1996 3210 2051 3247 vel
2074 3211 2281 3247 manumissi
2311 3215 2421 3247 testa-

1343 3261 1462 3294 mento
1493 3256 1642 3299 fuerint,
1677 3257 1765 3293 nihil
1794 3267 1860 3302 per
1890 3266 1952 3292 eos
1981 3255 2190 3300 heredibus,
2225 3256 2288 3302 qui
2314 3256 2420 3292 modo

1345 3313 1467 3339 eorum
1488 3301 1526 3337 id
1548 3312 1622 3338 non
1643 3302 1865 3347 ignorarent,
1897 3300 2116 3346 adquiratur.
2163 3300 2294 3337 etenim
2316 3301 2421 3337 simul

1343 3347 1434 3383 haec
1468 3346 1542 3383 fere
1577 3346 1723 3390 cedere,
1761 3351 1819 3391 ut,
1878 3356 1925 3382 uo
1961 3355 2049 3381 casu
2082 3345 2222 3382 fructus
2255 3346 2420 3391 praedio-

1343 3403 1422 3428 rum
1460 3396 1690 3437 consumptos
1727 3402 1812 3429 suos
1864 3390 1960 3426 aciat
1996 3391 2093 3427 bona
2121 3389 2194 3427 fide
2222 3401 2420 3436 possessor,

1344 3436 1467 3491 eodem
1446 3447 1555 3518 ¹:uper
1576 3447 1717 3473 servum
1747 3447 1791 3474 ex
1814 3446 1923 3482 opera
1954 3440 1991 3472 ει
2014 3446 2058 3471 ex
2080 3446 2120 3472 re
2150 3435 2263 3482 ipsius
2294 3436 2329 3472 ei
2357 3436 2419 3472 ad-

1344 3492 1447 3528 quira

1343 3598 1386 3638 (τ)
1409 3595 1603 3630 tradiderim
1621 3596 1658 3630 F
1760 3597 1805 3639 (8)
1828 3596 1937 3630 facere
1953 3596 1989 3629 F
2089 3597 2135 3640 (a)
2158 3595 2236 3629 fluit
2255 3596 2315 3630 del.
2335 3595 2416 3630 Hal.

1343 3643 1403 3682 (ιο)
1412 3640 1572 3693 'primum
1583 3640 1745 3684 omnium]
1755 3640 1873 3684 populi
1883 3640 2027 3693 {tomani
2037 3651 2114 3676 enin
2210 3643 2265 3682 (ιι)
2289 3640 2417 3693 homini

1341 3687 1559 3720 mmm.
1668 3688 1726 3727 (12)
1750 3686 1872 3738 tamen]
1885 3697 1951 3719 iam
1962 3699 2027 3722 scr.
2131 3688 2189 3729 (18)
2213 3685 2375 3719 alluvium
2388 3685 2420 3718 F

1130 3733 1176 3773 (6)
1201 3732 1228 3764 si
1250 3732 1284 3764 F
1342 3735 1400 3768 iu)
1424 3734 1464 3765 ut
1474 3731 1542 3764 sive
1553 3730 1653 3765 alieni
1667 3732 1736 3764 sive
1747 3741 1874 3774 prom-n
1886 3744 1946 3766 scr.
