2528 3918
122 158 176 188 m·
205 157 445 189 FRUCTIBUS

173 264 219 304 18
244 265 352 302 IDEM
365 266 456 302 libro
478 266 582 301 tertio
602 267 877 312 re.³.‹›·pon.‹›·orum¹
925 265 1063 304 Evictis
1075 266 1167 310 agris
1177 267 1202 307 ²,

120 312 175 349 si⁸
198 312 298 347 initio
324 310 503 353 convenit,
534 314 576 345 ut
604 309 766 345 venditor
788 309 941 354 pretium
965 310 1168 345 restitueret
1178 310 1203 352 ⁴,

121 366 250 393 usurae
273 365 413 402 quoque
434 358 518 400 post
541 355 748 390 evictionem
765 355 1056 399 praestabuntur,
1081 365 1204 399 quam-

120 402 172 437 vis
196 406 335 446 emptor
357 403 440 446 post
463 399 606 435 dominii
630 399 726 434 litem
749 399 954 434 inchoatam
977 399 1117 434 fructus
1141 399 1203 434 ad-

120 447 275 482 versario
295 444 491 480 restituit⁵:
517 454 599 479 nam
618 443 881 479 incommodum
904 444 1011 479 medii
1034 444 1203 489 temporis

124 495 136 526 1
189 501 243 526 em
268 490 356 526 toris
380 489 571 524 damnum⁶
594 492 658 524 est.
705 488 794 524 Post
816 488 985 523 traditam
1008 489 1203 533 possessio·

121 546 202 572 nem
250 535 393 570 efuncto
416 533 617 577 venditore,
650 533 708 569 cui
732 543 920 569 successor
942 533 1100 568 incertus
1123 533 1203 575 fuit,

121 580 226 616 medii
248 589 389 633 quoque
412 579 581 624 temporis
605 588 736 614 usurae
758 577 882 623 pretii,
916 578 1011 623 quod
1034 578 1071 612 in
1095 588 1205 613 causa

121 625 165 661 de
190 624 272 660 ositx
295 634 367 660 non
389 623 470 666 fuit,
494 624 784 669 praestabuntur.

197 667 223 707 9
250 669 374 705 GAIUS
401 668 493 704 libro
515 673 621 704 sexto
645 668 696 703 ad
718 668 831 713 quem
855 667 1041 703 duodecim
1066 667 1204 702 tabula-

119 726 200 750 rum
245 713 449 756 Videamus,
474 723 520 748 an
542 713 580 748 in
603 713 766 749 omnibus
786 713 894 748 rebus
913 713 1034 758 petitis
1052 712 1089 746 in
1106 711 1204 747 fruc-

119 764 179 795 tus
216 768 357 804 quoque
393 758 651 794 condemnatur
685 767 881 803 possessor.
930 757 1015 802 quid
1051 757 1144 792 enim
1176 757 1206 792 si

120 808 307 850 argentum
331 806 395 838 aut
411 803 658 838 vestimentum
678 802 826 838 aliamve
844 802 990 838 similem
1010 812 1095 844 rem,
1122 801 1206 846 quid

120 853 308 895 praeterea
339 848 370 884 si
392 858 497 883 usum
519 848 676 883 fructum
699 852 763 882 aut
785 847 918 882 nudam
941 847 1204 892 proprietatem,

121 905 203 930 cum
234 893 370 929 alienus
401 903 489 928 usus
511 892 652 928 fructus
676 893 740 935 sit,
763 892 931 937 petierit?
966 902 1081 937 neque
1113 892 1206 926 euim

120 939 238 974 nudae
260 938 507 984 proprietatis,
533 937 629 983 quod
652 937 698 972 ad
720 937 947 982 proprietatis
970 947 1101 972 nomen
1124 937 1205 971 atti-

120 988 192 1026 net,
216 983 356 1019 fructus
379 983 474 1018 ullus
497 982 652 1027 intellegi
675 986 804 1027 potest,
828 992 942 1027 neque
961 992 1047 1017 usus
1067 981 1205 1016 fructus

119 1039 243 1064 rursus
275 1028 414 1063 fructus
448 1028 627 1072 eleganter
661 1027 936 1072 computabitur.
972 1027 1057 1072 quid
1088 1026 1204 1071 igitur,

120 1074 152 1109 si
169 1073 267 1108 nuda
284 1073 484 1118 proprietas
503 1073 616 1118 petita
635 1072 706 1107 sit?
741 1083 786 1107 ex
806 1083 875 1117 quo
896 1071 1090 1116 perdiderit
1108 1071 1206 1106 fruc-

119 1119 257 1154 tuarius
292 1128 395 1153 usum
427 1117 605 1158 fructum,
647 1117 931 1153 aestimabuntur
964 1117 1002 1151 in
1036 1116 1207 1162 petitione

119 1162 270 1198 fructus.
305 1163 389 1198 item
412 1162 443 1198 si
464 1172 551 1198 usus
571 1162 709 1198 fructus
728 1163 859 1207 petitus
880 1162 937 1204 sit,
960 1162 1136 1197 Proculus
1156 1161 1208 1196 ait

120 1208 157 1243 in
188 1208 327 1243 fructus
358 1211 548 1252 perceptos
580 1207 818 1242 condemnari.
864 1211 1050 1251 praeterea
1082 1206 1206 1241 Gallus

120 1253 242 1288 Aelius
273 1256 396 1297 putat,
430 1252 461 1287 si
490 1253 701 1287 vestimenta
724 1255 787 1287 aut
809 1252 964 1298 scyphus
988 1251 1101 1296 petita
1124 1251 1206 1293 sint,

120 1298 158 1333 in
181 1297 302 1332 fructu
325 1297 414 1332 haec
437 1297 657 1332 numeranda
688 1307 785 1339 esse,
819 1296 914 1341 quod
943 1297 1064 1331 locata
1094 1306 1137 1331 ea
1167 1306 1207 1331 re

126 1346 139 1377 1
188 1342 359 1378 mercedis
390 1342 533 1377 nomine
564 1342 645 1387 capi
667 1342 825 1387 potuerit
836 1343 861 1377 ⁷.
909 1341 982 1376 Iter
1006 1351 1147 1386 quoque
1171 1344 1208 1376 et

120 1391 223 1423 actus
247 1386 278 1422 si
300 1386 432 1432 petitus
457 1387 520 1429 sit,
553 1386 612 1422 vix
644 1391 698 1422 est
729 1390 770 1421 ut
799 1386 941 1422 fructus
973 1386 1036 1421 ulli
1066 1386 1206 1431 possint

120 1432 310 1474 aestimari,
334 1431 403 1467 nisi
426 1431 456 1467 si
480 1432 558 1476 quis
585 1431 807 1468 commodum
830 1432 868 1466 in
885 1431 1064 1466 fructibus
1083 1440 1206 1465 nume·

120 1481 229 1519 raret,
254 1476 350 1522 quod
372 1476 560 1512 habiturus
585 1480 678 1512 esset
697 1477 839 1522 petitor,
865 1476 895 1512 si
915 1476 1034 1511 statim
1055 1486 1097 1511 eo
1117 1479 1206 1510 tem-

120 1532 208 1568 pore
231 1532 302 1567 quo
326 1521 475 1566 petisset
497 1521 548 1557 ire
579 1532 682 1566 agere
712 1533 785 1557 non
815 1521 1079 1567 prohiberetur:
1113 1520 1207 1566 quod

121 1566 378 1602 admittendum
398 1570 462 1602 est.

147 1609 219 1649 ·20
244 1611 301 1647 ΡΑ
309 1621 404 1647 Ubus·
431 1611 522 1646 libro
547 1610 755 1647 duodecimo
779 1610 829 1646 ad
850 1610 1024 1646 Sabinum
1069 1610 1206 1646 Usuras

120 1657 261 1692 illicitas
293 1656 380 1691 sorti
410 1656 538 1691 mixtas
569 1655 666 1700 ipsas
697 1659 838 1691 tantum
869 1665 941 1691 non
973 1655 1095 1691 deberi
1119 1665 1205 1691 con-

121 1706 204 1744 stat,
229 1705 385 1737 ceterum
409 1705 541 1737 sortem
564 1711 637 1735 non
659 1700 793 1737 vitiare.

167 1744 218 1783 21
252 1745 447 1782 Ummos
473 1746 563 1781 libro
596 1747 779 1792 triqesimo
811 1748 942 1791 quarto
975 1746 1024 1781 ad
1053 1745 1207 1781 edictum

122 1791 312 1827 Sciendum
324 1794 378 1826 est
398 1802 470 1827 non
490 1801 605 1833 omne,
626 1790 722 1836 quod
742 1790 926 1826 differendi
945 1800 1055 1826 causa
1075 1790 1208 1842 optima

121 1837 262 1872 ratione
274 1835 348 1878 fiat,
368 1846 489 1871 morae
507 1836 829 1871 adnumerandum:
854 1835 940 1881 quid
960 1835 1051 1870 enim
1071 1845 1101 1870 si
1121 1835 1207 1869 ami-

123 1892 184 1917 cos
208 1880 427 1916 adhibendos
452 1881 590 1915 debitor
613 1881 772 1925 requirat
794 1881 849 1916 vel
869 1880 1078 1925 expediendi
1098 1880 1208 1915 debiti

121 1927 178 1962 vel
198 1926 463 1961 fideiussoribus
483 1925 700 1970 rogandis⁸?
730 1925 785 1961 vel
806 1926 966 1970 exceptio
988 1925 1108 1970 aliqua
1120 1925 1206 1960 alle-

122 1972 248 2017 getur?
279 1980 379 2006 mora
401 1970 498 2005 facta
521 1981 594 2006 11011
617 1970 766 2013 videtur,

168 2014 223 2053 22
246 2015 303 2051 ΡΑ
311 2025 406 2051 ULUS
426 2015 515 2051 libro
541 2016 723 2062 triqesimo
745 2016 895 2061 septimo
920 2015 969 2050 ad
988 2015 1140 2050 edictum
1177 2015 1207 2049 si

124 2061 228 2097 modo
253 2060 291 2096 id
313 2060 429 2105 ipsum
452 2071 524 2096 non
546 2060 740 2095 fraudandi
764 2070 874 2095 causa
897 2060 1092 2095 simuletur.

169 2104 221 2144 23
253 2105 448 2142 ULPIANUS
474 2105 564 2141 libro
597 2106 779 2151 trt‘qesimo
812 2109 943 2151 quarto
974 2104 1024 2139 ad
1053 2104 1206 2140 edictum

124 2151 194 2187 Sed
226 2154 262 2186 et
292 2151 323 2185 si
352 2150 407 2185 rei
436 2150 602 2195 publicae
634 2160 744 2185 causa
768 2150 893 2185 abesse
917 2149 1034 2185 subito
1059 2153 1206 2184 coactus

124 2197 188 2239 sit,
212 2199 253 2231 ut
275 2195 516 2230 defensionem
539 2195 595 2230 sui
618 2195 786 2230 mandare
809 2206 882 2230 non
904 2194 1037 2239 possit,
1070 2204 1206 2229 moram

123 2241 244 2277 facere
267 2251 341 2276 non
363 2240 558 2275 videbitur:
591 2240 664 2275 sive
686 2240 724 2275 in
747 2239 897 2275 vinculis
921 2239 1118 2274 hostiumve
1141 2250 1204 2283 po-

128 2290 140 2321 1
192 2289 321 2321 testate
345 2294 422 2320 esse
447 2285 614 2330 coeperit.
661 2285 862 2330 Aliquando
887 2284 993 2320 etiam
1016 2284 1054 2319 in
1071 2294 1111 2319 re
1129 2294 1204 2318 mo-

125 2341 198 2366 ram
223 2340 301 2366 esse
325 2330 468 2365 decerni
491 2330 599 2372 solet,
631 2330 662 2365 si
684 2329 777 2365 forte
800 2340 872 2365 non
896 2333 1012 2364 exstat
1035 2328 1096 2374 qui
1120 2339 1204 2364 con-

167 2376 242 2410 niat
287 2402 294 2410 .

126 2387 223 2457 ve24
242 2386 414 2455 ull-’Amas
444 2419 534 2455 libro
570 2420 751 2466 triqesimo
786 2420 935 2498 skeptimo
971 2419 1021 2454 ad
1053 2419 1204 2455 edictum

125 2465 162 2501 Si
186 2465 264 2510 quis
288 2464 457 2500 solutioni
479 2464 621 2509 quidem
644 2475 779 2499 moram
819 2464 906 2507 ecit,
938 2464 1107 2499 iudicium
1140 2474 1203 2498 au-

125 2515 196 2545 tem
209 2509 371 2555 accipere
382 2513 528 2561 paratus
548 2508 627 2551 fuit,
651 2520 724 2544 non
742 2509 882 2544 videtur
901 2509 1030 2544 fecisse
1049 2519 1202 2543 moram:

127 2559 142 2590 1
192 2554 315 2599 utique
337 2554 368 2589 si
389 2557 482 2589 iuste
501 2554 547 2589 ad
564 2554 733 2589 iudicium
752 2554 967 2598 provocavit.
1016 2553 1103 2588 Cum
1122 2563 1203 2587 reus

125 2603 145 2635 2
192 2610 327 2635 moram
348 2598 448 2642 facit,
474 2603 509 2634 et
530 2599 718 2634 fideiussor
739 2603 890 2634 tenetur.
937 2599 1043 2634 Mora
1065 2598 1204 2633 videtur

127 2644 292 2681 creditori
321 2644 417 2687 fieri,
448 2644 520 2679 sive
550 2644 619 2689 ipsi
650 2644 721 2679 sive
745 2644 777 2679 ei
801 2644 859 2679 cui
881 2643 1111 2679 mandaverat
1133 2643 1204 2678 sive

126 2690 159 2725 ei
183 2689 244 2734 qui
267 2689 409 2734 negotia
432 2689 506 2724 eius
529 2689 675 2734 gerebat
697 2699 798 2724 mora
820 2688 919 2723 facta
943 2689 1006 2724 sit:
1039 2698 1104 2723 nec
1135 2688 1204 2722 hoc

129 2744 216 2770 casu
238 2744 302 2786 per
325 2734 472 2769 liberam
494 2743 684 2778 personam
707 2733 752 2768 ad
777 2734 845 2768 uiri
867 2733 1015 2776 videtur,
1041 2733 1102 2768 sed
1125 2731 1204 2767 offi-

127 2779 220 2815 cium
241 2778 389 2824 impleri,
413 2778 529 2821 sicuti,
555 2789 636 2814 cum
660 2779 738 2823 quis
777 2782 895 2813 urtum
913 2779 998 2813 mihi
1018 2778 1206 2812 facientem

127 2823 374 2869 deprehendit,
405 2823 583 2868 negotium
613 2834 729 2859 meum
759 2824 891 2868 agens⁹
913 2822 1092 2858 manifesti
1121 2821 1207 2856 furti

127 2869 303 2904 actionem
325 2868 411 2903 mihi
441 2871 563 2913 parat:
594 2868 678 2903 item
703 2879 782 2903 cum
805 2872 1018 2914 procurator
1041 2866 1207 2910 interpel-

127 2913 251 2993 {averit
272 2913 521 2958 promissorem
543 2913 714 2955 hominis,
746 2917 954 2958 perpetuam
983 2912 1072 2947 facit
1095 2911 1206 2955 stipu-

141 2958 306 2993 ationem.

173 3000 226 3040 25
261 3002 454 3038 IULIANUS
485 3002 575 3038 libro
610 3003 761 3049 septimo
785 3002 1004 3048 diqestorum
1051 3001 1118 3045 Qui
1142 3000 1210 3035 scit

127 3047 277 3083 fundum
299 3047 367 3082 sibi
391 3058 471 3082 cum
495 3047 563 3082 alio
589 3057 809 3083 communem
833 3057 921 3089 esse,
945 3046 1096 3087 fructus,
1121 3055 1209 3090 quos

127 3102 172 3128 ex
185 3103 226 3128 eo
237 3092 434 3137 perceperit
451 3092 560 3127 invito
580 3091 636 3127 vel
654 3092 839 3137 ignorante
858 3093 968 3131 socio,
987 3101 1059 3126 non
1079 3090 1210 3125 maiore

129 3147 172 3172 ex
207 3140 310 3182 parte
344 3147 428 3172 suos
458 3136 547 3172 facit
577 3147 684 3182 quam
716 3147 760 3172 ex
791 3147 861 3182 qua
891 3136 1053 3172 dominus
1076 3133 1211 3179 praedii

130 3186 201 3216 est:
233 3191 300 3217 nec
322 3180 451 3223 refert,
467 3181 487 3215 -i
514 3191 552 3216 se
576 3191 623 3216 an
646 3182 764 3217 socius
788 3192 834 3216 an
858 3185 1005 3225 uterquc
1029 3190 1088 3215 eos
1113 3188 1210 3214 seve-

129 3227 194 3268 rit,
226 3226 309 3272 quia
339 3226 452 3261 omnis
500 3229 624 3261 ructus
656 3237 727 3262 non
749 3226 827 3261 iure
850 3226 1010 3267 seminis,
1043 3224 1106 3259 sed
1135 3224 1211 3258 iure

130 3271 196 3306 soli
217 3271 429 3316 percipitur:
463 3274 498 3305 et
529 3270 841 3315 quemadmodum,
875 3271 905 3305 si
927 3273 1041 3305 totum
1063 3268 1211 3303 fundum

131 3315 283 3350 alienum
307 3315 385 3395 {uis
397 3316 426 3336 ¹⁰
449 3315 564 3351 sciens
587 3316 777 3360 possideat,
802 3315 901 3350 nulla
925 3325 968 3350 ex
991 3317 1093 3359 parte
1115 3312 1211 3347 fruc-

130 3363 188 3395 tus
212 3371 296 3396 suos

132 3414 351 3440 communem
373 3404 523 3440 fundum
546 3405 713 3450 possidet,
738 3415 810 3439 non
832 3403 940 3438 faciet
963 3413 1047 3438 suos
1072 3402 1211 3436 fructus

131 3454 195 3493 pro
220 3459 263 3484 ea
283 3452 403 3494 parte,
437 3459 508 3494 qua
529 3448 662 3484 fundus
687 3449 733 3484 ad
755 3448 889 3484 socium
912 3448 987 3483 eius
1011 3446 1210 3491 pertinebit.

336 3359 445 3402 aciet‚
478 3370 620 3405 quoquo
652 3360 756 3395 modo
790 3360 858 3395 sati
888 3359 1037 3400 fuerint,
1069 3358 1120 3392 ita
1153 3357 1212 3401 qui

134 3561 172 3601 (1)
195 3572 247 3602 pr.
261 3576 304 3588 =
319 3561 392 3593 Vat.
408 3567 437 3593 1'1
561 3561 603 3602 (2)
629 3560 748 3602 quanti
762 3559 920 3602 emptoris
933 3560 1073 3591 interest
1086 3557 1213 3590 iudicio

134 3604 240 3645 empti
249 3604 292 3636 lis
305 3604 518 3636 aestimatur:
530 3605 618 3646 quod
631 3606 690 3638 ins.
712 3605 786 3638 Vat.
936 3605 979 3644 (3)
1004 3603 1044 3635 ab
1058 3604 1117 3636 ins.
1140 3602 1212 3634 Vat-

135 3648 177 3687 (4)
201 3649 377 3681 restituere
389 3648 423 3680 F
539 3650 580 3689 (5)
605 3648 750 3681 fructum
763 3648 951 3680 adversario
963 3648 1120 3679 restituat
1140 3646 1212 3678 Vat.

136 3693 180 3732 (6,)
205 3692 360 3725 damnum
374 3693 533 3734 emptoris
553 3694 626 3726 Vat.
751 3695 792 3734 (7)
818 3703 902 3734 quae
912 3716 919 3723 .
931 3718 938 3726 .
949 3716 956 3723 .
967 3692 1140 3734 potuerint
1152 3702 1213 3722 scr.

138 3736 181 3776 (8)
206 3737 259 3769 vel
285 3737 485 3780 expediendi
504 3737 611 3770 debiti
629 3737 881 3770 fideiussoribus
902 3735 1117 3777 corrogandis
1139 3744 1213 3776 spa-

1188 141 1270 188 287

2174 154 2299 196 XXII
2334 161 2346 196 1

1279 270 1291 300 1
1341 266 1382 301 111
1407 265 1522 302 alieno
1547 266 1678 309 fundo,
1703 279 1805 312 quem
1829 270 1942 306 Titius
1966 272 2060 307 bona
2084 273 2154 309 fide
2177 279 2354 310 mercatus

1274 309 1411 353 fuerat,
1442 310 1660 346 frumentum
1684 313 1773 347 sevi:
1807 325 1852 349 an
1876 315 1990 351 Titius
2015 317 2130 353 bonae
2152 318 2235 354 fidei
2258 329 2355 365 emp-

1275 359 1333 390 tor
1355 359 1546 401 perceptos
1570 355 1710 392 fructus
1734 368 1818 393 suos
1841 359 1974 395 faciat?
2009 363 2195 406 respondi,
2244 364 2353 399 u0d¹¹

1273 400 1412 452 fructus
1444 401 1504 446 qui
1536 411 1579 436 ex
1611 401 1722 437 fundo
1754 404 1994 448 percipiuntur
2028 407 2181 452 intellegi
2236 409 2316 444 ebet
2329 410 2355 430 ¹²

1273 455 1418 489 propius
1450 455 1493 480 ea
1524 446 1712 488 accedere,
1747 458 1837 491 quae
1869 450 1959 483 servi
1990 452 2103 495 operis
2134 453 2206 487 suis
2230 453 2354 499 adqui-

1273 493 1375 541 runt,
1397 490 1574 542 ‘quoniam
1606 490 1643 525 in
1673 492 1905 543 percipiendis
1935 494 2110 531 fructibus
2141 498 2250 543 magis
2274 509 2353 534 cor·

1274 544 1371 586 poris
1394 546 1449 570 ius
1475 545 1518 570 ex
1541 545 1611 580 quo
1636 541 1879 580 perclpmntur
1903 549 2006 582 quam
2031 541 2192 584 seminis,
2217 553 2261 578 ex
2284 554 2353 588 quo

1275 583 1439 630 oriuntur
1469 580 1660 625 aspicitur:
1696 585 1732 615 et
1753 581 1832 616 ideo
1856 592 1958 618 nemo
1982 595 2147 629 umquam
2170 587 2353 630 dubitavit,

1275 635 1372 668 qum,
1398 624 1428 659 si
1451 624 1488 659 in
1511 635 1589 660 meo
1612 624 1725 660 fundo
1749 625 1965 662 frumentum
1988 633 2086 663 tuum
2110 632 2273 674 severim,
2298 643 2352 668 se-

1275 673 1371 712 getes
1405 674 1441 703 et
1471 669 1566 713 quod
1598 679 1642 704 ex
1661 671 1846 705 ‚messibus
1882 673 2066 707 collectum
2099 675 2206 710 fuerit
2239 687 2354 712 meum

1274 713 1387 765 fieret.
1431 725 1537 759 porro
1570 715 1686 750 bonae
1717 715 1801 750 fidei
1835 726 2019 760 possessor
2052 719 2087 752 in
2121 721 2217 764 perci
2242 721 2353 756 iendis

1274 758 1452 810 fruct1bus
1482 759 1520 793 id
1551 760 1638 794 iuris
1669 760 1796 802 habet,
1830 761 1925 805 quod
1955 761 2100 798 dominis
2131 775 2217 808 prae
2243 766 2250 773 '
2276 777 2353 801 rum

1274 803 1447 838 tributum
1481 806 1545 838 est.
1582 808 1768 849 praeterea
1799 815 1879 840 cum
1910 806 1955 840 ad
1986 806 2216 844 fructuarium
2246 811 2353 855 perti-

1275 852 1384 882 neant
1406 847 1545 883 fructus
1569 859 1592 883 a
1615 849 1773 894 quolibet
1795 850 1882 892 sati,
1915 855 2046 895 quanto
2079 854 2187 898 magis
2217 854 2285 890 hoc
2319 856 2354 890 in

1274 893 1394 945 bonae
1415 892 1498 928 fidei
1520 894 1788 937 possessoribus
1812 895 2052 940 recipiendum
2077 902 2147 940 est,
2182 900 2241 943 qui
2271 900 2351 944 plus

1274 948 1360 972 nms
1384 949 1419 972 111
1443 938 1679 983 percipiendis
1702 938 1878 975 fructibus
1902 940 2058 975 habent?
2094 953 2173 977 cum
2195 943 2353 979 fructua-

1274 982 1319 1017 rii
1342 982 1481 1027 quidem
1503 993 1576 1017 non
1599 983 1705 1026 fiant,
1739 988 1929 1029 antequam
1960 986 2005 1020 ab
2040 996 2080 1021 eo
2101 988 2354 1038 percipiantur,

1276 1027 1322 1062 ad
1344 1028 1460 1062 bonae
1483 1027 1568 1062 fidei
1598 1032 1717 1063 autem
1748 1039 1988 1074 possessorem
2020 1035 2235 1075 pertineant,
2268 1043 2354 1077 quo-

1276 1083 1345 1124 quo
1370 1072 1474 1108 modo
1499 1083 1522 1107 a
1544 1073 1620 1108 solo
1644 1074 1800 1118 separati
1821 1073 1963 1117 fuerint,
1989 1075 2080 1110 sicut
2104 1076 2176 1111 eius
2199 1077 2258 1121 qui
2277 1087 2354 1112 vec-

1275 1117 1416 1162 tlgalem
1439 1117 1590 1152 fundum
1612 1118 1722 1153 habet
1743 1118 1883 1154 fructus
1907 1119 2007 1161 fiunt,
2033 1121 2136 1155 simul
2155 1125 2260 1165 atque
2280 1122 2355 1156 solo

1276 1165 1296 1197 2
1343 1162 1499 1207 separati
1522 1166 1615 1197 sunt.
1662 1163 1786 1198 Bonae
1816 1163 1899 1199 fidei
1931 1169 2066 1209 emptor
2090 1166 2177 1200 sevit
2200 1170 2235 1200 et
2258 1170 2356 1200 ante-

1277 1217 1382 1252 quam
1411 1206 1551 1242 fructus
1583 1208 1801 1252 perciperet,
1835 1210 1998 1254 cognovit
2027 1209 2177 1245 fundum
2207 1211 2357 1245 alienum

1277 1263 1372 1287 esse:
1404 1262 1451 1286 an
1481 1253 1710 1297 perceptione
1732 1253 1872 1289 fructus
1896 1264 1979 1289 suos
2002 1254 2131 1297 faciat,
2165 1255 2355 1299 quaeritur.

1276 1297 1461 1342 respondi:
1496 1298 1611 1332 bonae
1641 1297 1724 1332 fidei
1757 1302 1895 1343 emptor
1926 1299 2020 1343 quod
2044 1299 2089 1333 ad
2112 1301 2209 1344 perci
2235 1300 2357 1335 iendos

1276 1342 1414 1377 fructus
1437 1342 1593 1386 intellegi
1615 1342 1735 1385 debet,
1769 1343 1935 1388 quamdiu
1967 1344 2100 1379 evictus
2131 1344 2194 1380 fun
2221 1355 2262 1380 us
2285 1355 2357 1380 non

1275 1387 1400 1422 fuerit:
1434 1397 1517 1422 nam
1541 1392 1576 1422 et
1599 1397 1719 1422 servus
1744 1388 1879 1423 alienus
1905 1398 2007 1433 quem
2030 1389 2126 1423 bona
2148 1389 2218 1424 fide
2241 1399 2356 1424 emero

1275 1431 1412 1467 tamdiu
1442 1432 1528 1466 mihi
1559 1443 1602 1467 ex
1632 1443 1671 1467 re
1703 1443 1782 1467 mea
1804 1434 1858 1468 vel
1883 1443 1925 1467 ex
1949 1433 2065 1478 operis
2089 1434 2161 1468 suis
2186 1434 2356 1479 adquiret,
2423 1432 2426 1434 ’

1276 1477 1444 1522 quamdiu
1468 1487 1490 1512 a
1512 1487 1569 1512 me
1592 1477 1726 1512 evictus
1750 1489 1822 1513 non
1845 1478 1964 1512 fuerit.

1322 1519 1375 1559 26
1396 1521 1505 1557 IDEM
1519 1522 1608 1557 libro
1628 1526 1733 1557 sexto
1755 1533 1805 1558 ex
1815 1522 1963 1558 Minicio
2009 1522 2241 1558 venationem
2259 1522 2356 1558 fruc-

1275 1571 1334 1602 tus
1359 1566 1461 1601 fundi
1491 1567 1632 1611 negavit
1663 1577 1760 1610 esse,
1791 1567 1860 1602 nisi
1889 1566 2027 1602 fructus
2057 1566 2161 1602 fundi
2185 1578 2228 1602 ex
2250 1578 2356 1602 vena-

1275 1612 1372 1647 tione
1396 1615 1544 1647 constet.

1324 1654 1376 1693 27
1397 1658 1623 1691 AFRICANUS
1631 1656 1721 1691 libro
1734 1660 1857 1691 octavo
1870 1657 2117 1701 quaestionum
2164 1655 2251 1690 Cum
2262 1656 2355 1701 patri

1275 1701 1427 1736 familias
1451 1711 1551 1736 mora
1573 1700 1670 1735 facta
1688 1701 1743 1743 sit,
1767 1700 1837 1735 iam
1856 1701 1893 1735 in
1911 1701 2041 1735 herede
2063 1701 2136 1735 eius
2157 1711 2228 1735 non
2248 1711 2355 1745 quae-

1276 1746 1365 1781 ritur
1383 1757 1500 1782 mora:
1525 1755 1608 1781 nam
1627 1749 1712 1780 tunc
1730 1745 1852 1780 heredi
1870 1746 2029 1790 proximo
2049 1745 2261 1780 hereditario
2280 1745 2356 1780 iure

1277 1801 1320 1826 ea
1353 1794 1529 1836 competet
1542 1791 1568 1812 ¹³
1591 1790 1742 1835 ideoque
1773 1790 1820 1825 ad
1850 1794 1987 1826 ceteros
2019 1800 2157 1835 quoque
2189 1790 2354 1835 deinceps

1276 1836 1537 1871 transmittitur.

1322 1878 1374 1918 28
1410 1881 1532 1916 GAJUS
1562 1880 1652 1915 libro
1686 1880 1842 1915 secundo
1877 1890 1997 1914 rerum
2032 1878 2309 1914 cottidianarum
2324 1880 2350 1899 ¹²

1276 1926 1317 1961 In
1349 1925 1525 1970 pecudum
1548 1924 1668 1959 fructu
1692 1925 1798 1959 etiam
1819 1924 1913 1959 fetus
1938 1928 1991 1959 est
2014 1924 2106 1959 sicut
2127 1924 2184 1958 lac
2209 1927 2243 1958 et
2264 1924 2355 1968 pilus

1277 1974 1312 2006 et
1334 1972 1434 2005 lana:
1466 1971 1516 2005 ita
1542 1980 1587 2004 ue
1618 1969 1699 2014 agni
1730 1973 1765 2004 et
1794 1969 1899 2004 haedi
1931 1972 1966 2004 et
1989 1969 2088 2003 vituli
2111 1968 2229 2003 statim
2252 1968 2355 2013 pleno

1280 2019 1292 2050 1
1342 2016 1419 2050 iure
1440 1981 1652 2050 suntqbonae
1664 2013 1746 2049 fidei
1758 2014 1973 2059 possessoris
1987 2017 2022 2048 et
2033 2013 2231 2048 fructuarii.
2267 2013 2355 2049 Par-

1276 2066 1333 2095 tus
1363 2070 1445 2095 vero
1480 2059 1629 2094 ancillae
1660 2059 1697 2093 in
1720 2058 1841 2093 fructu
1863 2069 1935 2094 non
1959 2062 2012 2092 est
2034 2058 2153 2103 itaque
2176 2058 2222 2092 ad
2245 2057 2355 2092 domi·

1276 2116 1360 2140 num
1382 2104 1609 2150 proprietatis
1632 2104 1803 2148 pertinet:
1837 2103 2032 2138 absurdum
2057 2103 2149 2137 enim
2172 2102 2356 2137 videbatur

1276 2150 1451 2185 hominem
1474 2150 1511 2184 in
1534 2149 1653 2183 fructu
1677 2159 1771 2190 esse,
1805 2159 1886 2183 cum
1919 2158 2039 2182 omnes
2070 2147 2208 2182 fructus
2239 2157 2355 2181 rerum

1275 2198 1404 2230 natura
1427 2195 1609 2230 hominum
1631 2193 1747 2238 gratia
1770 2193 2036 2238 comparaverit.

1321 2237 1374 2276 29
1398 2239 1634 2274 Minoum
1661 2238 1751 2273 libro
1785 2241 1914 2283 quarto
1938 2237 2072 2272 decimo
2097 2236 2354 2270 institutionum

1274 2285 1424 2326 Placuit,
1450 2284 1521 2318 sive
1545 2293 1652 2327 supra
1677 2286 1848 2317 statutum
1872 2282 2015 2317 modum
2040 2281 2117 2325 quis
2142 2290 2267 2315 usuras
2291 2279 2353 2314 sti-

1274 2330 1418 2374 pulatus
1441 2328 1548 2363 fuerit
1572 2328 1644 2362 sive
1667 2337 1856 2362 usurarum
1875 2336 2014 2367 usuras,
2040 2325 2132 2370 quod
2152 2324 2271 2359 illicite
2291 2324 2352 2358 ad-

1274 2375 1405 2410 iectum
1441 2377 1495 2408 est
1529 2383 1594 2418 pro
1630 2383 1701 2407 non
1738 2371 1874 2406 adiecto
1911 2370 2034 2405 haberi
2068 2373 2102 2404 et
2133 2369 2247 2404 licitas
2281 2368 2354 2412 peti

1273 2429 1389 2464 posse.

1319 2462 1372 2501 30
1398 2462 1455 2498 ΡΑ
1463 2472 1505 2497 UL
1513 2472 1556 2497 σε
1584 2461 1674 2496 libro
1705 2460 1887 2505 sinqulari
1906 2458 2113 2504 reqularum
2158 2457 2278 2491 Etiam
2310 2466 2353 2491 ex

1273 2509 1367 2543 nudo
1400 2510 1507 2552 pacto
1541 2506 1716 2541 debentur
1747 2505 1947 2540 civitatibus
1978 2512 2108 2537 usurae
2139 2501 2352 2536 creditarum

1272 2554 1316 2588 ab
1341 2553 1391 2588 eis
1415 2552 1655 2596 pecuniarum.

1317 2595 1366 2635 31
1401 2596 1594 2633 ULPIANUS
1626 2595 1715 2630 libro
1740 2593 1862 2639 primo
1887 2601 2137 2637 responsorum
2183 2589 2285 2641 Quod
2315 2589 2352 2624 in

1272 2642 1500 2687 stipulatione
1535 2640 1586 2675 sic
1626 2639 1801 2674 adiectum
1835 2640 1905 2671 est:
1940 2641 1987 2670 ‘et
2019 2644 2162 2676 usuras,
2198 2645 2228 2669 si
2262 2643 2352 2678 quae

1273 2685 1552 2731 ‘competierint‘,
1578 2685 1706 2718 nullius
1732 2693 1807 2717 esse
1830 2681 2008 2722 momenti,
2032 2680 2062 2714 si
2085 2679 2209 2714 modus
2234 2681 2351 2713 certus

1274 2743 1345 2767 non
1370 2731 1556 2766 adiciatur.

1320 2774 1372 2814 32
1397 2775 1631 2810 MARGJANUS
1646 2772 1734 2807 libro
1757 2773 1887 2815 quarto
1907 2769 2115 2815 regularum
2160 2768 2265 2803 Mora
2275 2766 2353 2818 fieri

1273 2820 1486 2865 intellegitur
1516 2829 1588 2853 non
1619 2828 1662 2852 ex
1692 2827 1748 2857 re,
1781 2814 1842 2850 sed
1875 2825 1918 2849 ex
1947 2823 2116 2859 persona,
2150 2812 2187 2847 id
2217 2815 2289 2853 est,
2322 2822 2352 2845 ει

1274 2864 1516 2909 interpellatus
1541 2865 1716 2906 oportuno
1741 2860 1819 2894 loco
1843 2870 1915 2893 non
1939 2858 2097 2893 solverit:
2131 2856 2226 2902 quod
2256 2866 2278 2891 a
2303 2855 2351 2890 ud

1274 2910 1424 2946 iudicem
1449 2906 1723 2942 examinabitur:
1757 2914 1856 2945 nam,
1888 2907 1927 2938 ut
1960 2906 1995 2938 et
2016 2901 2231 2946 Pomponius
2262 2901 2286 2935 11
2311 2910 2349 2951 ro

1277 2954 1482 2990 duodecimo
1504 2951 1734 2996 epistularum
1754 2948 1906 2992 scripsit,
1932 2947 2083 2982 difficilis
2106 2950 2160 2982 est
2175 2946 2280 2980 huius
2301 2955 2350 2979 rel

1278 2998 1443 3034 definitio.
1480 2996 1578 3031 divus
1603 3003 1742 3039 quoque
1765 2993 1850 3028 Pius
1876 2993 1990 3027 Tullio
2013 2992 2126 3026 Balbo
2158 2989 2349 3033 rescripsit,

1278 3055 1324 3079 an
1346 3052 1446 3078 mora
1466 3041 1564 3075 facta
1587 3039 1829 3083 intellegatur,
1860 3047 1974 3082 neque
2006 3035 2256 3071 constitutione
2278 3033 2350 3067 ulla

1278 3098 1391 3133 neque
1412 3086 1498 3121 iuris
1522 3088 1708 3119 auctorum
1732 3082 1937 3127 quaestione
1971 3081 2084 3116 decidi
2113 3089 2235 3124 posse,
2249 3122 2256 3129 ·
2270 3087 2349 3112 cum

1283 3137 1295 3167 1
1345 3133 1390 3167 sit
1422 3130 1532 3174 magis
1566 3128 1655 3163 facti
1684 3137 1790 3172 quam
1818 3127 1915 3161 iuris.
1962 3126 2012 3160 Et
2041 3135 2112 3159 non
2144 3122 2275 3158 sufficit
2303 3120 2349 3154 ad

1278 3176 1522 3223 probationem
1552 3183 1691 3214 morae,
1723 3172 1754 3206 si
1786 3182 1887 3206 servo
1920 3170 2086 3205 debitoris
2110 3166 2263 3219 absentis
2287 3164 2347 3198 de-

1279 3222 1477 3257 nuntiatum
1502 3222 1555 3253 est
1586 3227 1608 3252 a
1639 3216 1813 3251 creditore
1843 3218 2114 3260 procuratoreve
2144 3221 2237 3251 elus,
2268 3218 2347 3243 cum

1280 3267 1384 3302 etiam
1407 3265 1437 3299 si
1459 3263 1545 3307 ipsi,
1569 3262 1700 3306 inquit,
1726 3261 1864 3295 domino
1890 3258 2130 3294 denuntiatum
2154 3258 2223 3295 est,
2255 3255 2346 3303 cete-

1278 3321 1355 3345 rum
1379 3312 1504 3353 postea
1535 3317 1616 3341 cum
1644 3306 1675 3340 is
1707 3306 1761 3340 sui
1792 3309 2002 3350 potestatem
2034 3303 2183 3340 faceret,
2218 3305 2346 3331 omlssa

1280 3358 1371 3390 esset
1393 3351 1574 3396 repetendi
1599 3350 1706 3386 debiti
1728 3349 1909 3390 instantia,
1934 3358 2004 3382 non
2027 3346 2185 3390 protinus
2205 3351 2267 3385 per
2286 3339 2344 3389 de3

1280 3403 1299 3434 2
1346 3399 1494 3433 bitorem
1525 3406 1624 3430 mora
1654 3395 1753 3429 facta
1786 3393 2006 3436 intellegitur.
2054 3390 2093 3423 In
2126 3389 2237 3436 bonae
2266 3383 2345 3418 fidei

1280 3447 1299 3478 3
1348 3440 1587 3477 contractibus
1607 3450 1650 3474 ex
1661 3449 1760 3474 mora
1771 3448 1899 3472 usurae
1911 3436 2091 3470 debentur.
2138 3429 2226 3474 de
2244 3437 2343 3471 ergo:

1281 3556 1365 3587 tium
1377 3566 1439 3586 scr.
1564 3554 1608 3592 (9)
1633 3550 1803 3592 negotium
1818 3558 1922 3580 meum
1938 3555 2036 3586 agens
2041 3546 2186 3587 sortasse
2199 3551 2259 3571 non
2272 3545 2345 3571 sunt

1282 3598 1384 3631 Pauli
1473 3598 1532 3638 (10)
1557 3596 1615 3638 qui
1627 3596 1661 3628 F
1747 3596 1800 3634 (11)
1826 3592 1911 3633 quod
1926 3591 1984 3622 del.
2071 3592 2126 3623 (12)
2152 3583 2271 3635 debent
2281 3594 2342 3614 scr.

1282 3645 1338 3682 (13)
1363 3643 1530 3683 competet
1541 3644 1574 3672 et
1585 3641 1620 3672 F
1626 3640 1646 3679 ¹,
1661 3640 1824 3680 competat
1839 3636 1910 3674 (del.
1926 3638 1969 3673 et)
1984 3632 2034 3664 F2
2125 3631 2181 3669 (14)
2206 3637 2275 3659 sive
2287 3636 2344 3657 nu-

1282 3697 1409 3719 reorum
1423 3687 1500 3718 add.
1516 3685 1574 3718 F2.
1588 3703 1631 3708 —
1649 3684 1697 3727 Cf.
1712 3684 1790 3715 Inst.
1805 3683 1834 3719 2,
1848 3688 1871 3718 1,
1884 3687 1916 3711 37
