2528 3918
151 119 386 162 XXXXIII
416 119 470 160 24

150 242 203 279 vel
234 241 328 288 quod
359 241 449 277 clam
478 240 614 276 factum
645 244 701 276 est
723 240 823 276 nulla
845 239 941 277 iusta
966 239 1173 286 exceptione
1195 249 1236 275 se

149 292 168 323 4
216 287 310 323 tueri
332 290 463 334 potest.
508 285 588 321 Hoc
616 285 844 321 interdictum
873 286 919 321 ad
950 296 994 321 ea
1024 285 1103 321 sola
1126 295 1148 320 o
1174 294 1237 320 era

149 332 320 379 pertinet,
361 340 606 377 quaecumque
640 330 678 366 in
717 331 794 367 solo
831 330 864 366 vi
898 334 965 371 aut
1003 330 1095 365 clam
1157 333 1234 365 unt.

149 382 168 412 5
217 377 309 422 Quid
340 377 389 413 sit
415 377 449 411 vi
477 375 610 412 factum
640 375 695 412 vel
724 376 817 412 clam
845 375 1000 417 factum,
1040 374 1234 428 videamus.

149 423 181 458 vi
216 422 352 458 factum
388 421 498 458 videri
562 421 682 457 uintus
713 421 855 457 Mucius
887 420 1049 465 scripsit,
1090 420 1121 456 si
1156 430 1235 466 quis

149 472 275 504 contra
305 478 413 513 quam
470 466 549 502 rohi
575 470 695 502 eretur
724 465 868 502 fecerit:
907 469 945 501 et
978 465 1063 500 mihi
1097 464 1236 501 videtur

149 517 169 548 6
215 513 324 559 plena
345 522 425 548 esse
480 510 570 547 uinti
592 511 704 548 Mucii
728 511 897 548 definitio.
948 510 1019 546 Sed
1041 514 1078 546 et
1101 510 1132 546 si
1157 510 1236 555 quis

148 558 246 594 iactu
268 557 324 594 vel
346 556 482 593 minimi
504 555 617 603 lapilli
635 556 837 603 prohibitus
856 555 977 591 facere
996 555 1236 609 perseveravit

148 603 277 646 facere,
302 603 399 638 hunc
421 612 564 656 quoque
585 602 621 638 vi
644 601 773 654 fecisse
796 600 905 654 videri
922 600 1054 636 Pedius
1073 604 1110 637 et
1127 601 1234 654 Pom3

149 652 167 683 7
215 648 347 694 ponius
376 648 555 691 scribunt,
592 657 704 693 eoque
735 657 812 682 lure
844 650 988 681 utimur.
1037 646 1108 682 Sed
1139 650 1175 682 et
1205 656 1236 681 s1

149 698 275 729 contra
304 693 532 729 testationem
564 691 937 736 denuntiationemque
967 692 1110 735 fecerit,
1142 691 1235 727 idem

149 748 227 775 esse
245 738 440 774 Cascellius
465 741 501 774 et
515 737 707 774 Trebatius
731 740 878 782 putant:
927 736 1000 772 uod
1023 747 1145 773 verum
1169 740 1234 772 est.

150 787 169 818 8
217 782 288 820 Sed
311 787 348 819 et
360 784 482 819 Aristo
507 783 559 818 ait
581 793 662 819 eum
686 792 827 827 quoque
850 782 883 817 vi
918 792 1032 826 acere,
1058 782 1129 828 qui,
1155 792 1236 818 cum

149 829 256 865 sciret
286 838 325 864 se
354 828 572 874 prohibitum
602 828 646 863 iri
659 829 680 870 ¹,
711 837 776 872 per
805 827 874 862 vim
905 827 1050 864 molitus
1082 831 1155 870 est,
1191 837 1236 863 ne

149 877 169 909 9
215 873 399 920 prohiberi
413 873 539 920 possit.
575 873 664 908 Item
678 872 801 908 Labeo
819 872 913 915 dicit,
934 873 965 909 si
982 883 1085 918 quem
1101 872 1236 908 facien-

147 923 220 955 tem
234 919 454 965 prohibuero
469 918 572 964 isque
588 917 786 954 destiterit²
801 917 839 952 in
856 918 1140 964 praesentiarum
1156 929 1235 953 rur-

148 974 282 1010 susque
304 968 431 1010 postea
453 963 573 999 facere
596 963 769 1008 coeperit,
800 963 833 998 vi
858 973 939 999 eum
961 962 1073 999 videri
1096 963 1235 1005 fecisse,

149 1010 219 1045 nisi
240 1010 417 1056 permissu
439 1020 518 1045 meo
541 1009 660 1044 facere
684 1008 842 1053 coeperit
870 1009 925 1044 vel
950 1019 1021 1053 qua
1044 1009 1116 1043 alia
1139 1008 1237 1044 iusta

152 1058 192 1090 10
240 1065 350 1091 causa
370 1054 573 1091 accedente.
609 1053 647 1089 Si
671 1052 750 1098 quis
773 1057 893 1089 tamen
915 1054 1148 1090 inbecillitate
1170 1054 1235 1088 im-

149 1099 317 1146 peditur⁸
339 1100 393 1136 vel
418 1100 535 1142 etiam,
560 1109 606 1135 ne
629 1098 826 1134 offenderet
847 1098 902 1135 vel
925 1101 962 1134 te
982 1099 1036 1134 vel
1061 1110 1150 1142 eum,
1177 1098 1236 1143 qui

147 1150 184 1181 te
202 1145 322 1198 magni
339 1144 497 1180 faciebat
505 1145 531 1187 ⁴,
554 1144 635 1180 ideo
653 1155 726 1179 non
743 1144 879 1180 venerit
898 1144 944 1179 ad
961 1143 1235 1190 prohibendum,

149 1201 222 1226 non
250 1190 427 1226 videbitur
460 1189 684 1225 adversarius
712 1188 746 1224 vi
777 1189 922 1225 fecisse:
958 1193 996 1225 et
1031 1189 1084 1224 ita
1112 1190 1235 1225 Labeo

152 1239 190 1271 11
240 1235 376 1271 scribit.
415 1235 514 1270 Idem
538 1235 589 1270 ait
612 1238 648 1270 et
671 1233 703 1270 si
725 1238 761 1270 te
784 1234 959 1270 volentem
979 1234 1025 1269 ad
1042 1234 1236 1280 prohiben-

149 1280 235 1316 dum
258 1280 376 1316 venire
399 1280 612 1316 deterruerit
633 1280 682 1315 ali
707 1279 762 1315 uis
786 1279 908 1323 (armis
931 1279 1038 1324 forte)
1061 1280 1138 1316 sine
1161 1279 1235 1315 ullo

149 1325 231 1362 dolo
251 1326 343 1361 malo
362 1336 441 1361 meo
461 1335 504 1360 ac
521 1329 669 1371 propter
711 1335 754 1361 oc
773 1335 845 1361 non
863 1325 1013 1368 veneris,
1034 1335 1107 1360 non
1124 1324 1235 1360 videri

147 1381 204 1406 me
226 1370 295 1406 vim
318 1370 458 1412 fecisse,

155 1445 158 1447 .
195 1413 220 1453 2
255 1416 483 1452 Vfflmmos
508 1415 599 1452 libro
622 1415 780 1452 secundo
805 1415 1077 1451 interdictorum
1124 1426 1169 1451 ne
1199 1416 1237 1450 in

148 1461 266 1497 aliena
287 1464 468 1507 potestate
492 1460 562 1495 sit⁵
592 1460 837 1496 condicionem
867 1471 981 1496 meam
1012 1461 1099 1496 nihil
1124 1460 1235 1496 delin-

148 1506 290 1551 quentis
315 1505 525 1541 deteriorem
548 1505 679 1541 facere.

194 1548 219 1589 3
247 1550 442 1587 Uzmzws
458 1551 549 1587 libro
568 1552 860 1598 septuaqensimo
872 1552 996 1598 primo
1016 1551 1066 1586 ad
1083 1551 1236 1587 edictum

148 1596 343 1632 Prohibere
367 1600 486 1631 autem
509 1606 581 1631 non
600 1596 723 1641 utique
739 1607 805 1642 per
821 1600 934 1633 semet
953 1597 1072 1642 ipsum
1091 1606 1237 1632 necesse

148 1645 213 1686 est,
238 1641 302 1677 sed
326 1645 362 1677 et
378 1641 409 1677 si
429 1641 508 1686 quis
525 1651 591 1687 per
610 1651 751 1677 servum
771 1653 875 1677 suum
892 1642 948 1678 vel
962 1645 1236 1695 procuratorem

147 1686 380 1732 prohibuerit,
405 1690 502 1722 recte
526 1686 667 1722 videtur
710 1687 923 1723 rohibuisse.
959 1687 1053 1722 idem
1077 1687 1182 1723 etiam
1207 1687 1239 1723 si

149 1732 411 1767 mercennarius
443 1742 543 1768 meus
571 1732 677 1778 prohi
702 1732 804 1767 uerit.
852 1743 919 1768 nec
949 1742 1054 1786 quem
1085 1736 1236 1776 moveat,

149 1777 244 1822 quod
267 1787 332 1823 per
354 1777 502 1813 liberam
525 1787 716 1823 personam
741 1777 834 1814 actio
859 1777 1000 1823 adquiri
1029 1788 1102 1813 non
1126 1777 1235 1813 solet:

149 1833 232 1857 nam
254 1821 448 1868 prohibitio
469 1823 584 1858 haec⁶
608 1822 830 1858 demonstrat
859 1823 894 1858 vi
923 1827 959 1858 te
983 1822 1120 1866 facere,
1153 1822 1238 1868 quid

149 1868 287 1911 mirum,
313 1878 393 1902 cum
418 1871 454 1903 et
477 1867 508 1902 si
531 1867 623 1903 clam
645 1871 687 1902 tu
710 1878 766 1903 me
789 1868 928 1910 feceris,
952 1868 1105 1904 habeam
1126 1868 1236 1904 actio-

149 1913 258 1948 nem?
281 1923 363 1957 ergo
384 1912 481 1948 facto
505 1913 618 1958 magis
642 1916 704 1948 tuo
729 1912 965 1958 delinquentis
990 1923 1097 1958 quam
1121 1913 1236 1949 alieno

152 1962 165 1992 1
217 1957 417 2002 adquiritur
452 1957 539 1992 mihi
575 1958 680 1993 actio.
728 1958 822 1993 Illud
859 1958 1042 1994 sciendum
1075 1962 1131 1994 est
1165 1969 1236 1994 non

149 2003 312 2038 omnibus
343 2003 530 2039 momentis
559 2003 629 2038 vim
659 2013 739 2039 esse
772 2003 993 2047 faciendam,
1031 2003 1094 2040 sed
1129 2004 1238 2039 semel

150 2052 169 2083 2
215 2048 310 2083 inter
339 2047 441 2083 initia
470 2047 570 2083 facta
597 2052 812 2093 perseverat.
861 2048 932 2085 Sed
963 2049 994 2084 si
1023 2049 1236 2095 permiserit,

149 2093 318 2129 adversus
350 2103 450 2135 cum,
511 2093 548 2128 ui
579 2096 703 2128 utatur
729 2093 936 2137 interdicto,
974 2094 1137 2140 exceptio
1170 2095 1239 2130 erit

150 2141 169 2173 3
218 2138 431 2174 necessaria.
509 2149 556 2174 on
579 2142 719 2173 tantum
743 2143 863 2174 autem
886 2139 918 2175 si
942 2149 1006 2192 ego
1028 2139 1236 2185 permisero,

149 2183 213 2219 sed
237 2186 273 2218 et
295 2183 327 2219 si
349 2186 566 2229 procurator
587 2194 687 2219 meus
710 2184 766 2219 vel
788 2187 888 2219 tutor
917 2195 976 2229 qui
999 2184 1151 2220 tutelam
1175 2185 1237 2219 ad-

149 2228 327 2264 ministrat
348 2228 404 2263 vel
428 2231 574 2264 curator
595 2228 748 2274 pupilli⁷
778 2228 907 2265 furiosi
931 2230 1004 2265 sive
1029 2229 1238 2265 adulescen-

149 2277 170 2308 4
217 2273 281 2316 tis,
313 2272 503 2309 dicendum
532 2273 602 2309 erit
624 2274 825 2326 exceptioni
847 2275 966 2310 locum
989 2274 1078 2310 fore.
1126 2275 1238 2310 Plane

150 2318 181 2354 si
242 2328 364 2354 raeses
402 2318 457 2354 vel
497 2322 643 2354 curator
675 2329 728 2354 rei
764 2319 931 2365 publicae
965 2319 1168 2365 permiserit
1201 2320 1238 2355 in

175 2364 224 2399 ub
239 2363 292 2399 ‘co
317 2363 446 2406 facere,
470 2363 590 2399 Nerva
614 2364 738 2399 scribit
761 2364 1004 2417 exceptionem
1026 2364 1146 2400 locum
1165 2375 1237 2401 non

175 2409 293 2451 abere,
342 2408 404 2444 uia
426 2409 493 2445 etsi
511 2409 545 2445 ei
562 2410 734 2453 locorum,
757 2409 884 2455 inqmt,
908 2410 1136 2455 publicorum
1152 2420 1236 2455 pro·

150 2454 286 2489 curatio
336 2458 397 2489 ata
421 2458 485 2497 est,
511 2454 695 2490 concessio
719 2458 840 2491 tamen
864 2455 950 2491 data
972 2466 1046 2491 non
1066 2459 1132 2492 est.
1169 2455 1238 2491 hoc

149 2499 199 2534 ita
229 2509 352 2552 *gerum
382 2503 454 2552 est,
490 2499 523 2535 si
550 2510 623 2535 non
651 2499 711 2535 lex
741 2500 966 2554 municipalis
998 2500 1156 2554 curatori
1186 2500 1239 2536 rei

150 2543 706 2641 {ssbss‘fffiuissssssffipffflssssdffig
723 2545 942 2626 033352331
952 2556 1114 2626 iffi?
1140 2545 1238 2626 ῗᾱέξίἒ

150 2637 169 2668 5
220 2637 287 2669 ent
317 2634 555 2680 probandum.
603 2634 641 2670 Si
672 2635 751 2680 quis
780 2639 931 2688 paratus
961 2636 1008 2671 sit
1038 2646 1077 2672 se
1105 2635 1237 2672 iudicio

152 2677 342 2714 defendere
374 2679 544 2715 adversus
576 2690 656 2724 eos,
694 2680 755 2726 qui
785 2681 1066 2717 interdicendum
1096 2684 1236 2727 putant,

150 2734 195 2759 ne
226 2733 317 2776 opus
348 2723 432 2760 fiat:
473 2735 521 2760 an
536 2725 717 2779 ‘videatur
754 2725 920 2780 desinere
946 2727 981 2762 vi
1011 2726 1156 2762 facere?
1201 2731 1238 2762 et

151 2769 646 2866 affirffarxssussizffisss
662 2771 1237 2861 ⁸13m³¹3⁰322⁸tfft¹⁸2t⁰ffffi³tsssssiffig

152 2862 172 2894 6
220 2858 355 2894 scribit.
404 2859 474 2895 Sed
502 2863 539 2895 et
568 2860 599 2896 si
646 2860 702 2896 uis
726 2860 847 2897 damni
870 2862 993 2898 infecti
1017 2865 1167 2908 paratus
1192 2862 1239 2897 sit

151 2913 293 2947 cavere,
331 2913 412 2939 cum
447 2916 513 2950 pro
541 2910 596 2941 ter
655 2916 699 2941 oc
729 2909 870 2942 tantum
901 2911 996 2943 esset
1023 2907 1237 2953 prohibitus,

152 2948 232 2984 vel⁰
267 2948 353 2994 quia
390 2960 463 2985 non
525 2950 715 2987 efendebat
751 2952 807 2988 vel
843 2952 963 2987 damni
1002 2952 1127 2988 infecti
1165 2962 1238 2988 non

151 2994 439 3039 repromittebat,
477 3005 697 3041 consequens
728 3001 785 3032 est
815 2997 933 3033 dicere
965 2997 1126 3033 desinere
1155 3007 1237 3033 eum

151 3042 169 3073 7
218 3039 252 3074 vi
274 3038 405 3075 facere.
442 3039 541 3075 Clam
565 3039 683 3077 facere
705 3041 818 3078 videri
834 3042 979 3079 Cassius
1001 3042 1127 3078 scribit
1145 3052 1236 3087 eum,

151 3084 214 3129 qui
234 3084 361 3120 celavit
377 3083 619 3120 adversarium
638 3096 753 3132 neque
772 3087 805 3123 ei
826 3087 1058 3130 denuntiavit,
1083 3087 1114 3123 si
1131 3086 1236 3123 modo

151 3132 171 3164 8
218 3129 337 3165 timuit
355 3129 430 3166 eius
450 3131 726 3166 controversiam
744 3136 809 3167 aut
828 3132 952 3168 debuit
968 3132 1103 3168 timere.
1139 3132 1238 3168 Idem

152 3174 272 3210 Aristo
327 3178 407 3209 utat
438 3185 517 3210 eum
549 3185 691 3220 quoque
722 3177 814 3212 clam
845 3178 982 3221 facere,
1014 3177 1074 3223 qui
1099 3177 1238 3213 celandi

152 3219 268 3255 animo
340 3220 403 3255 bet
414 3222 442 3241 ¹⁰
466 3230 558 3263 eum,
583 3231 686 3265 quem
706 3222 973 3273 prohibiturum
996 3234 1035 3259 se
1054 3222 1236 3259 intellexe-

153 3264 197 3298 rit
227 3267 264 3317 et
282 3264 330 3317 ‚id
361 3264 541 3301 existimat
572 3269 636 3300 aut
660 3267 861 3304 existimare
885 3268 992 3304 debet
1015 3278 1054 3304 se
1077 3268 1235 3313 prohibi·

153 3317 226 3344 tum
248 3320 304 3344 m.

198 3353 222 3390 4
248 3354 477 3390 Vmwasws
496 3354 587 3391 libro
607 3356 764 3390 secundo
787 3357 1056 3393 interdictorum
1094 3357 1237 3394 Servius

152 3398 255 3434 stiam
289 3409 370 3435 eum
401 3399 493 3435 clam
523 3399 661 3442 facere,
693 3400 754 3445 qui
786 3401 989 3438 existimare
1018 3402 1148 3438 debeat
1170 3403 1237 3438 sibi

151 3513 190 3552 (1)
214 3510 391 3554 prohibere
412 3513 448 3546 F

539 3514 582 3555 (2)
608 3512 797 3547 destituerit
818 3514 853 3546 F’
943 3516 984 3556 (3)
1010 3514 1190 3558 impeditus
1209 3515 1239 3548 S

152 3559 195 3597 (4)
219 3556 465 3599 magnificiebat
483 3558 519 3591 F

634 3559 677 3600 (⁶)
700 3557 747 3591 sit
765 3570 823 3591 om.
845 3558 879 3591 F
996 3561 1042 3601 (ο)
1066 3559 1158 3602 quod
1175 3561 1234 3594 im.

152 3604 193 3642 (τ)
218 3600 342 3644 pupilli
354 3600 407 3635 vel
419 3605 555 3635 curator
565 3615 629 3636 εον.
708 3603 753 3643 (8)
776 3603 971 3646 permissum
984 3604 1049 3637 erit
1060 3606 1119 3638 ins.
1135 3606 1235 3645 (simi-

154 3647 225 3678 liter
237 3647 332 3689 Hal.)
434 3649 478 3689 (9)
503 3647 556 3681 vel
567 3649 629 3682 dal.
732 3649 796 3690 (1⁰)
819 3649 915 3682 cavet
924 3661 987 3681 scr.

154 3691 343 3733 opinionem
363 3691 417 3724 oui
439 3694 474 3725 et
492 3692 681 3736 resupinam
699 3692 977 3727 existimationem
996 3693 1149 3736 prodesse
1170 3707 1232 3727 scr.

1225 113 1308 162 698

1088 3651 1143 3691 (11)
1167 3660 1234 3682 non
1303 3652 1408 3684 torem
1427 3662 1487 3684 om.
1510 3652 1571 3693 F',
1596 3654 1647 3685 ins
1679 3659 1753 3686 ante
1775 3653 1918 3685 tutorem
1940 3651 1992 3684 F²

1472 0 1477 23 l

1483 21 1581 131 7.-

1916 131 2040 170 QUOD
2072 132 2119 163 VI
2146 133 2235 164 am*
2263 132 2382 164 CLAM

1303 239 1581 276 controversiam
1603 239 1774 284 futuram,
1799 240 1883 286 quia
1905 251 1978 277 non
2002 242 2203 288 opinionem
2226 242 2328 278 cuius
2352 246 2387 278 et

1302 295 1387 320 resu
1411 284 1507 320 inam
1525 284 1818 321 existimationem
1836 296 1914 322 esse
1926 288 1951 308 ¹¹
1973 290 2148 339 oporteat,
2169 297 2214 323 ne
2232 287 2386 324 melioris

1303 340 1372 365 con
1410 330 1522 365 cionis
1545 329 1618 365 sint
1628 331 1657 353 ¹²
1680 331 1779 366 stulti
1803 341 1908 377 quam
1931 332 2048 378 penti.

1350 373 1375 412 5
1400 374 1595 411 Urmnvs
1610 375 1699 411 libro
1716 378 2008 423 septuaqemimo
2021 377 2049 398 ¹³
2068 377 2119 413 ad
2132 377 2285 413 edictum.
2315 378 2388 412 Aut

1303 420 1364 500 eui
1397 419 1500 455 aliter
1528 419 1631 464 fecit,
1663 430 1770 466 quam
1799 421 2037 458 denuntiavit:
2069 422 2124 458 vel
2154 423 2213 468 qui
2237 423 2385 469 decepto

1320 464 1392 500 acit
1420 474 1480 508 eo,
1512 464 1559 500 ad
1588 475 1693 511 quem
1720 467 1892 512 pertinuit
1921 478 1993 503 non
2018 466 2138 503 facere
2150 469 2194 502 ¹⁴:
2225 468 2280 503 vel
2303 478 2386 504 con-

1303 510 1399 546 sulto
1430 514 1506 546 tum
1536 509 1722 546 denuntiat
1745 511 1965 556 adversario,
1999 523 2079 548 cum
2110 523 2190 548 eum
2219 513 2287 549 scit
2315 524 2388 549 non

1302 565 1410 600 posse
1438 555 1646 601 prohibere:
1677 556 1733 592 vel
1760 560 1834 592 tam
1865 568 1944 594 sero
1969 558 2227 603 pronuntiat¹⁵,
2260 561 2301 594 ut
2330 569 2388 594 ve-

1304 600 1380 636 nire
1394 602 1421 622 ¹⁶
1444 601 1710 646 prohibiturus,
1732 602 1832 647 prius
1880 614 1963 639 uam
1986 603 2061 647 fiat,
2086 614 2159 639 non
2181 603 2306 650 possit.
2353 607 2390 639 et

1308 649 1320 680 1
1372 645 1463 681 haec
1491 645 1544 681 ita
1566 645 1772 682 Labeonem
1828 659 1868 684 ro
1896 658 1957 684 are
1979 649 2100 684 Aristo
2132 648 2192 683 ait.
2241 648 2279 684 Si
2310 649 2389 694 quis

1305 701 1344 726 se
1375 690 1635 727 denuntiaverit
1668 702 1760 737 opus
1812 696 1992 737 acturum,
2034 705 2105 730 non
2143 704 2284 740 semper
2317 705 2389 729 non

1304 735 1444 772 videtur
1467 736 1559 772 clam
1582 736 1728 780 fecisse,
1761 737 1792 773 si
1810 742 1898 818 post
1920 739 2222 774 denuntiationem
2246 738 2388 775 fecerit:

1305 781 1449 817 debebit
1478 781 1571 818 enim
1602 785 1652 823 (et
1681 782 1733 818 ita
1754 782 1810 818 La
1835 786 1892 826 eo)
1925 788 1962 819 et
1993 784 2086 820 diem
2115 788 2150 820 et
2179 785 2306 819 horam
2328 784 2388 819 de-

1304 826 1529 863 nuntiatione
1561 827 1738 873 conplecti
1769 832 1805 863 et
1833 829 1894 864 ubi
1926 833 1963 865 et
1991 830 2086 874 quod
2115 840 2206 876 opus
2229 829 2389 865 futurum

1305 872 1370 908 sit:
1401 882 1518 918 neque
1540 871 1741 918 perfusorie
1765 878 1829 909 aut
1852 874 2004 910 obscure
2028 875 2145 911 dicere
2167 878 2231 910 aut
2254 874 2389 910 denun-

1304 917 1414 953 tiare:
1446 927 1562 963 neque
1585 921 1658 953 tam
1682 921 1803 954 artare
1826 919 2085 963 adversarium,
2117 923 2158 955 ut
2179 920 2276 956 intra
2298 919 2391 956 diem

1305 965 1326 997 2
1373 973 1560 998 occurrere
1584 963 1630 998 ad
1653 963 1913 1008 prohibendum
1931 975 2003 1001 non
2021 965 2147 1011 possit.
2184 965 2235 1000 Et
2250 965 2281 1001 si
2296 964 2391 1001 forte

1305 1018 1376 1044 non
1395 1008 1453 1051 sit,
1478 1008 1537 1044 cui
1561 1008 1800 1052 denuntietur,
1826 1020 1941 1055 neque
1965 1010 2046 1045 dolo
2070 1010 2163 1046 malo
2186 1009 2322 1046 factum
2346 1010 2393 1045 sit

1305 1063 1350 1088 ne
1373 1053 1431 1096 sit,
1455 1053 1578 1089 amicis
1603 1053 1754 1099 denique
1778 1059 1842 1089 aut
1859 1055 2086 1100 procuratori
2104 1059 2168 1090 aut
2184 1055 2231 1090 ad
2249 1055 2392 1091 domum

1306 1101 1324 1133 3
1373 1097 1654 1134 denuntiandum
1677 1102 1743 1134 est.
1780 1099 1850 1135 Sed
1874 1103 1911 1135 et
1930 1100 2072 1136 Servius
2096 1104 2192 1136 recte
2216 1100 2268 1136 ait
2290 1099 2390 1136 suffi-

1305 1153 1385 1179 cere
1408 1143 1573 1187 feminae,
1604 1144 1712 1180 ¹⁷viro
1736 1149 1860 1181 notum
1884 1145 2004 1181 facere
2024 1157 2114 1191 opus
2135 1156 2174 1181 se
2193 1147 2389 1182 facturum:

1304 1189 1359 1224 vel
1383 1188 1536 1242 denique
1559 1190 1694 1225 sciente
1718 1200 1760 1226 eo
1784 1190 1921 1226 facere:
1947 1201 2054 1236 quam
2079 1201 2161 1226 uam
2180 1191 2287 1226 etiam
2303 1190 2392 1226 illud

1305 1237 1326 1269 4
1373 1234 1532 1270 sufficiat
1562 1234 1702 1270 celandi
1732 1235 1889 1271 animum
1918 1247 1991 1272 non
2021 1237 2069 1271 ha
2095 1246 2164 1272 ere.
2211 1236 2301 1272 Item
2330 1236 2390 1279 ait,

1305 1279 1335 1315 si
1359 1279 1439 1324 quis
1463 1279 1500 1314 in
1522 1280 1667 1325 publico
1692 1281 1874 1326 municipii
1897 1281 1981 1317 velit
2004 1281 2133 1324 facere,
2159 1281 2324 1317 sufficere
2348 1281 2391 1326 ei,

1306 1329 1324 1359 5
1374 1325 1403 1360 si
1427 1325 1587 1360 curatori
1610 1325 1662 1360 rei
1684 1326 1852 1370 publicae
1876 1326 2070 1362 denuntiet.
2118 1326 2155 1362 Si
2179 1327 2275 1372 quis,
2307 1326 2391 1362 dum

1304 1373 1410 1415 putat
1439 1370 1558 1406 locum
1586 1374 1688 1406 tuum
1721 1381 1816 1414 esse,
1870 1372 1909 1407 ui
1932 1376 1988 1408 est
2010 1382 2129 1415 meus,
2160 1372 2298 1407 celandi
2326 1373 2390 1415 tui,

1304 1426 1377 1450 non
1399 1415 1468 1451 mei
1492 1426 1604 1451 causa
1632 1415 1776 1459 fecerit,
1808 1417 1853 1452 m'
1881 1417 1894 1452 i
1922 1417 2150 1453 interdictum
2180 1420 2390 1463 competere.

1306 1463 1326 1495 6
1373 1459 1471 1496 Idem
1495 1460 1582 1496 dicit
1603 1464 1640 1496 et
1663 1462 1694 1496 si
1717 1462 1809 1497 servi
1827 1462 1896 1498 mei
1916 1463 1970 1498 vel
1988 1462 2232 1508 procuratoris
2253 1462 2393 1499 celandi

1306 1508 1324 1540 7
1374 1516 1486 1541 causa
1500 1505 1636 1541 factum
1651 1506 1709 1549 sit,
1726 1507 1811 1542 mihi
1827 1507 2053 1543 interdictum
2069 1511 2269 1553 competere
2281 1508 2320 1543 ¹⁸.
2354 1507 2392 1543 Si

1306 1550 1403 1631 auis,
1434 1561 1515 1586 cum
1544 1562 1618 1587 non
1641 1550 1887 1588 denuntiasset
1911 1564 2000 1598 opus
2024 1564 2063 1589 se
2085 1552 2267 1588 facturum
2291 1553 2392 1598 eique

1331 1596 1553 1631 enuntiatum
1585 1600 1680 1632 esset
1709 1607 1755 1633 ne
1785 1597 1938 1641 faceret,
1974 1598 2118 1641 fecerit,
2149 1598 2272 1634 utilius
2302 1602 2391 1644 puto

1307 1644 1326 1676 8
1374 1641 1599 1686 probandum
1623 1642 1657 1677 vi
1681 1652 1763 1678 eum
1786 1642 1926 1679 fecisse.
1974 1643 2073 1679 Haec
2096 1644 2205 1679 verba
2228 1643 2336 1688 ‘quod
2358 1644 2393 1678 vi

1306 1689 1383 1722 ‘aut
1406 1687 1499 1722 clam
1521 1687 1658 1722 factum
1682 1688 1747 1722 est'
1772 1688 1823 1723 ait
1837 1688 1979 1724 Mucius
2002 1688 2055 1723 ita
2078 1699 2156 1724 esse
2181 1688 2289 1734 ‘quod
2311 1692 2352 1724 tu
2365 1689 2393 1710 ¹⁹

1307 1735 1327 1766 9
1374 1734 1451 1767 ‘aut
1473 1735 1617 1768 tuorum
1643 1733 1720 1778 quis
1744 1737 1808 1768 aut
1829 1737 1893 1769 tuo
1916 1733 2016 1769 iussu
2039 1733 2173 1769 factum
2199 1734 2276 1769 est’.
2321 1733 2392 1769 La-

1307 1778 1375 1813 beo
1407 1780 1528 1813 autem
1559 1778 1610 1812 ait
1638 1777 1760 1822 plures
1790 1788 1962 1823 personas
1988 1779 2161 1815 contineri
2184 1779 2239 1815 his
2262 1779 2390 1814 verbis.

1306 1832 1389 1858 nam
1419 1832 1502 1858 ecce
1537 1823 1691 1868 primum
1726 1823 1877 1860 heredes
1908 1834 2048 1868 eorum,
2088 1834 2178 1869 quos
2209 1828 2393 1860 enumerat

1311 1871 1350 1903 10
1396 1867 1557 1910 Mucius,
1590 1868 1764 1904 contineri
1786 1872 1904 1914 putat.
1950 1869 2049 1905 Idem
2080 1870 2133 1904 ait
2162 1873 2200 1905 et
2222 1869 2393 1905 adversus

1305 1916 1595 1994 Ῑὶιῖοοιέιςαῒοιειέἰ
1593 1917 1749 1949 tutorem
1768 1916 2009 1995 curatorteemd}⁰
2022 1915 2293 1995 'municipumge
2309 1925 2394 1995 syna

1434 1968 1516 1994 cum
1596 1969 1662 1995 eno
1692 1969 1834 1995 nomme
1868 1971 1906 1995 m
1944 1971 1963 1995 r
2000 1969 2033 1995 ci
2066 1970 2184 2005 posse.
2266 1971 2278 1995 1
2309 1971 2370 2005 qu1

1306 2013 1430 2039 servus
1453 2014 1553 2039 meus
1577 2003 1681 2047 fecit,
1711 2015 1785 2040 non
1815 2005 1860 2040 ob
1884 2004 1922 2040 id
1944 2015 2084 2041 mecum
2107 2006 2199 2041 actio
2225 2009 2298 2048 est,
2330 2005 2393 2041 sed

1307 2048 1338 2085 si
1346 2049 1377 2070 ²¹
1400 2048 1438 2084 id
1460 2059 1539 2085 meo
1562 2050 1705 2085 nomine
1729 2053 1793 2085 aut
1816 2060 1880 2086 suo
1904 2049 2007 2086 fecit:
2032 2061 2115 2086 nam
2139 2051 2170 2087 si
2192 2054 2295 2086 tuum
2317 2060 2392 2086 ser-

1306 2104 1390 2129 vum
1413 2094 1697 2130 mercennarium
1719 2095 1901 2138 habuero,
1925 2095 2098 2142 quidquid
2120 2096 2167 2132 ab
2190 2106 2233 2132 eo
2257 2095 2392 2131 factum

1306 2139 1416 2175 fuerit
1443 2149 1522 2175 meo
1555 2140 1717 2184 nomine,
1748 2141 1795 2176 ob
1826 2140 1864 2176 id
1890 2151 1963 2176 non
1986 2145 2124 2185 tecum,
2156 2141 2220 2177 sed
2242 2151 2391 2184 mecum,

1307 2185 1410 2220 cuius
1440 2185 1541 2220 iussu
1572 2188 1638 2220 aut
1646 2186 1678 2207 ²²
1706 2186 1847 2221 nomine
1877 2186 1915 2221 id
1946 2197 2036 2232 opus
2060 2196 2082 2221 a
2105 2196 2207 2223 servo
2229 2190 2292 2222 tuo
2316 2186 2391 2221 fac·

1311 2233 1350 2264 12
1397 2233 1475 2265 tum
1497 2229 1625 2274 fuerit,
1656 2231 1832 2276 agendum
1858 2231 1929 2267 erit
1950 2232 2019 2268 hoc
2041 2231 2242 2268 interdicto.
2289 2231 2392 2267 Simi-

1306 2275 1387 2317 liter
1442 2275 1515 2311 uod
1545 2276 1647 2312 iussu
1676 2276 1776 2312 cuius
1804 2276 1940 2312 factum
1968 2277 2053 2320 erit,
2085 2277 2131 2312 ob
2155 2277 2193 2312 id
2215 2287 2289 2313 non
2313 2287 2392 2312 cum

1308 2330 1360 2363 eo,
1386 2330 1425 2356 se
1458 2320 1490 2342 ²³
1515 2321 1617 2356 cuius
1641 2322 1784 2356 nomine
1802 2321 1959 2365 iusserit,
1982 2323 2073 2358 haec
2093 2322 2189 2358 actio
2209 2325 2274 2358 est.
2309 2332 2392 2357 nam

1307 2365 1337 2401 si
1360 2369 1575 2410 procurator
1597 2369 1697 2401 tutor
1719 2370 1865 2402 curator
1888 2366 2051 2402 duumvir
2073 2367 2273 2412 municipii,
2298 2367 2391 2412 quod

1307 2410 1384 2446 eius
1422 2410 1564 2446 nomine
1598 2414 1722 2456 ageret
1731 2411 1773 2454 ²⁴,
1810 2411 1910 2447 cuius
1950 2412 2131 2457 negotium
2166 2415 2390 2458 procuraret,

1306 2455 1385 2491 fieri
1406 2455 1563 2499 iusserit,
1588 2456 1635 2492 ob
1657 2455 1696 2491 id
1719 2456 1896 2502 agendum
1919 2457 1989 2492 erit
2011 2468 2092 2493 cum
2116 2468 2170 2500 eo,
2202 2457 2303 2493 cuius
2327 2468 2391 2493 no·

1307 2501 1399 2547 mine
1421 2501 1558 2536 factum
1606 2501 1668 2536 uid
1691 2501 1769 2546 erit,
1792 2512 1866 2538 non
1888 2512 1969 2538 cum
1993 2512 2047 2545 eo,
2077 2502 2138 2548 qui
2160 2503 2213 2538 ita
2234 2502 2389 2538 iusserit.

1306 2549 1343 2582 et
1365 2546 1397 2581 si
1419 2546 1485 2581 tibi
1509 2556 1589 2581 man
1617 2557 1742 2590 avero,
1774 2550 1817 2582 ut
1848 2558 1939 2592 opus
1962 2547 2041 2583 fieri
2063 2547 2205 2584 iuberes
2229 2551 2267 2583 et
2287 2548 2326 2583 in
2349 2558 2392 2583 ea

1305 2601 1345 2627 re
1375 2590 1461 2626 mihi
1492 2591 1673 2636 parueris,
1693 2602 1866 2637 ‘mecum,
1903 2593 2035 2638 inquit,
2072 2604 2144 2629 non
2174 2596 2294 2628 tecum
2324 2594 2392 2628 erit

1309 2640 1349 2671 13
1397 2636 1503 2672 actio.
1540 2636 1590 2671 Et
1608 2647 1689 2672 cum
1707 2637 1936 2673 interdictum
1954 2638 2007 2674 sic
2025 2638 2073 2674 sit
2093 2638 2264 2684 scriptum
2283 2637 2391 2683 ‘quod

1307 2681 1352 2716 ‘vi
1375 2684 1441 2716 aut
1463 2681 1555 2717 clam
1579 2681 1712 2718 factum
1737 2683 1816 2726 est’,
1847 2694 1920 2719 non
1948 2683 2001 2718 ita
2025 2683 2133 2729 ‘quod
2155 2683 2190 2719 vi
2213 2686 2277 2718 aut
2300 2683 2391 2719 clam

1307 2726 1458 2770 ‘fecisti',
1489 2727 1597 2763 latius
1627 2727 1764 2774 porrigi
1787 2738 1894 2774 quam
1917 2727 1963 2763 ad
1987 2729 2052 2764 has
2075 2739 2268 2774 personas,
2301 2738 2391 2782 quas

1310 2775 1350 2807 14
1398 2782 1509 2817 supra
1531 2773 1810 2817 numeravimus,
1839 2773 1963 2810 Labeo
1986 2776 2102 2819 putat.
2149 2773 2199 2808 Et
2222 2774 2291 2809 hoc
2313 2783 2391 2809 iure

1305 2817 1458 2861 utimur,
1490 2821 1549 2861 ut,
1577 2818 1651 2853 sive
1674 2828 1739 2863 ego
1762 2818 1929 2854 fecissem
1951 2818 2025 2855 sive
2046 2817 2125 2855 fieri
2147 2818 2252 2861 iussi,
2281 2819 2389 2854 inter·

1306 2862 1400 2898 dicto
1425 2863 1521 2907 quod
1542 2862 1578 2898 vi
1600 2865 1666 2898 aut
1688 2863 1781 2898 clam
1802 2867 1940 2899 tenear.

1351 2905 1377 2945 6
1402 2906 1561 2943 Panos
1588 2908 1679 2944 libro
1702 2910 1957 2955 seoeaqcnsimo
1980 2909 2131 2954 septimo
2163 2908 2213 2944 ad
2233 2907 2388 2944 edictum

1307 2953 1344 2987 Si
1373 2963 1439 2998 ego
1469 2953 1535 2988 tibi
1564 2953 1779 2989 mandavero
1811 2965 1901 2999 opus
1926 2964 2056 2990 novum
2078 2953 2215 2996 facere,
2244 2957 2285 2988 tu
2315 2953 2389 2996 alii,

1306 3008 1378 3033 non
1401 3001 1520 3043 potest
1543 2998 1654 3034 videri
1675 3009 1754 3035 meo
1781 2998 1884 3035 iussu
1913 2999 2068 3035 factum:
2098 2998 2276 3035 teneberis
2304 3009 2388 3043 ergo

1304 3046 1346 3079 tu
1368 3047 1406 3078 et
1426 3042 1504 3079 ille:
1529 3053 1576 3078 an
1598 3047 1636 3078 et
1658 3054 1722 3089 ego
1747 3047 1882 3087 tenear,
1906 3044 2100 3080 videamus.
2140 3046 2176 3078 et
2198 3043 2311 3088 magis
2334 3048 2390 3079 est

1306 3091 1342 3123 et
1364 3098 1436 3132 me,
1461 3087 1523 3132 qui
1544 3088 1683 3123 initium
1707 3089 1759 3124 rei
1782 3089 2038 3134 praestiterim,
2065 3088 2196 3125 teneri:
2230 3088 2294 3124 sed
2316 3099 2388 3124 uno

1306 3144 1350 3169 ex
1372 3133 1428 3169 his
1453 3132 1696 3169 satisfaciente
1721 3135 1830 3170 ceteri
1851 3134 2059 3170 liberantur.

1352 3175 1375 3214 7
1400 3177 1595 3214 Usamus
1610 3178 1701 3214 libro
1719 3180 2009 3226 sepmaqensimo
2021 3179 2146 3226 primo
2166 3179 2216 3215 ad
2234 3178 2387 3216 edictum

1305 3222 1343 3259 Si
1376 3222 1469 3259 alius
1500 3221 1626 3259 fecerit
1654 3234 1711 3260 me
1739 3224 1866 3267 invito,
1897 3225 2046 3261 tenebor
2073 3223 2120 3259 ad
2141 3224 2228 3267 hoc,
2260 3228 2302 3260 ut
2322 3235 2387 3271 pa·

1309 3271 1324 3303 1
1373 3268 1533 3303 tientiam
1559 3272 1749 3314 praestem.
1796 3269 1964 3305 Neratius
1988 3280 2126 3315 quoque
2150 3270 2274 3306 scribit
2296 3279 2387 3313 enm,

1306 3313 1407 3349 cuins
1431 3322 1554 3349 servus
1577 3313 1611 3349 vi
1635 3317 1699 3349 aut
1722 3314 1815 3350 clam
1838 3314 1941 3358 fecit,
1974 3318 2039 3349 aut
2068 3325 2133 3350 sua
2160 3315 2321 3361 impensa
2344 3325 2387 3351 ex

1303 3357 1493 3394 interdicto
1524 3369 1615 3403 opus
1644 3359 1831 3395 restituere
1861 3359 1991 3395 debere
2015 3363 2078 3394 aut
2126 3360 2309 3396 atientiam
2332 3370 2386 3395 re-

1305 3402 1476 3439 stituendi
1504 3409 1689 3448 praestare
1717 3408 1755 3440 et
1784 3415 1924 3441 servum
1953 3415 2067 3440 noxae
2122 3404 2244 3441 edere:
2282 3405 2388 3450 plane

1307 3516 1366 3549 im.
1381 3515 1552 3561 Schultinq
1622 3519 1681 3559 (1⁴)
1706 3527 1774 3550 non
1785 3516 1858 3550 fleri
1869 3517 2021 3561 Krueyer
2085 3519 2143 3556 (15)
2169 3517 2347 3551 denuntiat
2359 3518 2388 3551 S

1306 3561 1366 3602 (16)
1389 3563 1428 3593 ut
1439 3561 1553 3594 venire
1564 3563 1693 3605 scripsi,
1712 3561 1865 3594 umubire
1877 3562 1940 3602 F¹‚
1959 3562 2094 3596 utubire
2107 3562 2160 3596 Ρ*
2251 3565 2309 3604 (1¹1)
2333 3562 2386 3595 vel

1305 3606 1365 3638 im.
1459 3608 1518 3646 (is)
1543 3617 1694 3650 compare
1711 3607 1746 3639 F
1831 3608 1892 3648 (19)
1916 3607 2024 3639 fecisti
2042 3609 2103 3642 ins.
2199 3609 2263 3650 (20)
2288 3618 2384 3642 eura-

2144 3655 2203 3695 (²¹)
2227 3653 2255 3685 Εἰ
2275 3666 2334 3686 om.
2358 3653 2386 3686 F

2185 3698 2248 3739 (24)
2272 3708 2383 3740 agere-

1304 3695 1368 3738 (22)
1391 3695 1482 3728 iunu
1501 3699 1561 3728 aut
1579 3697 1642 3730 del.
1766 3699 1827 3737 (28)
1853 3707 1926 3729 cum
1947 3707 1985 3729 eo
2003 3698 2061 3731 im.

148 3737 211 3779 (nic
220 3737 298 3779 sere
311 3750 338 3769 υ.
353 3738 386 3770 d.
400 3738 492 3780 apud
503 3737 751 3781 Schultn‘nyium)
819 3742 878 3780 (n)
902 3738 946 3771 nit
964 3738 995 3771 F·
1043 3740 1103 3781 (13)
1125 3738 1234 3780 primo
1302 3742 1359 3772 tur
1375 3753 1436 3774 sor.
