2528 3918
128 123 189 155 DE
218 123 513 155 ADEMPTIONE
543 124 802 155 LIBERTA'I'IS

128 243 170 276 10
216 241 316 276 sente
338 248 420 274 eum
441 236 567 274 haberi
589 235 690 272 divus
713 234 800 271 Pius
823 233 1021 280 rescripsit.
1060 232 1216 279 Emptor

127 295 268 332 quoque
290 287 332 320 ut
353 282 598 324 manumittat,
633 280 758 316 eodem
786 283 932 317 senatus
963 280 1127 315 consulto
1151 288 1214 314 ex-

129 334 166 366 11
214 339 381 383 pressum
402 331 468 364 est.
513 326 564 362 Et
592 335 762 371 praesens
796 325 944 362 coheres
967 323 1116 370 perinde
1138 333 1214 360 ma-

127 378 314 418 numttat,
345 378 452 427 atque
484 371 514 408 si
544 371 717 407 traditum
745 381 768 406 a
795 370 972 406 coherede
1002 369 1213 422 accepisset.

128 420 223 466 quod
251 423 288 456 et
315 419 353 454 in
381 416 575 462 impuberis
613 426 769 461 persona
803 414 1008 457 coheredis,
1047 424 1110 460 qm
1141 424 1215 450 non

128 470 207 501 erat
229 468 374 510 rogatus
385 461 646 503 manumittere,
670 461 823 497 eundem
842 460 1041 506 principem
1059 459 1215 512 rescrip-

132 514 170 546 12
218 510 306 546 sisse
329 507 483 544 relatum
507 510 573 542 est.
615 506 685 541 Sed
709 507 739 541 si
763 505 978 541 matrimonii
1002 515 1112 541 causa
1136 514 1214 549 qms

129 554 375 591 manumittere
390 562 432 588 ro
458 555 540 587 atus
565 555 629 594 est,
653 562 727 587 non
749 555 806 587 est
823 551 1002 596 cogendus
1023 560 1102 586 eam
1125 560 1214 585 uxo-

128 611 201 636 rem
225 599 366 639 ducere,
392 562 457 633 seg
479 596 615 632 sufficit
637 595 911 632 fideicommissa
934 596 1094 631 libertas.

172 641 226 681 52
257 642 452 680 Utmzws
478 642 570 678 libro
604 643 727 687 primo
765 652 1020 688 responsorum
1065 640 1214 676 Postea-

127 699 233 735 quam
263 698 287 723 a
316 687 492 723 creditore
523 686 669 722 alienati
698 690 783 722 sunt
815 686 924 728 servi,
961 685 1091 738 quibus
1114 683 1215 720 fidei-

127 732 314 771 commissa
343 733 491 768 libertas
521 732 704 777 adscripta
736 733 825 774 est¹,
857 742 931 768 non
953 731 1022 766 msi
1054 741 1098 766 ex
1118 729 1217 765 iusta

127 789 236 815 causa
260 778 431 814 adversus
455 777 623 813 heredem
646 777 827 812 subveniri
851 777 927 813 eis²
951 786 1068 822 posse.

171 822 224 862 53
257 823 495 859 Mmmzws
521 823 611 858 libro
642 826 773 876 quarto
808 822 1020 869 reqularum
1067 820 1106 856 Si
1136 820 1215 866 quis

126 874 271 915 rogatus
301 868 466 904 ancillam
496 870 747 903 manum1ttere
769 878 907 903 moram
930 866 1072 909 fecerit,
1106 865 1136 901 si
1160 865 1215 900 in-

125 919 224 951 terea
248 913 352 949 enixa
375 913 493 956 fuerit,
520 913 755 948 constitutum
768 917 823 948 est
846 912 1050 948 huiusmodi
1071 914 1216 957 partum

125 960 277 995 liberum
304 958 406 994 nasci
437 962 474 994 et
504 957 646 1003 quidem
675 958 880 1003 ingenuum.
929 957 993 994 sed
1021 960 1107 993 sunt
1130 966 1215 992 con-

126 1005 347 1046 stitutiones,
385 1004 514 1049 quibus
553 1006 700 1039 cavetur
735 1004 855 1039 statim
890 1013 934 1038 ex
964 1013 1034 1048 quo
1065 1002 1216 1038 libertas

126 1049 248 1086 deberi
280 1049 438 1094 coeperit
467 1048 660 1093 ingenuum
690 1049 806 1084 nasci:
848 1052 884 1084 et
914 1049 985 1084 hoc
1017 1047 1130 1092 magis
1161 1050 1218 1082 est

125 1095 201 1131 sine
221 1095 330 1130 dubio
352 1094 579 1139 sequendum,
604 1097 780 1139 quatenus
804 1094 952 1129 libertas
976 1103 1049 1128 non
1065 1092 1215 1138 privata,

125 1140 189 1176 sed
211 1139 356 1186 publica
378 1150 436 1175 res
456 1143 522 1183 est,
546 1143 588 1174 ut
608 1139 703 1174 ultro
727 1139 757 1174 is
782 1139 843 1184 qui
860 1149 939 1175 eam
963 1138 1071 1174 debet
1088 1137 1218 1173 offerre

126 1186 266 1222 debeat.
313 1184 377 1220 sed
415 1184 445 1220 si
481 1184 639 1220 noudum
675 1184 796 1220 debita
833 1185 1000 1220 libertate
1034 1182 1216 1220 fideicom-

126 1231 235 1267 missa
267 1230 398 1266 ancilla
425 1240 471 1275 pe
499 1229 583 1270 erit,
621 1229 739 1265 studio
777 1234 898 1265 tamen
935 1228 1078 1265 heredis
1108 1228 1218 1263 fuerit

126 1276 301 1318 effectum,
324 1279 366 1311 ut
389 1286 460 1310 non
486 1285 547 1309 um
569 1274 717 1310 libertas
743 1274 941 1316 deberetur,
966 1273 1098 1310 veluti³
1121 1273 1218 1318 quod

126 1321 264 1357 tardius
287 1320 363 1356 adit
385 1320 637 1362 hereditatem,
669 1323 710 1354 ut
733 1321 793 1365 qui
824 1320 901 1355 nati
923 1319 996 1355 sint
1017 1329 1063 1355 ex
1086 1318 1218 1354 ancilla

126 1367 218 1402 servi
252 1366 328 1402 eius
367 1365 472 1407 fiant,
513 1365 633 1410 placet
669 1364 989 1408 manumittendos,
1027 1363 1091 1400 sed
1121 1363 1218 1399 tradi

125 1411 231 1447 matri
254 1413 434 1457 oportere,
467 1413 507 1445 ut
536 1410 582 1445 ab
607 1420 650 1446 ea
672 1410 1011 1446 manumitterentur
1040 1413 1077 1445 et
1098 1408 1218 1445 liberti

125 1457 248 1502 potius
285 1456 410 1491 matris
450 1455 555 1491 fiant:
590 1465 674 1491 nam
710 1466 800 1500 quos
836 1455 1005 1500 indignus
1023 1458 1078 1491 est
1113 1455 1217 1490 heres

126 1512 245 1538 servos
267 1502 420 1543 habere,
445 1511 490 1536 ne
514 1500 655 1545 quidem
677 1500 829 1537 libertos
851 1500 1011 1536 habebit.

171 1545 225 1584 54
249 1546 486 1582 Maaczazws
515 1546 606 1582 libro
629 1549 736 1582 sexto
761 1546 898 1582 decimo
924 1545 1218 1591 fideicommisso-

124 1603 205 1627 rum
254 1592 292 1627 Si
313 1594 444 1634 mater,
476 1594 667 1636 postqum
697 1591 810 1626 filium
837 1590 1053 1637 accepisset,
1077 1590 1134 1626 vel
1157 1589 1219 1635 qui

126 1638 162 1673 in
193 1638 268 1673 eius
298 1637 418 1673 locum
447 1636 622 1672 successit
650 1640 836 1682 praestare
865 1637 981 1672 noluit
1002 1636 1218 1677 libertatem,

126 1682 361 1728 compellendi
392 1686 494 1717 sunt:
527 1681 679 1727 amplius
716 1682 747 1717 si
777 1685 892 1718 mater
920 1685 985 1717 aut
1013 1681 1125 1718 nollet
1148 1680 1219 1716 sibi

125 1728 236 1763 filium
259 1727 354 1763 tradi
388 1731 452 1762 aut
474 1727 512 1762 in
535 1737 655 1763 rerum
684 1731 815 1763 natura
840 1737 918 1763 esse
942 1727 1111 1769 desisset,
1145 1736 1217 1762 non

125 1774 171 1808 ab
195 1783 236 1810 re
267 1776 322 1808 est
344 1772 477 1815 dicere,
515 1772 626 1808 nihilo
655 1773 774 1808 minus
801 1773 854 1808 ita
883 1773 978 1808 natis
1010 1772 1056 1807 ab
1087 1771 1218 1807 herede

125 1819 326 1854 libertatem
348 1817 537 1863 praestari.

171 1862 223 1902 55
248 1863 485 1899 Mammas
506 1863 596 1898 libro
621 1866 752 1908 quarto
776 1863 987 1909 reyularum
1034 1861 1106 1898 Sed
1129 1865 1165 1897 et
1187 1862 1218 1897 si

125 1920 198 1945 non
222 1909 307 1944 data
330 1918 442 1954 opera
463 1907 603 1943 tardius
622 1907 762 1950 adierit,
787 1907 852 1943 sed
875 1907 959 1943 dum
984 1907 1029 1943 de
1052 1907 1218 1943 adeunda

125 1955 321 1990 hereditate
346 1953 530 1994 deliberat,
555 1953 648 1988 idem
673 1953 829 1988 dictum⁴
860 1956 925 1989 est.
972 1957 1009 1988 et
1037 1953 1070 1988 si
1091 1956 1219 1998 postea

126 2000 290 2045 cognovit
309 2009 347 2035 se
364 1998 531 2035 heredem
548 1998 765 2042 institutum,
790 2009 897 2044 quam
915 1997 1046 2034 ancilla
1064 1998 1216 2043 peperit,

124 2046 244 2091 placet
278 2045 347 2079 hoc
390 2054 530 2088 quoque
566 2053 654 2079 casu
696 2043 976 2079 subveniendum
1008 2053 1105 2079 esse:
1147 2043 1217 2078 hoc

124 2096 247 2126 tamen
282 2100 368 2125 casu
407 2089 485 2134 ipse
518 2088 770 2124 manumittere
809 2088 970 2130 debebit,
1007 2099 1080 2124 non
1110 2088 1218 2123 matri

129 2139 143 2170 1
193 2134 346 2170 tradere.
396 2134 468 2169 Sed
496 2134 527 2169 si
559 2134 694 2170 directo
725 2134 872 2169 libertas
904 2133 990 2168 data
1019 2132 1129 2169 fuerit
1152 2143 1216 2168 an-

126 2180 228 2216 cillae
252 2184 289 2215 et
304 2180 434 2214 horum
457 2179 591 2224 aliquid
608 2179 776 2220 evenerit,
801 2177 1099 2223 quemadmodum
1123 2178 1218 2213 natis

126 2225 382 2263 subvenietur?
418 2234 501 2259 nam
531 2224 582 2259 ibi
611 2224 753 2269 quidem
782 2225 917 2269 petitur
944 2223 1219 2260 fideicommissa

125 2271 274 2306 libertas
303 2274 339 2306 et
366 2273 513 2315 praetor
540 2269 698 2314 parvulis
728 2269 907 2305 subvenit:
945 2279 1027 2304 cum
1056 2279 1139 2305 vero
1164 2268 1218 2304 di-

126 2319 224 2351 recto
258 2315 405 2350 libertas
440 2314 563 2357 datur,
599 2325 672 2349 non
705 2314 850 2359 petitur.
908 2314 972 2349 sed
1006 2314 1114 2350 etiam
1147 2314 1217 2350 hoc

127 2371 215 2397 casu
236 2364 325 2406 puto
344 2363 429 2395 nato
453 2360 735 2395 subveniendum
757 2370 846 2403 esse,
872 2363 912 2394 ut
929 2359 1047 2395 aditus
1070 2363 1219 2404 praetor

126 2407 163 2441 in
191 2415 267 2441 rem
298 2405 405 2440 matri
434 2404 605 2441 decernat
635 2405 812 2440 actionem
844 2404 1007 2450 exemplo
1036 2404 1217 2440 fideicom-

126 2451 311 2487 missariae
339 2450 527 2486 libertatis.
574 2451 627 2485 sic
660 2450 810 2494 denique
844 2454 878 2485 et
906 2450 1100 2486 Marcellus
1124 2450 1218 2486 libro

127 2500 229 2532 sexto
254 2496 388 2532 decimo
414 2495 632 2540 digestorum
665 2495 808 2540 scripsit
833 2500 868 2530 et
891 2500 976 2531 ante
997 2495 1132 2530 aditam
1155 2496 1216 2531 he-

126 2542 313 2578 reditatem
334 2541 537 2586 usucaptis,
570 2541 630 2584 qui
651 2544 866 2576 testamento
890 2540 1099 2576 manumissi
1122 2544 1217 2582 sunt,

127 2586 405 2623 subveniendum
429 2595 518 2627 esse,
543 2590 584 2620 ιιι
607 2585 657 2620 eis
681 2586 827 2621 libertas
841 2589 1071 2621 conservetur
1094 2586 1219 2630 utique

127 2642 191 2677 per
230 2635 447 2677 praetorem,
489 2630 648 2676 quamvis
689 2630 745 2665 his
786 2634 822 2665 et
859 2630 1050 2675 imputari⁵
1091 2632 1217 2676 possit,

128 2687 239 2722 quare
261 2676 428 2720 usucapti
451 2679 551 2711 sunt:
580 2676 618 2710 in
642 2675 800 2720 parvulis
824 2679 944 2710 autem
967 2675 1068 2711 nulla
1091 2676 1217 2721 depre-

127 2722 294 2757 henditur
318 2721 436 2765 culpa.

175 2765 228 2804 56
252 2765 493 2802 Manantes
520 2765 611 2800 libro
636 2765 819 2811 sinqulari
838 2775 1095 2812 responsorum
1141 2765 1215 2801 Lu-

129 2812 204 2847 cius
229 2811 345 2846 Titius
374 2814 588 2846 testamento
619 2810 672 2845 ita
703 2810 814 2846 cavit:
852 2810 894 2845 ‘si
918 2821 1008 2855 quos
1033 2810 1216 2847 codicillos

129 2857 333 2902 ‘reliquero,
357 2855 476 2891 valere
498 2855 592 2891 volo.
628 2855 659 2890 si
681 2855 759 2900 quis
783 2855 870 2890 mihi
893 2866 937 2891 ex
961 2856 1094 2897 Paula,
1124 2867 1217 2901 quae

129 2906 233 2938 ‘uxor
261 2911 342 2937 mea
371 2900 458 2944 fuit,
497 2901 594 2935 intra
630 2901 753 2937 decem
782 2911 921 2937 menses
951 2905 1058 2936 natus
1088 2906 1217 2937 natave

129 2949 219 2990 ‘erit,
242 2957 287 2982 ex
310 2947 456 2982 semisse
478 2945 629 2981 heredes
652 2949 770 2982 sunto.
820 2945 932 2981 Gaius
958 2947 1061 2982 Seius
1093 2957 1138 2982 ex
1161 2957 1216 2982 se-

130 2993 248 3028 ‘misse
281 2991 385 3027 heres
419 2995 508 3027 esto.
568 2990 729 3026 Stichum
763 2994 800 3027 et
833 2991 1060 3037 Pamphilum
1096 3002 1216 3027 servos

130 3041 238 3073 ‘meos
261 3040 297 3072 et
319 3037 468 3072 Erotem
490 3039 527 3072 et
548 3034 596 3071 Di
621 3035 734 3071 hilum
759 3040 843 3081 peto
873 3040 910 3072 et
938 3036 1022 3072 fidei
1044 3037 1216 3072 heredum

130 3082 338 3126 ‘committo‚
369 3085 427 3123 ut,
460 3091 542 3117 cum
570 3091 592 3116 a
647 3081 872 3126 pubertatem
901 3081 1007 3117 liberi
1040 3082 1110 3117 mei
1133 3092 1215 3127 per-

131 3127 311 3170 ‘venerint,
334 3126 632 3162 manumittant’0.
675 3126 801 3163 deinde
823 3126 1016 3163 novissima
1038 3130 1142 3172 parte
1165 3128 1217 3162 ita

131 3172 241 3207 cavit:
274 3171 381 3217 ‘quod
403 3172 435 3207 si
457 3171 544 3207 mihi
564 3171 669 3206 liberi
691 3172 768 3207 nati
790 3182 863 3208 non
892 3176 997 3207 erunt
1028 3176 1091 3207 aut
1121 3173 1218 3207 intra

131 3218 366 3262 ‘pubertatem
396 3216 631 3258 decesserint,
670 3220 758 3252 tunc
788 3216 960 3252 heredes⁷
994 3227 1039 3253 ex
1066 3218 1216 3262 paribus

132 3262 305 3307 ‘partibus
338 3265 443 3297 sunto
478 3261 621 3297 Mucius
654 3264 693 3297 et
722 3261 894 3297 Maevius.
947 3262 1083 3308 legata,
1123 3273 1218 3308 quae

132 3307 262 3352 ‘priore
298 3310 531 3348 testamento,
570 3316 640 3352 quo
677 3305 771 3342 filios
809 3311 845 3341 et
881 3306 1001 3343 Seium
1011 3309 1036 3350 ⁸,
1075 3308 1216 3353 reliqui,

132 3355 139 3369 ‘
167 3351 318 3387 raestari
339 3352 438 3395 volo,
469 3352 539 3388 hoc
563 3356 619 3388 est
641 3355 678 3387 et
701 3361 724 3387 a
747 3352 976 3404 sequentibus
999 3353 1215 3388 heredibus'.

156 3396 259 3432 einde
281 3396 451 3433 codicillis
480 3397 534 3432 ita
558 3396 668 3432 cavit:
709 3396 855 3433 ‘Lucius
879 3397 994 3433 Titius
1022 3398 1217 3434 heredibus

131 3441 265 3487 ‘primis
289 3445 324 3477 et
347 3442 549 3478 substitutis
571 3442 735 3478 salutem.
780 3446 876 3487 peto,
901 3446 942 3477 ut
965 3452 1007 3478 ea
1030 3453 1122 3488 quae
1145 3447 1218 3479 tes-

131 3490 290 3523 tamento
314 3486 392 3522 cavi
421 3488 532 3532 legavi
555 3491 592 3523 et
613 3496 657 3522 ea
680 3497 773 3532 quae
801 3486 973 3523 codicillis
1005 3498 1132 3524 cavero
1163 3489 1216 3524 le-

132 3606 171 3643 (1)
197 3605 281 3636 esset
292 3604 343 3635 F²
434 3604 477 3642 (2)
502 3603 532 3635 is
544 3602 606 3642 F¹,
626 3602 657 3635 ei
672 3601 722 3634 F²
813 3601 857 3643 (3)
880 3599 987 3633 veluti
999 3601 1060 3643 F¹,
1080 3601 1134 3635 vel
1145 3601 1216 3634 uti-

133 3646 260 3688 queF²
318 3650 360 3689 (4)
385 3647 602 3680 dicendums
661 3648 703 3688 (5)
729 3645 828 3679 etiam
839 3646 952 3688 putari
963 3646 1016 3678 F²
1078 3651 1121 3684 (6)
1146 3657 1217 3678 ma-

133 3692 337 3725 numittatF
427 3694 469 3732 (Ἰ)
494 3691 670 3726 heredibus
682 3692 716 3724 F
810 3695 853 3729 (8)
878 3691 1013 3723 heredes
1025 3691 1141 3734 scripsi
1154 3693 1215 3724 ins.

136 3739 179 3771 (9)
204 3739 380 3772 quaeretur
395 3738 428 3769 F
511 3739 570 3776 (10)
595 3737 653 3779 qui
666 3749 724 3768 om.
740 3736 775 3769 F

1208 107 1292 156 629

2017 111 2188 155 XXXX
2219 115 2257 152 5.
2283 113 2321 153 6.
2349 112 2371 151 7

1285 236 1437 279 ‘gavero,
1461 232 1675 279 praestetis'.
1724 245 1876 279 quaero,
1909 246 1991 271 cum
2013 235 2118 272 liberi
2139 235 2254 272 Lucio
2278 235 2373 272 Titio

1284 279 1360 314 nati
1392 290 1464 314 non
1496 279 1585 321 sint,
1621 289 1669 313 an
1699 278 1820 314 Sticho
1853 284 1889 314 et
1917 281 2104 326 Pamphilo
2136 285 2173 317 et
2203 281 2308 317 Eroti
2340 285 2374 316 et

1283 324 1428 369 Diphilo
1453 324 1563 360 servis
1588 322 1774 360 confestim
1798 324 2070 362 fideicommissa
2098 326 2246 362 libertas
2268 337 2373 371 prae·

1284 369 1375 404 stari
1398 369 1536 405 debeat.
1574 368 1768 404 Marcellus
1792 371 1977 414 respondit
1999 372 2256 413 condicionem,
2283 382 2373 417 quae

1282 414 1443 450 libertati
1468 424 1611 456 eorum,
1637 414 1680 449 de
1727 414 1834 450 uibus
1858 420 2089 459 quaereretur
2099 418 2124 458 ⁹,
2157 418 2188 452 si
2218 416 2280 452 filii
2311 418 2373 452 he-

1283 459 1386 495 redes
1412 459 1649 502 exstitissent,
1683 469 1704 494 a
1730 459 1848 504 posita
1872 464 1982 503 esset,
2014 463 2201 506 repetitam
2227 472 2300 497 non
2323 462 2374 496 vi-

1284 505 1361 540 deri
1383 504 1534 557 ideoque
1568 504 1756 540 confestim
1787 504 1989 540 libertatem
2019 507 2273 551 praestandam
2296 517 2374 542 esse

1283 554 1320 585 et
1343 560 1365 584 a
1388 550 1511 594 primls
1537 553 1573 584 et
1595 560 1618 585 a
1640 549 1847 585 substitutis
1859 550 2071 587 heredibus:
2096 562 2178 586 nam
2202 556 2242 587 ut
2266 563 2375 598 supra

1284 595 1457 639 scriptum
1493 599 1567 637 est,
1609 595 1720 641 petit,
1761 598 1801 630 ut
1841 605 1933 639 quae
1966 600 2179 632 testamento
2224 598 2375 632 cavisset

1282 643 1573 685 praestarentur,
1613 640 1709 676 cavit
1738 643 1858 675 autem
1883 640 1926 675 de
1956 640 2123 677 libertate
2155 651 2277 678 eorum
2302 653 2374 678 ser-

1283 696 1420 721 vorum.
1469 686 1595 730 atquin
1627 685 1694 721 sub
1728 685 1936 721 condicione
1969 686 2063 720 cavit
2085 690 2139 728 et,
2174 687 2205 722 si
2229 688 2374 722 alterius

1284 730 1425 775 generis
1458 730 1620 766 condicio
1654 734 1767 773 esset,
1800 730 2043 775 exspectanda
2067 735 2174 766 esset:
2211 732 2272 767 sed
2304 743 2375 767 non

1285 779 1341 811 est
1363 775 1569 813 verisimile.
1602 778 1644 811 ut
1671 776 1742 811 hoc
1771 775 1810 810 in
1832 776 1903 810 ista
1926 775 2134 811 condicione
2158 777 2375 822 cogitaverit.

1287 832 1368 856 cum
1400 820 1484 856 fidei
1514 821 1791 856 substitutorum
1821 821 2073 863 committeret,
2106 822 2167 866 qui
2180 824 2206 842 ¹⁰
2237 822 2375 857 admitti

1286 866 1332 901 ad
1355 865 1589 902 hereditatem
1612 877 1684 902 non
1708 869 1874 911 possent,
1906 867 1936 902 si
1965 867 2175 910 impleretur
2201 867 2373 903 condicio.

1777 1004 1833 1042 VI
1844 1004 1884 1044 ¹¹.

1484 1070 1546 1103 DE
1571 1070 1873 1103 ADEMPTIONE
1897 1070 2179 1103 LIBERTATIS.

1334 1136 1353 1174 1
1395 1136 1621 1172 Tmmmvs
1656 1135 1836 1171 CLEMENS
1868 1135 1960 1171 libro
1999 1140 2124 1172 octavo
2160 1136 2296 1172 decimo
2331 1137 2379 1171 ad

1285 1182 1397 1230 leqem
1430 1181 1564 1218 Iuliam
1590 1184 1625 1216 et
1649 1180 1805 1227 Papiam
1853 1180 1942 1216 Cum
1971 1180 2119 1216 libertas
2143 1181 2219 1226 lege
2244 1181 2378 1216 adima-

1284 1232 1355 1271 tur,
1381 1231 1444 1262 aut
1466 1238 1532 1272 pro
1551 1237 1622 1262 non
1648 1226 1733 1261 data
1751 1226 1876 1261 haberi
1900 1227 2007 1262 debet
2030 1231 2094 1261 aut
2113 1231 2209 1262 certe
2233 1227 2378 1272 perinde

1286 1273 1485 1316 observari,
1510 1283 1554 1308 ac
1578 1272 1608 1307 si
1632 1282 1655 1307 a
1678 1274 1851 1307 testatore
1875 1272 2042 1317 adempta
2065 1276 2172 1308 esset.

1772 1411 1849 1449 VII
1860 1410 1900 1449 ²².

1621 1476 1684 1509 DE
1708 1476 2047 1509 STATULIBERIS.

1336 1541 1354 1579 1
1391 1542 1448 1578 ΡΑ
1456 1552 1551 1578 vsvs
1583 1543 1674 1578 libro
1714 1543 1840 1589 quinto
1875 1542 1925 1577 ad
1961 1541 2136 1578 Sabinum
2184 1541 2379 1582 Statulibet

1287 1590 1357 1630 est,
1389 1588 1449 1632 qui
1472 1591 1645 1623 statutam
1677 1591 1713 1622 et
1746 1587 1960 1624 destinatam
1989 1588 2027 1622 in
2048 1591 2189 1632 tempus
2213 1588 2270 1623 vel
2294 1599 2377 1624 con-

1291 1637 1303 1667 l
1355 1633 1532 1669 dicionem
1555 1633 1758 1670 libertatem
1782 1633 1892 1669 habet
1904 1634 1942 1667 ¹³.
1988 1633 2098 1668 Fiunt
2121 1638 2241 1668 autem
2266 1637 2379 1668 statu-

1285 1678 1389 1714 liberi
1412 1679 1467 1714 vel
1491 1678 1700 1715 condicione
1719 1688 1889 1724 expressa
1912 1678 1968 1714 vel
1986 1678 2020 1712 vi
2042 1678 2133 1723 ipsa.
2171 1678 2379 1714 condicione

1287 1734 1458 1769 expressa
1518 1724 1582 1759 uid
1615 1727 1688 1766 est,
1723 1724 1954 1759 manifestum
1987 1727 2051 1758 est.
2099 1724 2134 1758 vi
2164 1723 2262 1768 ipsa,
2299 1735 2380 1759 cum

1287 1769 1475 1805 creditoris
1515 1769 1691 1805 raudandi
1715 1779 1822 1804 causa
1845 1769 2162 1804 manumittuntur:
2188 1779 2272 1804 nam
2296 1769 2379 1804 dum

1285 1814 1463 1850 incertum
1494 1818 1568 1857 est,
1605 1825 1653 1850 an
1685 1814 1839 1850 creditor
1869 1814 1948 1849 iure
1971 1824 2036 1849 suo
2060 1817 2201 1856 utatur,
2239 1814 2379 1849 interim

1287 1859 1490 1895 statuliberi
1507 1863 1602 1902 sunt,
1628 1860 1797 1905 quoniam
1820 1859 1921 1895 fraus
1946 1870 2029 1894 cum
2048 1859 2178 1895 effectu
2194 1859 2221 1880 ¹⁴
2243 1860 2282 1894 in
2302 1860 2380 1904 lege

1285 1905 1390 1940 Aelia
1413 1905 1537 1941 Sentia
1559 1905 1637 1940 acci
1663 1905 1746 1940 itur.

1333 1948 1359 1987 2
1390 1950 1586 1986 ULPJANUS
1606 1950 1633 1985 li
1655 1961 1697 1985 ro
1722 1953 1853 1996 quarto
1878 1950 1928 1986 ad
1950 1949 2124 1986 Sabinum
2173 1949 2242 1994 Qui
2265 1953 2379 1985 statu-

1285 1995 1390 2030 liberi
1414 2005 1560 2030 causam
1583 1995 1837 2041 adprehendit,
1867 1995 1906 2030 in
1929 2005 1973 2031 ea
1998 1994 2206 2031 condicione
2231 1999 2296 2037 est,
2329 1999 2379 2039 ut,

1286 2040 1359 2076 sive
1382 2040 1559 2083 tradatur,
1584 2041 1682 2076 salva
1705 2050 1769 2085 spe
1788 2040 1965 2076 libertatis
1990 2040 2175 2084 alienetur,
2201 2040 2275 2076 sive
2295 2051 2379 2076 usu-

1286 2085 1463 2131 capiatur,
1489 2096 1571 2121 cum
1594 2096 1661 2121 sua
1686 2096 1797 2121 causa
1820 2086 2068 2138 usucapiatur,
2093 2085 2167 2121 sive
2189 2086 2379 2121 manumit-

1284 2134 1395 2173 tatur,
1420 2141 1493 2166 non
1516 2131 1646 2176 perdat
1670 2141 1770 2175 spem
1791 2131 1904 2166 orcini
1926 2131 2056 2166 liberti.
2094 2130 2158 2166 sed
2181 2131 2380 2166 statuliberi

1286 2186 1435 2211 causam
1464 2186 1537 2211 non
1565 2176 1668 2221 prius
1701 2186 1825 2211 servus
1858 2176 2080 2212 nanciscitur
2111 2176 2181 2211 nisi
2204 2175 2302 2211 adita
2325 2177 2381 2211 vel

1286 2221 1332 2257 ab
1356 2231 1428 2256 uno
1453 2231 1498 2256 ex
1520 2221 1694 2257 institutis
1719 2221 1934 2257 hereditate:
1961 2226 2120 2257 ceterum
2142 2224 2228 2256 ante
2251 2221 2380 2257 aditio-

1285 2277 1366 2303 nem
1386 2266 1460 2302 sive
1477 2267 1640 2302 tradetur
1661 2266 1733 2303 sive
1752 2267 1987 2312 usucapietur
2005 2267 2078 2302 sive
2098 2266 2379 2309 manumittetur,

1289 2315 1304 2347 1
1356 2322 1438 2357 spes
1469 2315 1627 2347 statutae
1658 2312 1836 2347 libertatis
1868 2311 2059 2348 intercidit.
2108 2311 2178 2347 Sed
2210 2312 2242 2347 si
2263 2311 2379 2357 impu-

1285 2357 1381 2393 beris
1413 2357 1548 2392 tabulis
1579 2357 1728 2393 libertas
1766 2367 1866 2393 servo
1899 2357 1946 2392 sit
1986 2357 2104 2392 adseri
2131 2360 2186 2399 ta,
2223 2366 2270 2391 an
2300 2358 2378 2392 vivo

1285 2403 1439 2448 pupillo,
1481 2407 1566 2447 post
1594 2403 1788 2438 aditionem
1816 2402 1981 2438 videlicet
2013 2367 2222 2437 hereditatis
2253 2403 2379 2447 patris,

1287 2448 1477 2483 statuliber
1499 2447 1572 2483 sit?
1597 2448 1741 2483 Cassius
1766 2451 1890 2492 negat:
1920 2447 2083 2483 Iulianus
2108 2451 2234 2482 contra
2259 2447 2379 2482 existi-

1288 2496 1308 2527 2
1354 2498 1439 2536 mat,
1465 2502 1557 2538 quae
1580 2493 1758 2528 sententia
1781 2493 1898 2528 verior
1921 2493 2086 2528 habetur.
2121 2492 2209 2527 Plus
2234 2492 2379 2538 scripsit

1286 2538 1446 2573 Iulianus
1483 2541 1519 2573 et
1549 2538 1580 2573 si
1610 2538 1749 2583 legatus
1783 2538 1830 2573 sit
1859 2548 1982 2574 servus
2018 2538 2063 2573 ab
2095 2537 2226 2573 herede
2249 2538 2376 2583 patris,

1285 2584 1377 2619 liber
1409 2593 1488 2619 esse
1511 2583 1631 2619 iussus
1661 2583 1698 2618 in
1720 2583 1959 2629 pupillaribus
1988 2582 2138 2624 tabulis,
2172 2583 2379 2628 praevalere

1286 2632 1306 2664 3
1353 2628 1530 2664 libertatis
1562 2628 1754 2664 dationem.
1802 2628 1840 2664 Si
1874 2628 1996 2674 primis
2027 2627 2160 2664 tabulis
2192 2628 2260 2664 sub
2293 2639 2378 2664 con-

1286 2673 1426 2710 dicione
1458 2683 1580 2709 servus
1612 2685 1693 2709 cum
1722 2674 1887 2709 libertate
1912 2684 1957 2709 ex
1979 2677 2083 2719 parte
2106 2672 2252 2708 dimidia
2273 2673 2379 2709 heres

1286 2720 1332 2755 sit
1365 2718 1569 2760 institutus,
1611 2730 1657 2754 an
1695 2719 1898 2754 statuliberi
1936 2729 2082 2754 causam
2122 2718 2302 2763 optineat,
2337 2722 2378 2753 ut

1285 2765 1442 2800 adeunte
1466 2765 1642 2800 coherede
1660 2775 1741 2799 cum
1759 2774 1826 2799 sua
1847 2775 1958 2799 eausa
1975 2764 2232 2810 usucapiatur?
2260 2765 2377 2799 ¹⁵cum

1286 2820 1308 2844 a
1332 2809 1523 2855 semetipso
1554 2810 1733 2863 acceperit
1763 2810 1983 2851 libertatem,
2016 2820 2089 2845 non
2119 2813 2240 2854 potest
2262 2813 2377 2844 statu-

1284 2855 1389 2891 liberi
1412 2865 1559 2890 causam
1583 2859 1755 2899 optinere.
1822 2855 1903 2890 lane
1927 2855 1958 2891 si
1982 2854 2144 2891 condicio
2168 2854 2377 2889 hereditatis

1286 2900 1440 2942 deficiat,
1466 2911 1535 2945 quo
1562 2911 1650 2935 casu
1674 2910 1783 2939 secun
1810 2911 1869 2934 um
1893 2900 2071 2935 Iulianum
2095 2899 2151 2935 vel
2176 2899 2376 2935 libertatem

1285 2945 1478 2990 apiscitur,
1512 2945 1701 2980 dicendum
1726 2949 1780 2980 est
1804 2945 2007 2981 statuliberi
2031 2955 2177 2980 eausam
2202 2944 2373 2988 optinere,

1286 3001 1328 3025 eo
1353 2990 1450 3035 quod
1472 3001 1546 3026 non
1570 3001 1592 3025 a
1616 2991 1825 3035 semetipso,
1858 2990 1922 3026 sed
1945 3001 1968 3026 a
1991 2990 2166 3026 coherede
2196 2989 2376 3033 accepisse

1286 3038 1307 3070 4
1353 3036 1553 3070 libertatem
1596 3035 1762 3071 creditur.
1822 3034 2054 3088 Quocumque
2089 3034 2201 3080 gradu
2239 3033 2374 3078 pupillo

1286 3091 1408 3115 servus
1442 3091 1523 3115 cum
1553 3080 1718 3115 libertate
1742 3080 1959 3116 substitutus
1982 3086 2040 3121 Sit,
2072 3078 2264 3115 necessarii
2289 3088 2373 3112 cau-

1286 3136 1362 3160 sam
1387 3125 1540 3169 optinet:
1574 3135 1666 3170 quae
1691 3126 1868 3161 sententia
1891 3126 2057 3160 utilitatis
2090 3133 2200 3160 causa
2230 3127 2375 3166 recepta

1285 3175 1340 3206 est
1364 3175 1399 3205 et
1423 3181 1445 3205 a
1467 3170 1572 3205 nobis
1594 3170 1781 3215 probatur.
1830 3171 1954 3206 Celsus
1985 3180 2126 3215 quoque
2155 3171 2259 3213 putat
2281 3168 2373 3202 libro

1286 3215 1408 3261 quinto
1441 3215 1576 3251 decimo
1611 3226 1692 3250 cum
1722 3216 1886 3251 libertate
1917 3216 2149 3251 substitutum
2173 3211 2373 3248 statuliberi

1286 3271 1431 3297 causam
1455 3261 1625 3305 optinere.

1332 3304 1357 3344 3
1381 3305 1490 3341 IDEM
1510 3306 1600 3342 libro
1624 3306 1814 3342 vicensimo
1838 3306 1988 3352 septimo
2013 3304 2062 3338 (ια’
2083 3302 2257 3338 Sabinum
2293 3301 2371 3353 Sta-

1287 3351 1458 3386 tuliberos
1483 3350 1684 3386 condicioni
1732 3361 1835 3387 arere
1859 3352 2017 3395 oportet,
2043 3348 2073 3383 si
2096 3357 2199 3382 nemo
2224 3356 2284 3382 eos
2307 3356 2371 3380 1m-

1289 3401 1303 3431 1
1352 3395 1475 3441 pediat
1500 3400 1535 3431 et
1558 3396 1605 3431 sit
1626 3362 1787 3432 condicio
1810 3394 2002 3440 possibilis.
2038 3393 2107 3428 Sed
2127 3391 2157 3426 si
2176 3392 2213 3426 in
2232 3391 2372 3443 heredis

1285 3451 1441 3486 persona
1468 3441 1590 3476 iussus
1621 3442 1668 3477 sit
1695 3451 1822 3486 parere
1854 3438 2072 3480 condicioni,
2103 3436 2188 3481 quid
2217 3435 2288 3488 dici
2311 3435 2371 3470 de-

1286 3487 1393 3522 beat?
1429 3486 1459 3521 si
1490 3486 1632 3531 quidem
1660 3487 1782 3531 paruit
1811 3483 2027 3523 condicioni,
2063 3482 2183 3517 statim
2206 3481 2296 3516 hber
2319 3483 2374 3515 est

1332 3604 1386 3639 (11)
1411 3600 1476 3634 Ed.
1489 3617 1536 3624 -—
1548 3600 1632 3633 Bas.
1647 3601 1702 3639 48,
1717 3607 1745 3639 5,
1757 3606 1771 3632 1

1332 3646 1390 3686 (12)
1415 3646 1614 3683 Sab.1...1s;
1632 3646 1698 3678 Ed.
1713 3649 1835 3679 19...32;
1855 3641 1940 3683 Pap.
1954 3647 2079 3678 samse:
2095 3639 2183 3681 App.
2199 3646 2316 3672 39...42.
2330 3659 2354 3662 —

1288 3691 1371 3723 Bas.
1386 3691 1441 3731 48,
1462 3698 1490 3731 5,
1511 3697 1598 3724 2...43
1737 3689 1793 3728 (13)
1818 3686 1943 3719 habent
1962 3686 1997 3718 F
2126 3688 2182 3724 114)
2208 3684 2323 3716 effecto
2343 3683 2373 3718 F

1288 3738 1345 3776 (15)
1370 3737 1403 3767 et
1414 3736 1474 3769 ins.
