2528 3918
136 144 380 176 FALCIDIAM

133 256 178 290 ab
202 255 280 299 ipso
305 258 340 290 et
365 265 455 300 quae
480 265 502 289 a
524 254 660 300 pupillo
685 253 769 289 data
792 253 952 297 fuerant,
977 265 1060 299 pars
1099 258 1229 300 quarta

133 301 307 336 bonorum
344 300 441 345 apud
479 310 559 335 eum
602 302 794 334 remaneat.
841 299 924 334 licet
961 300 1053 334 enim
1091 300 1226 345 pupillo

132 346 234 382 heres
258 346 425 390 exsistat,
455 348 573 381 tamen
598 345 694 380 circa.
724 345 836 389 legem
860 345 1056 380 Falcidiam
1081 345 1228 391 perinde

132 391 222 427 ratio
257 391 412 427 habetur
442 401 485 426 ac
522 390 553 426 si
586 390 681 435 patri
709 390 813 426 heres
837 390 1041 426 exstitisset.
1073 402 1138 426 nec
1163 391 1227 426 ali-

134 444 187 471 ter
219 437 445 482 augebuntur
474 436 610 480 legata,
653 445 742 480 quae
778 435 824 470 ab
848 435 926 480 ipso
953 436 1048 470 ultra
1073 436 1226 472 dodran-

133 487 203 517 tem
228 483 311 517 data
343 483 503 524 fuerant,
537 491 643 525 quam
689 484 883 525 augentur,
923 492 1003 516 cum
1044 492 1087 516 ex
1124 486 1227 527 parte

132 528 236 563 heres
259 527 444 562 institutus
477 530 512 561 et
542 525 709 561 coheredi
739 537 805 561 suo
846 526 1061 561 substitutus
1095 527 1225 562 delibe-

133 576 234 607 rante
260 572 433 608 coherede
457 571 585 616 legata,
609 571 733 606 habita
757 571 896 606 ratione
921 572 1007 617 legis
1032 572 1224 615 Falcidiae,

132 617 246 659 solvit,
273 617 399 653 deinde
411 628 455 652 ex
477 616 729 652 substitutione
749 616 899 652 alteram
923 627 1064 663 quoque
1088 622 1224 662 partem

132 662 341 698 hereditatis
366 662 542 708 adquirat.

179 706 230 746 88
261 709 488 743 AFRICANUS
537 707 627 743 libro
674 708 799 753 quinto
845 708 1093 753 quaestionum
1157 708 1225 753 Qui

131 754 390 833 quadringenta
414 753 590 795 habebat,
624 756 786 788 trecenta
810 753 959 798 legavit:
992 753 1119 789 deinde
1142 753 1224 788 fun-

156 810 214 833 um
239 799 304 835 tibi
330 798 473 843 dignum
507 801 648 833 centum
679 798 796 833 aureis
829 799 896 834 sub
921 799 989 833 hac
1015 799 1225 835 condicione

131 844 268 889 legavit,
295 844 325 879 si
348 844 417 896 legi
428 843 612 878 Falcidiae
637 843 674 878 in
698 847 910 879 testamento
936 855 1000 879 suo
1026 844 1127 880 locus
1151 855 1223 880 non

131 893 240 925 esset:
273 893 472 934 quaeritur,
500 888 584 933 quid
615 888 702 924 iuris
735 892 800 924 631.
850 889 922 924 dixi
945 892 1021 923 τῶν
1050 885 1223 935 ἀπόρων1

130 936 223 970 116116
248 935 491 980 (111663110116111
516 944 610 976 6336,
647 934 706 979 (1111
741 938 918 969 1166161113
943 935 1041 980 apud
1065 934 1222 971 dialecti-

131 991 192 1015 cos
216 982 280 1014 τοῦ
302 978 547 1026 ψευδομένουῖ
572 979 714 1015 dicitur.
740 980 869 1016 etenim
895 980 1067 1025 quidquid
1091 981 1222 1017 consti-

130 1026 302 1061 tuerimus
334 1035 456 1060 verum
487 1035 581 1068 esse,
622 1024 752 1060 falsum
783 1026 1018 1070 repperietur.
1067 1036 1221 1070 namque

130 1071 159 1106 si
184 1071 338 1116 legatum
361 1071 426 1106 tibi
451 1071 573 1106 datum
597 1071 714 1106 valere
738 1071 917 1114 dicamus,
947 1071 1017 1116 legi
1040 1071 1223 1107 Falcidiae

130 1117 232 1152 locus
257 1117 322 1151 erit
346 1116 497 1161 ideoque
523 1116 710 1151 deficiente
740 1116 950 1152 condicione
981 1128 1053 1152 non
1078 1117 1221 1152 debebi-

129 1166 199 1197 tur.
226 1173 349 1197 rursus
374 1162 415 1204 si,
441 1162 523 1206 quia
548 1162 710 1197 condicio
736 1161 887 1204 deficiat,
913 1162 1069 1207 legatum
1093 1162 1220 1197 valitu-

129 1218 207 1242 rum
232 1218 303 1243 non
329 1208 384 1249 sit,
422 1208 491 1260 legi
514 1207 697 1242 Falcidiae
722 1207 823 1243 locus
845 1218 918 1242 non
941 1208 1027 1242 erit:
1058 1219 1167 1252 porro
1192 1208 1221 1242 si

130 1253 197 1297 legi
222 1253 322 1288 locus
348 1264 421 1288 non
446 1258 501 1295 sit,
529 1253 720 1288 exsistente
746 1253 954 1288 condicione
977 1253 1134 1298 legatum
1156 1253 1222 1288 tibi

130 1298 328 1333 debebitur.
379 1310 458 1333 cum
497 1302 615 1334 autem
657 1298 875 1334 voluntatem
919 1299 1102 1334 testatoris
1144 1309 1221 1334 eam

129 1343 240 1379 fuisse
263 1348 455 1389 appareat,
482 1348 522 1378 ut
544 1347 692 1389 propter
716 1348 816 1379 tuum
841 1344 995 1389 legatum
1022 1348 1222 1379 ceterorum

132 1390 250 1434 legata
272 1389 383 1423 minui
408 1389 528 1431 nollet,
554 1389 666 1433 magis
692 1393 756 1432 est,
782 1393 822 1423 ut
846 1393 1005 1424 statuere
1030 1389 1221 1425 debeamus

134 1440 145 1468 1
197 1435 250 1469 tui
282 1435 388 1480 legati
420 1434 664 1470 condicionem
697 1434 882 1470 defecisse.
933 1434 1024 1479 Quid
1048 1445 1132 1479 ergo
1169 1435 1220 1470 di-

130 1490 260 1522 cemus,
287 1480 317 1515 si
341 1480 495 1515 ducenta
518 1480 551 1515 le
576 1480 647 1515 avit
671 1483 706 1515 et
729 1480 795 1514 tibi
820 1480 981 1515 similiter
1004 1480 1071 1516 sub
1097 1480 1222 1515 eadem

131 1525 341 1561 condicione
372 1525 527 1561 ducenta
571 1528 675 1570 egata
708 1535 786 1560 6336
817 1526 1090 1570 proponantur?
1138 1536 1220 1561 nam

130 1575 193 1606 aut
222 1571 400 1606 exstitisse
431 1575 494 1606 aut
526 1570 699 1606 defecisse
730 1571 838 1616 legati
876 1571 930 1606 tui
963 1570 1220 1615 condicionem,

129 1620 168 1651 ut
191 1621 255 1652 aut
278 1620 391 1652 totum
417 1621 480 1651 aut
504 1616 591 1651 nihil
622 1616 687 1651 tibi
718 1616 909 1659 debeatur,
941 1621 977 1652 et
1000 1616 1161 1661 iniquum
1186 1622 1222 1653 et

129 1666 256 1698 contra
287 1663 504 1698 voluntatem
534 1662 715 1698 testatoris
748 1662 1023 1697 existimabitur:
1060 1673 1185 1698 rursus
1195 1663 1219 1683 ²·

129 1712 266 1752 partem
291 1707 412 1743 deberi
436 1708 567 1743 rationi
590 1718 663 1743 non
688 1707 869 1752 congruit,
906 1707 1048 1752 quando
1074 1719 1220 1744 necesse

128 1757 183 1789 631
213 1753 324 1788 totius
354 1753 461 1798 legati
494 1753 738 1788 condicionem
761 1753 815 1788 vel
841 1753 1020 1789 exstitisse
1043 1754 1098 1789 vel
1123 1753 1219 1790 defe-

129 1799 230 1834 cisse.
279 1809 360 1843 crgo
418 1809 455 1834 er
487 1798 732 1843 exceptionem
765 1798 838 1834 doli
869 1798 954 1833 mali
983 1802 1061 1834 tota
1085 1809 1129 1835 ea
1160 1809 1218 1835 res

128 1847 146 1878 2
195 1848 378 1889 temperan
405 1854 426 1878 a
451 1844 528 1879 erit.
577 1843 694 1888 Quare
719 1854 800 1879 cum
825 1844 903 1890 quis
928 1844 1000 1879 tale
1024 1844 1110 1889 quid
1134 1855 1219 1880 con-

127 1890 229 1934 sequi
252 1890 346 1932 vcht,
373 1889 449 1924 sic³
474 1893 731 1934 consequetur:
767 1889 808 1925 ‘si
833 1900 901 1934 quo
927 1889 1080 1934 amplius
1105 1890 1220 1935 legavi

128 1935 192 1971 ‘vel
216 1936 390 1979 legavero,
417 1945 523 1980 quam
546 1945 611 1980 per
635 1935 746 1980 legem
759 1934 958 1970 Falcidiam
985 1935 1117 1978 licebit,
1143 1940 1219 1971 tum

128 1984 313 2026 ‘quantum
325 1980 371 2015 ad
396 1980 633 2025 supplendum
658 1980 892 2025 quadrantem
912 1980 1040 2015 deduci
1065 1985 1218 2026 oportet,

128 2030 185 2062 ‘ex
215 2036 255 2061 eo
288 2025 405 2071 legato
438 2026 533 2071 qnod
565 2026 660 2061 Titio
695 2025 775 2061 dedi
808 2026 912 2062 heres
942 2036 1042 2061 meus
1066 2026 1217 2063 damnas

128 2075 147 2107 3
188 2073 275 2107 ‘esto
292 2071 400 2107 dare'.
427 2071 494 2115 Qui
511 2071 668 2106 ducenta
683 2071 720 2106 in
744 2071 847 2107 bonis
860 2071 1097 2117 relinquebat,
1122 2072 1217 2117 lega-

126 2117 176 2153 vit
199 2116 285 2152 mihi
311 2121 452 2152 centum
476 2116 656 2163 praesenti
670 2116 737 2159 die,
763 2116 829 2152 tibi
853 2127 967 2170 aeque
982 2121 1125 2152 centum
1149 2119 1217 2153 sub

128 2162 351 2198 condicione:
390 2166 474 2207 post
504 2162 726 2207 aliquantum
762 2165 932 2207 temporis
965 2162 1100 2198 exstitit
1132 2174 1217 2198 con-

127 2208 239 2251 dicio,
269 2208 321 2243 ita
343 2212 480 2251 tamen,
513 2212 553 2243 ut
586 2218 629 2243 ex
659 2207 778 2243 reditu
810 2209 886 2244 eius
917 2219 1094 2248 summae,
1127 2219 1219 2254 quae

126 2253 191 2288 tibi
214 2253 339 2289 relicta
364 2258 437 2296 est,
474 2264 546 2289 non
570 2253 722 2298 amplius
756 2263 862 2299 quam
894 2254 1015 2298 viginti
1041 2254 1218 2299 (111111(11164

125 2298 311 2344 reciperet.
358 2299 446 2343 legis
470 2299 654 2334 Falcidiae
684 2298 775 2334 ratio
801 2299 852 2334 ita
875 2299 1042 2335 habenda
1067 2299 1133 2335 erit
1157 2300 1217 2335 he-

125 2344 217 2385 redi,
258 2348 298 2379 ut
337 2344 459 2390 viginti
492 2344 647 2390 quinque
688 2343 851 2380 conferre
887 2345 918 2380 61
957 2345 1149 2380 debeamus
1182 2350 1218 2381 et

126 2389 277 2434 amplius
317 2389 456 2425 fructus
489 2389 746 2442 quinquaginta
781 2390 887 2425 medii
926 2391 1116 2435 temporis,
1157 2392 1217 2436 qui

125 2434 223 2471 verbi
258 2435 375 2480 gratia
413 2435 569 2471 efficient
606 2446 770 2481 quinque.
820 2446 901 2471 cum
930 2435 1040 2480 igitur
1070 2436 1217 2482 triginta

125 2480 197 2516 sint
221 2480 448 2524 conferenda,
477 2481 620 2526 quidam
643 2485 772 2526 putant
795 2481 904 2525 quina
929 2481 1021 2516 dena
1045 2482 1090 2516 ab
1115 2485 1216 2518 utro-

126 2536 194 2571 que
226 2530 387 2561 nostrum
421 2526 636 2562 conferenda
660 2536 753 2569 esse,
794 2526 889 2572 quod
920 2527 1063 2562 minime
1094 2538 1217 2563 verum

126 2575 195 2607 est:
241 2571 326 2607 licet
357 2572 449 2607 enim
487 2572 635 2607 eandem
674 2572 909 2617 quantitatem
957 2573 1214 2618 acceperimus,

124 2616 351 2652 manifestum
381 2621 501 2652 tamen
532 2621 586 2652 est
609 2617 791 2662 aliquanto
825 2618 970 2653 uberius
996 2628 1074 2653 esse
1098 2629 1215 2654 meum

124 2662 291 2707 legatum.
330 2673 439 2708 quare
471 2663 699 2698 statuendum
732 2663 800 2697 erit
823 2666 925 2698 tanto
949 2663 1067 2699 minus
1091 2663 1129 2699 in
1152 2669 1215 2700 tuo

125 2708 240 2752 legato
266 2718 355 2751 esse,
380 2713 552 2753 quantum
577 2719 620 2743 ex
650 2707 829 2743 fructibus
855 2708 930 2743 eius
962 2708 1066 2744 heres
1090 2719 1215 2754 perce-

123 2753 226 2798 perit.
282 2753 474 2789 secundum
505 2753 600 2798 quod
631 2753 668 2788 in
699 2753 887 2798 proposita
917 2754 1036 2798 specie
1069 2765 1215 2799 compu—

124 2798 296 2834 tationem
324 2798 376 2834 ita
407 2799 489 2834 iniri
526 2802 684 2844 oportet,
725 2802 766 2833 ut
797 2809 841 2834 ex
880 2802 1018 2844 septem
1049 2800 1214 2845 partibus

124 2854 189 2889 ego
214 2847 400 2889 quattuor,
433 2848 474 2879 tu
503 2848 575 2880 tres
601 2844 845 2887 conferamus,
878 2844 1047 2889 quoniam
1073 2845 1215 2890 quidem

125 2893 253 2934 quarta
289 2900 373 2935 pars
413 2890 566 2935 amplius
602 2890 639 2925 in
671 2900 749 2926 meo
795 2900 902 2935 quam
931 2889 969 2925 in
1002 2893 1064 2926 tuo
1097 2891 1213 2936 legato

124 2938 188 2970 est.

170 2977 222 3018 89
248 2980 484 3016 MAROIANUS
512 2980 604 3017 libro
634 2982 782 3034 septimo
815 2981 1079 3017 institutionum
1132 2981 1214 3017 Divi

125 3025 275 3061 Severus
297 3030 332 3061 et
345 3026 547 3061 Antoninus
563 3030 825 3079 rescripserunt
843 3027 1034 3071 pecuniam
1053 3026 1213 3062 relictam

125 3070 171 3105 ad
191 3071 359 3106 alimenta
380 3082 571 3116 puerorum
583 3072 767 3107 Falc1diae
788 3072 988 3107 subiectam
1012 3082 1091 3107 esse
1115 3076 1151 3108 et
1174 3077 1215 3107 ut

124 3115 259 3151 idoneis
284 3116 486 3153 nominibus
507 3117 703 3153 collocetur
725 3117 890 3162 pecunia,
911 3117 957 3152 ad
974 3127 1098 3152 curam
1112 3128 1213 3153 suam

129 3164 140 3194 1
192 3165 438 3197 revocaturum
463 3162 662 3207 praesidem
692 3162 908 3208 provinciae.
956 3162 1038 3198 Divi
1063 3162 1213 3199 Severus

124 3206 366 3242 etAntoninus
379 3207 591 3252 generaliter
603 3208 866 3260 rescripserunt
878 3208 1041 3243 Bononio
1055 3208 1212 3244 Maximo

125 3261 253 3286 usuras
277 3256 540 3296 praestaturum
555 3263 643 3296 eum,
670 3265 730 3298 qu1
753 3253 998 3289 frustrationis
1015 3264 1125 3289 causa
1150 3255 1211 3289 be-

124 3295 288 3331 neficium
311 3297 396 3342 legis
420 3298 602 3334 Falcidiae
625 3299 837 3344 imploravit.

172 3339 224 3378 90
250 3342 525 3379 Fronmmws
545 3343 636 3380 libro
662 3344 850 3379 undecimo
876 3345 1138 3380 institutionum
1175 3345 1212 3379 Si

125 3386 244 3428 heres,
278 3386 379 3422 cuius
402 3387 485 3423 fidei
509 3389 735 3425 commissum
769 3393 839 3431 est,
872 3393 913 3424 ut
937 3393 1089 3435 accepta
1114 3395 1211 3425 certa

124 3432 277 3476 pecunia
310 3431 539 3469 hereditatem
571 3435 754 3477 restituat,
788 3445 810 3469 a
844 3434 1027 3470 voluntate
1051 3435 1126 3470 eius
1151 3435 1211 3481 qui

123 3547 162 3586 (1)
188 3547 302 3579 idest:
322 3556 361 3579 ex
372 3546 537 3588 perplexis
597 3550 639 3590 (2)
665 3550 701 3582 id
712 3556 778 3582 est.-
798 3548 938 3583 fallendi
992 3550 1048 3591 (2¹)
1075 3559 1170 3582 rusus
1182 3549 1216 3581 F

124 3594 165 3632 (3)
191 3592 219 3623 31
235 3592 268 3624 F
329 3593 371 3633 (4)
396 3591 490 3623 heres
503 3593 560 3625 ins.
628 3595 671 3635 (5)
695 3594 821 3636 postea]
834 3605 895 3637 pro
908 3605 945 3628 ea
957 3607 1019 3627 scr.
1087 3596 1131 3634 (6)
1157 3594 1209 3626 vel

123 3636 298 3679 inplendae
311 3636 516 3668 condicionis
529 3648 626 3670 causa
638 3639 700 3672 del.
789 3641 831 3680 (7)
858 3639 911 3672 vel
922 3639 1208 3673 fideicommissum

123 3683 182 3715 del.
201 3681 249 3713 F²
365 3685 409 3723 (s)
434 3682 556 3724 accipit
569 3683 620 3715 F'2
720 3685 764 3724 (9)
788 3695 849 3727 pro
863 3695 900 3717 ca
913 3694 990 3717 vero
1002 3686 1096 3726 parto
1108 3695 1207 3727 quam

122 3727 246 3769 accepit
261 3737 280 3758 a
293 3726 451 3759 coherede
466 3728 526 3760 del.
630 3730 690 3767 (10)
715 3729 769 3761 sed
782 3732 814 3761 ot
827 3730 914 3770 quod
928 3729 1115 3772 implendae
1129 3740 1206 3762 6011-

123 3771 262 3804 dicionis
276 3782 372 3804 causa
386 3771 670 3805 fideicommissum
686 3774 798 3806 heredi
811 3774 921 3816 datur,
934 3775 971 3807 in
984 3774 1095 3807 eadem
1108 3785 1205 3808 causa

1211 127 1293 176 517

1277 3684 1383 3717 solvat
1395 3698 1456 3719 scr.

1276 3731 1376 3763 cintus

2162 131 2323 174 XXXV
2360 132 2383 172 2

1298 257 1550 290 testamentum
1573 254 1660 289 fecit
1684 254 1845 289 discedat
1869 258 1904 290 et
1954 256 2076 290 ostea⁵
2098 254 2185 299 legis
2204 253 2385 288 Falcidiae

1297 300 1469 336 beneficio
1493 299 1546 334 uti
1569 299 1680 335 volet:
1723 300 1791 335 etsi
1815 311 1887 335 non
1938 306 2017 336 etur
2049 301 2098 343 ei,
2130 311 2200 345 quo
2236 303 2385 344 accepto

1297 345 1531 381 hereditatem
1554 345 1744 381 restituere
1775 350 1919 390 rogatus
1953 350 2024 388 est,
2055 350 2174 381 tamen
2205 344 2384 380 fideicom-

1297 391 1443 426 missum
1467 391 1654 426 restituere
1679 390 1758 435 cogi
1789 390 1912 433 debet,
1969 392 2113 426 uoniam
2145 390 2241 436 quod
2264 390 2297 426 ei
2321 401 2384 435 pa-

1297 439 1352 471 ter
1383 436 1537 472 familiae
1569 436 1646 472 dari
1677 436 1789 471 voluit
1827 436 1913 481 legis
1967 437 2129 472 'alcidiae
2161 435 2383 472 commodum

1308 485 1468 517 .raestat.

1296 492 1319 527 P
1343 524 1392 564 91
1420 526 1659 562 MARCIANUS
1686 526 1778 562 libro
1817 527 1921 561 tertio
1953 527 2089 562 decimo
2121 527 2383 562 institutionum

1296 572 1338 606 In
1369 575 1534 617 quartam
1565 571 1792 614 hereditatis,
1825 582 1932 617 quam
1962 582 2026 616 per
2050 572 2162 616 legem
2187 571 2384 607 Falcidiam

1295 617 1399 652 heres
1422 617 1555 653 habere
1580 617 1695 660 debet,
1720 617 1943 662 imputantur
1967 627 2044 659 res,
2071 628 2159 662 quas
2183 618 2258 652 iure
2282 617 2383 652 here-

1296 662 1424 697 ditario
1450 663 1558 707 capit,
1583 673 1655 698 non
1703 673 1770 698 uas
1801 662 1879 698 iure
1908 662 2015 706 legati
2046 663 2100 697 vel
2123 663 2384 698 fideicommissi

1297 708 1352 742 vel
1376 708 1578 753 implendae
1602 719 1671 744 con
1696 708 1822 743 icionis
1847 709 1983 742 661136ὃ
2007 708 2155 753 accipit:
2188 718 2269 742 nam
2294 708 2384 742 haec

1294 753 1334 788 in
1360 757 1525 798 quartam
1549 764 1621 789 non
1644 754 1877 798 imputantur.
1911 753 1975 788 sed
1998 753 2034 787 in
2059 752 2383 788 fideicommissaria

1295 798 1494 834 hereditate
1516 799 1740 834 restituenda
1772 799 1845 834 sive
1875 798 2031 843 legatum
2055 798 2110 833 vel
2138 799 2383 833 fideicommis-

1295 854 1372 879 sum
1388 845 1401 865 ⁷
1426 844 1549 879 datum
1574 844 1621 879 sit
1644 843 1766 879 heredi
1796 844 1870 879 sive
1900 844 2107 889 praecipere
2130 844 2185 879 vel
2210 844 2385 878 deducere

1293 890 1348 924 vel
1372 889 1524 925 retinere
1548 889 1666 925 iussus
1693 894 1764 933 est,
1801 889 1837 924 in
1862 894 2025 934 quartam
2050 889 2086 923 id
2110 890 2141 924 61
2170 889 2382 934 imputatur:

1293 946 1358 980 pro
1380 945 1422 970 ea
1442 946 1525 970 vero
1550 940 1663 980 parte,
1689 945 1795 979 quam
1820 935 1984 980 accepit⁸
2009 945 2030 969 a
2055 934 2259 970 coherede⁹
2282 939 2385 970 extra

1293 984 1457 1025 quartam
1480 980 1517 1015 id
1540 985 1604 1024 est,
1631 980 1727 1025 quod
1751 990 1773 1015 a
1798 980 1971 1016 coherede
1996 980 2183 1025 accipitur.
2209 980 2271 1015 sed
2296 984 2330 1015 et
2356 980 2385 1014 si

1293 1029 1443 1070 accepta
1467 1026 1621 1070 pecunia
1658 1025 1891 1061 hereditatem
1927 1026 2115 1061 restituere
2150 1030 2296 1071 rogatus
2328 1026 2382 1066 sit,

1292 1071 1328 1105 id
1361 1071 1457 1116 quod
1481 1072 1614 1116 accipit
1644 1071 1682 1106 in
1712 1076 1877 1116 quartam
1905 1072 1938 1106 ei
1967 1072 2184 1117 imputatur,
2220 1075 2260 1105 ut
2285 1071 2384 1105 divus

1292 1116 1378 1152 Pius
1404 1117 1643 1152 constituit¹⁰.
1669 1116 1700 1152 si
1725 1116 1809 1162 quid
1833 1127 1916 1152 vero
1941 1116 2140 1163 implendae
2166 1116 2385 1151 condicionis

1294 1172 1404 1197 661136
1427 1163 1531 1198 116163
1557 1162 1713 1208 accipiat
1744 1173 1766 1197 a
1796 1162 1989 1207 legatariis,
2014 1163 2049 1197 in
2074 1161 2258 1197 Falcidiae
2289 1172 2383 1197 com-

1293 1208 1517 1252 putationem
1541 1219 1614 1243 11011
1643 1207 1833 1253 prodesse:
1872 1212 1907 1243 et
1942 1208 2021 1243 ideo
2053 1207 2083 1243 si
2115 1211 2256 1242 centum
2306 1217 2383 1241 rae-

1293 1253 1388 1288 dium
1412 1253 1584 1298 legaverit
1608 1253 1818 1296 defunctus,
1850 1253 1880 1289 si
1906 1253 2163 1299 quinquaginta
2187 1253 2272 1288 here
2299 1253 2310 1287 i
2334 1253 2382 1288 le-

1291 1299 1449 1343 gatarius
1487 1299 1639 1341 dederit,
1686 1303 1828 1334 centum
1873 1300 2035 1344 legatis¹¹
2083 1299 2384 1343 computationem

1292 1344 1367 1378 fieri
1392 1348 1428 1379 et
1452 1345 1709 1390 quinquaginta
1734 1348 1835 1379 extra
1859 1345 2094 1380 hereditatem
2119 1343 2255 1387 haberi,
2281 1354 2325 1379 ne
2349 1344 2385 1379 in

1292 1393 1458 1434 quartam
1474 1390 1506 1425 ei
1528 1390 1759 1435 imputentur.
1774 1390 1802 1411 ¹²

1339 1433 1392 1472 92
1418 1434 1561 1471 Macra
1585 1436 1676 1471 libro
1701 1435 1858 1470 secundo
1885 1445 1929 1469 ae
1962 1445 2003 1469 re
2026 1435 2179 1470 militari
2225 1435 2261 1470 Si
2285 1435 2385 1473 miles

1291 1484 1505 1516 testamento
1539 1480 1637 1516 16610
1672 1484 1813 1526 partem
1846 1480 2024 1515 dimidiam
2058 1480 2266 1516 hereditatis
2298 1492 2385 1518 suae

1291 1526 1355 1562 tibi
1387 1526 1528 1562 restitui
1563 1526 1726 1569 iusserit,
1764 1525 1891 1561 deinde
1923 1530 2006 1571 post
2045 1526 2247 1561 missionem
2280 1526 2384 1563 factis

1292 1572 1466 1607 codicillis
1491 1572 1642 1607 alteram
1666 1576 1804 1617 partem
1830 1571 1925 1606 Titio
1958 1572 2098 1606 restitui
2123 1572 2317 1617 rogaverit:
2355 1574 2384 1608 si

1292 1617 1433 1662 quidem
1459 1622 1541 1663 post
1559 1628 1693 1653 annum
1717 1617 1895 1653 missionis
1920 1627 2008 1652 suae
2033 1617 2234 1660 decesserit,
2262 1623 2297 1653 et
2320 1619 2385 1654 tibi

1291 1669 1326 1697 et
1359 1663 1453 1698 Titio
1496 1663 1599 1699 heres
1635 1668 1774 1708 partem
1807 1666 1971 1708 quartam
2008 1663 2192 1705 retinebit,
2229 1664 2312 1708 quia
2341 1675 2383 1700 60

1289 1712 1449 1753 tempore
1474 1712 1625 1744 testator
1649 1709 1820 1751 decessit,
1858 1719 1927 1753 quo
1959 1712 2213 1744 testamentum
2238 1710 2314 1745 eius
2338 1710 2385 1745 ad

1289 1753 1501 1789 beneficium
1533 1755 1732 1799 principale
1763 1754 1942 1799 pertinere
1985 1754 2195 1789 desieratffl:
2234 1755 2263 1790 si
2299 1765 2383 1791 vero

1288 1800 1384 1834 intra
1408 1810 1542 1834 annum
1566 1800 1743 1835 missionis
1769 1800 1970 1843 decesserit,
1997 1799 2094 1835 solus
2109 1799 2224 1835 Titius
2250 1800 2382 1836 deduc-

1291 1846 1424 1879 tionem
1448 1846 1562 1891 partis
1579 1850 1729 1890 quartae
1750 1845 1917 1890 patietur,
1945 1844 2029 1890 quia
2046 1855 2088 1880 eo
2103 1849 2263 1890 tempore
2283 1846 2382 1882 fidei-

1290 1891 1517 1926 commissum
1543 1891 1574 1927 ei
1598 1891 1761 1926 relictum
1788 1895 1851 1934 est,
1877 1901 1947 1936 quo
1971 1895 2124 1926 testator
2147 1891 2225 1926 iure
2241 1892 2382 1927 militari

1289 1936 1413 1971 testari
1438 1947 1509 1971 non
1534 1937 1661 1982 potuit.

1336 1979 1387 2019 93
1415 1982 1663 2017 PAPJNJANUS
1684 1982 1774 2018 libro
1788 1982 1954 2017 vicesimo
1968 1982 2219 2027 quaestionum
2243 1984 2380 2029 Accep-

1288 2027 1334 2062 tis
1360 2038 1381 2062 a
1405 2027 1545 2063 Maevio
1583 2031 1727 2062 centum
1758 2027 1993 2062 hereditatem
2025 2027 2165 2063 Maevio
2196 2029 2383 2065 restituere

1288 2073 1549 2118 pecuniamque
1573 2078 1657 2118 post
1688 2077 1839 2108 mortem
1870 2083 1971 2108 suam
1997 2072 2091 2108 Titio
2118 2073 2204 2108 dare
2235 2080 2382 2119 rogatus

1288 2123 1354 2154 est.
1392 2129 1608 2164 quamquam
1631 2119 1722 2154 haec
1747 2122 1889 2154 centum
1915 2122 2080 2164 quartam
2104 2119 2279 2154 bonorum
2304 2120 2382 2155 effi-

1289 2164 1398 2206 ciant,
1423 2168 1543 2199 tamen
1566 2168 1716 2210 propter
1729 2163 2042 2199 fideicommissum
2057 2174 2208 2209 sequens
2234 2170 2383 2209 quartae

1287 2210 1478 2245 retentioni
1502 2210 1604 2245 locus
1630 2209 1714 2244 erit:
1740 2214 1827 2245 tunc
1852 2209 1945 2244 enim
1970 2220 2013 2245 ex
2034 2210 2288 2246 constitutione
2313 2211 2381 2247 divi

1287 2255 1462 2290 Hadriani
1486 2255 1672 2290 Falcidiae
1697 2255 1876 2291 satisfacit
1901 2265 1943 2290 ea
1968 2255 2162 2300 quantitas,
2190 2266 2271 2291 cum
2285 2257 2380 2302 apud

1288 2300 1454 2336 heredem
1479 2304 1650 2336 remanet.
1699 2300 1763 2336 sed
1786 2300 1985 2336 Falcidiam
2017 2301 2175 2345 patietur
2200 2301 2297 2337 solus
2323 2303 2380 2337 cui

1287 2346 1467 2382 hereditas
1491 2346 1618 2381 relicta
1651 2350 1721 2381 est:
1759 2356 1842 2381 nam
1876 2347 1913 2380 in
1938 2350 2100 2389 centum,
2134 2357 2226 2391 quae
2257 2348 2380 2383 mortis

1288 2402 1399 2428 causa
1423 2392 1624 2437 capiuntur,
1651 2392 1790 2427 admitti
1813 2391 1978 2426 Falcidia
2001 2402 2073 2426 non
2097 2396 2227 2436 potest.
2273 2393 2380 2438 plane

1287 2437 1317 2472 si
1342 2438 1420 2483 quis
1453 2438 1504 2472 ita
1533 2437 1695 2483 scripsit:
1732 2437 1901 2482 ‘acceptis
1928 2441 2069 2472 centum
2102 2440 2185 2482 peto
2210 2438 2379 2474 restituas

1288 2483 1543 2519 ‘hereditatem'
1576 2494 1692 2528 neque
1716 2493 1906 2528 personam
1930 2482 2048 2517 dantis
2073 2482 2379 2527 demonstraverit,

1287 2530 1389 2573 quasi
1412 2532 1588 2564 retentam
1614 2533 1648 2564 et
1679 2532 1907 2574 praeceptam
1932 2527 2140 2573 pecunIam,
2174 2528 2205 2564 si
2230 2533 2380 2574 quartae

1287 2574 1456 2617 sufficiat,
1480 2575 1652 2610 inducere
1676 2574 1953 2610 Trebellianum.

1334 2617 1386 2657 94
1419 2619 1623 2655 SGAEVOLA
1660 2620 1751 2655 libro
1791 2619 1957 2654 vicesimo
1991 2619 2116 2665 primo
2156 2618 2376 2665 diqestorum

1286 2665 1377 2700 Filio
1404 2669 1439 2700 et
1462 2665 1536 2700 filia
1560 2666 1702 2710 scriptis
1727 2664 1917 2700 heredibus
1942 2663 2090 2709 singulis
2116 2668 2215 2700 certa
2238 2665 2377 2710 praele-

1284 2711 1390 2755 gavit,
1416 2710 1479 2746 sed
1503 2711 1608 2755 longe
1632 2711 1749 2745 minus
1773 2709 1878 2752 filiae,
1905 2709 1963 2744 cui
1988 2709 2095 2744 etiam
2120 2709 2263 2745 domum
2288 2711 2376 2747 obli-

1308 2760 1404 2790 atam
1428 2756 1646 2801 praelegavit
1679 2767 1759 2791 cum
1791 2755 2035 2790 instrumentis
2068 2758 2104 2789 et
2135 2755 2304 2801 quicquid
2327 2757 2377 2793 ibi

1284 2767 1393 2836 {uerit
1418 2806 1453 2837 et
1477 2802 1607 2837 adiecit
1630 2802 1720 2837 haec
1744 2801 1871 2836 verba:
1899 2801 1973 2836 ‘sed
1997 2811 2040 2836 ea
2054 2800 2263 2837 condicione
2285 2802 2376 2847 lego,

1285 2850 1337 2881 ‘ut
1367 2847 1538 2892 quidquid
1571 2847 1663 2882 aeris
1699 2846 1805 2881 alieni
1840 2847 1877 2880 in
1918 2856 1961 2881 ea
1996 2846 2100 2881 domo
2138 2846 2222 2890 erit,
2259 2847 2375 2883 Titius

1285 2892 1445 2927 ‘libertus
1470 2892 1534 2926 filii
1558 2892 1625 2928 mei
1651 2891 1811 2927 exsolvat
1824 2892 1850 2912 ¹⁴
1874 2895 1910 2926 et
1935 2892 1980 2926 sit
2005 2891 2055 2926 eis
2077 2892 2237 2938 utrisque
2250 2893 2374 2928 domus

1284 2936 1516 2974 ‘communis’.
1565 2937 1766 2982 quaesitum
1802 2941 1871 2979 est,
1909 2937 1939 2972 si
1971 2937 2044 2972 filia
2074 2937 2161 2982 legis
2193 2938 2375 2973 Falcidiae

1283 2982 1457 3018 beneficio
1493 2982 1545 3017 uti
1576 2982 1671 3018 volet
1703 2982 1749 3017 ad
1781 2986 1945 3027 quartam
1976 2982 2215 3025 retinendam,
2249 2994 2295 3018 an
2331 2994 2371 3019 ex

1283 3027 1499 3070 hereditate,
1537 3038 1629 3073 quae
1661 3028 1692 3063 ei
1716 3027 1842 3063 relicta
1866 3032 1938 3070 est,
1972 3028 2126 3063 deducto
2152 3039 2233 3063 aere
2257 3029 2372 3063 alieno

1283 3073 1359 3108 eius
1386 3073 1483 3117 quod
1506 3072 1724 3119 superfuerit
1748 3077 1913 3118 quartam
1939 3074 2109 3119 consequi
2135 3074 2272 3108 debeat.
2299 3084 2371 3109 res-

1282 3117 1409 3163 pondit
1434 3118 1510 3153 iure
1523 3118 1664 3163 quidem
1689 3118 1725 3153 id
1749 3119 2022 3164 postulaturam,
2047 3129 2167 3154 verum
2188 3129 2259 3154 non
2284 3119 2372 3154 alias

1283 3174 1334 3206 ea,
1361 3173 1451 3209 quae
1476 3163 1507 3198 ei
1532 3163 1618 3199 data
1641 3167 1735 3207 sunt,
1762 3168 2004 3210 accepturam,
2030 3165 2061 3199 si
2085 3164 2189 3199 modo
2211 3174 2252 3199 66
2266 3174 2371 3208 quar·

1281 3212 1355 3244 tam
1380 3209 1572 3254 suppleant
1584 3210 1621 3252 ²⁵,
1648 3220 1753 3255 quam
1765 3210 1942 3245 voluntati
1953 3209 2113 3244 defuncti
2126 3209 2330 3244 solvendum
2345 3210 2371 3230 ¹⁶

1281 3254 1499 3300 praestando
1524 3259 1677 3299 pareret.

1328 3297 1379 3337 95
1406 3299 1516 3334 IDEM
1535 3300 1625 3335 libro
1651 3300 1817 3336 vicesimo
1835 3301 1960 3347 primo
1973 3298 2192 3345 diycstorum
2217 3299 2368 3333 Maritus

1281 3345 1402 3380 uxoris
1427 3355 1483 3380 res
1508 3349 1609 3380 extra
1629 3345 1747 3381 dotem
1760 3346 1974 3382 constitutas
1988 3344 2246 3380 administravit
2258 3354 2369 3388 eaque

1281 3390 1457 3426 decedens
1482 3394 1565 3426 ante
1589 3391 1763 3427 rationem
1797 3391 1865 3427 sibi
1895 3389 2069 3426 redditam
2093 3389 2365 3424 administratio-

1280 3436 1334 3470 nis
1360 3445 1402 3470 ex
1426 3445 1507 3471 asse
1539 3436 1690 3471 eundem
1722 3437 1888 3472 maritum
1921 3434 2086 3471 heredem
2109 3434 2253 3479 reliquit
2276 3434 2366 3469 eius-

1280 3559 1346 3582 esse
1360 3549 1603 3584 admittendum
1615 3551 1785 3584 sciendum
1800 3552 1848 3583 est
1861 3551 1920 3583 ins,
1936 3550 1986 3581 F²
2108 3548 2165 3589 (11)
2190 3547 2293 3589 legati
2306 3561 2365 3580 scr.

1279 3595 1338 3636 (12)
1364 3594 1550 3637 imputetur
1563 3597 1613 3630 F2
1728 3601 1785 3635 (13)
1811 3594 1976 3627 desiderat
1989 3594 2039 3625 F2
2121 3594 2177 3634 (14)
2203 3592 2366 3635 (1111(1(1111(1

1278 3639 1363 3672 66113
1374 3639 1476 3674 alieni
1498 3641 1534 3674 in
1549 3653 1586 3675 ea
1600 3642 1697 3675 domo
1710 3639 1845 3673 habebit
1864 3639 1973 3671 Titius
1992 3638 2131 3671 libertus
2142 3637 2206 3669 fflii
2217 3637 2296 3679 mei,
2312 3648 2366 3670 cx-

1610 3689 1668 3728 (15)
1695 3687 1854 3727 superant
1865 3698 1927 3716 scr.
2067 3684 2125 3724 (16)
2151 3682 2290 3715 solidum
2308 3684 2361 3716 Al-
