2528 3918
178 110 318 153 XII2

177 232 267 269 verit
288 229 489 266 vendidisse
511 238 569 264 me
591 228 624 264 ei
646 238 722 263 rem
746 233 908 272 centum,
941 239 986 265 ex
1018 233 1136 274 empto
1161 238 1267 273 agere

176 276 329 324 poterit,
352 279 394 310 ut
416 275 449 311 ei
472 278 592 310 cetera
614 276 858 319 praestentur,
881 273 920 310 id
943 277 998 310 est
1019 272 1267 326 res-tradatur

177 326 214 359 et
236 321 280 357 de
303 320 477 356 evit-tione
500 322 686 354 caveatur:
720 329 768 354 an
790 322 910 354 tamen
933 319 980 354 ad
1002 323 1155 364 pretium
1179 328 1265 353 con-

176 366 394 413 sequendum
418 374 462 399 ex
484 362 626 399 vendito
651 363 830 399 conveniri
848 364 973 410 possit,
997 363 1197 399 videndum.
1231 367 1268 398 et

177 457 422 497 ..2
446 408 1095 500 fflmmsm

176 502 246 538 hoc
269 510 342 536 non
364 499 475 535 fuerit
495 499 664 542 iuratum,
687 502 776 534 tunc
799 509 1020 544 consequens
1045 502 1100 533 est
1119 497 1164 533 de
1183 507 1265 543 pre-

176 550 198 581 4
244 546 294 581 110
328 554 409 580 011111
437 544 562 580 teneri.
608 543 709 580 Idem
739 543 898 580 dicemus
929 547 965 578 et
995 543 1026 578 si
1049 542 1128 588 quis
1152 542 1265 579 socie-

176 594 287 627 tatem
308 589 438 625 fecisse
459 588 647 625 iuraverit:
679 599 762 624 nam
793 592 829 624 et
858 589 889 624 is
920 598 985 640 pro
1010 587 1109 623 socio
1133 588 1267 633 poterit

176 641 197 671 5
244 634 436 672 conveniri.
482 634 679 670 Marcellus
702 634 809 669 etiam
834 633 976 675 scribit,
1009 632 1041 668 si
1063 632 1142 678 quis
1165 632 1262 668 iura-

175 681 266 717 verit
295 680 342 716 ob
378 679 502 716 decem
531 679 670 725 pignori
700 678 840 715 dedisse
869 677 1040 720 fundum,
1071 688 1146 714 non
1176 678 1265 713 alias

176 736 258 762 eum
269 725 502 771 pigneraticia
521 733 626 770 agere
645 734 763 770 posse,
784 734 891 769 quam
910 723 941 758 si
960 723 1082 758 decem
1102 723 1263 759 solverit:

176 771 240 807 sed
264 775 300 807 et
322 769 411 806 illud
433 769 550 806 adici¹
573 769 738 805 fortassis
762 779 843 804 eum
867 768 974 803 etiam
995 767 1035 803 in
1066 767 1190 804 decem
1222 778 1266 803 ex

174 815 403 870 iureiurando
426 825 493 851 suo
516 825 625 867 posse
648 813 839 866 conveniri,
864 813 961 859 quod
983 813 1095 859 magis
1118 813 1262 865 probat.

174 872 236 942 {¹1¹ss
258 859 606 950 ἓὲὲῗῗωῆῗὲῗέῗ
606 870 716 947 3:125?
720 862 1166 956 {satagistis
1186 863 1265 956 ,ἓξὲξ

175 951 245 987 sibi
266 951 305 986 in
328 950 448 986 dotem
471 950 630 986 dedisse:
662 959 745 984 nam
776 952 812 984 et
841 949 901 984 h1c
932 959 1037 984 uxori
1068 952 1120 984 ait
1141 948 1265 984 utilem

175 996 221 1032 de
244 996 328 1032 dote
350 996 528 1031 actionem
551 994 715 1031 dandam.
752 1003 844 1039 quae
867 1004 940 1030 non
964 1004 1042 1030 esse
1073 997 1175 1030 extra
1204 1003 1264 1029 ae-

175 1044 197 1077 6
244 1041 415 1087 quitatem
437 1041 556 1087 posita
578 1050 651 1076 non
674 1039 885 1084 negaverim.
933 1038 973 1074 Si
1019 1039 1074 1075 uis
1097 1039 1267 1075 iuraverit

173 1086 213 1122 in
234 1097 275 1122 re
297 1086 506 1132 pecuniaria
527 1096 592 1130 per
614 1084 778 1137 genium²
800 1084 917 1129 princi
942 1084 972 1120 is
1029 1094 1092 1119 are
1122 1094 1163 1120 se
1191 1094 1266 1120 non

175 1135 342 1177 oportere
372 1134 409 1167 et
437 1131 647 1176 peieravent
677 1129 734 1165 vel
769 1128 848 1164 dari
881 1129 913 1165 si
937 1129 950 1164 i
984 1133 1170 1175 oportere,
1211 1129 1267 1165 vel

173 1176 271 1212 intra
301 1180 439 1212 certum
461 1180 599 1220 tempus
622 1174 793 1210 iuraverit
815 1184 854 1210 se
877 1174 1079 1210 soluturum
1102 1185 1170 1211 nec
1193 1174 1265 1210 sol-

175 1222 246 1259 vit:
274 1221 469 1266 imperator
500 1224 622 1256 noster
654 1230 736 1255 cum
766 1223 871 1265 patre
901 1220 1086 1266 rescripsit
1108 1219 1265 1255 fustibus

174 1276 255 1302 eum
280 1266 524 1312 castigandum
547 1264 747 1301 (111111110108
770 1268 806 1300 01
823 1265 876 1300 ita
896 1266 929 1301 ei
947 1265 1145 1311 superdicit
1169 1277 1264 1311 προ-

175 1313 292 1347 πετῶς
318 1311 364 1355 m)
388 1310 531 1356 ὅμνυεῆ

223 1355 275 1393 14
299 1352 356 1391 ΡΛ
363 1366 407 1392 σι
414 1365 458 1392 vs
466 1356 556 1391 libro
570 1356 674 1391 tertio
686 1354 738 1390 ad
746 1354 902 1391 edictum
934 1354 1108 1400 Quotiens
1118 1358 1267 1408 propter

173 1412 248 1438 rem
270 1402 427 1444 iuratur,
451 1411 519 1436 nec
541 1400 681 1446 parenti
703 1410 772 1435 nec
795 1404 948 1446 patrono
972 1401 1165 1436 remittitur
1186 1411 1260 1436 ius-

172 1446 381 1482 iurandum:
412 1449 560 1498 propter
588 1455 664 1480 rem
694 1449 816 1481 autem
844 1445 1092 1482 iusiurandum
1116 1446 1267 1491 exigitur

172 1491 279 1527 veluti
304 1491 348 1526 de
370 1501 524 1536 pecunia
548 1490 704 1533 credita,
738 1501 820 1526 cum
849 1491 946 1526 iurat
969 1494 1073 1527 actor
1095 1491 1165 1527 sibi
1188 1491 1266 1526 dari

173 1540 339 1582 oportere
368 1536 424 1572 vel
452 1546 535 1572 reus
567 1546 606 1571 se
637 1535 724 1571 dare
754 1546 828 1571 non
860 1539 1037 1582 oportere.
1073 1536 1168 1573 idem
1200 1539 1265 1579 est,

174 1592 255 1618 cum
277 1581 323 1617 de
344 1581 499 1627 pecunia
521 1581 719 1617 constituta
740 1581 991 1617 iusiurandum
1013 1581 1176 1627 exigitur.

221 1622 272 1664 15
306 1625 415 1662 loru
445 1626 537 1662 libro
570 1629 678 1662 sexto
713 1626 765 1662 ad
797 1626 954 1663 edictum
999 1626 1059 1662 Ad
1092 1637 1265 1673 personas

172 1672 329 1752 egrtelgias
358 1681 500 1751 11ῗίιθοθει11111ῑ,ἰ
520 1671 583 1724 gui
613 1671 816 1751 vlaletudine
845 1671 1090 1718 impediuntur
1121 1672 1266 1708 domum

172 1728 219 1753 1111
287 1727 308 1753 0
336 1727 356 1752 o
453 1726 475 1751 a
517 1727 622 1752 iuran
647 1727 720 1751 um.

220 1759 271 1799 16
330 1771 498 1797 LPJANUS
516 1761 608 1798 libro
632 1761 770 1798 decimo
794 1761 845 1797 ad
866 1761 1022 1798 edictum
1069 1761 1108 1797 Si
1141 1765 1265 1807 patro-

171 1817 239 1843 nus
261 1806 427 1842 libertam
450 1816 554 1842 suam
576 1817 725 1842 uxorem
747 1805 911 1850 duxerit,
935 1817 1010 1842 non
1035 1807 1266 1853 compelletur

170 1852 290 1888 iurare
320 1851 366 1887 de
396 1862 517 1887 rerum
547 1854 749 1887 amotarum
778 1851 925 1887 iudicio.
961 1851 1027 1888 sed
1059 1856 1096 1888 et
1126 1852 1159 1888 si
1187 1852 1266 1898 ipse

171 1897 309 1978 {egerat
330 1897 578 1933 iusiurandum
601 1897 751 1933 libertae
774 1906 880 1940 suae,
914 1897 959 1933 de
991 1897 1170 1934 calumnia
1192 1908 1266 1934 11011

197 1953 216 1978 0
243 1946 279 1978 01
300 1942 431 1977 iurare.

220 1985 270 2024 17
295 1987 353 2022 ΡΑ
361 1997 456 2023 nos
481 1986 572 2023 libro
597 1990 723 2023 octavo
748 1986 887 2023 decimo
912 1987 963 2023 ad
984 1987 1140 2024 edictum
1185 1988 1264 2024 Ius-

170 2032 371 2075 iurandum,
418 2031 492 2068 uod
515 2042 560 2068 ex
583 2032 818 2069 conventione
838 2035 941 2068 extra
957 2032 1131 2069 iudicium
1147 2032 1264 2069 defer-

174 2082 190 2113 1
239 2081 317 2120 tur,
347 2089 367 2113 r
405 2077 474 2113 erri
503 2088 578 2114 non
635 2081 740 2114 otest.
787 2077 843 2113 Pu
868 2078 951 2113 illus
973 2081 1094 2114 tutore
1117 2083 1266 2114 auctore

169 2122 415 2158 iusiurandum
440 2122 580 2159 deferre
602 2089 727 2159 11011011
760 2134 830 2168 quo
887 2123 919 2158 si
949 2123 1027 2159 sine
1041 2126 1161 2159 tutore
1178 2133 1264 2159 auc-

170 2171 249 2203 tore
286 2167 463 2211 detulerit,
488 2178 575 2204 exce
600 2168 650 2204 tio
674 2168 816 2214 quidem
840 2168 1010 2212 obstabit,
1033 2169 1099 2205 sed
1112 2169 1264 2214 replica-

169 2213 277 2255 bitur,
302 2213 387 2258 quia
408 2223 527 2248 rerum
550 2223 573 2250 a
635 2213 644 2222 '
674 2214 681 2221 ’
703 2213 915 2249 trandarum
936 2213 994 2249 ius
1018 2214 1051 2249 ei
1073 2224 1147 2250 non
1167 2224 1263 2250 com·

170 2261 190 2294 2
237 2258 337 2311 petit.
385 2257 423 2294 Si
445 2262 546 2294 tutor
568 2258 630 2304 qui
652 2259 803 2294 tutelam
849 2259 919 2294 erit
941 2262 1006 2294 aut
1030 2262 1176 2295 curator
1205 2258 1263 2295 fu-

169 2303 255 2339 riosi
278 2303 459 2349 prodigive
476 2303 725 2339 iusiurandum
745 2303 769 2339 d
844 2303 921 2347 erit,
943 2307 1064 2340 ratum
1082 2304 1120 2340 id
1138 2304 1264 2341 haberi

170 2348 292 2384 debet:
328 2359 413 2384 nam
447 2352 484 2384 et
513 2349 670 2385 alienare
700 2359 759 2385 res
779 2352 829 2385 et
862 2349 952 2385 solvi
985 2349 1037 2385 eis
1071 2353 1194 2395 potest
1228 2354 1264 2386 et

171 2397 190 2429 3
238 2393 375 2439 agendo
411 2404 487 2430 rem
522 2394 559 2429 in
593 2394 765 2430 iudicium
801 2393 995 2430 deducunt.
1042 2394 1263 2431 Procurator

171 2449 312 2484 quoque
335 2439 432 2484 quod
455 2439 582 2474 detulit
602 2442 723 2475 ratum
743 2439 948 2475 habendum
971 2442 1044 2483 est,
1069 2440 1207 2476 scilicet
1232 2440 1263 2476 si

170 2487 234 2519 aut
260 2484 506 2520 universorum
529 2485 705 2520 bonorum
736 2484 1079 2521 administrationem
1110 2486 1263 2521 sustinet

171 2532 234 2563 aut
264 2529 295 2564 si
324 2528 362 2564 id
390 2529 509 2575 ipsum
538 2530 748 2566 nominatim
769 2529 978 2566 mandatum
1008 2530 1056 2566 sit
1085 2534 1149 2566 aut
1170 2531 1202 2567 si
1223 2531 1262 2567 in

170 2584 245 2609 rem
269 2584 373 2609 suam
395 2578 611 2619 procurator
632 2575 699 2611 sit:

219 2615 270 2655 18
302 2618 497 2655 Uzpuivvs
527 2620 618 2656 libro
652 2621 846 2658 vicensimo
880 2622 987 2656 sexto
1022 2619 1074 2656 ad
1106 2620 1261 2657 edictum

171 2663 260 2698 alias
279 2668 400 2699 autem
419 2668 690 2709 procuratorem
701 2665 919 2701 deferentem
929 2664 1177 2701 iusiurandum
1189 2677 1262 2702 non

171 2718 249 2743 esse
261 2708 477 2744 audiendum
489 2710 647 2746 Iulianus
660 2711 751 2747 libro
772 2710 910 2746 decimo
931 2709 1150 2756 digestorum
1169 2712 1262 2747 scri-

170 2752 234 2795 bit,
256 2755 326 2789 11οῡ
348 2758 475 2799 postea
492 2765 587 2798 reus,
609 2755 669 2801 qui
681 2756 790 2792 semel
807 2755 948 2798 iuravit,
969 2766 992 2791 a
1011 2755 1154 2792 domino
1175 2767 1261 2792 con-

170 2797 350 2834 veniatur:
386 2809 453 2835 nec
476 2800 627 2836 multum
658 2801 691 2836 ei
721 2800 916 2846 proficere,
949 2800 981 2836 si
1010 2800 1120 2837 fuerit
1152 2801 1186 2837 ei
1217 2801 1261 2837 de

169 2846 250 2878 rato
275 2846 437 2879 cautum:
469 2844 543 2880 sive
573 2845 666 2881 enim
697 2846 861 2882 dominus
882 2848 1001 2899 petat,
1027 2849 1175 2892 cogetur
1197 2847 1260 2883 do-

171 2898 252 2923 cere
279 2898 363 2924 reus
386 2888 546 2934 1111111110ο
575 2901 614 2926 se
642 2891 783 2927 iurasse
812 2894 933 2937 posita
963 2891 1101 2927 scilicet
1131 2902 1281 2938 excep·-

168 2933 383 2986 tion.e‚·sive
406 2944 451 2969 ex
473 2934 705 2987 stipulatione
727 2936 773 2972 de
793 2940 874 2972 rato
898 2939 999 2981 agat,
1023 2946 1172 2973 necesse
1194 2937 1259 2973 ha-

169 2977 270 3013 bebit
291 2989 304 3013 1
329 2988 369 3013 se
391 2978 436 3014 de
484 2980 613 3016 eriurio
635 2991 702 3017 suo
727 2981 866 3018 docere.

218 3020 271 3060 19
317 3032 403 3058 osu
422 3023 447 3059 le
492 3035 513 3059 o
536 3025 729 3061 vicensimo
751 3030 858 3063 sexto
877 3026 928 3062 ad
945 3025 1100 3063 edictum
1133 3026 1172 3063 Si
1191 3027 1259 3063 ita-

170 3077 241 3114 que
263 3067 471 3103 mandatum
493 3068 564 3104 fuit
593 3071 835 3115 procuratori,
871 3075 914 3107 ut
970 3075 1063 3115 etat,
1096 3072 1157 3107 ille
1185 3072 1259 3108 ius-

169 3112 361 3149 iurandum
380 3113 518 3155 detulit,
538 3114 635 3150 aliud
653 3115 739 3151 fecit
773 3127 938 3162 namquo
974 3116 1182 3153 mandatum
1193 3121 1258 3153 est.

216 3155 270 3196 20
294 3157 457 3194 Panas
476 3158 567 3194 libro
591 3163 717 3196 octavo
767 3162 879 3198 eoimo
902 3161 953 3197 ad
974 3161 1130 3198 edictum
1177 3161 1259 3199 Ser·

169 3213 234 3238 vus
258 3202 356 3248 quod
379 3202 506 3238 detulit
527 3204 582 3239 vel
605 3204 745 3249 iuravit,
770 3210 949 3250 servetur,
980 3206 1012 3242 si
1041 3207 1173 3253 peculii
1195 3207 1259 3243 ad-

169 3247 467 3284 ministrationem
490 3248 635 3284 habuit:

216 3290 267 3331 21
308 3292 434 3330 Guvs
471 3293 563 3329 libro
605 3295 730 3340 quinto
765 3296 816 3331 ad
848 3296 1003 3333 edictum
1030 3297 1261 3343 provinciale

169 3337 255 3374 huic
271 3338 366 3374 enim
383 3338 473 3375 solvi
492 3348 634 3384 quoque
652 3343 749 3375 recte
768 3344 889 3386 potest
907 3345 944 3377 et
962 3341 1149 3378 novandae
1168 3342 1258 3378 obli-

169 3383 325 3428 gationis
347 3383 404 3419 ius
426 3383 564 3419 habuit.

216 3425 271 3465 22
295 3427 456 3464 Panas
474 3428 567 3464 libro
590 3431 716 3464 octavo
740 3429 876 3466 decimo
901 3431 951 3466 ad
972 3431 1127 3467 edictum
1174 3431 1258 3476 Qui-

169 3472 252 3508 dam
276 3477 312 3508 et
335 3473 380 3509 de
429 3473 543 3509 eculio
567 3474 745 3509 actionem
768 3474 921 3511 dandam
943 3477 981 3511 in
1005 3476 1204 3519 dominum,
1229 3476 1260 3512 si

168 3518 282 3554 actori
314 3518 337 3554 d
413 3518 480 3554 erit
510 3528 632 3555 servus
662 3517 919 3556 iusiurandum.
956 3521 1081 3557 eadem
1110 3521 1156 3557 de
1186 3521 1259 3558 filio

168 3561 322 3599 familias
346 3563 496 3599 dicenda
518 3567 614 3600 sunt.

169 3676 209 3715 (ι)
233 3675 338 3709 adicit
351 3676 381 3710 S
491 3679 535 3717 (²)
559 3686 684 3720 genum
694 3676 731 3710 1⁷·
848 3680 891 3718 (3)
916 3677 1045 3712 dimitti
1058 3679 1177 3713 debere
1188 3691 1251 3713 scr.

171 3721 211 3760 (⁴)
238 3721 275 3754 id
286 3728 351 3755 est:
365 3723 487 3754 temere
500 3732 541 3754 ue
553 3722 665 3755 iurato
735 3721 778 3762 (5)
803 3723 851 3756 sic
862 3722 900 3763 S,
915 3733 975 3756 nce
989 3724 1024 3756 F
1088 3725 1131 3766 (6)
1156 3724 1253 3757 licito

1261 103 1342 152 164

1323 3691 1386 3713 scr.
1525 3680 1568 3720 (¹1)
1593 3679 1781 3712 deferentes
1792 3691 1856 3713 scr.
1868 3691 1937 3713 em
1950 3678 1987 3712 B

1382 225 1434 265 23
1467 227 1663 265 mmmm
1694 229 1785 266 libro
1821 231 2012 267 vicensimo
2046 234 2152 267 sexto
2186 231 2236 267 ad
2267 232 2421 270 edictum

1336 273 1374 308 Si
1398 282 1521 320 servus
1543 273 1713 310 iuraverit
1734 274 1915 310 dominum
1940 275 2025 311 dare
2048 286 2121 311 non
2145 279 2330 321 oportere,
2362 287 2422 315 ex·

1336 317 1453 363 ceptio
1478 317 1621 355 domino
1644 319 1859 365 indulgenda
1882 324 1937 356 est
1959 321 2027 356 sibi
2051 331 2096 356 ue
2115 321 2339 358 adversarius
2357 323 2423 359 im-

1335 363 1487 408 putabit,
1512 364 1573 409 qui
1595 374 1696 400 servo
1720 364 1850 400 detulit
1870 365 2030 401 iusiuran
2056 376 2126 401 um.

1382 405 1436 445 24
1471 407 1529 444 ΡΛ
1537 418 1632 444 πῶς
1670 409 1763 446 libro
1798 410 1990 446 vicensimo
2025 414 2151 447 octavo
2184 410 2235 446 ad
2270 411 2423 448 edictum

1335 452 1451 506 Multo
1470 453 1582 499 magis
1601 453 1761 499 proderit
1769 455 1865 500 patri
1882 455 2006 508 religio
2026 455 2101 498 filii,
2125 466 2208 491 cum
2227 467 2297 501 quo
2319 456 2425 494 etiam

1334 498 1506 534 iudicium
1544 498 1741 535 consistere
1770 503 1902 545 potest.
1948 501 2018 546 ipsi
2052 504 2172 536 autem
2205 500 2424 538 referentes⁷

1334 542 1581 623 {cadicionem
1600 554 1735 588 eorum,
1755 545 1887 590 quibus
1906 545 2059 581 subiecti
2079 549 2174 589 sunt,
2194 556 2268 582 non
2286 545 2426 582 faciunt

1360 597 1380 623 e
1417 598 1558 624 norem.

1380 630 1433 670 25
1466 633 1663 670 Urmnvs
1692 634 1784 670 libro
1819 635 2010 671 vicensimo
2044 639 2149 672 sexto
2185 635 2236 671 ad
2269 635 2424 672 edictum

1335 677 1406 713 Sed
1429 681 1466 714 et
1484 678 1515 714 si
1534 689 1658 715 servus
1676 689 1776 715 meus
1799 679 1916 716 delato
1936 680 1993 716 vel
2010 680 2124 716 relato
2145 680 2179 716 ei
2196 680 2423 716 iureiurando

1332 723 1464 758 iuravit
1493 733 1569 759 rem
1599 723 1733 759 domini
1763 734 1842 760 esse
1873 725 1930 760 vel
1960 725 1993 760 ei
2024 725 2102 761 dari
2127 728 2312 770 oportere,
2335 729 2423 771 puto

1334 768 1489 804 dandam
1511 769 1597 804 mihi
1620 769 1797 805 actionem
1819 769 1875 805 vel
1898 770 1997 815 pacti
2016 771 2260 816 exceptionem
2278 774 2426 816 propter

1334 813 1539 858 religionem
1563 818 1599 850 et
1622 814 1901 850 conventionem.

1381 856 1435 896 26
1459 858 1517 894 ΡΑ
1525 868 1620 895 ULUs
1646 859 1738 895 libro
1772 863 1898 895 octavo
1922 859 2058 895 decimo
2081 859 2133 895 ad
2154 859 2309 896 edictum
2356 860 2425 905 Qui

1333 904 1473 940 iurasse
1496 903 1628 940 dicitur
1650 904 1739 940 nihil
1760 904 1871 940 refert
1895 904 1996 940 cuius
2019 914 2125 940 sexus
2156 905 2328 941 aetatisve
2359 906 2424 941 sit:

1335 949 1433 984 omni
1455 948 1550 984 enim
1571 949 1677 985 modo
1703 949 1876 985 custodiri
1899 949 2006 984 debet
2027 949 2275 986 iusiurandum
2298 950 2423 986 adver-

1334 1004 1396 1030 sus
1419 1004 1514 1037 eum,
1538 994 1599 1040 qui
1622 998 1812 1030 contentus
1837 1005 1879 1030 eo
1905 1005 1987 1030 cum
2011 994 2167 1030 deferret
2188 994 2275 1030 fuit:
2324 1005 2424 1031 uam-

1335 1039 1387 1075 vis
1411 1039 1568 1085 pupillus
1591 1050 1665 1076 non
1687 1039 1849 1075 videatur
1867 1039 2038 1085 peierare,
2085 1039 2148 1075 uia
2166 1040 2282 1076 sciens
2318 1040 2427 1077 allero

1337 1088 1352 1119 1
1402 1095 1476 1120 non
1505 1084 1678 1120 videatur.
1726 1084 1764 1121 Si
1793 1087 1899 1130 pater
1920 1084 2031 1120 filium
2121 1095 2142 1120 e
2163 1096 2237 1122 non
2259 1096 2281 1121 o
2309 1088 2427 1122 ortere

1333 1129 1520 1172 iuraverit,
1554 1129 1700 1166 Cassius
1722 1130 1906 1175 respondit
1929 1133 1965 1165 et
1986 1130 2082 1175 patri
2105 1133 2142 1166 et
2163 1129 2236 1166 filio
2317 1130 2427 1166 udam

1335 1175 1581 1227 exceptionem
1602 1174 1850 1210 iurisiurandi:
1884 1175 1915 1211 si
1937 1179 2041 1227 pater
2063 1175 2233 1210 iuraverit
2254 1175 2292 1211 in
2314 1186 2426 1221 pecu·

1334 1221 1381 1256 lio
1406 1220 1494 1255 1111111
1524 1230 1622 1263 esse,
1653 1219 1748 1256 filius
1772 1220 1954 1255 conveniri
1976 1220 2125 1266 poterit:
2158 1220 2223 1256 sed
2255 1224 2293 1257 et
2322 1224 2428 1267 pater

1334 1266 1386 1300 ita
1416 1265 1665 1307 convenietur,
1696 1269 1738 1300 ut
1769 1268 1853 1311 post
1882 1265 2051 1317 adquisiti
2082 1265 2214 1310 peculii
2243 1266 2336 1302 ratio
2359 1266 2426 1301 ha-

1334 1313 1355 1346 2
1402 1310 1541 1348 beatur.
1587 1310 1822 1346 Iurisiurandi
1840 1309 2002 1346 condicio
2023 1321 2068 1346 ex
2086 1321 2233 1346 numero
2254 1321 2334 1347 esse
2362 1322 2426 1357 po-

1331 1355 1522 1391 testvideri
1544 1355 1701 1392 novandi
1723 1355 1970 1401 delegandive,
2007 1355 2090 1401 quia
2119 1355 2360 1401 proficiscitur
2382 1367 2427 1392 ex

1335 1402 1580 1444 conventione,
1604 1401 1763 1447 quamvis
1786 1401 1919 1436 habeat
1942 1404 1978 1436 et
1999 1400 2113 1436 instar
2135 1401 2267 1437 iudicii.

1380 1443 1434 1483 27
1473 1446 1598 1483 (ἔωσε
1636 1446 1728 1482 libro
1770 1446 1897 1492 quinto
1932 1445 1983 1482 ad
2015 1445 2169 1482 edictum
2196 1445 2427 1493 provinciale

1333 1491 1585 1527 Iusiurandum
1608 1491 1716 1527 etiam
1737 1491 1818 1527 loco
1838 1490 2024 1527 solutionis
2046 1490 2150 1527 cedit.

1381 1534 1435 1574 28
1467 1536 1627 1573 Pio-wa
1654 1536 1745 1572 libro
1777 1539 1902 1573 octavo
1934 1535 2070 1572 decimo
2101 1536 2152 1571 ad
2181 1535 2335 1572 edictum
2380 1536 2423 1572 In

1335 1581 1476 1618 duobus
1507 1582 1579 1618 reis
1611 1581 1808 1627 stipulandi
1839 1581 1885 1617 ab
1918 1581 2031 1617 altero
2063 1580 2218 1616 delatum
2247 1581 2425 1617 iusiuran-

1338 1631 1352 1662 1
1404 1627 1488 1662 dum
1500 1627 1608 1663 etiam
1620 1627 1724 1662 alteri
1742 1626 1897 1663 nocebit.
1934 1626 2037 1670 Quod
2055 1636 2139 1662 reus
2157 1626 2296 1669 iuravit,
2319 1627 2426 1662 etiam

1333 1672 1535 1709 fideiussori
1565 1672 1718 1718 proficit.
1754 1682 1778 1707 a
1806 1671 2018 1708 fideiussore
2048 1674 2215 1707 exactum
2245 1671 2424 1707 iusiuran-

1335 1718 1419 1753 dum
1448 1717 1620 1763 prodesse
1651 1717 1759 1753 etiam
1788 1727 1850 1752 reo
1875 1716 2018 1752 Cassius
2050 1720 2087 1752 et
2109 1716 2269 1752 Iulianus
2302 1717 2424 1752 aiunt:

1333 1773 1418 1798 nam
1442 1763 1526 1808 quia
1547 1762 1586 1798 in
1615 1762 1735 1798 locum
1765 1762 1951 1798 solutionis
1982 1761 2162 1804 succedit,
2193 1761 2252 1797 hic
2284 1771 2426 1807 quoque

1334 1808 1459 1844 eodem
1477 1808 1557 1844 loco
1578 1807 1783 1843 habendum
1803 1810 1875 1843 est:
1899 1807 1931 1843 si
1950 1806 2056 1843 modo
2075 1806 2156 1842 ideo
2175 1806 2424 1852 interpositum

1336 1857 1391 1889 est
1412 1852 1668 1895 iusiurandum,
1693 1856 1735 1888 ut
1758 1852 1803 1888 de
1825 1852 1904 1898 ipso
1930 1855 2119 1888 contractu
2143 1855 2180 1887 et
2202 1851 2247 1888 de
2269 1862 2328 1894 re,
2352 1862 2425 1888 non

1335 1901 1355 1934 2
1403 1898 1448 1934 de
1470 1908 1625 1944 persona
1647 1898 1798 1933 iurantis
1822 1895 1997 1943 ageretur.
2046 1897 2084 1933 Si
2107 1897 2160 1939 ei,
2193 1897 2255 1943 qui
2287 1896 2424 1933 debito-

1333 1954 1410 1980 rem
1431 1953 1550 1979 meum
1571 1944 1610 1979 in
1632 1943 1804 1979 iudicium
1834 1942 2002 1979 exhibere
2033 1942 2215 1988 promisit,
2245 1942 2423 1978 iusiuran-

1334 1989 1419 2024 dum
1450 1989 1634 2025 detulerim
1665 1989 1768 2034 isque
1796 1988 1967 2024 iuraverit
1997 1997 2037 2023 se
2069 1987 2211 2023 omnino
2236 1986 2423 2023 exhibitio-

1334 2044 1416 2070 nem
1439 2034 1515 2070 eius
1537 2044 1612 2070 non
1633 2033 1858 2080 promisisse,
1893 2032 2064 2079 prodesse
2094 2032 2247 2069 debitori
2278 2042 2356 2068 meo
2386 2033 2425 2068 id

1333 2090 1407 2116 non
1437 2079 1561 2115 debet:
1595 2079 1628 2115 si
1657 2088 1742 2115 vero
1765 2078 1936 2115 iuraverit
1958 2089 1998 2114 se
2020 2078 2109 2113 nihil
2132 2077 2218 2113 mihi
2239 2080 2425 2123 praestare

1333 2122 2272 2214 3235‘3122’udtffissssffligieiszffiifflff
2297 2132 2423 2204 ffi:

1332 2215 1469 2251 sionem
1493 2196 1694 2251 exhibuerit
1715 2224 1762 2250 an
1786 2224 1870 2250 vero
1895 2214 1980 2266 quia
2003 2213 2164 2250 solverit:
2199 2223 2269 2259 quo
2328 2216 2365 2249 et
2385 2213 2424 2249 in

1332 2263 1352 2295 3
1399 2259 1670 2296 fideiussorem⁹
1693 2258 1803 2295 debiti
1826 2258 2114 2304 distinguendum
2138 2261 2202 2293 est.
2249 2258 2309 2294 Ex
2333 2257 2422 2294 duo·

1331 2305 1399 2341 bus
1422 2305 1493 2341 reis
1515 2303 1746 2350 promittendi
1769 2303 1925 2340 eiusdem
1975 2303 2124 2340 ecuniae
2154 2303 2246 2339 alter
2272 2303 2422 2339 iuravit:

1331 2353 1353 2385 4
1399 2349 1504 2386 alteri
1526 2360 1669 2396 quoque
1700 2348 1874 2394 prodesse
1904 2315 2059 2385 debebit.
2106 2347 2284 2394 Exceptio
2316 2348 2421 2400 iuris-

1329 2395 1473 2431 iurandi
1495 2405 1569 2431 non
1590 2398 1733 2430 tantum
1755 2394 1787 2430 si
1810 2404 1854 2430 ea
1876 2394 2018 2430 actione
2041 2393 2121 2439 quis
2144 2397 2287 2434 utatur,
2320 2403 2423 2429 cuius

1330 2440 1474 2476 nomine
1496 2440 1611 2485 exegit
1632 2439 1890 2482 iusiurandum,
1914 2438 2049 2491 opponi
2071 2438 2197 2482 debet,
2228 2438 2292 2474 sed
2317 2439 2421 2474 etiam

1330 2485 1362 2521 si
1384 2485 1475 2528 alia,
1500 2485 1531 2521 si
1553 2485 1659 2521 modo
1684 2484 1808 2520 eadem
1831 2487 1990 2530 quaestio
2013 2484 2052 2520 in
2074 2484 2144 2520 hoc
2166 2483 2336 2520 iudicium
2360 2483 2422 2519 de-

1330 2530 1503 2574 ducatur,
1533 2530 1629 2566 10110
1659 2529 1690 2566 si
1720 2530 1766 2566 ob
1799 2529 1978 2565 actionem
2007 2528 2168 2564 mandati
2196 2529 2422 2574 negotiorum

1329 2579 1510 2621 gestorum
1544 2575 1725 2611 societatis
1761 2578 1970 2620 ceterasque
2008 2574 2140 2610 similes
2174 2573 2423 2610 iusiurandum

1330 2625 1496 2657 exactum
1519 2621 1577 2663 sit,
1602 2619 1730 2656 deinde
1753 2630 1798 2656 ex
1818 2619 1932 2655 isdem
1954 2619 2073 2655 causis
2097 2622 2233 2655 certum
2254 2618 2422 2655 condica-

1329 2670 1408 2709 tur,
1441 2666 1525 2712 quia
1557 2676 1623 2711 per
1652 2665 1802 2701 alteram
1832 2665 2011 2701 actionem
2033 2664 2148 2700 altera
2169 2673 2312 2716 quoque
2335 2675 2420 2700 con-

1329 2715 1349 2746 5
1397 2711 1559 2747 sumitur.
1608 2710 1647 2746 Si
1669 2710 1748 2756 quis
1770 2709 1940 2746 iuraverit
1961 2719 2001 2745 se
2031 2720 2104 2745 non
2135 2719 2316 2754 rapuisse,
2348 2719 2421 2745 non

1330 2756 1436 2792 debet
1465 2756 1626 2792 adiuvari
1655 2755 1726 2792 hoc
1756 2754 1983 2791 iureiurando
2014 2754 2054 2789 111
2084 2754 2226 2790 actione
2248 2753 2335 2790 furti
2358 2758 2422 2790 aut

1330 2801 1577 2844 condictione,
1602 2801 1687 2847 quia
1709 2800 1807 2836 aliud
1829 2803 1885 2836 est
1906 2799 2043 2835 furtum
2065 2798 2215 2843 fecisse,
2246 2798 2343 2844 quod
2364 2798 2421 2835 vel

1330 2850 1350 2883 6
1397 2847 1492 2883 clam
1514 2846 1593 2882 fieri
1614 2849 1745 2892 potest.
1793 2844 1959 2887 Colonus‚
1981 2855 2062 2880 cum
2082 2855 2152 2890 quo
2172 2847 2320 2890 propter
2337 2854 2420 2880 suc-

1329 2891 1423 2928 cisas
1445 2891 1540 2927 forte
1562 2891 1709 2927 arbores
1741 2890 1914 2936 agebatur
1945 2899 1990 2925 ex
2020 2889 2161 2933 locato,
2191 2889 2224 2925 si
2252 2889 2422 2925 iuraverit

1329 2947 1367 2973 se
1390 2947 1464 2972 non
1487 2935 1692 2979 succidisse,
1715 2936 1790 2972 sive
1813 2934 1864 2971 01
1908 2945 1928 2971 0
1947 2934 2134 2970 duodecim
2151 2934 2357 2970 tabularum
2376 2933 2422 2969 de

1329 2981 1518 3018 arboribus
1549 2981 1699 3017 succisis
1729 2980 1803 3016 sive
1835 2990 1856 3015 e
1985 2979 2128 3026 Aquilia
2150 2979 2269 3015 damni
2290 2979 2421 3015 iniuria

1329 3027 1403 3063 sive
1431 3026 1620 3062 interdicto
1645 3025 1743 3071 quod
1763 3025 1798 3061 vi
1821 3029 1886 3061 aut
1966 3036 2002 3061 m
2049 3028 2152 3061 ostea
2175 3024 2418 3066 convenietur,

1330 3075 1348 3107 7
1395 3081 1461 3118 per
1479 3071 1724 3117 exceptionem
1741 3069 2009 3106 iurisiurandid
2045 3069 2128 3106 endi
2138 3069 2282 3115 poterit.
2319 3068 2421 3113 Quae

1326 3116 1458 3153 iuravit
1480 3116 1621 3152 divortii
1644 3118 1755 3152 causa
1771 3125 1847 3151 rem
1866 3125 1907 3151 se
1925 3125 1999 3152 non
2018 3114 2203 3157 amovisse,
2226 3124 2301 3151 non
2312 3114 2420 3150 debet

1328 3161 1472 3198 defendi
1493 3171 1559 3208 per
1582 3161 1844 3207 exceptionem,
1875 3161 1906 3196 si
1938 3171 2020 3196 cum
2051 3170 2095 3196 ea
2124 3159 2163 3195 in
2193 3169 2269 3195 rem
2293 3162 2421 3204 agatur

1328 3210 1374 3250 et,
1399 3207 1431 3243 si
1451 3205 1645 3243 contendat
1661 3216 1763 3242 suam
1782 3215 1872 3248 esse,
1897 3206 1967 3241 alio
1986 3203 2214 3257 iureiurando
2231 3214 2324 3250 opus
2343 3208 2418 3240 est:

1328 3256 1456 3288 contra
1478 3252 1510 3288 si
1531 3251 1702 3287 iuraverit
1719 3260 1822 3287 suam
1841 3260 1931 3293 esse,
1955 3250 2064 3286 debet
2081 3249 2120 3285 in
2138 3253 2280 3286 actione
2299 3259 2420 3285 rerum

1327 3301 1527 3333 amotarum
1549 3295 1703 3332 defendi.
1746 3299 1784 3332 et
1805 3295 1948 3331 omnino
1972 3296 2043 3331 hoc
2066 3294 2330 3330 observandum
2352 3298 2418 3336 est,

1326 3342 1412 3378 licet
1441 3351 1507 3388 per
1536 3341 1645 3377 aliam
1674 3340 1853 3377 actionem
1883 3340 2007 3376 eadem
2037 3339 2198 3386 quaestio
2221 3342 2417 3381 moveatur,

1328 3390 1348 3423 8
1396 3390 1438 3422 ut
1467 3386 1631 3432 exceptio
1661 3385 1891 3422 iurisiurandi
1921 3385 2040 3422 locum
2062 3384 2206 3420 habeat.
2253 3384 2363 3429 Igitur
2386 3384 2417 3419 si

1327 3432 1407 3477 quis
1429 3431 1560 3467 iuravit
1591 3442 1632 3467 se
1661 3441 1735 3467 non
1767 3440 1846 3467 esse
1877 3430 2170 3471 condemnatum,
2201 3428 2340 3465 etiamsi
2372 3439 2417 3463 ex

1327 3477 1500 3522 stipulatu
1520 3476 1716 3512 iudicatum
1738 3475 1827 3512 solvi
1848 3476 1895 3511 ob
1915 3485 1991 3511 rem
2010 3474 2205 3511 iudicatam
2226 3473 2415 3510 convenia-

1326 3525 1397 3565 tur,
1422 3521 1633 3558 defendetur
1655 3531 1720 3567 per
1742 3520 1997 3566 exceptionem.
2033 3522 2160 3556 contra
2182 3519 2235 3561 si,
2268 3529 2349 3554 cum
2371 3527 2416 3553 ex

1327 3566 1502 3612 stipulatu
1520 3566 1717 3602 iudicatum
1735 3565 1824 3602 solvi
1843 3565 2101 3607 conveniretur,
2119 3563 2251 3600 iuravit
2270 3573 2310 3599 se
2330 3563 2416 3598 dare

1326 3726 1371 3766 (9)
1395 3723 1594 3757 fideiussore
1606 3724 1691 3758 Hal.
2125 3678 2171 3720 (⁸)
2195 3678 2255 3719 ἰι]
2267 3677 2319 3710 ⁰⁸ss
2329 3674 2417 3710 Hal.

2512 1625 2528 1651 μ
2507 1134 2528 1540 ’κεκι-ιψήε-ψ,ειὴι».ᾷ»ι··
2504 1071 2505 1074 ⁴
2503 1035 2507 1043 “

2361 0 2528 239 ..3
