2528 3918
161 108 310 151 ms'r.
342 109 396 161 11,
433 109 594 150 17-19

165 231 234 268 'sas
258 231 404 276 singulis
428 229 724 276 appellationibus
748 228 933 276 distingui,
963 229 1043 267 ideo
1076 228 1251 276 quaedam

165 278 247 334 '¹¹⁰3‘
270 277 348 335 ΨΘ
370 276 469 329 fia-²²
492 274 884 356 dffQ‘ui’xoiuffssssff
913 275 1251 357 ἓῗῖὲῗὲἑῆἔὲἒὶῗὲ

166 326 259 404 {ridi
281 322 686 417 eav‘izlesltlglntizntgflquae
705 365 750 401 ab
770 365 870 402 initio
890 332 968 403 Eira
986 365 1086 402 facta
1104 369 1251 412 propter

164 413 302 458 ’capitis
316 411 592 447 deminutionem
604 411 705 446 irrita
714 409 814 447 facta
833 415 927 447 sunt.
961 422 1044 447 nam
1065 411 1095 447 si
1115 415 1249 457 septem

164 458 317 493 'testium
341 456 449 502 signis
473 456 612 500 signata
635 460 730 499 sunt,
754 460 873 503 potest
897 457 1049 503 scriptus
1072 457 1176 492 heres
1193 466 1248 492 se-

164 503 330 539 'cundum
363 501 506 537 tabulas
542 502 746 537 testamenti
779 501 954 538 bonorum
1014 502 1248 538 ossessionem

164 548 384 594 ’agnoscere,
417 546 448 582 si
478 546 583 583 modo
607 546 799 582 defunctus
823 551 858 582 et
891 547 975 583 civis
1034 557 1183 583 omanus
1215 550 1250 582 et

164 593 259 629 'suae
282 591 471 638 potestatis
495 592 620 628 mortis
643 595 803 638 tempore
834 592 960 628 fuerit:
994 603 1076 628 nam
1108 592 1139 628 si
1169 592 1247 628 ideo

163 637 1249 719 ἷίῖἷὲἷὲωιξέξὲἒιῗωείἒθέῗέἷέῗὲἓὲἓέἰἓὲῑοῖιέῑέὝὲῗιῖἒῖ

163 694 253 764 ’gem
277 738 316 764 se
340 728 439 764 dedit
469 731 505 764 et
534 728 658 764 mortis
688 709 849 773 tempo’re
879 729 917 766 in
925 694 1104 773 qadoptivi
1135 694 1248 773 pgtris

163 774 351 819 'potestate
385 773 451 817 sit,
486 784 559 810 non
589 777 710 819 potest
740 774 895 819 scriptus
926 773 1030 808 heres
1054 773 1248 809 secundum

162 822 180 854 7
209 822 255 862 (6)
303 819 454 855 ’tabulas
487 819 663 855 bonorum
699 819 961 864 possessionem
995 819 1137 864 petere.⁴
1191 818 1250 853 Ex

162 875 204 900 eo
218 867 337 901 autem
350 864 426 901 solo
448 875 520 917 non
538 868 660 917 potest
679 863 853 899 infirmari
871 867 1134 907 testamentum,
1154 863 1249 908 quod

161 920 207 991 ἓξ
211 914 295 1001 {5312
310 910 682 1001 Ἔὲξῗῒῖἑοέῗῶῗέῗε
696 909 1178 1000 ζῖἒῖἱῖιθὲῗὲὲθρὲἓῗέήέἑ
1194 912 1248 989 seat:

162 1011 243 1037 cere
266 1001 423 1047 coeperit
446 1004 481 1036 et
503 1004 568 1036 aut
590 1000 806 1036 mortalitate
829 1003 1053 1045 praeventus,
1079 1004 1143 1035 aut
1190 999 1250 1035 uia
1292 1003 1294 1005 '

162 1057 243 1082 eum
266 1047 342 1082 eius
365 1047 416 1082 rei
439 1045 625 1091 paenituit,
649 1046 709 1080 id¹
734 1056 805 1081 non
824 1044 1047 1090 perfecisset,
1072 1045 1143 1081 divi
1194 1055 1249 1081 er-

160 1092 289 1128 tinacis
314 1092 475 1127 oratione
499 1094 642 1126 cautum
667 1094 738 1133 est,
763 1100 808 1125 ne
833 1090 921 1126 alias
944 1091 1090 1126 tabulae
1112 1091 1250 1136 priores

160 1137 238 1173 iure
260 1137 380 1173 factae
403 1136 523 1172 irritae
546 1136 654 1178 fiant,
686 1135 754 1171 nisi
786 1139 974 1182 sequentes
1006 1136 1083 1172 iure
1107 1136 1249 1172 ordina-

160 1187 220 1218 tae
250 1186 288 1218 et
317 1182 522 1228 perfectae²
552 1181 696 1217 fuerint.
740 1191 824 1216 nam
857 1181 1104 1227 imperfectum
1139 1184 1250 1217 testa-

161 1230 181 1263 8
208 1231 254 1271 (Ἰ)
304 1231 461 1263 mentum
493 1227 570 1262 sine
594 1226 702 1262 dubio
727 1227 864 1262 nullum
888 1230 952 1262 est.
1000 1227 1137 1262 Eadem
1169 1237 1249 1262 ora-

161 1273 258 1309 tione
282 1273 457 1319 expressit
480 1283 551 1308 non
575 1272 812 1308 admissurum
836 1282 876 1308 se
898 1272 1132 1308 hereditatem
1164 1272 1249 1315 eius,

161 1319 222 1364 qui
244 1318 315 1354 litis
340 1328 451 1354 causa
480 1317 676 1370 principem
707 1317 875 1353 heredem
904 1318 1103 1363 reliquerit,
1135 1328 1251 1363 neque

161 1364 301 1399 tabulas
326 1374 399 1399 non
421 1363 597 1415 legitimae
619 1363 755 1406 factas,
786 1363 823 1398 in
871 1363 977 1399 uibus
1001 1363 1078 1409 ipse
1102 1364 1147 1400 ob
1173 1373 1251 1399 eam

161 1420 305 1446 causam
330 1410 433 1445 heres
456 1409 641 1444 institutus
667 1411 763 1451 erat,
794 1419 859 1461 pro
887 1412 1030 1444 aturum
1060 1418 1175 1454 neque
1207 1419 1251 1444 ex

160 1455 258 1490 nuda
280 1465 368 1491 voce
390 1453 530 1490 heredis
554 1463 684 1489 nomen
709 1453 948 1490 admissurum
971 1464 1087 1499 neque
1111 1465 1155 1490 ex
1177 1454 1251 1490 ulla

161 1501 358 1546 scriptura,
385 1500 442 1535 cui
464 1499 552 1535 iuris
577 1499 773 1535 auctoritas
798 1499 907 1542 desit,
941 1499 1075 1545 aliquid
1099 1499 1249 1545 adeptu-

160 1557 250 1581 rum.
284 1545 479 1581 secundum
510 1545 600 1580 haec
632 1544 701 1580 divi
731 1555 874 1590 quoque
898 1544 1046 1581 Severus
1077 1549 1113 1581 et
1135 1546 1249 1581 Anto-

161 1591 265 1627 ninus
289 1590 496 1636 saepissime
519 1590 798 1636 rescripserunt:
834 1590 928 1626 ‘licet
959 1590 1062 1626 enim’
1087 1591 1251 1637 inquiunt

161 1637 308 1682 ‘legibus
332 1636 440 1673 soluti
464 1646 598 1679 sumus,
622 1639 782 1671 attamen
804 1636 940 1681 legibus
964 1636 1136 1673 vivimus'.

633 1728 787 1769 XV111³

347 1795 408 1829 DE
433 1794 720 1829 INOFFICIOSO
745 1795 1050 1829 TESTAMENTO

205 1862 296 1908 Quia
318 1862 526 1908 plerumque
556 1865 724 1907 parentes
756 1862 833 1899 sine
865 1872 976 1898 causa
1006 1862 1139 1898 liberos
1163 1871 1249 1898 suos

159 1909 214 1944 vel
238 1908 455 1944 exheredant
476 1907 532 1944 vel
555 1908 736 1951 omittunt,
760 1908 947 1944 inductum
971 1911 1041 1951 est,
1065 1910 1106 1944 ut
1128 1907 1172 1943 de
1194 1907 1248 1942 in-

160 1953 321 1990 officioso
345 1956 560 1989 testamento
585 1963 690 1998 agere
713 1954 853 1999 possint
874 1953 987 1997 liberi,
1013 1953 1075 1999 qui
1092 1963 1248 1998 querun-

159 2002 220 2034 tur
243 2002 306 2034 aut
329 1999 448 2044 inique
471 2009 510 2034 se
534 1998 769 2035 exheredatos
794 2002 857 2035 aut
879 1999 1000 2045 inique
1023 1998 1249 2044 praeteritos,

162 2045 254 2080 ⁴'hoc
280 2044 416 2088 colore,
449 2043 551 2090 quasi
574 2054 647 2080 non
671 2054 782 2080 sanae
812 2044 940 2080 mentis
970 2043 1135 2087 fuerunt,
1169 2054 1249 2079 cum

159 2093 411 2125 testamentum
435 2089 650 2125 ordinarent.
688 2089 752 2126 sed
774 2090 844 2126 hoc
868 2090 1016 2133 dicitur,
1049 2100 1123 2125 non
1146 2089 1250 2135 quasi

159 2145 241 2171 vere
263 2135 422 2171 furiosus
447 2135 511 2178 sit,
543 2134 607 2171 sed
637 2136 735 2171 recte
766 2135 908 2181 quidem
938 2135 1025 2171 fecit
1054 2138 1246 2171 testamen-

159 2185 254 2223 tum,
279 2192 351 2217 non
375 2183 494 2216 autem
518 2190 562 2216 ex
585 2179 704 2216 officio
729 2181 892 2226 pietatisz
918 2191 1001 2216 nam
1032 2180 1063 2216 si
1085 2190 1168 2217 vere
1190 2179 1247 2215 fu-

162 2230 177 2262 1
227 2226 343 2262 riosus
367 2230 432 2269 est,
457 2225 592 2261 nullum
616 2230 671 2262 est
692 2229 955 2262 testamentum.
1004 2228 1086 2262 Non
1108 2228 1249 2261 tantum

160 2275 280 2308 autem
309 2271 432 2307 liberis
463 2271 675 2317 permissum
707 2275 763 2308 est
785 2275 974 2317 parentum
998 2274 1249 2307 testamentum

159 2316 399 2353 inofficiosum
423 2326 605 2360 accusare,
629 2327 750 2353 verum
774 2318 905 2353 etiam³
927 2317 1137 2362 parentibus
1160 2316 1247 2352 libe-

159 2373 290 2399 rorum.
326 2373 430 2398 soror
453 2365 573 2398 autem
597 2365 632 2398 et
654 2361 768 2399 frater
789 2363 955 2408 turpibus
978 2362 1142 2408 personis
1161 2361 1248 2398 scri-

159 2408 230 2453 ptis
247 2408 438 2444 heredibus
459 2418 503 2443 ex
523 2407 636 2444 sacris
655 2408 970 2444 constitutionibus
983 2407 1135 2453 praelati
1146 2411 1247 2443 sunt:

160 2464 232 2489 non
257 2463 338 2498 ergo
364 2456 490 2489 contra
513 2463 635 2489 omnes
658 2453 808 2490 heredes
832 2463 937 2499 agere
959 2456 1122 2499 possunt.
1155 2453 1250 2489 ultra

159 2498 288 2534 fratres
312 2502 348 2534 et
371 2509 510 2535 sorores
535 2498 675 2544 cognati
698 2499 796 2534 nullo
822 2498 926 2535 modo
952 2502 1015 2534 aut
1039 2508 1142 2544 agere
1165 2508 1248 2544 pos-

160 2547 179 2579 2
228 2547 311 2579 sunt
335 2547 398 2579 aut
422 2547 568 2590 agentes
591 2544 743 2580 vincere.
793 2544 883 2580 Tam
914 2548 1035 2580 autem
1066 2544 1249 2579 naturales

159 2589 280 2631 liberi,
313 2599 419 2634 quam
450 2589 647 2626 secundum
678 2592 825 2626 nostrae
849 2589 1138 2626 constitutionis⁶
1162 2588 1249 2624 divi-

161 2634 296 2670 sionem
320 2634 481 2679 adoptati
503 2635 555 2670 ita
579 2635 719 2671 demum
743 2635 788 2671 de
810 2635 1012 2671 inofficioso
1035 2637 1248 2670 testamento

160 2689 265 2724 agere
287 2684 458 2724 possunt.
491 2681 521 2715 si
551 2680 648 2716 nullo
683 2680 752 2716 alio
783 2680 863 2716 iure
893 2680 940 2716 ad
970 2681 1067 2716 bona
1091 2679 1250 2716 defuncti

159 2724 278 2760 venire
301 2728 462 2770 possunt.
501 2735 583 2760 nam
607 2725 667 2770 qui
690 2725 759 2761 alio
782 2725 861 2761 iure
883 2726 1029 2761 veniunt
1060 2725 1107 2761 ad
1137 2728 1250 2761 totam

160 2769 394 2805 hereditatem
417 2770 472 2805 vel
495 2773 633 2815 partem
654 2770 741 2813 eius,
768 2770 812 2807 de
830 2770 1032 2807 inofficioso
1053 2780 1159 2816 agere
1178 2781 1251 2805 non

160 2818 322 2860 possunt.
359 2815 516 2859 postumi
540 2825 698 2867 quoque,
732 2816 793 2861 qui
816 2816 913 2852 nullo
938 2816 1007 2852 alio
1031 2816 1109 2852 iure
1132 2816 1250 2851 venire

161 2864 181 2895 3
228 2864 399 2905 possunt,
425 2859 469 2895 de
493 2859 693 2896 inofficioso
764 2871 822 2897 ere
846 2864 1008 2907 possunt.
1057 2860 1128 2896 Sed
1159 2861 1250 2896 haec

159 2906 212 2941 ita
241 2904 451 2950 accipienda
481 2908 584 2947 sunt,
616 2906 646 2941 si
669 2906 744 2941 nihi
781 2907 832 2942 eis
856 2906 999 2952 penitus
1023 2916 1046 2942 a
1068 2906 1248 2942 testatori-

160 2950 228 2986 bus
241 2953 454 2986 testamento
475 2950 638 2986 relictum
658 2955 720 2986 est.
760 2951 853 2996 quod
874 2955 998 2988 nostra
1017 2951 1250 2988 constitutio⁷

161 2995 207 3031 ad
228 2995 478 3031 verecundiam
502 2999 653 3032 naturae
675 2996 882 3032 introduxit.
915 2997 971 3033 sin
993 3007 1076 3034 vero
1098 3000 1248 3043 quanta-

162 3051 242 3076 cum
268 3050 313 3075 ue
335 3051 420 3093 pars
444 3040 650 3076 hereditatis
674 3041 729 3077 vel
751 3053 808 3077 res
834 3042 883 3078 eis
907 3042 1015 3079 fuerit
1036 3043 1180 3085 relicta,
1206 3042 1250 3078 de

159 3085 240 3121 inof
264 3085 352 3121 cios1
375 3086 520 3131 querela
543 3086 746 3131 quiescente
768 3087 804 3122 id
828 3087 924 3132 quod
949 3088 999 3124 eis
1019 3087 1119 3124 deest
1136 3098 1250 3133 usque

161 3130 208 3167 ad
231 3134 394 3176 quartam
417 3131 594 3176 legitimae
615 3132 730 3177 partis
753 3143 792 3168 re
817 3132 920 3175 letur,
945 3133 1029 3169 licet
1051 3143 1124 3169 non
1141 3132 1250 3168 fuerit

160 3179 181 3211 4
229 3175 407 3212 adiectum
419 3176 769 3213 boniviriarbitratu
816 3178 919 3213 ebere
941 3188 1018 3214 eam
1036 3178 1175 3224 repleri.
1211 3177 1249 3213 Si

160 3224 259 3257 tutor
281 3221 423 3257 nomine
442 3221 579 3274 pupilli,
603 3221 704 3258 cuius
724 3222 872 3258 tutelam
890 3224 1047 3268 gerebat,
1073 3234 1118 3260 ex
1137 3226 1248 3259 testa-

160 3269 280 3302 mento
310 3266 424 3312 patris
456 3277 512 3302 sul
543 3267 699 3312 legatum
729 3269 923 3313 acceperit,
956 3279 1038 3304 cum
1060 3268 1149 3304 nihil
1172 3271 1250 3304 erat

159 3311 229 3357 ipsi
251 3311 365 3348 tutori
386 3312 550 3348 relictum
573 3322 596 3348 a
618 3315 722 3358 patre
745 3323 829 3355 suo,
862 3314 970 3349 nihilo
995 3314 1111 3350 minus
1134 3313 1250 3359 possit

160 3356 306 3394 nomine
336 3367 402 3393 suo
435 3357 479 3393 de
508 3357 708 3394 inofficioso
740 3358 853 3403 patris
882 3362 1095 3396 testamento
1176 3368 1246 3395 ere.

161 3406 181 3438 5
230 3401 302 3439 Sed
323 3405 361 3438 et
383 3401 414 3438 si
438 3412 458 3438 e
481 3402 660 3439 contrario
684 3403 808 3448 pupilli
832 3404 984 3446 nomine,
1010 3404 1068 3439 cui
1085 3404 1157 3440 mh
1191 3414 1247 3440 re-

163 3565 204 3605 (ι)
229 3563 277 3597 sic
287 3563 409 3606 scripsi
418 3574 481 3596 sec.
497 3562 537 3603 Θ,
550 3562 683 3604 penitui
693 3580 727 3595 0·
736 3565 787 3595 set
798 3562 835 3595 id
851 3563 908 3604 1¹⁸,
927 3563 1077 3606 penituit
1090 3575 1124 3597 se
1137 3565 1172 3598 id
1189 3563 1243 3606 P,

161 3607 198 3640 id
211 3621 270 3642 om.
283 3607 320 3641 B
411 3608 454 3650 (2)
478 3609 527 3642 sic
538 3607 618 3648 ΒΘ,
630 3607 739 3641 factae
755 3607 789 3641 T

209 3654 250 3695 (3)
280 3653 331 3696 Cs.
343 3653 424 3698 Diq.
439 3653 471 3694 5,
485 3660 503 3688 2
530 3653 608 3687 Cod.
622 3654 654 3694 3,
667 3660 704 3687 28
820 3652 862 3694 (4)
884 3654 1008 3697 ρν.]ἰη.
1023 3666 1062 3687 ex
1075 3654 1247 3689 λίαν-οἱονεί

163 3698 184 3732 1.
195 3704 211 3731 4
225 3698 298 3732 inst.
311 3698 403 3742 (th.
419 3699 450 3740 5,
464 3705 492 3740 2,
506 3699 537 3741 2)
635 3699 677 3737 (5)
703 3698 804 3731 ctiam
816 3701 850 3731 et
863 3698 937 3732 BT
1046 3702 1091 3740 (6)
1120 3700 1197 3734 Cod.
1211 3699 1243 3741 8,

163 3749 197 3777 47
211 3744 285 3784 (48),
299 3750 332 3778 ιο
426 3744 468 3785 (τ)
500 3744 576 3778 C'od.
591 3744 622 3785 3,
636 3750 685 3787 28,
697 3750 734 3779 ao

1264 103 1320 152 22
1695 122 1758 154 nn·
1785 122 2077 156 mormcmso
2105 124 2398 157 'rns‘rfflnnro

1318 229 1442 266 lictum
1472 230 1599 274 fuerit,
1632 231 1677 269 de
1698 232 1898 270 inofficioso
1930 234 2040 280 egerit
2064 237 2100 270 et
2122 237 2310 281 superatus
2334 239 2401 279 est,

1318 275 1396 322 ipse
1419 276 1515 322 quod
1537 276 1606 313 sibi
1628 277 1666 330 in
1679 279 1811 331 ,eodem
1834 282 2047 316 testamento
2066 279 2219 326 legatum
2238 280 2403 318 relictum

1319 324 1340 357 6
1387 325 1443 358 est
1472 332 1544 358 non
1576 326 1716 359 amittit.
1763 324 1875 370 Igitur
1906 328 2070 370 quartam
2100 325 2179 371 quis
2211 324 2316 362 debet
2337 326 2402 362 ha-

1318 366 1420 410 bere,
1453 370 1495 402 ut
1518 367 1562 403 de
1583 367 1784 405 inofficioso
1809 373 2021 406 testamento
2046 380 2151 416 agere
2173 381 2246 406 non
2268 372 2401 417 possit:

1318 411 1391 448 sive
1413 412 1491 448 iure
1514 412 1726 450 hereditario
1744 414 1817 450 sive
1836 415 1914 450 iure
1932 415 2040 462 legati
2057 415 2112 451 vel
2131 415 2402 460 fideicommissi,

1318 457 1373 492 vel
1396 458 1427 493 si
1449 458 1573 494 mortis
1597 468 1708 494 causa
1731 459 1764 494 ei
1787 464 1915 505 quarta
1938 459 2072 496 donata
2094 460 2212 504 fuerit,
2236 461 2292 497 vel
2311 461 2404 498 inter

1318 502 1414 538 vivos
1449 503 1487 539 in
1520 503 1575 539 his
1610 504 1856 540 tantummodo
1893 505 2056 548 casibus,
2093 517 2244 551 quorum
2278 511 2403 544 nostra

1319 548 1525 583 constitutio
1549 549 1763 584 mentionem
1785 549 1891 593 facit,
1914 551 1969 586 vel
1993 550 2070 586 aliis
2093 551 2207 587 modis
2231 552 2292 597 qui
2316 563 2401 588 con-

1318 595 1336 627 '1
1385 593 1629 629 stitutionibus
1654 594 1890 631 continentur.
1938 595 2040 640 Quod
2065 600 2184 632 autem
2207 597 2251 632 de
2274 601 2404 643 quarta

1318 637 1489 682 diximus,
1513 638 1566 674 ita
1588 638 1860 684 intellegendum
1885 644 1959 684 est,
1990 645 2049 683 ut,
2082 642 2155 677 sive
2178 652 2272 678 unus
2295 641 2404 678 fuerit

1318 683 1560 763 Sigemlffloes’
1597 684 1725 729 quibus
1752 695 1862 764 1atgere
1885 686 1930 766 dg
1958 686 2157 739 inofficioso
2189 690 2402 723 testamento

1343 739 1553 809 isltrihulaltldr
1576 739 1777 816 gigaidugst
1787 740 1984 821 aprssdssviraifil
2000 735 2164 822 ggffifffie
2173 736 2405 823 [ffugi-earam

1773 867 1947 907 XV1111⁸

1341 932 1402 964 DE
1428 932 1657 966 HEREDUM
1682 933 1941 970 QUALITATE
1965 935 2026 968 ET
2049 934 2371 971 DIFFERENTIA.

1364 998 1554 1036 ⁹’Heredes
1578 1002 1697 1036 autem
1721 1003 1785 1036 aut
1807 1001 2000 1038 necessarii
2023 1001 2190 1038 dicuntur
2213 1005 2277 1038 aut
2295 1003 2351 1039 sui
2369 1007 2406 1039 et

1323 1047 1335 1078 l
1386 1044 1588 1081 'necessarii
1622 1049 1686 1081 aut
1720 1046 1890 1082 extranei.
1945 1046 2177 1083 Necessarius
2211 1047 2315 1085 heres
2351 1053 2406 1084 est

1319 1090 1451 1126 *servus
1474 1090 1577 1126 heres
1600 1090 1801 1128 institutus:
1833 1091 1913 1128 ideo
1944 1092 1996 1128 sic
2020 1093 2222 1139 appellatus
2234 1094 2279 1136 ¹⁰,
2310 1093 2405 1140 quia,

1319 1135 1402 1171 'sive
1424 1135 1508 1171 velit
1531 1135 1605 1172 sive
1628 1136 1734 1180 nolit,
1767 1137 1967 1174 omnimodo
1999 1142 2082 1183 post
2113 1142 2264 1174 mortem
2294 1142 2404 1175 testa-

1321 1180 1417 1216 'toris
1448 1181 1612 1226 protinus
1636 1182 1726 1218 liber
1749 1186 1786 1218 et
1809 1183 2031 1219 necessarius
2044 1184 2071 1205 ¹¹
2094 1184 2198 1220 heres
2221 1183 2272 1220 fit.
2310 1184 2406 1221 unde

1321 1226 1392 1271 'qui
1415 1225 1609 1279 facultates
1634 1237 1718 1263 suas
1742 1238 1803 1264 sus
1831 1232 1928 1264 eotas
1951 1228 2103 1272 habent,
2127 1229 2244 1265 solent
2266 1240 2405 1266 servum

1322 1272 1436 1307 'suum
1458 1282 1572 1317 primo
1598 1276 1662 1308 aut
1685 1283 1795 1309 secun
1821 1284 1842 1310 o
1873 1274 1928 1310 vel
1959 1274 2065 1309 etiam
2097 1274 2264 1311 ulteriore
2293 1275 2405 1321 gradu

1321 1317 1496 1352 'heredem
1519 1317 1714 1361 instituere,
1740 1322 1790 1362 ut,
1815 1319 1846 1354 si
1870 1319 2105 1356 creditoribus
2129 1320 2216 1356 satis
2239 1331 2312 1356 non
2330 1320 2404 1364 fiat,

1320 1362 1449 1408 'potius
1481 1363 1558 1399 eius
1590 1363 1732 1400 heredis
1763 1364 1858 1400 bona
1890 1375 1996 1410 quam
2026 1364 2139 1410 ipsius
2167 1365 2351 1402 testatoris
2384 1376 2407 1401 a

1321 1407 1567 1444 'creditoribus
1597 1409 1848 1454 possideantur
1878 1410 1933 1445 vel
1964 1410 2207 1446 distrahantur
2236 1411 2292 1446 vel
2314 1411 2406 1446 inter

1321 1454 1390 1489 'eos
1415 1453 1628 1490 dividantur.
1664 1465 1729 1500 pro
1754 1455 1824 1491 hoc
1850 1458 1970 1491 tamen
2001 1455 2225 1492 incommodo
2257 1455 2345 1492 illud
2374 1456 2405 1492 ei

1320 1499 1554 1535 'commodum
1577 1503 1791 1552 praestatur,
1817 1504 1858 1536 ut
1880 1511 1934 1543 ea,
1959 1511 2051 1546 quae
2074 1505 2156 1546 post
2172 1505 2322 1537 mortem
2341 1512 2405 1547 pa-

1320 1544 1424 1580 'troni
1448 1545 1503 1580 sui
1526 1545 1594 1581 sibi
1617 1545 1835 1591 adquisierit,
1859 1546 1871 1581 i
1898 1546 1927 1582 si
1950 1549 2193 1582 reserventur:
2224 1550 2260 1582 et
2283 1556 2406 1592 quam-

1319 1589 1380 1626 ’vis
1404 1600 1476 1626 non
1500 1590 1682 1626 sufficiant
1695 1591 1722 1613 ¹²
1746 1591 1841 1628 bona
1890 1591 2023 1627 efuncti
2055 1591 2309 1635 creditoribus,
2339 1592 2405 1629 ite-

1320 1636 1408 1671 'rum
1431 1645 1475 1671 ex
1500 1645 1542 1671 ea
1567 1646 1676 1672 causa
1699 1647 1756 1673 res
1780 1637 1867 1680 eius,
1892 1647 1981 1683 quas
2005 1636 2073 1673 sibi
2092 1637 2139 1673 ad
2164 1637 2310 1681 uisierit,
2334 1648 2406 1674 non

1319 1683 1339 1716 2
1387 1682 1560 1717 'veneunt
1609 1681 1672 1717 Sui
1702 1685 1822 1718 autem
1853 1685 1889 1718 et
1919 1682 2111 1718 necessarii
2171 1682 2293 1718 eredes
2323 1686 2406 1719 sunt

1320 1726 1439 1762 'veluti
1461 1726 1557 1762 filius
1581 1726 1654 1762 filia
1677 1737 1789 1773 nepos
1812 1727 2001 1780 neptisque
2023 1737 2068 1763 ex
2090 1727 2163 1764 filio
2182 1731 2218 1764 et
2238 1727 2406 1774 deinceps

1320 1771 1441 1807 'ceteri
1471 1771 1593 1815 liberi,
1626 1773 1687 1818 qui
1717 1773 1822 1810 modo
1855 1784 1892 1809 m
1922 1776 2101 1818 potestate
2123 1772 2305 1809 morientis
2327 1773 2406 1810 fue-

1319 1816 1410 1852 'rint.
1448 1817 1511 1853 sed
1542 1820 1584 1852 ut
1613 1828 1725 1864 nepos
1756 1818 1915 1864 neptisve
1946 1818 2002 1854 sui
2032 1818 2180 1854 heredes
2211 1818 2301 1862 sint,
2333 1829 2406 1855 non

1319 1861 1464 1915 'sufficit
1494 1872 1576 1898 eum
1607 1873 1727 1899 eamve
1757 1864 1796 1899 in
1818 1866 1997 1909 potestate
2021 1863 2078 1899 avi
2100 1864 2224 1900 mortis
2247 1867 2407 1910 tempore

1319 1907 1458 1951 'fuisse‚
1490 1908 1554 1944 sed
1586 1919 1606 1944 o
1635 1919 1676 1944 us
1708 1913 1782 1952 est,
1814 1912 1855 1944 ut
1885 1912 1989 1955 pater
2013 1909 2089 1945 eius
2111 1909 2189 1945 vivo
2213 1913 2316 1955 patre
2339 1920 2405 1946 suo

1319 1953 1473 1989 'desierit
1503 1964 1590 1989 suus
1647 1964 1722 1990 eres
1755 1964 1834 1990 esse
1864 1958 1928 1990 aut
1958 1958 2072 1990 morte
2101 1954 2320 2000 interceptus
2343 1959 2407 1991 aut

1319 1998 1488 2044 'qualibet
1512 1999 1584 2035 alia
1606 1999 1746 2036 ratione
1768 1999 1940 2036 liberatus
1964 2002 2160 2046 potestate:
2192 2003 2280 2036 tunc
2314 2000 2406 2036 enim

1319 2045 1440 2090 'nepos
1464 2045 1623 2090 neptisve
1646 2045 1683 2079 in
1707 2045 1826 2082 locum
1849 2046 1961 2091 patris
1986 2045 2042 2081 sui
2060 2044 2231 2081 succedit.
2267 2045 2331 2082 sed
2350 2046 2406 2082 sui

1319 2089 1470 2135 'quidem
1493 2090 1640 2126 heredes
1664 2090 1744 2126 ideo
1769 2091 2005 2136 appellantur,
2029 2090 2112 2136 quia
2136 2090 2320 2126 domestici
2343 2091 2404 2127 he-

1320 2135 1432 2172 'redes
1452 2139 1538 2171 sunt
1557 2138 1593 2171 et
1611 2135 1688 2171 vivo
1710 2146 1850 2182 quoque
1868 2140 1972 2182 patre
1992 2135 2251 2181 quodammodo
2272 2135 2405 2172 domini

1319 2181 1586 2217 'existimantun
1622 2180 1718 2217 unde
1741 2182 1860 2225 etiam,
1884 2182 1915 2217 si
1938 2181 2016 2227 quis
2034 2181 2224 2217 intestatus
2243 2184 2405 2218 mortuus

1319 2226 1393 2270 *sit,
1425 2226 1541 2272 prima
1571 2236 1683 2262 causa
1714 2231 1769 2263 est
1791 2227 1828 2262 in
1852 2226 2078 2263 successione
2099 2226 2304 2263 liberorum.
2342 2237 2404 2262 ne-

1319 2272 1475 2307 *cessarii
1505 2281 1589 2307 vero
1621 2271 1701 2308 ideo
1734 2272 1918 2314 dicuntur,
1954 2272 2037 2317 quia
2074 2271 2296 2315 omnimodo,
2331 2272 2404 2308 sive

1319 2317 1438 2352 ‘velint
1460 2317 1533 2353 sive
1556 2317 1688 2360 nolint,
1720 2320 1794 2353 tam
1826 2318 1871 2353 ab
1902 2317 2072 2353 intestato
2097 2327 2204 2363 quam
2227 2327 2272 2352 ex
2293 2320 2403 2354 testa-

1318 2363 1445 2398 ’mento
1476 2362 1625 2398 heredes
1655 2362 1758 2398 fiunt.
1794 2362 1857 2398 sed
1878 2362 1934 2398 his
1965 2365 2111 2408 praetor
2141 2362 2313 2408 permittit
2342 2373 2404 2398 vo-

1319 2408 1483 2443 'lentibus
1500 2408 1680 2444 abstinere
1703 2418 1743 2444 se
1766 2408 1812 2444 ab
1836 2407 2044 2451 hereditate,
2067 2410 2108 2443 ut
2157 2407 2250 2444 otius
2274 2417 2403 2453 paren-

1320 2452 1375 2489 'tis
1407 2463 1513 2498 quam
1535 2454 1693 2499 ipsorum
1717 2453 1813 2489 bona
1837 2453 1995 2489 similiter
2019 2463 2040 2488 a
2064 2462 2123 2489 cre
2150 2452 2298 2489 'toribus
2320 2463 2404 2499 pos-

1319 2498 1524 2534 'sideantuxx

1320 2547 1339 2579 3
1359 2585 1361 2587 ,
1437 2543 1616 2587 ¹³'Ceteri,

1320 2589 1489 2625 *extranei
1519 2589 1666 2625 heredes
1698 2589 1931 2635 appellantur.
1975 2589 2096 2634 itaque
2130 2587 2233 2624 liberi
2263 2598 2405 2634 quoque

1320 2634 1461 2677 'nostri‚
1487 2634 1547 2680 qui
1570 2634 1607 2669 in
1631 2637 1808 2680 potestate
1830 2638 1956 2670 nostra
1978 2644 2051 2670 non
2075 2636 2178 2676 sunt,
2209 2632 2358 2669 heredes
2382 2643 2405 2670 a

1320 2680 1433 2715 'nobis
1467 2679 1623 2715 instituti
1658 2680 1817 2715 extranei
1850 2679 1999 2716 heredes
2033 2678 2205 2715 videntur.
2255 2689 2327 2725 qua
2360 2678 2404 2714 de

1321 2726 1440 2760 'causa
1472 2728 1508 2761 et
1539 2725 1599 2770 qui
1622 2725 1770 2761 heredes
1801 2735 1825 2760 a
1854 2728 1968 2760 matre
1997 2724 2250 2767 instituuntur,
2282 2723 2404 2760 eodem

1320 2771 1475 2806 'numero
1501 2773 1602 2813 sunt,
1635 2770 1718 2816 quia
1742 2770 1895 2806 feminae
1917 2769 1954 2806 in
1977 2772 2155 2815 potestate
2177 2769 2308 2805 liberos
2331 2779 2404 2805 non

1320 2816 1474 2851 'habent
1511 2826 1634 2851 servus
1658 2826 1726 2861 quo
1753 2826 1798 2851 ue
1821 2825 1844 2851 a
1867 2814 2008 2851 domino
2032 2814 2135 2850 heres
2158 2813 2343 2850 institutus
2367 2818 2405 2850 et

1319 2862 1411 2906 'post
1441 2864 1694 2897 testamentum
1740 2863 1860 2896 actum
1882 2860 1928 2896 ab
1952 2869 1994 2895 eo
2018 2859 2255 2895 manumissus
2280 2859 2403 2895 eodem

1319 2910 1340 2942 4
1390 2907 1545 2942 'numero
1569 2906 1741 2942 habetur.⁴
1794 2905 1871 2941 ¹“In
1903 2905 2080 2941 extraneis
2103 2904 2294 2940 heredibus
2316 2905 2403 2941 illud

1319 2952 1539 2995 observatur,
1563 2954 1603 2987 ut
1626 2951 1672 2987 sit
1695 2962 1775 2987 cum
1799 2950 1849 2986 eis
1873 2949 2074 2986 testamenti
2096 2949 2219 2993 factio,
2243 2949 2317 2986 sive
2334 2949 2403 2996 ipsi

1317 2996 1466 3033 heredes
1494 2996 1729 3032 instituantur
1761 2995 1832 3032 sive
1857 2995 1901 3040 ιβ
1928 2995 1989 3041 qui
2019 2995 2056 3031 in
2080 2997 2257 3041 potestate
2281 3005 2402 3031 eorum

1318 3047 1413 3078 sunt.
1450 3046 1487 3078 et
1508 3042 1545 3077 id
1569 3041 1709 3077 duobus
1733 3041 1954 3094 temporibus
1977 3040 2176 3087 inspicitur,
2200 3041 2403 3077 testamenti

1318 3087 1459 3134 quidem
1488 3086 1596 3130 facti,
1631 3090 1672 3122 ut
1707 3086 1907 3122 constiterit
1936 3085 2131 3129 institutio,
2165 3085 2289 3122 mortis
2319 3095 2401 3122 vero

1317 3132 1518 3175 testatoris,
1549 3135 1591 3168 ut
1621 3131 1784 3168 effectum
1814 3131 1956 3168 habeat.
1993 3131 2062 3167 hoc
2086 3130 2237 3177 amplius
2261 3134 2297 3167 et
2321 3141 2402 3167 cum

1317 3178 1394 3214 adit
1423 3177 1668 3221 hereditatem,
1689 3187 1768 3213 esse
1786 3176 1891 3213 debet
1910 3187 1991 3213 cum
2012 3186 2053 3212 eo
2066 3176 2270 3212 testamenti
2279 3175 2401 3219 factio,

1317 3223 1391 3259 sive
1422 3234 1512 3276 pure
1543 3223 1616 3259 sive
1646 3223 1713 3259 sub
1747 3222 1955 3259 condicione
1985 3221 2088 3258 heres
2120 3221 2305 3274 institutus
2336 3221 2400 3257 sit:

1317 3279 1399 3305 nam
1422 3279 1479 3304 ius
1502 3268 1643 3304 heredis
1663 3278 1704 3304 eo
1725 3267 1780 3304 vel
1798 3267 1950 3303 maxime
1968 3269 2127 3312 tempore
2141 3266 2401 3312 inspiciendum

1318 3317 1391 3357 est,
1416 3324 1486 3366 quo
1499 3314 1527 3335 ¹⁵
1550 3312 1706 3359 adquirit
1736 3311 1979 3349 hereditatem.
2015 3311 2129 3347 medio
2162 3314 2282 3347 autem
2312 3315 2400 3364 tem-

1317 3358 2401 3440 tssfsscoffitafsffi&eutssssfffflssffinaffitffisstffiz

1647 2544 1708 2589 qui
1737 2544 1921 2580 testatoris
1944 2542 2014 2579 iuri
2037 2542 2190 2579 subiecti
2212 2552 2285 2578 non
2308 2545 2403 2586 sunt,

1359 3564 1404 3605 (8)
1433 3564 1483 3604 Cf.
1498 3563 1753 3604 Gai.2,152..1·18
1777 3562 1952 3606 Di9.29,2
1982 3560 2058 3594 cod.
2070 3561 2100 3600 6,
2111 3567 2199 3594 (ιο-οι
2260 3560 2305 3603 (ο)
2322 3559 2396 3595 Gai.

1317 3608 1348 3648 2,
1361 3613 1489 3642 15²..1ss
1547 3608 1610 3650 (ιο)
1631 3608 1681 3640 εἰσ
1692 3607 1768 3640 dm.
1785 3606 1862 3641 Gai.
1877 3603 2120 3648 0,appollstur
2133 3603 2206 3637 BT
2258 3603 2317 3647 (ιι)
2339 3613 2397 3637 ιιο-

1316 3662 1394 3686 oeno.
1409 3653 1553 3695 corfirm.
1568 3652 1610 3696 Θ,
1622 3664 1682 3687 om.
1700 3651 1778 3686 Gai.
1842 3651 1904 3694 (1²)
1920 3649 2094 3683 sufficiunt
2106 3649 2179 3683 BT
2234 3648 2296 3691 (13)
2319 3649 2397 3683 Gai.

1318 3699 1350 3741 2,
1369 3704 1416 3732 ιοι
1492 3697 1552 3739 (ιι)
1579 3702 1595 3737 ς
1617 3704 1635 3732 ι
1652 3698 1696 3731 in.
1717 3709 1757 3731 α
1776 3696 1864 3730 Flor.
1885 3695 1908 3728 Ι.
1922 3702 1955 3729 ιο
1976 3695 2050 3729 ime.
2072 3694 2168 3739 (Diy.
2181 3695 2235 3736 28,
2252 3701 2281 3736 5,
2300 3699 2350 3736 ιο,
2370 3692 2398 3735 ι)

1317 3742 1378 3784 (ιο)
1401 3742 1492 3784 quod
1506 3742 1593 3776 BT·
