2528 3918
119 140 174 171 ET
201 139 368 170 REDITU

168 250 216 288 10
241 250 433 286 IULIANUS
453 250 543 285 libro
559 250 823 296 septuaqesimo
840 253 964 286 octavo
982 250 1203 296 diqestorum

118 297 154 332 Si
179 296 273 331 Titio
297 295 431 331 fundus
457 299 492 331 et
523 295 680 331 eiusdem
704 294 806 330 fundi
835 306 920 330 usus
945 295 1084 331 fructus
1108 296 1203 340 lega-

116 346 175 377 tus
199 340 324 384 fuerit,
357 341 425 375 erit
447 341 484 375 in
507 344 686 385 potestate
716 341 807 383 eius,
839 340 990 375 fundum
1022 352 1069 376 an
1101 351 1204 376 usum

116 387 272 422 fructum
296 386 476 421 vindicare
498 386 609 420 malit.
658 390 694 421 et
717 385 747 420 si
770 385 920 420 fundum
945 387 1106 431 elegerit,
1141 396 1203 421 ne-

117 432 270 467 cessario
286 432 428 476 plenam
443 431 697 475 proprietatem
713 431 870 474 habebit,
889 431 972 467 licet
986 443 1089 467 usum
1107 431 1204 466 fruc-

116 482 190 512 tum
215 487 237 511 a
260 487 299 512 se
330 477 539 521 reppulerit:
573 477 603 511 si
633 487 717 512 vero
749 487 851 511 usum
880 476 1039 512 fructum
1071 477 1205 511 habere

116 522 279 557 maluerit
296 525 331 558 et
346 522 601 573 proprietatem
617 521 719 557 fundi
733 522 941 567 reppulerit,
967 523 1083 558 solum
1101 532 1204 557 usum

115 568 272 603 fructum
294 567 451 603 habebit.

163 611 210 650 11
238 612 345 647 IDEM
378 612 470 648 libro
501 612 626 658 primo
664 623 714 648 ex
749 611 897 648 Minicio
963 612 1204 648 Habitationis

114 659 269 703 legatum
303 657 342 692 in
376 657 535 702 singulos
576 667 690 693 annos
731 658 777 693 ab
812 658 914 694 initio
958 658 1043 693 anni
1084 656 1204 692 deberi

114 707 267 739 constat.

163 746 214 786 12
238 748 420 784 Ammo-s
456 747 580 783 mnas
613 748 705 784 libro
737 748 893 784 secundo
926 748 1148 795 diqestorum
1180 758 1203 782 a

115 794 232 830 Paulo
265 805 284 829 e
312 794 540 829 itomatorum
598 793 713 828 Heres
741 793 779 828 in
809 793 942 837 fundo,
981 794 1083 830 cuius
1115 802 1202 828 usus

114 840 253 875 fructus
292 849 311 874 e
335 841 416 874 atus
440 842 505 882 est,
530 838 648 873 villam
672 839 809 883 posuit:
835 849 913 874 eam
937 839 1047 875 invito
1064 839 1201 874 fructu—

114 885 190 921 ario
214 884 316 920 demo
334 885 383 919 're
395 894 468 920 non
482 887 611 929 potest,
637 884 747 920 nihilo
764 885 874 929 magis
899 895 1005 929 quam
1030 885 1071 927 si,
1097 894 1202 929 quam

114 931 278 966 arborem
301 929 490 975 posuisset,
517 940 561 964 ex
583 928 694 964 fundo
718 930 748 964 is
773 930 923 965 evellere
937 931 1060 965 vellet:
1086 929 1149 965 sed
1172 928 1203 964 si

113 979 305 1020 antequam
327 974 617 1010 usufructuarius
640 975 875 1020 prohibuerit,
905 975 1111 1018 demolierit,
1136 974 1202 1009 im-

114 1031 210 1066 pune
232 1021 424 1056 facturum.

162 1064 211 1104 13
236 1065 396 1101 PAULUS
416 1065 506 1101 libro
532 1065 636 1100 tertio
661 1065 797 1101 decimo
822 1065 872 1100 ad
889 1065 1075 1101 Plautium
1113 1064 1202 1099 Cum

114 1123 200 1147 usus
223 1111 363 1147 fructus
387 1111 533 1146 alternis
558 1111 660 1146 annis
690 1111 846 1156 legatur,
878 1121 951 1146 non
974 1121 1106 1152 unum,
1139 1108 1204 1145 sed

113 1158 217 1203 plura
233 1157 349 1201 legata
363 1160 458 1191 sunt.
503 1156 599 1190 aliud
619 1160 672 1191 est
688 1156 726 1190 in
738 1157 907 1192 servitute
923 1166 1039 1202 aquae
1054 1159 1089 1191 et
1106 1155 1200 1191 viae:

113 1203 189 1238 viae
213 1202 306 1238 enim
337 1202 488 1236 servitus
521 1212 594 1236 una
618 1205 689 1244 est,
724 1202 808 1247 quia
838 1206 970 1237 natura
1004 1201 1059 1237 sui
1093 1201 1203 1236 habet

114 1248 418 1283 intermissionem.

161 1293 212 1330 14
241 1292 385 1328 Celsos
404 1292 495 1328 libro
519 1295 644 1328 octavo
669 1292 806 1327 decimo
831 1292 1052 1338 diqestorum
1100 1291 1202 1327 Duos

113 1338 307 1391 separatim
331 1338 384 1372 uti
408 1337 480 1372 frui
503 1337 620 1372 sinere
644 1337 833 1372 damnatus
845 1338 950 1372 heres
967 1337 1202 1372 communiter

113 1388 166 1419 811
189 1383 259 1418 frui
282 1393 410 1428 passus
435 1386 505 1418 est:
534 1383 794 1462 &gaerebatum
827 1393 874 1417 811
898 1382 1038 1427 utrique
1062 1392 1107 1418 ex
1130 1386 1201 1417 tes-

113 1432 269 1464 tamento
294 1431 486 1463 teneretur.
593 1439 606 1461 1
629 1433 753 1470 tenen,
780 1428 810 1463 si
834 1431 986 1463 testator
1010 1432 1202 1472 utrumque

113 1473 265 1510 solidum
288 1474 420 1509 habere
442 1473 575 1508 voluit:
600 1483 684 1508 nam
707 1473 820 1518 ipsius
846 1483 937 1508 onus
962 1477 1026 1515 est,
1052 1477 1093 1508 ut
1117 1473 1201 1508 soli-

112 1519 197 1554 dum
220 1519 367 1564 singulis
392 1519 546 1563 legatum
561 1522 777 1563 praestaret:
803 1529 875 1563 qua
898 1522 1002 1563 parte
1017 1518 1126 1563 igitur
1149 1518 1200 1553 al-

113 1569 228 1600 terum
251 1564 305 1600 uti
327 1564 399 1599 frui
423 1564 556 1599 sineret
570 1564 684 1606 heres,
710 1574 753 1599 ea
765 1568 869 1609 parte
894 1574 974 1599 eum
989 1575 1063 1599 non
1086 1564 1202 1599 sinere

112 1610 265 1645 alterum
289 1609 342 1644 uti
357 1609 440 1651 frui,
464 1609 614 1654 ideoque
629 1620 695 1654 per
710 1609 993 1645 aestimationem
1009 1609 1202 1654 unicuique

114 1655 209 1700 quod
233 1655 333 1691 deest
355 1655 493 1699 replere
517 1655 632 1690 debet.

160 1699 210 1738 15
235 1699 475 1736 MARCELLUS
512 1701 603 1735 libro
648 1700 752 1735 tertio
796 1700 933 1735 decimo
981 1699 1202 1746 diqestorum

112 1746 283 1782 ‘Damnas
307 1749 384 1782 esto
406 1746 510 1781 heres
534 1745 668 1780 Titium
692 1745 808 1781 sinere
832 1745 870 1779 in
892 1745 954 1780 illa
978 1745 1083 1780 domo
1098 1744 1201 1780 habi-

115 1795 127 1826 1
165 1795 265 1833 ι1818,
284 1790 403 1836 quoad
419 1791 539 1826 vivet':
558 1801 668 1825 unum
686 1791 826 1826 videtur
842 1801 919 1826 esse
928 1791 1094 1835 legatum.
1135 1789 1202 1834 Qui

112 1837 202 1873 duos
226 1836 356 1872 fundos
379 1836 551 1879 habebat,
584 1846 694 1871 unum
718 1836 847 1880 legavit
870 1839 906 1871 et
929 1835 1076 1870 alterius
1100 1834 1203 1870 fundi

113 1893 215 1917 usum
239 1882 397 1917 fructum
420 1881 481 1916 8111
504 1881 649 1925 legavit:
687 1892 832 1925 quaero,
858 1881 888 1916 si
911 1881 1131 1916 fructuarius
1155 1880 1202 1915 ad

112 1928 256 1963 fundum
280 1926 423 1962 aliunde
436 1927 528 1961 viam
551 1937 624 1961 non
640 1927 774 1962 habeat
798 1937 903 1971 quam
922 1937 988 1971 per
1003 1926 1102 1961 illum
1119 1925 1201 1960 fun-

112 1973 196 2008 dum
219 1973 281 2017 qui
309 1973 446 2017 legatus
477 1976 546 2015 est,
580 1982 628 2007 an
658 1972 857 2007 fructuario
890 1972 1041 2006 servitus
1071 1971 1200 2007 debea-

111 2022 180 2053 tur.
219 2017 414 2063 respondit,
440 2017 747 2062 quemadmodum,
774 2017 803 2052 si
826 2018 864 2052 in
886 2017 1084 2052 hereditate
1108 2021 1203 2052 esset

111 2063 254 2105 fundus,
291 2073 357 2109 per
394 2073 498 2108 quem
537 2062 737 2098 fructuario
774 2066 895 2108 potest
924 2062 1102 2114 praestari
1133 2062 1199 2104 via,

111 2108 306 2144 secundum
328 2108 546 2144 voluntatem
570 2107 730 2143 defuncti
764 2108 904 2143 videtur
926 2107 964 2142 111
988 2108 1129 2152 exigere
1153 2108 1199 2142 ab

110 2154 250 2195 herede,
280 2153 331 2189 ita
356 2157 391 2188 et
413 2154 451 2188 in
475 2154 545 2188 hac
568 2154 686 2198 specie
710 2164 783 2188 non
806 2153 910 2188 aliter
934 2152 1201 2188 concedendum

111 2209 189 2235 esse
212 2199 385 2243 legatario
408 2198 559 2234 fundum
582 2198 773 2240 vindicare,
798 2199 867 2234 nisi
889 2199 988 2243 prius
1004 2198 1062 2233 ius
1082 2202 1200 2233 trans-

111 2244 218 2281 eundi
241 2244 510 2280 usufructuario
534 2247 704 2289 praestet,
729 2249 771 2279 ut
792 2244 882 2279 haec
905 2243 1023 2279 forma
1046 2243 1083 2278 in
1106 2244 1200 2288 agris

111 2294 280 2333 servetur,
319 2299 409 2334 quae
432 2290 510 2325 vivo
541 2293 716 2325 testatore
747 2289 959 2334 optinuerit,
992 2289 1065 2324 sive
1088 2288 1201 2324 donec

110 2346 197 2371 usus
221 2334 359 2370 fructus
384 2339 569 2379 permanet
592 2335 665 2370 sive
690 2334 796 2369 dum¹
826 2334 873 2369 ad
906 2345 1007 2370 suam
1038 2335 1199 2380 proprie-

111 2384 220 2416 tatem
247 2380 403 2415 redierit.

159 2423 210 2463 16
235 2425 488 2460 Monsssrnws
509 2425 600 2461 libro
616 2436 711 2460 nono
732 2435 989 2470 responsorum
1026 2425 1200 2471 Legatum

111 2471 245 2506 civitati
267 2470 429 2506 relictum
453 2474 518 2513 est,
550 2474 591 2505 ut
614 2480 658 2505 ex
680 2470 854 2506 reditibus
879 2471 1071 2515 quotannis
1095 2472 1134 2506 in
1159 2481 1201 2506 ea

111 2516 253 2551 civitate
275 2516 466 2551 memoriae
486 2515 753 2551 conservandae
777 2515 937 2551 defuncti
958 2517 1074 2561 gratia
1099 2527 1200 2561 spec-

111 2562 268 2597 taculum
291 2561 507 2603 celebretur,
538 2561 634 2605 quod
666 2561 762 2596 illic2
798 2561 971 2596 celebrari
1002 2572 1075 2597 non
1097 2561 1199 2597 licet:

111 2617 262 2652 quaero,
299 2606 384 2651 quid
408 2606 451 2641 de
474 2606 589 2650 legato
613 2606 803 2642 existimes.
861 2607 1086 2652 ³respondit,
1119 2618 1200 2642 cum

110 2656 261 2687 testator
284 2651 529 2696 spectaculum
554 2651 610 2686 edi
631 2651 785 2686 voluerit
807 2651 1009 2693 incivitate,
1036 2652 1099 2687 sed
1116 2653 1199 2695 tale,

112 2697 207 2742 quod
230 2696 279 2732 ibi
304 2697 476 2732 celebrari
492 2696 673 2740 nonlicet,
697 2696 748 2731 ini
772 2707 858 2731 uum
874 2707 951 2732 esse
974 2697 1069 2732 118118
1086 2708 1198 2742 quan-

111 2743 260 2784 titatem,
285 2752 391 2787 quam
414 2742 452 2776 in
476 2742 720 2786 spectaculum
769 2741 934 2776 efunctus
959 2742 1199 2785 destinaverit,

110 2788 210 2823 lucro
234 2787 404 2822 heredum
429 2787 572 2822 cedere:
604 2787 711 2831 igitur
741 2787 910 2822 adhibitis
941 2787 1133 2822 heredibus
1166 2792 1202 2823 et

111 2833 324 2877 primoribus
356 2832 507 2867 civitatis
540 2832 797 2876 dispiciendum
822 2836 893 2874 831,
924 2832 961 2866 111
993 2843 1098 2877 quam-
1127 2843 1200 2867 rem

111 2878 270 2913 converti
287 2878 415 2913 debeat
431 2877 751 2921 fideicommissum,
776 2882 817 2912 ut
831 2877 1000 2913 memoria
1017 2878 1200 2913 testatoris

111 2923 182 2958 alio
206 2927 242 2957 et
265 2922 361 2958 licito
384 2933 514 2967 genere
538 2923 748 2958 celebretur.

160 2966 209 3005 17
236 2967 439 3003 SOAEVOLA
471 2968 562 3004 libro
600 2969 703 3003 tertio
738 2978 994 3014 responsorum
1050 2967 1200 3012 Quidam

112 3013 260 3057 praedia
281 3013 333 3048 rei
356 3013 522 3057 publicae
544 3013 685 3058 legavit,
721 3012 764 3048 de
789 3023 939 3057 quorum
963 3012 1080 3048 reditu
1113 3024 1199 3057 quo-

113 3059 229 3093 tannis
252 3057 357 3093 ludos
382 3058 439 3093 edi
462 3058 583 3101 voluit,
608 3062 644 3094 et
667 3058 814 3093 adiecit:
842 3060 946 3103 ‘quae
967 3058 1085 3103 legata
1104 3063 1199 3103 peto,

114 3103 344 3145 ‘decuriones‚
375 3107 411 3138 et
434 3114 539 3147 rogo,
572 3113 617 3138 118
640 3104 677 3138 111
700 3103 806 3138 8118111
838 3103 994 3148 speciem
1025 3108 1088 3138 aut
1111 3104 1200 3139 alios

114 3151 211 3183 ‘usus
235 3151 440 3184 convertere
464 3148 601 3183 velitis'.
650 3159 706 3184 res
757 3148 900 3184 ublica⁴
924 3159 988 3193 per
1011 3149 1199 3193 quadrien-

114 3192 211 3227 nium
234 3193 440 3228 continuum
451 3193 555 3229 ludos
572 3204 645 3229 non
662 3159 787 3229 edidit:
814 3204 958 3238 quaero,
985 3205 1032 3228 an
1053 3194 1199 3236 reditus,

115 3247 204 3289 quos
228 3238 458 3282 quadriennio
482 3249 540 3274 res
564 3239 709 3283 publica
721 3239 893 3284 percepit,
918 3239 1109 3275 heredibus
1123 3249 1199 3275 res-

113 3286 244 3317 1118818
267 3282 394 3318 debeat
415 3283 471 3318 vel
495 3294 727 3328 compensare
750 3284 787 3318 in
811 3284 917 3318 aliam
941 3285 1121 3329 speciem⁵
1149 3284 1200 3319 le-

113 3327 189 3371 gati
214 3337 257 3361 ex
280 3327 403 3362 eodem
425 3332 650 3364 testamento.
697 3328 883 3374 respondit
907 3333 943 3364 et
955 3329 1073 3365 invitis
1097 3330 1200 3365 here-

115 3372 219 3423 dibus
243 3373 467 3415 possessione
496 3373 718 3418 adprehensa
740 3378 929 3418 perceptos
959 3374 1100 3410 fructus
1124 3385 1199 3410 res·

115 3416 295 3451 tituendos
326 3426 404 3452 esse
434 3422 470 3452 et
497 3429 569 3453 non
601 3423 784 3463 erogatum
814 3419 1009 3454 secundum
1041 3420 1200 3455 defuncti

116 3461 333 3496 voluntatem
355 3461 393 3496 in
415 3462 485 3497 alia
531 3473 600 3498 uae
623 3463 838 3499 deberentur
862 3466 1096 3509 compensari.

165 3503 215 3544 18
239 3505 494 3542 Monesmrvs
527 3508 604 3543 ihro
620 3519 717 3544 nono
732 3519 988 3556 responsorum
1035 3509 1103 3554 Qui
1119 3511 1198 3555 plu-

117 3617 157 3661 (1)
182 3622 250 3653 sive
265 3628 294 3654 et
307 3624 479 3662 permanet
491 3622 561 3653 sive
573 3622 650 3654 dum
664 3623 727 3656 del.

118 3666 268 3699 destinus
282 3667 341 3699 ins.
358 3666 408 3698 F²

117 3711 254 3751 praedia
267 3710 416 3752 possedit
436 3715 469 3743 et

120 3756 224 3789 Faber

814 3625 857 3665 (2)
882 3623 982 3656 illiF
1059 3627 1100 3665 (3)
1126 3625 1198 3658 Μο-

485 3667 528 3706 (4)
554 3667 672 3700 omissa
685 3675 759 3701 sunt
771 3669 854 3702 talia
863 3681 875 3700 :
888 3669 1007 3701 invitis
1020 3669 1199 3702 heredibus

583 3714 626 3747 (5)
651 3713 761 3753 specie
777 3714 811 3745 F
932 3714 976 3752 (6)
1003 3713 1054 3746 vel
1075 3716 1136 3748 del.
1160 3715 1199 3747 P.

347 3759 388 3796 (τ)
414 3765 512 3798 quam
528 3757 615 3798 quod
628 3760 739 3789 88111111
752 3758 796 3790 sit
808 3759 882 3792 dett.

1194 122 1275 170 461

1012 3760 1060 3801 (8)
1085 3759 1199 3793 deins.
1233 3765 1239 3802 Ι

2116 125 2308 167 ΧΧΧΠ1
2339 129 2365 167 2

1275 260 1332 284 res
1356 249 1512 286 habebat
1534 249 1692 291 libertos,
1719 252 1931 284 testamento
1956 260 2020 284 suo
2051 249 2139 284 dixit
2163 258 2200 283 se
2225 248 2363 283 habita-

1274 295 1407 330 tionem
1431 296 1632 340 relinquere
1650 294 1692 329 iis
1718 305 1807 338 quos
1827 294 1996 330 codicillis
2022 295 2257 339 designasset:
2283 304 2364 329 cum

1274 340 1392 376 nullos
1414 345 1542 387 postea
1566 339 1813 384 designaverit,
1840 350 1985 384 quaero,
2010 351 2057 375 an
2082 350 2204 375 omnes
2228 339 2365 374 admitti

1275 385 1440 422 debeant.
1480 385 1677 431 respondit,
1702 384 1732 419 si
1775 388 1936 427 atronus,
1962 386 2022 430 qui
2047 396 2084 420 38
2099 385 2364 428 designaturum

1273 442 1448 476 personas
1471 432 1683 468 libertorum
1705 440 1751 474 po
1768 430 1884 465 licitus
1910 434 1973 473 est,
1999 431 2134 465 nullum
2152 434 2280 475 postea
2304 430 2363 466 de-

1274 476 1435 520 signavit,
1460 477 1618 522 legatum
1640 475 1872 511 habitationis
1895 476 2093 520 perfectum
2117 486 2196 511 esse
2220 487 2293 511 non
2316 476 2364 511 vi-

1276 521 1391 564 detur,
1416 533 1489 558 non
1514 522 1688 557 existente
1713 521 1771 556 cui
1795 520 1917 555 datum
1941 520 2097 565 intellegi
2122 521 2248 565 possit.

1323 564 1374 603 19
1398 567 1506 602 IDEM
1526 567 1617 603 libro
1647 566 1706 601 sin
1732 565 1834 601 ularae‘
1864 565 1909 600 de
1939 564 2191 602 heurematicz's
2245 565 2283 602 Si
2307 566 2366 601 alii

1274 612 1443 654 fundum,
1476 613 1536 648 alii
1570 622 1675 647 usum
1740 615 1863 646 uctum
1895 610 2052 646 eiusdem
2084 611 2187 646 fundi
2215 614 2366 647 testator

1273 657 1460 710 legaverit:
1491 658 1523 693 si
1547 668 1589 693 eo
1614 657 1798 702 proposito
1823 655 1917 699 fecit,
1948 659 1989 691 ut
2012 656 2103 691 alter
2126 656 2259 691 nudam
2281 668 2364 702 pro-

1299 706 1460 738 rletatem
1482 703 1643 746 haberet,
1669 712 1789 738 errore
1813 702 1958 737 labitur.
2006 712 2088 736 nam
2113 702 2273 738 detracto
2298 714 2366 738 usu

1289 751 1395 783 ructu
1431 748 1686 794 proprietatem
1717 758 1798 783 eum
1827 747 1948 792 legare
1986 750 2128 791 oportet
2166 757 2210 782 eo
2241 748 2364 783 modo:

1273 793 1380 829 ‘Titio
1412 793 1564 828 fundum
1594 792 1757 828 detracto
1794 803 1862 828 usu
1893 792 2014 827 fructu
2045 792 2138 836 lego:
2173 792 2251 827 1181ὅ
2284 792 2365 828 Seio

1274 838 1443 874 ‘eiusdem
1483 838 1587 874 fundi
1622 849 1728 874 usum
1760 838 1918 873 fluctum
1958 838 2062 872 heres
2108 837 2215 872 dato’.
2272 838 2365 882 quod

1273 884 1341 919 nisi
1364 883 1508 927 fecerit,
1542 894 1629 919 usus
1654 883 1794 918 fructus
1824 884 1916 918 inter
1940 893 2002 918 eos
2035 883 2364 926 communicabitur,

1273 929 1370 974 quod
1392 929 1572 964 interdum
1595 928 1677 974 plus
1708 929 1803 964 valet
1834 929 2012 973 scriptura
2042 938 2148 972 quam
2181 932 2363 973 peractum

1273 975 1353 1009 sit⁷.

1319 1018 1372 1057 20
1398 1019 1629 1055 ΡοΜΡοΝῙυ3
1657 1019 1747 1054 libro
1778 1021 1904 1054 octavo
1937 1018 1987 1053 ad
2009 1017 2179 1061 Quintum
2205 1017 2364 1054 Mucium

1273 1065 1311 1101 Si
1342 1076 1482 1101 servum
1515 1065 1583 1100 sub
1621 1064 1830 1100 condicione
1864 1064 2014 1098 liberum
2045 1074 2124 1099 esse
2155 1064 2298 1098 iubeam
2331 1068 2365 1099 et

1272 1121 1376 1146 usum
1399 1110 1558 1146 fructum
1583 1110 1658 1145 eius
1682 1109 1746 1144 tibi
1770 1109 1945 1154 legavero,
1971 1109 2066 1144 valet
2089 1110 2258 1154 legatum.

1319 1154 1368 1193 21
1399 1155 1558 1191 PAULUS
1579 1155 1669 1192 libro
1693 1155 1845 1201 septimo
1870 1154 1920 1189 ad
1942 1154 2055 1201 leqem
2080 1154 2215 1190 Iuliam
2239 1159 2274 1189 el
2296 1155 2366 1189 Pa-

1266 1202 1371 1248 piam
1418 1201 1513 1236 Titio
1538 1211 1624 1236 usus
1648 1200 1789 1236 fructus
1807 1199 1920 1234 Stichi
1944 1203 2019 1242 aut,
2044 1200 2075 1235 si
2097 1200 2197 1235 navis
2222 1210 2265 1235 ex
2282 1200 2369 1235 Asia

1271 1247 1418 1290 venerit,
1444 1246 1567 1282 decem
1590 1246 1708 1291 legata
1725 1249 1820 1281 sunt.
1868 1256 1940 1280 11011
1956 1249 2054 1290 petet
2071 1256 2176 1280 usum
2199 1245 2367 1287 fructum,

1272 1297 1464 1338 antequam
1497 1291 1687 1327 condicio⁸
1722 1291 1846 1326 decem
1879 1290 2009 1326 existat
2040 1291 2095 1326 vel
2128 1290 2290 1333 deficiat,
2323 1301 2368 1325 ne

1272 1342 1434 1383 potestas
1458 1337 1583 1373 heredi
1606 1341 1727 1372 utrum
1751 1337 1841 1372 velit
1865 1335 1973 1371 dandi
1997 1335 2194 1371 auferatur.

1319 1381 1373 1420 22
1406 1383 1601 1419 [samm
1629 1383 1721 1418 libro
1757 1382 1883 1434 quinto
1916 1381 2053 1417 decimo
2086 1382 2135 1416 ad
2164 1382 2278 1427 leqem
2303 1381 2366 1416 Iu-

1272 1429 1357 1464 liam
1390 1432 1425 1463 et
1453 1427 1611 1482 Papiam
1666 1427 1889 1462 ‘Patrimonii
1919 1426 1988 1462 mei
2018 1427 2171 1462 reditum
2203 1427 2366 1462 omnibus

1273 1474 1388 1509 ‘annis
1420 1484 1524 1509 uxori
1560 1483 1661 1508 meae
1694 1472 1771 1508 dari
1803 1473 1908 1507 volo’.
1955 1472 2077 1508 Aristo
2109 1472 2293 1517 respondit
2322 1473 2367 1507 ad

1270 1519 1437 1555 heredem
1462 1519 1584 1555 uxoris
1608 1530 1681 1553 non
1713 1518 1886 1559 transire,
1921 1518 2005 1562 quia
2034 1523 2098 1552 aut
2129 1518 2210 1553 usui
2232 1518 2366 1553 fructui

1272 1565 1385 1600 simile
1409 1569 1505 1601 esset
1528 1569 1593 1599 aut
1615 1564 1699 1599 huic
1722 1564 1839 1608 legato
1866 1563 1913 1598 ‘in
1939 1573 2053 1598 annos
2078 1563 2262 1608 singulos’.

1317 1608 1369 1648 23
1395 1610 1540 1645 Ivmvs
1560 1608 1842 1644 MAURJOJANUS
1863 1608 1954 1645 libro
1985 1608 2143 1644 seeundo
2175 1609 2225 1643 ad
2254 1609 2367 1655 leqem

1271 1655 1404 1691 Iuliam
1430 1659 1464 1690 et
1488 1654 1645 1701 Papiam
1691 1654 1796 1690 Licet
1829 1654 1995 1689 testatori
2027 1658 2189 1698 repetere
2212 1654 2367 1698 legatum

1271 1712 1358 1736 usus
1383 1700 1535 1743 fructus,
1560 1703 1601 1735 ut
1625 1699 1731 1735 etiam
1755 1702 1838 1744 post
1862 1699 1991 1744 capitis
2009 1699 2287 1734 deminutionem
2305 1699 2365 1735 de-

1270 1747 1416 1781 beretur
1439 1749 1475 1781 et
1497 1746 1567 1781 1108
1597 1755 1713 1789 nuper
1741 1745 1935 1789 imperator
1957 1745 2161 1779 Antoninus
2195 1744 2241 1779 ad
2264 1745 2365 1780 libel-

1271 1792 1344 1827 lum
1368 1791 1562 1836 rescripsit.
1613 1791 1722 1825 ⁹tunc
1746 1795 1887 1824 tantum
1913 1799 1991 1824 esse
2012 1790 2096 1825 huic
2121 1790 2365 1825 constitutioni

1271 1837 1401 1878 locum,
1428 1847 1507 1871 cum
1532 1836 1569 1871 in
1595 1846 1708 1871 annos
1733 1835 1892 1880 singulos
1915 1835 2146 1880 relegaretur.

1318 1880 1372 1919 24
1398 1881 1646 1916 PAPJNJANUS
1667 1881 1758 1916 libro
1776 1881 1927 1926 septimo
1951 1891 2207 1926 responsorum
2255 1880 2367 1916 Uxori

1271 1928 1394 1963 fructu
1418 1927 1594 1962 bonorum
1617 1927 1735 1971 legato
1758 1925 1886 1961 faenus
1912 1936 2053 1971 quoque
2076 1925 2244 1966 sortium,
2277 1937 2366 1971 quas

1272 1973 1463 2008 defunctus
1479 1972 1678 2014 collocavit,
1693 1975 1777 2016 post
1787 1971 1969 2015 impletam
1984 1982 2027 2006 ex
2041 1975 2187 2018 senatus
2202 1972 2365 2007 consulto

1272 2018 1475 2054 cautionem
1498 2017 1753 2063 praestabitur.
1807 2016 1916 2061 igitur
1950 2027 2081 2052 usuras
2114 2016 2297 2052 nominum
2329 2017 2366 2051 in

1270 2063 1470 2099 hereditate
1510 2063 1717 2098 relictorum
1756 2066 1839 2097 ante
1878 2062 2083 2097 cautionem
2120 2062 2367 2107 interpositam

1272 2110 1411 2144 debitas
1434 2109 1532 2144 velut
1555 2112 1670 2143 sortes
1693 2107 1732 2142 in
1757 2107 1960 2142 cautionem
1985 2107 2112 2142 deduci
2129 2117 2276 2143 necesse
2301 2113 2365 2143 est.

1270 2165 1343 2190 non
1366 2154 1461 2189 idem
1476 2153 1677 2189 servabitur
1693 2153 1896 2189 nominibus
1914 2152 1959 2187 ab
1980 2152 2112 2188 herede
2127 2152 2253 2187 factis:
2279 2157 2366 2188 tunc

1271 2200 1364 2236 enim
1394 2203 1510 2235 sortes
1543 2199 1731 2234 dumtaxat
1753 2198 1925 2243 legatario
1952 2197 2134 2233 dabuntur
2158 2202 2238 2241 aut,
2272 2199 2366 2243 quod

1788 2253 1906 2288 uoque
1936 2243 2038 2278 reddi
2069 2243 2222 2288 placuit,
2257 2254 2366 2288 super

1270 2256 1334 2291 pro
1362 2249 1417 2280 ter
1440 2255 1578 2279 moram
1601 2254 1732 2279 usuras

1274 2295 1285 2325 1
1762 2292 1770 2307 ‘
1801 2299 1950 2333 corpum
1969 2299 2109 2324 servum
2134 2299 2250 2324 meum
2268 2288 2364 2324 Sem-

1366 2290 1394 2325 's
1419 2301 1492 2325 non
1517 2289 1712 2325 cavebitur.

1271 2335 1431 2381 ‘proniae
1455 2335 1679 2370 concubinae
1691 2335 1720 2355 ¹⁰
1743 2344 1843 2369 meae
1867 2334 1998 2369 servire
2022 2334 2126 2369 volo’.
2173 2345 2246 2369 non
2270 2334 2364 2369 vide-

1271 2386 1329 2417 tur
1352 2381 1555 2426 proprietas
1580 2380 1672 2415 servi
1695 2380 1830 2422 relicta,
1856 2379 1920 2415 sed
1944 2390 2031 2415 usus
2055 2379 2208 2415 fructus.

1317 2425 1369 2464 25
1397 2426 1504 2461 IDEM
1530 2425 1622 2461 libro
1658 2429 1783 2460 octavo
1815 2435 2071 2468 responsorum
2126 2424 2195 2469 Qui
2226 2424 2365 2460 fructus

1270 2472 1499 2517 praediorum
1522 2470 1627 2507 uxori
1650 2470 1804 2515 reliquit,
1829 2474 1913 2515 post
1937 2474 2087 2504 mortem
2113 2470 2187 2505 eius
2218 2470 2366 2522 praedia

1271 2529 1353 2553 cum
1375 2517 1549 2552 reditibus
1574 2515 1620 2551 ad
1643 2515 1792 2551 heredes
1818 2525 1902 2550 suos
1928 2515 2046 2550 redire
2070 2515 2191 2556 voluit,
2222 2516 2364 2560 imperi-

1269 2563 1321 2598 tia
1343 2563 1478 2614 lapsus.
1527 2561 1663 2597 nullum
1687 2560 1998 2596 fideicommissum
2024 2560 2224 2595 dominus¹¹
2250 2571 2365 2606 neque

1269 2607 1500 2653 proprietatis
1513 2617 1628 2652 neque
1643 2605 1784 2641 fructus
1802 2605 1848 2640 ad
1873 2616 1934 2640 eos
1958 2606 2087 2640 reverti
2111 2605 2209 2641 dedit
2218 2607 2263 2641 ¹2:
2290 2610 2362 2641 ete-

1270 2654 1342 2688 nim
1366 2653 1502 2688 reditus
1532 2651 1663 2694 futuri,
1696 2662 1768 2686 non
1799 2651 1985 2695 praeteriti
2016 2651 2188 2696 temporis
2219 2651 2363 2687 demon-

1271 2699 1375 2734 strati
1398 2697 1624 2733 videbantur.

1316 2742 1369 2780 26
1394 2743 1555 2779 Psaros
1570 2743 1660 2778 libro
1677 2742 1815 2777 decimo
1860 2742 2086 2776 uaestionum
2133 2740 2364 2787 Sempronius

1270 2789 1414 2824 Attalus
1438 2789 1483 2824 ab
1507 2787 1638 2823 herede
1662 2797 1727 2822 suo
1759 2787 1824 2822 fun
1850 2797 1910 2821 um
1939 2787 1978 2821 in
2000 2786 2142 2822 Italiam
2168 2786 2258 2823 Gaio
2282 2792 2366 2832 post

1271 2834 1481 2870 decennium
1513 2832 1667 2868 deducto
1700 2843 1769 2867 usu
1799 2831 1922 2867 fructu
1953 2831 2030 2866 dari
2064 2832 2184 2868 iussit:
2219 2843 2364 2878 quaero,

1271 2890 1352 2915 cum
1388 2879 1502 2914 medio
1543 2878 1613 2913 1108
1654 2877 1815 2913 decennii
1854 2877 1970 2922 spatio
2013 2877 2117 2913 heres
2156 2878 2229 2913 vita
2259 2878 2363 2914 func-

1270 2929 1329 2959 tus
1365 2924 1422 2965 sit,
1454 2934 1501 2958 an
1530 2926 1613 2968 post
1641 2926 1782 2968 tempus
1808 2922 1970 2958 decennii
2001 2923 2128 2967 plenus
2151 2923 2286 2959 fundus
2318 2924 2362 2959 ad

1269 2969 1481 3014 legatarium
1505 2968 1694 3013 pertineat.
1743 2971 1861 3002 movet
1885 2968 1977 3003 enim
2001 2979 2067 3011 me,
2094 2968 2190 3013 quod
2215 2969 2289 3005 dies
2313 2969 2362 3004 le-

1269 3015 1343 3059 gati
1366 3014 1472 3048 huius
1496 3014 1570 3048 sive
1592 3013 1858 3048 fideicommissi
1889 3013 2036 3048 cesserit
2068 3023 2111 3048 ac
2143 3024 2208 3059 per
2235 3014 2305 3049 hoc
2329 3018 2363 3048 et

1271 3060 1316 3095 811
1340 3058 1506 3094 heredem
1529 3058 1693 3102 legatarii
1714 3058 1891 3103 pertinere
1913 3059 2083 3102 potuerit,
2109 3063 2145 3094 et
2163 3059 2243 3094 ideo
2284 3060 2362 3093 uasi

1272 3105 1367 3140 circa
1392 3104 1549 3138 debitum
1572 3103 1645 3138 iam
1667 3103 1824 3148 legatum
1840 3108 1981 3139 mortuo
2006 3104 2137 3139 herede
2161 3115 2247 3139 usus
2298 3115 2359 3138 uc-

1269 3154 1328 3184 tus
1354 3149 1552 3184 exstinctus
1577 3148 1623 3183 sit
1656 3159 1722 3184 nec
1746 3148 1794 3184 ad
1823 3149 1991 3184 heredem
2015 3149 2154 3184 heredis
2186 3149 2362 3194 pertinere

1270 3195 1395 3240 possit.
1443 3193 1629 3238 respondi:
1668 3193 1742 3229 dies
1767 3194 1909 3239 quidem
1931 3194 2196 3229 fideicommissi
2226 3194 2280 3228 vel
2311 3194 2359 3228 le-

1270 3240 1344 3285 gati
1369 3239 1464 3274 cedit
1487 3239 1619 3281 statim,
1645 3250 1726 3274 cum
1743 3244 1827 3284 post
1850 3243 1989 3284 tempus
2007 3243 2143 3274 certum
2154 3240 2256 3274 heres
2272 3238 2357 3274 dare

1269 3289 1418 3330 rogatur
1441 3285 1513 3319 sive
1536 3284 1696 3319 iubetur:
1729 3284 1792 3320 sed
1827 3295 1914 3320 usus
1944 3284 2085 3319 fructus
2116 3284 2274 3319 nondum
2306 3288 2360 3318 est

1270 3330 1420 3372 heredis,
1446 3330 1514 3364 nisi
1538 3340 1620 3364 cum
1644 3329 1838 3365 dominium
1855 3329 2008 3365 deducto
2025 3340 2094 3364 usu
2117 3329 2238 3363 fructu
2254 3339 2358 3373 prae-

1271 3376 1378 3418 stitit,
1411 3379 1447 3410 et
1480 3374 1559 3409 ideo
1591 3375 1717 3420 capitis
1750 3375 1990 3410 deminutione
2021 3375 2076 3409 vel
2108 3377 2221 3409 morte
2244 3374 2359 3425 perire

1270 3431 1342 3455 non
1373 3424 1493 3465 potest
1527 3420 1624 3465 quod
1655 3420 1814 3455 nondum
1849 3420 1987 3455 habuit.
2041 3419 2133 3453 idem
2166 3422 2298 3460 evenit,
2329 3418 2358 3453 si

1269 3465 1468 3510 proprietas
1494 3464 1646 3500 deducto
1671 3476 1740 3502 usu
1762 3465 1886 3500 fructu
1910 3465 1978 3500 sub
2003 3463 2212 3499 condicione
2241 3463 2359 3507 legata

1269 3511 1316 3546 sit
1350 3514 1386 3545 et
1416 3509 1594 3555 pendente
1625 3511 1835 3547 condicione
1874 3510 1978 3544 heres
2018 3508 2227 3543 decesserit:
2270 3512 2357 3543 tunc

1270 3626 1315 3665 (9)
1341 3634 1401 3656 nec
1415 3627 1498 3666 puto
1511 3626 1670 3658 similiave
1683 3627 1741 3658 ins.
1758 3624 1919 3664 (similiter
1935 3623 2099 3663 Cuiacius)
2193 3625 2254 3664 (10)
2278 3634 2355 3656 con-

1269 3668 1410 3747 ffibticn'ae
1423 3670 1457 3701 F
1544 3670 1599 3712 (11)
1625 3670 1848 3702 nihilominus
1861 3681 1923 3701 scr.
2013 3669 2072 3709 (12)
2099 3668 2206 3712 dedit]
2220 3679 2357 3714 respon-
