2528 3918
58 100 119 130 DE
150 96 462 129 CONDICTIONE
493 95 634 127 CAUSA
662 95 783 126 DATA

543 209 622 247 1111
632 208 657 247 ¹.

102 279 164 311 DE
190 275 496 309 CONDICTIONE
511 272 809 352 gggquADATA
833 271 977 306 CAUSA
1000 272 1097 305 NON

107 388 125 426 1
161 389 354 425 ULPJANUS
374 385 466 421 libro
489 385 682 422 vicensimo
706 386 811 420 sexto
835 384 886 419 ad
908 383 1062 420 edictum
1110 383 1147 418 Si

0 445 1 473 1
56 435 102 470 ob
128 445 202 470 rem
225 443 296 468 non
318 430 545 466 inhonestam
569 430 654 465 data
685 430 733 466 sit
762 430 933 475 pecunia,
965 430 1030 464 ut²
1052 429 1147 463 filius

0 480 1 484 ’
57 479 342 524 emanciparetur
364 476 418 511 vel
450 486 573 511 servus
605 475 916 511 manumitteretur
946 475 1002 510 vel
1034 485 1056 509 a
1085 474 1147 509 lite

60 532 74 559 1
126 522 346 564 discedatur,
371 531 482 556 causa
506 524 631 556 secuta
653 520 818 566 repetitio
844 523 973 555 cessat.
1022 519 1059 554 Si
1082 530 1146 564 pa-

0 583 1 600 1
56 569 157 605 rendi
181 566 380 604 condicioni
404 576 513 602 causa
535 566 601 601 tibi
625 566 753 601 dedero
779 566 912 607 decem,
936 576 1021 600 mox
1039 575 1146 610 repu-

56 615 195 650 diavero
219 611 452 648 hereditatem
475 611 532 647 vel
562 612 736 657 legatum,
768 621 915 656 possum
947 610 1145 646 condicere.

103 658 127 696 2
151 658 497 694 HERMOGENIANUS
514 656 605 692 libro
624 656 782 692 secundo
802 657 894 692 iuris
906 657 1147 703 epitomarum

56 705 126 740 Sed
156 707 191 738 et
224 703 254 737 si
284 702 418 737 falsum
449 705 704 737 testamentum
737 701 813 737 sine
836 701 971 736 scelere
996 700 1071 736 eius
1087 700 1147 746 qui

56 749 152 785 dedit
174 748 229 784 vel
252 747 491 783 inofficiosum
514 747 781 792 pronuntietur,
805 747 914 781 veluti
939 756 1051 781 causa
1074 757 1146 781 non

55 799 178 830 secuta
202 794 324 828 decem
346 796 562 837 repetentur.

100 837 124 877 3
157 838 351 875 mmm
368 838 459 873 libro
479 838 672 874 vicensimo
684 840 790 872 sexto
803 837 853 872 ad
863 837 1018 872 edictum
1054 835 1147 871 Dedi

54 886 119 920 tibi
142 884 348 930 pecuniam,
381 893 426 918 ne
457 883 504 919 ad
534 883 689 918 iudicem
718 882 849 918 iretur:
882 882 986 928 quasi
1018 881 1144 917 decidi.

55 941 100 966 an
124 930 257 975 possim
290 928 498 971 condicere,
533 929 563 964 si
586 928 672 963 mihi
694 937 768 963 non
793 931 961 963 caveatur
985 927 1032 962 ad
1053 927 1145 962 iudi-

55 986 130 1011 cem
154 985 227 1010 non
249 974 318 1010 iri?
353 977 389 1009 et
412 977 467 1009 est
489 984 611 1009 verum
634 973 786 1008 multum
808 972 1001 1015 interesse,
1025 976 1146 1007 utrum

54 1022 100 1057 ob
123 1021 193 1056 1100
218 1020 333 1056 5010111
358 1018 459 1063 dedi,
483 1029 529 1054 ne
554 1023 674 1061 eatur,
708 1029 756 1054 an
786 1022 828 1053 ut
853 1022 888 1054 et
910 1018 998 1052 mihi
1020 1028 1144 1063 repro-

53 1067 216 1102 mittatur
234 1075 307 1100 non
326 1065 389 1100 iri:
415 1065 446 1100 si
465 1065 511 1101 ob
531 1065 611 1107 hoc,
635 1068 677 1099 ut
695 1068 731 1099 et
751 1064 1034 1109 repromittatur,
1060 1073 1144 1098 con-

53 1111 125 1147 dici
147 1110 298 1156 poterit,
330 1110 361 1146 si
390 1121 464 1145 non
493 1110 783 1155 repromittatur:
817 1110 848 1145 si
880 1112 922 1144 ut
952 1119 998 1144 110
1032 1112 1144 1150 eatur,

56 1160 71 1192 1
121 1156 299 1192 condictio
325 1160 443 1191 cessat
467 1155 635 1201 quamdiu
659 1165 733 1190 non
755 1155 838 1190 itur.
886 1154 987 1190 Idem
1019 1154 1086 1190 erit
1109 1157 1145 1188 et

53 1203 83 1239 si
105 1202 172 1237 tibi
195 1201 338 1244 dedero,
363 1201 432 1236 ne³
455 1201 616 1236 Stichum
639 1200 888 1235 manumittas:
913 1210 997 1235 nam
1016 1209 1144 1235 secun-

53 1247 137 1283 dum
172 1247 434 1282 distinctionem
469 1257 580 1291 supra
614 1246 785 1290 scriptam
820 1249 884 1280 aut
925 1243 1146 1280 admittenda

53 1296 73 1328 2
122 1292 188 1327 erit
210 1292 374 1337 repetitio
400 1295 462 1326 aut
485 1291 689 1326 inhibenda.
738 1291 808 1326 Sed
820 1291 851 1326 si
862 1291 928 1326 tibi
941 1290 1083 1332 dedero,
1105 1294 1145 1324 ut

53 1338 214 1373 Stichum
245 1338 492 1372 manumittas:
533 1337 564 1372 si
594 1347 667 1372 non
698 1336 811 1378 facis,
843 1346 990 1381 possum
1022 1334 1144 1371 condi—

53 1386 73 1418 3
122 1393 213 1425 cere,
234 1386 298 1418 aut
317 1383 347 1418 si
366 1393 423 1417 me
442 1382 632 1428 paeniteat,
654 1381 844 1417 condicere
856 1391 1014 1426 possum.
1051 1380 1145 1424 Quid

52 1429 83 1464 si
105 1428 157 1463 ita
181 1428 280 1471 dedi,
305 1431 347 1463 ut
368 1428 465 1463 intra
489 1431 625 1463 certum
648 1431 789 1472 tempus
820 1427 1079 1462 manumittas?
1115 1425 1145 1461 si

53 1474 211 1509 nondum
233 1477 374 1518 tempus
406 1473 608 1518 praeteriit,
639 1472 835 1508 inhibenda
868 1472 935 1507 erit
966 1471 1144 1516 repetitio,

54 1519 121 1554 nisi
143 1519 340 1564 paeniteat:
366 1518 463 1563 quod
483 1519 513 1553 si
532 1518 726 1563 praeteriit,
746 1518 887 1553 condici
906 1518 1048 1562 poterit.
1082 1516 1146 1552 sed

54 1565 84 1600 si
108 1564 253 1600 Stichus
278 1564 482 1606 decesserit,
508 1575 554 1599 00
577 1574 615 1599 10
642 1563 689 1598 011
713 1563 810 1608 00οᾶ
834 1563 958 1598 datum
982 1566 1038 1598 051
1060 1573 1143 1607 pos-

53 1610 124 1645 sit?
158 1609 335 1645 Proculus
359 1610 420 1651 ait,
447 1610 477 1644 si
494 1613 578 1654 post
597 1610 609 1644 i
653 1609 822 1654 temporis
844 1608 1048 1651 decesserit,
1073 1618 1143 1653 quo

52 1655 253 1690 manumitti
302 1655 411 1697 otuit,
444 1654 691 1699 repetitionem
715 1665 810 1697 esse,
843 1655 874 1689 si
896 1654 1032 1696 minus,
1067 1663 1144 1688 ces·

53 1704 74 1735 4
120 1709 210 1735 sare.
259 1666 353 1744 quin
375 1700 482 1735 immo
508 1704 541 1735 et
565 1700 596 1735 si
619 1700 708 1735 nihil
730 1700 797 1735 11111
822 1699 921 1742 dedi,
953 1703 994 1734 ut
1017 1709 1143 1733 manu-

52 1746 220 1788 mitteres,
246 1746 433 1790 placuerat
456 1749 586 1788 tamen,
611 1749 653 1779 ut
678 1745 810 1787 darem,
836 1745 931 1780 ultro
955 1745 1022 1779 tibi
1048 1755 1143 1779 com-

52 1794 174 1836 petere
197 1791 390 1833 actionem,
416 1801 507 1836 quae
532 1802 575 1826 ex
598 1791 667 1826 hoc
693 1794 882 1826 contractu
905 1790 1084 1831 nascitur,
1109 1789 1145 1824 id

54 1840 72 1871 5
121 1840 175 1872 est
207 1836 467 1872 condictionem
498 1836 667 1871 defuncto
701 1846 843 1881 quoque
876 1846 929 1871 eo.
987 1835 1025 1870 Si
1056 1835 1146 1870 liber

51 1882 177 1924 homo,
202 1882 261 1927 qui
286 1883 382 1917 bona
405 1881 475 1916 fide
499 1881 693 1923 serviebat,
718 1882 804 1916 mihi
825 1881 1015 1926 pecuniam
1039 1880 1144 1916 dede-

52 1928 108 1970 rit,
132 1930 174 1962 ut
197 1938 278 1962 eum
301 1927 559 1969 manumittam,
586 1931 622 1962 et
643 1926 781 1962 fecero:
806 1930 934 1972 postea
952 1926 1042 1961 liber
1061 1936 1145 1971 pro-

52 1972 158 2007 batus
183 1983 231 2007 an
253 1972 339 2007 mihi
362 1972 551 2008 condicere
574 1972 706 2017 possit,
741 1972 934 2017 quaeritur.
973 1975 1008 2007 et
1038 1972 1145 2006 Iulia-

53 2028 119 2053 nus
132 2018 221 2053 libro
234 2017 420 2053 undecimo
435 2018 651 2063 digestorum
664 2018 789 2053 scribit
802 2021 1005 2062 competere
1018 2027 1144 2052 manu-

53 2064 160 2098 misso
193 2063 451 2108 repetitionem.
499 2063 668 2099 Neratius
702 2063 807 2098 etiam
841 2063 933 2098 libro
968 2063 1144 2098 membra-

53 2119 178 2143 narum
201 2108 311 2144 refert
333 2108 499 2143 Paridem
522 2109 780 2154 pantomimum
804 2119 827 2143 a
850 2108 1008 2143 Domitia
1030 2107 1144 2143 Nero-

54 2154 107 2188 nis
132 2154 228 2188 filia⁴
254 2154 387 2196 decem,
412 2164 503 2199 quae
527 2154 559 2189 ei
582 2165 646 2198 pro
670 2154 836 2189 libertate
861 2153 1016 2195 dederat,
1042 2163 1145 2197 repe-

53 2199 138 2234 tisse
161 2210 226 2244 per
248 2199 402 2234 iudicem
425 2210 492 2235 nec
522 2199 633 2234 fuisse
664 2200 883 2244 quaesitum,
917 2209 964 2234 an
987 2198 1147 2233 Domitia

55 2248 74 2279 6
121 2245 237 2280 sciens
268 2245 419 2280 liberum
450 2245 661 2289 accepisset.
711 2244 749 2280 Si
780 2245 859 2290 quis
892 2243 995 2289 quasi
1027 2247 1141 2279 statu-

53 2289 142 2325 liber
163 2290 250 2324 mihi
274 2290 396 2325 decem
420 2290 567 2332 dederit,
593 2301 674 2325 cum
697 2291 815 2325 iussus
837 2300 910 2324 non
932 2292 1034 2331 esset,
1061 2300 1145 2324 con-

55 2337 73 2368 7
120 2335 238 2371 dicere
262 2346 343 2370 eum
367 2335 489 2371 decem
514 2335 638 2371 Celsus
662 2335 797 2370 scribit.
847 2334 918 2370 Sed
950 2335 980 2370 si
1010 2345 1144 2376 servus,

55 2380 114 2425 qui
136 2384 349 2416 testamento
373 2380 496 2416 heredi
515 2381 634 2416 iussus
656 2384 733 2416 erat
752 2381 875 2416 decem
895 2381 980 2415 dare
1001 2383 1036 2415 et
1056 2380 1147 2414 liber

55 2435 141 2468 0550,
168 2426 336 2461 codicillis
386 2436 449 2461 ure
472 2426 673 2461 libertatem
698 2426 837 2471 accepit
861 2428 897 2460 et
918 2425 955 2460 id
978 2425 1145 2470 ignorans

56 2470 187 2505 dederit
209 2471 331 2507 heredi
379 2481 495 2514 ecem,
531 2482 578 2506 an
607 2475 769 2516 repetere
792 2471 932 2516 possit?
970 2475 1004 2505 et
1035 2470 1146 2505 refert

56 2519 191 2561 patrem
214 2527 319 2551 suum
343 2516 485 2552 Celsum
516 2517 738 2552 existimasse
769 2520 930 2561 repetere
963 2527 1043 2551 eum
1072 2526 1144 2550 non

56 2571 176 2606 posse:
202 2562 265 2597 sed
284 2562 363 2606 ipse
384 2561 507 2597 Celsus
527 2563 684 2597 naturali
703 2562 883 2607 aequitate
902 2565 1020 2596 motus
1040 2564 1145 2606 putat

55 2606 165 2651 repeti
187 2617 305 2651 posse.
343 2617 434 2659 quae
466 2607 643 2643 sententia
671 2607 787 2642 verior
820 2611 893 2649 est,
929 2617 1143 2651 quamquam

57 2655 209 2694 constet,
235 2656 276 2687 ut
299 2655 335 2687 et
357 2663 434 2697 ipse
458 2653 523 2693 ait,
558 2664 638 2688 eum
663 2653 723 2698 qui
748 2652 845 2688 dedit
868 2663 910 2687 00
934 2662 1015 2697 spe,
1048 2652 1145 2696 quod

56 2706 94 2731 50
120 2698 165 2732 011
201 2707 242 2733 eo
276 2698 337 2742 qui
367 2698 547 2742 acceperit
578 2698 799 2733 remunerari
835 2697 1054 2732 existimaret
1089 2698 1145 2732 vel

57 2741 255 2778 amiciorem
279 2743 347 2778 sibi
371 2753 450 2778 0550
471 2754 550 2778 00111
570 2743 742 2785 futurum,
767 2746 927 2788 repetere
947 2753 1020 2777 non
1038 2753 1144 2787 posse

58 2788 77 2821 8
122 2787 287 2832 opinione
310 2788 402 2823 falsa
435 2789 634 2834 deceptum.
683 2788 854 2834 Suptilius
885 2798 1026 2833 quoque
1056 2788 1144 2823 illud

56 2834 203 2875 tractat,
237 2844 282 2868 an
306 2834 381 2875 ille,
415 2834 475 2878 qui
500 2845 538 2869 se
562 2834 812 2869 statuliberum
835 2833 1016 2878 putaverit
1026 2834 1050 2876 ⁵,
1075 2843 1143 2868 nec

56 2875 179 2928 fecerit
188 2889 351 2914 nummos
364 2879 583 2924 accipientis,
603 2879 770 2924 quoniam
789 2878 913 2914 heredi
934 2878 1030 2914 dedit
1042 2878 1144 2923 quasi

56 2922 164 2966 ipsius
187 2924 326 2959 heredis
351 2935 514 2960 nummos
539 2925 699 2967 daturus,
724 2935 795 2960 non
821 2924 924 2968 quasi
948 2934 1050 2966 suos,
1084 2924 1144 2968 qui

56 2966 176 3012 utique
209 2968 322 3015 ipsius
353 2969 519 3012 fuerunt,
555 2969 724 3015 adquisiti
755 2970 893 3005 scilicet
922 2973 1006 3014 post
1037 2969 1142 3004 liber-

56 3014 164 3048 tatem
195 3014 227 3048 ei
258 3024 302 3049 ex
332 3018 545 3050 testamento
578 3019 848 3060 competentem.
899 3019 934 3049 et
965 3018 1072 3059 puto,
1114 3015 1144 3049 si

56 3055 124 3091 hoc
148 3058 263 3094 animo
289 3059 405 3102 dedit,
431 3071 504 3095 non
527 3060 605 3095 fieri
628 3060 758 3105 ipsius:
791 3070 874 3095 nam
908 3063 943 3095 et
974 3071 1055 3095 cum
1078 3060 1144 3094 tibi

58 3111 215 3138 nummos
238 3115 335 3139 meos
360 3105 462 3150 quasi
485 3109 567 3141 tuos
599 3105 663 3148 do,
695 3116 769 3140 non
800 3105 896 3140 facio
927 3110 1021 3141 tuos,
1059 3105 1143 3150 quid

58 3155 157 3199 ergo,
182 3148 212 3183 si
235 3149 293 3184 hic
317 3160 390 3185 non
413 3150 554 3193 heredi,
588 3150 652 3185 sed
675 3151 736 3185 alii
760 3151 874 3193 dedit,
909 3151 967 3185 cui
990 3151 1144 3196 putabat

59 3200 97 3242 se
117 3195 276 3245 iussum?
311 3195 341 3230 si
365 3195 505 3239 quidem
527 3196 727 3240 peculiares
752 3196 859 3238 dedit,
883 3206 950 3231 nec
973 3195 1059 3231 fecit
1082 3206 1142 3230 ac-

59 3241 236 3288 cipientis:
270 3239 301 3274 si
324 3244 443 3275 autem
467 3241 557 3276 alius
582 3252 647 3285 pro
673 3251 714 3276 eo
739 3241 837 3276 dedit
860 3245 924 3275 aut
945 3241 1023 3286 ipse
1047 3241 1145 3276 dedit

59 3282 80 3314 9
125 3292 194 3334 lam
228 3283 316 3319 liber
349 3285 487 3328 factus,
522 3286 610 3321 fient
645 3286 863 3330 accipientis.
922 3286 1144 3331 Quamquam

59 3335 266 3369 permissum
296 3330 342 3364 sit
373 3331 580 3366 statulibero
606 3331 712 3366 etiam
737 3331 780 3366 de
803 3331 943 3376 peculio
969 3331 1055 3366 dare
1077 3331 1143 3366 im-

60 3370 208 3414 plendae
231 3374 448 3410 condicionis
473 3386 595 3418 causa,
620 3377 651 3411 si
673 3380 793 3411 tamen
815 3376 891 3411 vult
913 3377 1016 3412 heres
1041 3387 1143 3411 num-

60 3425 134 3450 mos
157 3417 271 3453 salvos
294 3418 430 3462 facere,
454 3424 572 3465 potest
596 3431 676 3456 eum
699 3426 820 3456 vetare
845 3421 950 3456 dare:
976 3422 1027 3456 sic
1052 3422 1144 3456 enim

60 3458 138 3510 1101,
170 3466 211 3496 ut
242 3466 277 3497 et
307 3465 494 3500 statuliber
524 3466 707 3510 perveniat
739 3467 785 3501 ad
816 3467 1018 3501 libertatem
1042 3467 1145 3511 quasi

61 3505 203 3549 impleta
216 3508 422 3544 condicione
436 3511 492 3545 cui
505 3521 630 3554 parere
650 3512 849 3555 prohibitus
870 3515 935 3553 est,
956 3515 991 3546 et
1010 3511 1145 3546 nummi

107 3619 145 3658 (1)
171 3620 552 3662 Sab.1.3...s.11.13...15;
565 3625 671 3658 Ede.
681 3632 778 3658 10-12.
790 3633 840 3663 163
854 3626 939 3669 Pap.
951 3633 979 3659 ⁴2.
992 3643 1038 3650 -
1052 3625 1136 3658 Bas.

62 3661 148 3701 24,1.
157 3682 204 3688 —
219 3665 269 3708 Cf.
284 3666 358 3698 Cod.
369 3667 400 3706 4,
409 3674 427 3699 6
528 3669 571 3709 (2)
595 3671 646 3709 01]
656 3673 739 3711 putu
748 3673 786 3701 ut
795 3671 870 3703 dett.
972 3671 1014 3710 (3)
1039 3681 1081 3702 ne
1094 3670 1138 3702 F¹

62 3717 129 3739 cum
140 3708 184 3742 Β.
194 3712 232 3740 ut
241 3710 273 3741 F
278 3710 322 3743 ²8
476 3714 516 3749 (41
543 3713 739 3753 filia1amita
748 3716 885 3757 Lipsius
894 3716 1012 3749 collato
1025 3716 1138 3748 Tacito

1142 78 1223 125 167

1209 3716 1269 3756 (10)
1295 3715 1415 3748 debere
1428 3718 1488 3750 ins.

2171 84 2312 126 ΧΠ4

1216 214 1288 239 11011
1311 204 1490 249 peribunt.
1528 204 1591 239 sed
1614 204 1663 246 is,
1697 214 1801 249 quem
1825 207 1977 240 testator
2001 205 2165 250 accipere
2189 206 2313 246 voluit,

1217 248 1387 284 adversus
1411 249 1578 285 heredem
1601 249 1639 284 in
1661 249 1799 284 factum
1824 250 1964 285 actione
1989 260 2094 296 agere
2118 254 2247 296 potest,
2274 255 2315 286 ut

1215 295 1382 330 testatori
1405 298 1592 340 pareatur.

1262 338 1287 375 4
1311 339 1421 375 IDEM
1439 340 1530 375 libro
1556 339 1764 392 triqcnsimo
1789 350 1885 374 nono
1910 340 1960 375 ad
1981 340 2135 376 edictum
2182 341 2220 376 Si
2233 342 2313 386 quis

1216 388 1366 429 accepto
1392 385 1514 420 tulerit
1538 384 1690 420 debitori
1713 394 1799 427 suo,
1825 395 1904 419 cum
1930 386 2151 428 conveniret,
2186 390 2226 421 ut
2250 397 2312 422 ex-

1215 430 1468 474 promissorem
1502 430 1622 472 daret,
1655 440 1722 465 nec
1745 430 1805 464 ille
1829 430 1907 471 det,
1932 434 2051 474 potest
2076 432 2145 467 dici
2170 432 2314 468 condici

1216 485 1323 519 posse
1348 476 1390 518 ei,
1416 477 1476 521 qui
1501 479 1651 520 accepto
1679 475 1726 510 sit
1748 475 1932 510 liberatus.

1262 519 1286 557 5
1312 520 1422 555 IDEM
1440 521 1531 556 libro
1554 520 1712 556 secundo
1738 520 2024 566 disputationum
2073 521 2311 567 Sipecuniam

1214 565 1295 601 ideo
1320 566 1522 611 acceperis,
1556 569 1597 601 ut
1621 565 1782 610 Capuam
1814 575 1894 608 eas,
1928 565 2054 601 deinde
2084 572 2213 611 parato
2249 568 2314 603 tibi

1216 611 1263 646 ad
1285 611 1586 656 proficiscendum
1617 610 1780 647 condicio
1812 611 1982 655 temporis
2014 612 2068 646 vel
2099 613 2314 648 valetudinis

1215 656 1466 701 impedimento
1499 656 1630 699 fuerit,
1663 666 1733 701 quo
1766 656 1883 690 minus
1915 655 2192 700 proficiscereris
2204 659 2228 700 ⁶,
2266 668 2313 693 an

1217 701 1358 737 condici
1381 702 1506 747 possit,
1530 701 1740 737 videndum:
1767 704 1803 736 et
1826 712 1908 736 cum
1931 712 1996 746 per
2015 705 2052 736 te
2072 713 2144 737 non
2164 704 2314 746 steterit,

1214 750 1335 792 potest
1359 747 1430 783 dici
1452 747 1701 793 repetitionem
1725 756 1885 782 cessare:
1911 746 1975 782 sed
1997 757 2077 782 cum
2097 748 2205 783 liceat
2225 759 2311 794 pae-

1214 792 1330 827 nitere
1354 793 1387 828 ei
1410 792 1472 838 qui
1496 792 1610 835 dedit,
1644 792 1773 837 procul
1803 791 1912 827 dubio
1943 795 2127 836 repetetur
2156 793 2194 828 id
2218 794 2314 839 quod

1217 837 1340 873 datum
1374 842 1447 881 est,
1480 839 1550 873 nisi
1582 837 1677 873 forte
1707 840 1772 872 tua
1802 837 1944 872 intersit
1975 848 2049 872 non
2072 839 2255 883 accepisse
2279 843 2315 874 te

1216 883 1262 918 ob
1295 883 1391 918 hanc
1424 893 1571 919 causam
1601 883 1803 928 pecuniam.
1840 893 1925 918 nam
1957 883 1989 918 si
2020 883 2072 917 ita
2105 893 2143 918 se
2167 894 2225 919 res
2249 885 2313 918 ha-

1215 928 1318 971 beat,
1342 932 1403 972 ut,
1426 928 1512 964 licet
1535 928 1694 964 nondum
1716 927 1902 974 profectus
1927 928 1995 969 sis,
2020 928 2072 963 ita
2096 932 2216 964 tamen
2239 940 2314 964 rem

1216 974 1471 1019 composueris,
1496 977 1538 1009 ut
1561 983 1709 1009 necesse
1732 973 1867 1009 habeas
1892 973 2083 1018 proficisci,
2109 974 2164 1009 vel
2188 985 2267 1009 sum
2296 995 2309 1001 -

1213 1022 1292 1062 tus,
1318 1019 1380 1065 qui
1402 1019 1598 1055 necessarii
1620 1019 1768 1054 fuerunt
1791 1018 1839 1054 ad
1861 1018 2142 1064 profectionem,
2166 1019 2238 1054 iam
2279 1031 2313 1055 0-

1216 1064 1314 1108 01511,
1338 1068 1380 1100 ut
1402 1065 1632 1100 manifestum
1655 1065 1703 1100 sit
1725 1067 1762 1098 10
1785 1064 1866 1109 plus
1888 1063 1984 1100 forte
2008 1074 2116 1109 quam
2139 1065 2314 1110 accepisti

1215 1120 1400 1155 erogasse,
1437 1110 1614 1146 condictio
1641 1109 1813 1145 cessabit:
1847 1109 1912 1145 sed
1935 1109 1966 1145 si
1988 1110 2106 1145 minus
2131 1114 2313 1155 erogatum

1214 1156 1272 1199 sit,
1298 1156 1476 1191 condictio
1501 1156 1623 1191 locum
1646 1155 1812 1197 habebit,
1836 1155 1889 1190 ita
1912 1158 2051 1197 tamen,
2077 1159 2118 1190 ut
2141 1155 2313 1190 indemni-

1217 1204 1232 1236 1
1281 1204 1339 1237 tas
1362 1201 1429 1236 tibi
1452 1204 1655 1246 praestetur
1679 1201 1754 1236 eius
1780 1201 1876 1245 quod
1909 1200 2119 1246 expendisti.
2169 1200 2207 1236 Si
2239 1211 2314 1236 ser-

1214 1257 1296 1281 vum
1319 1246 1398 1292 quis
1422 1247 1610 1282 tradiderit
1634 1246 1740 1281 alicui
1763 1245 1825 1288 ita,
1850 1249 1892 1280 ut
1916 1246 1961 1281 ab
1987 1256 2028 1281 eo
2054 1246 2149 1281 intra
2175 1250 2311 1282 certum

1214 1296 1355 1337 tempus
1386 1293 1713 1333 manumitteretur,
1747 1291 1778 1326 si
1809 1291 2027 1336 paenituerit
2051 1302 2132 1326 eum
2156 1292 2218 1337 qui
2241 1295 2313 1327 tra-

1215 1337 1344 1373 diderit
1367 1342 1403 1373 01
1421 1348 1530 1383 super
1548 1338 1619 1373 hoc
1640 1348 1721 1373 eum
1742 1337 1986 1372 certioraverit
2004 1340 2040 1372 et
2058 1337 2169 1372 fuerit
2187 1348 2313 1373 manu-

1214 1383 1343 1418 missus
1367 1387 1451 1428 post
1473 1383 1741 1428 paenitentiam,
1766 1385 1925 1417 attamen
1946 1382 2040 1417 actio
2057 1386 2209 1434 propter
2227 1393 2314 1428 pae-

1214 1428 1402 1463 nitentiam
1426 1429 1597 1474 competit
1621 1428 1653 1463 ei
1677 1428 1737 1473 qui
1761 1427 1869 1463 dedit.
1906 1427 2013 1473 plane
2037 1438 2067 1463 51
2091 1438 2163 1463 non
2188 1439 2314 1463 manu-

1214 1474 1359 1517 miserit,
1386 1474 1595 1510 constitutio
1621 1473 1784 1509 succedit
1805 1473 1966 1518 facitque
1991 1483 2071 1508 eum
2094 1473 2257 1516 liberum,
2283 1474 2314 1509 si

1215 1522 1234 1554 2
1283 1519 1445 1554 nondum
1469 1520 1699 1565 paenituerat
1722 1528 1803 1555 eum
1828 1518 1889 1564 qui
1911 1519 1950 1554 in
1972 1519 2042 1554 hoc
2067 1518 2177 1554 dedit.
2225 1520 2315 1554 Item

1214 1565 1245 1600 si
1265 1565 1344 1609 quis
1365 1565 1502 1600 dederit
1515 1566 1609 1601 Titio
1631 1564 1764 1607 decem,
1790 1568 1832 1599 ut
1852 1574 1993 1599 servum
2015 1567 2111 1599 emat
2132 1568 2168 1599 et
2186 1575 2313 1600 manu-

1214 1610 1350 1653 mittat,
1385 1610 1513 1646 deinde
1535 1610 1736 1656 paeniteat,
1769 1609 1801 1644 si
1824 1609 1967 1662 quidem
1985 1609 2151 1644 nondum
2174 1614 2314 1655 emptus

1215 1660 1287 1698 est,
1312 1656 1533 1701 paenitentia
1557 1656 1658 1691 dabit
1682 1655 1962 1697 condictlonem,
1995 1655 2026 1690 si
2048 1655 2119 1690 hoc
2144 1655 2176 1689 ei
2199 1655 2314 1690 mani-

1213 1701 1346 1736 festum
1357 1701 1494 1743 fecerit,
1515 1702 1584 1737 ne⁷
1604 1700 1635 1736 si
1653 1704 1781 1746 postea
1801 1703 1906 1741 emat,
1928 1700 2058 1736 damno
2081 1699 2312 1736 adficietur⁸:

1215 1747 1245 1782 si
1268 1757 1352 1782 vero
1372 1748 1444 1782 iam
1464 1747 1511 1782 sit
1531 1750 1682 1791 emptus,
1707 1745 1928 1791 paenitentia
1947 1755 2020 1781 non
2039 1745 2129 1781 facit
2147 1746 2313 1781 iniuriam

1215 1792 1247 1827 ei
1272 1793 1333 1837 qui
1355 1792 1523 1835 redemit,
1558 1791 1621 1827 sed
1652 1802 1718 1836 pro
1751 1790 1875 1826 decem
1909 1801 2002 1836 quae
2034 1790 2174 1871 accepit
2196 1791 2313 1836 ipsum

1216 1848 1355 1873 servum
1379 1848 1484 1883 quem
1509 1838 1594 1873 emit
1622 1837 1789 1872 restituet
1821 1839 1904 1879 aut,
1937 1836 1968 1871 si
2000 1840 2085 1871 ante
2145 1837 2314 1872 ecessisse

1214 1887 1456 1928 proponatur,
1489 1883 1578 1918 nihil
1635 1882 1827 1924 raestabit,
1860 1882 1891 1917 si
1913 1881 2019 1916 modo
2043 1891 2108 1926 per
2133 1891 2214 1916 eum
2237 1881 2313 1917 fac-

1214 1933 1290 1963 tum
1321 1940 1395 1964 non
1428 1932 1491 1964 est.
1530 1939 1600 1973 quo
1651 1927 1682 1963 si
1703 1926 1796 1972 fugit
1819 1937 1886 1963 nec
1919 1927 2026 1972 culpa
2059 1927 2134 1962 eius
2168 1927 2313 1972 contigit

1215 1975 1276 2019 qui
1299 1974 1457 2017 redemit,
1482 1974 1571 2009 nihil
1594 1973 1812 2019 praestabit:
1837 1973 1945 2018 plane
1964 1973 2211 2017 repromittere
2233 1982 2312 2007 eum

1215 2023 1375 2064 oportet,
1409 2020 1440 2054 si
1462 2019 1500 2054 in
1558 2022 1748 2054 otestatem
1780 2028 1883 2053 suam
1914 2019 2136 2063 pervenerit,
2169 2018 2313 2053 restitu-

1216 2068 1235 2099 3
1282 2066 1385 2099 tum⁹
1418 2065 1473 2100 iri.
1550 2064 1594 2099 ed
1628 2064 1660 2100 si
1695 2063 1836 2109 accepit
1869 2063 2061 2108 pecuniam
2096 2067 2138 2099 ut
2172 2074 2311 2099 servum

1214 2111 1442 2146 manumittat
1463 2110 1565 2156 isque
1595 2109 1726 2154 fugerit
1756 2109 1856 2154 prius
1913 2119 1996 2144 uam
2027 2109 2312 2152 manumittatur,

1213 2156 1416 2198 videndum,
1441 2166 1489 2191 an
1514 2155 1655 2191 condici
1676 2155 1793 2200 possit
1815 2165 1885 2200 quo
1936 2154 2088 2199 accepit.
2126 2158 2163 2190 et
2183 2154 2214 2189 si
2259 2154 2312 2189 ui-

1215 2201 1294 2236 dem
1326 2201 1564 2236 distracturus
1598 2204 1677 2236 erat
1708 2201 1806 2236 hunc
1837 2210 1978 2235 servum
2011 2203 2047 2235 et
2069 2203 2220 2245 propter
2269 2210 2313 2235 oc

1214 2257 1287 2282 non
1322 2246 1506 2289 distraxit,
1543 2246 1639 2292 quod
1674 2249 1866 2291 acceperat
1899 2249 1941 2280 ut
1975 2245 2205 2280 manumittat
2240 2256 2313 2280 non

1215 2295 1357 2338 oportet
1381 2292 1414 2327 ei
1438 2292 1596 2327 condici:
1622 2291 1729 2336 plane
1754 2291 1912 2333 cavebit,
1945 2294 2004 2333 ut,
2038 2290 2068 2325 si
2090 2291 2128 2325 in
2152 2293 2312 2336 potesta-

1215 2341 1287 2372 tem
1310 2348 1413 2372 suam
1436 2337 1636 2382 pervenerit
1660 2347 1802 2379 servus,
1834 2336 2002 2372 restituat
2025 2335 2063 2370 id
2086 2336 2183 2381 quod
2208 2346 2312 2371 acce-

1240 2382 1269 2417 it
1301 2393 1342 2418 eo
1376 2383 1513 2425 minus,
1548 2393 1618 2428 quo
1647 2382 1751 2418 vilior
1782 2392 1904 2417 servus
1935 2381 2055 2416 factus
2088 2384 2142 2416 est
2165 2384 2313 2426 propter

1230 2438 1347 2473 ugam.
1409 2429 1490 2463 lane
1515 2428 1545 2463 si
1578 2427 1697 2463 adhuc
1730 2438 1811 2463 eum
1841 2426 2043 2462 manumitti
2074 2426 2158 2461 velit
2189 2426 2219 2461 is
2252 2426 2312 2471 qui

1215 2473 1330 2516 dedit,
1375 2473 1388 2508 i
1416 2484 1434 2508 e
1479 2484 1562 2509 vero
1599 2473 1851 2508 manumittere
1885 2472 1974 2507 nolit
2009 2475 2156 2516 propter
2190 2471 2310 2516 fugam

1214 2519 1390 2561 offensus,
1415 2522 1531 2554 totum
1556 2518 1653 2564 quod
1677 2518 1817 2563 accepit
1839 2517 2029 2552 restituere
2053 2527 2132 2552 eum
2157 2520 2309 2561 oportet.

1215 2564 1278 2599 sed
1302 2564 1333 2599 si
1357 2564 1464 2609 eligat
1486 2564 1528 2607 is,
1554 2564 1615 2609 qui
1639 2563 1763 2599 decem
1787 2563 1895 2604 dedit,
1920 2562 2037 2606 ipsum
2060 2572 2201 2597 servum
2226 2573 2311 2597 con-

1214 2610 1334 2654 sequi,
1367 2619 1515 2645 necesse
1542 2613 1596 2645 est
1620 2613 1684 2643 aut
1706 2609 1824 2654 ipsum
1848 2608 1880 2643 ei
1905 2607 1983 2642 dari
2006 2611 2070 2642 aut
2093 2607 2190 2652 quod
2214 2607 2311 2643 dedit

1213 2654 1364 2690 restitui.
1403 2655 1500 2699 quod
1524 2655 1554 2690 si
1579 2654 1817 2689 distracturus
1841 2664 1914 2688 non
1939 2655 2016 2687 erat
2043 2663 2141 2695 eum,
2167 2656 2312 2698 oportet

1213 2700 1249 2734 id
1274 2699 1371 2744 quod
1405 2700 1546 2745 accepit
1576 2700 1736 2742 restitui,
1769 2699 1838 2734 nisi
1868 2697 1962 2733 forte
1995 2697 2197 2742 diligentius
2230 2709 2311 2733 eum

1213 2745 1402 2780 habiturus
1427 2749 1539 2787 esset,
1572 2745 1603 2779 si
1636 2755 1710 2779 non
1741 2743 1939 2788 accepisset
1961 2746 2004 2778 ut
2025 2744 2311 2778 manumitteret:

1213 2795 1301 2825 tunc
1326 2790 1419 2825 enim
1442 2801 1515 2825 non
1540 2793 1595 2825 est
1618 2800 1660 2824 ae
1686 2800 1771 2824 uum
1796 2800 1876 2824 eum
1897 2792 1933 2823 et
1952 2799 2053 2823 servo
2077 2791 2112 2823 et
2130 2792 2207 2824 toto
2229 2799 2310 2833 pre-

1213 2838 1235 2870 4
1282 2835 1332 2870 110
1370 2845 1503 2870 carere.
1553 2834 1623 2869 Sed
1656 2846 1681 2869 u
1707 2834 1719 2869 i
1754 2834 1913 2879 accepit,
1957 2837 1998 2869 ut
2032 2834 2311 2876 manumitteret,

1214 2880 1342 2916 deinde
1365 2890 1489 2915 servus
1514 2880 1677 2922 decessit,
1703 2881 1734 2915 si
1757 2880 1900 2924 quidem
1922 2889 2060 2914 moram
2078 2878 2165 2914 fecit
2184 2889 2310 2914 manu-

1213 2925 1383 2968 missioni,
1409 2935 1632 2970 consequens
1648 2928 1714 2967 est,
1739 2929 1780 2960 ut
1800 2925 1960 2960 dicamus
1979 2924 2170 2959 refundere
2184 2925 2212 2945 ¹⁰
2231 2935 2310 2959 eum

1213 2971 1308 3015 quod
1340 2971 1498 3016 accepit:
1536 2970 1632 3015 quod
1662 2970 1693 3005 si
1723 2981 1861 3005 moram
1892 2980 1965 3005 non
1995 2969 2101 3012 fecit,
2133 2969 2197 3005 sed
2229 2980 2310 3004 cum

1211 3016 1395 3061 profectus
1431 3019 1526 3051 esset
1558 3016 1605 3051 ad
1628 3015 1829 3060 praesidem
1852 3015 1907 3051 vel
1931 3015 2028 3060 apud
2053 3025 2158 3060 quem
2182 3025 2308 3050 manu-

1212 3062 1350 3096 mittere
1374 3064 1508 3106 posset,
1533 3071 1656 3096 servus
1675 3061 1713 3095 in
1731 3061 1857 3096 itinere
1877 3061 2080 3102 decesserit,
2104 3060 2221 3095 verius
2244 3063 2310 3102 est,

1213 3107 1242 3141 si
1287 3106 1428 3152 quidem
1473 3106 1710 3141 distracturus
1746 3110 1824 3142 erat
1857 3106 1912 3141 vel
1971 3116 2017 3140 uo
2053 3105 2130 3150 ipse
2164 3115 2309 3147 usurus,

1213 3155 1377 3203 oportere
1409 3151 1479 3186 dici
1509 3152 1597 3186 nihil
1630 3162 1711 3186 eum
1733 3151 1924 3187 refundere
1973 3151 2088 3186 ebere.
2128 3150 2304 3185 enimvero

1213 3207 1243 3231 51
1266 3197 1354 3231 1111111
1377 3207 1499 3232 0010111
1529 3196 1712 3240 facturus,
1744 3197 1814 3242 ipsi
1845 3196 1964 3232 adhuc
1996 3206 2137 3231 servum
2168 3195 2304 3230 obisse:

1213 3242 1401 3277 decederet
1425 3242 1518 3277 enim
1543 3246 1578 3277 et
1602 3242 1632 3278 si
1649 3252 1723 3278 non
1743 3242 1943 3287 accepisset
1963 3245 2004 3276 ut
2023 3241 2307 3276 manumitteret:

1213 3287 1281 3322 nisi
1303 3287 1397 3322 forte
1417 3287 1591 3332 profectio
1612 3287 1898 3323 manumissionis
1918 3287 2033 3331 gratia
2054 3286 2160 3321 morti
2173 3287 2199 3306 ¹¹
2222 3295 2307 3320 cau-

1213 3343 1289 3367 sam
1312 3333 1488 3377 praebuit,
1514 3337 1555 3367 ut
1578 3333 1632 3368 vel
1656 3343 1678 3368 a
1701 3333 1900 3368 latronibus
1926 3332 1973 3366 sit
1995 3330 2225 3372 interfectus,
2249 3329 2306 3364 vel

1212 3378 1317 3412 ruina
1338 3377 1376 3412 in
1400 3378 1542 3413 stabulo
1567 3388 1773 3423 oppressus,
1798 3378 1854 3412 vel
1875 3376 2037 3412 vehiculo
2063 3375 2227 3416 obtritus,
2252 3373 2308 3408 vel

1213 3422 1282 3457 alio
1300 3433 1370 3467 quo
1387 3422 1493 3458 modo
1507 3423 1547 3466 ¹²,
1571 3434 1641 3468 quo
1665 3434 1738 3459 non
1761 3423 1904 3468 periret,
1929 3422 1997 3457 nisi
2021 3419 2308 3455 manumissionis

1214 3477 1325 3502 causa
1348 3467 1647 3512 proficisceretur.

1260 3510 1284 3549 6
1317 3511 1426 3547 IDEM
1452 3513 1543 3549 libro
1575 3514 1680 3549 tertio
1713 3513 1998 3559 disputationum
2044 3509 2082 3545 Si
2113 3511 2308 3543 extraneus

1946 3626 1989 3664 (6)
2015 3622 2238 3665 proficisceris
2250 3621 2307 3654 FS

1931 3671 1974 3710 (9)
2001 3666 2121 3706 sicF³‚
2131 3667 2252 3698 restitu
2262 3666 2319 3697 F*

1964 3717 2021 3753 (12)
2048 3712 2188 3754 perierit
2198 3712 2255 3744 ins.

1210 3638 1285 3659 ann.
1300 3627 1406 3665 13,19.
1418 3634 1452 3660 27

1211 3675 1253 3712 (7)
1279 3671 1401 3703 necPfl

1547 3628 1589 3668 (5)
1615 3627 1749 3668 putavit
1760 3626 1841 3659 Hal.

1515 3673 1559 3713 (8)
1585 3671 1764 3704 adficiatur
1774 3670 1826 3703 F²

1583 3718 1638 3758 (11)
1662 3716 1780 3748 mortis
1791 3714 1872 3747 F2S
