2528 3918
193 135 454 179 XXXXV1

194 262 231 293 et
253 257 384 293 latius¹
410 259 466 293 est
488 257 578 292 haec
603 257 711 292 verba
733 256 786 292 sic
809 256 934 302 accipi.
984 267 1067 291 nam
1097 258 1134 292 et
1163 255 1195 292 si
1217 255 1282 292 sti-

195 302 339 347 pulatus
362 301 465 338 fuero
490 306 566 354 ‘per
588 305 626 337 te
648 312 722 337 non
743 301 840 344 fieri,
873 312 944 347 quo
976 302 1093 337 minus
1116 301 1202 336 mihi
1224 301 1283 336 via

196 348 333 383 ‘itinere
357 350 441 383 actu
466 351 518 382 uti
541 347 670 390 liceat',
703 347 770 383 etsi
793 358 865 382 non
888 357 963 390 me,
993 346 1056 382 sed
1085 346 1195 381 alium
1217 356 1282 382 no-

195 392 289 427 mine
326 402 404 428 meo
444 392 480 427 in
525 392 700 428 edientem
737 392 949 438 prohibeas,
991 391 1176 427 sciendum
1216 391 1283 427 erit

196 437 366 473 committi
389 438 460 482 stip
501 437 668 473 ationem.

245 480 324 519 112
348 482 454 518 Imm
482 482 573 518 libro

196 528 290 563 cium
338 527 375 562 Si
399 527 479 573 quis
503 526 573 573 stip

195 577 315 608 utrum
344 572 422 618 ipse
451 572 574 607 vellet:
606 582 712 619 quem
741 572 905 617 elegerit,
934 574 1035 617 petet
1066 575 1101 606 et
1130 572 1187 607 1s2
1215 571 1283 607 erit

195 617 294 654 solus
322 617 360 652 in
391 617 617 662 obligatione.
670 627 718 653 an
746 621 865 653 autem
893 620 1032 652 mutare
1061 616 1281 651 voluntatem

193 663 310 742 possit
341 667 376 697 et
405 662 453 698 ad
475 662 624 699 alterius
646 663 853 708 petitionem
875 662 1045 704 transire,
1080 661 1280 707 quaerenti·

220 718 263 742 us
296 707 541 753 respiciendus
570 707 639 744 erit
668 718 784 744 sermo
819 706 1079 752 stipulationis,
1116 710 1282 742 utrumne

194 753 276 788 talis
306 753 370 796 sit,
403 755 520 799 ‘quem
550 753 707 789 voluero’
740 762 787 787 an
819 755 935 797 ‘quem
957 752 1103 788 volam’:
1135 762 1220 787 nam
1251 751 1282 787 si

194 798 276 833 talis
301 797 410 833 fuerit
433 801 551 843 ‘quem
573 798 743 841 voluero',
776 808 857 832 cum
881 798 988 833 semel
1011 797 1173 842 elegerit,
1203 808 1280 832 mu-

193 847 272 878 tare
295 842 513 879 voluntatem
536 854 609 879 non
631 843 782 888 poterit:
811 842 842 878 si
863 852 947 878 vero
971 846 1126 878 tractum
1149 843 1283 878 habeat

194 898 310 923 sermo
341 887 436 923 illius
468 892 505 924 et
535 888 581 924 sit
611 888 693 924 talis
727 890 841 932 ‘quem
872 887 1014 930 volam',
1046 888 1159 924 donec
1188 887 1281 923 iudi-

199 938 210 967 ι
263 934 358 968 cium
381 933 504 976 dictet,
527 933 690 968 mutandi
712 936 925 978 potestatem
947 933 1106 969 habebit.
1144 933 1182 969 Si
1203 932 1280 978 quis

193 978 245 1013 ita
268 978 460 1024 stipulatus
483 979 609 1014 fuerit:
636 982 715 1031 ‘pro
734 981 876 1014 centum
894 979 1012 1014 aureis
1032 978 1120 1014 satis
1139 978 1242 1014 dabis
1252 978 1280 1013 ?'

194 1027 230 1058 et
260 1033 361 1059 reum
392 1023 553 1060 dederit³
581 1024 617 1059 in
647 1027 754 1059 1stam
777 1025 992 1059 summam⁴:
1027 1023 1205 1059 Proculus
1229 1023 1282 1058 ait

194 1079 335 1115 semper
356 1069 394 1104 in
418 1069 663 1105 satisdationis
688 1068 917 1114 stipulatione
938 1069 1076 1113 venire,
1106 1068 1203 1114 quod
1225 1068 1280 1104 in-

193 1117 344 1149 teresset
367 1114 590 1160 stipulantis,
614 1117 655 1149 ut
678 1114 768 1149 alias
791 1116 870 1149 tota
892 1124 971 1150 sors
993 1114 1147 1158 inesset,
1171 1113 1282 1150 veluti

194 1160 225 1195 si
248 1159 398 1195 idoneus
422 1160 618 1205 promissor
640 1170 713 1195 non
736 1158 802 1201 sit,
827 1158 917 1194 alias
939 1159 1077 1202 minus,
1102 1159 1134 1195 si
1154 1159 1193 1195 in
1216 1159 1280 1195 ali-

194 1204 280 1249 quid
296 1204 446 1240 idoneus
463 1208 559 1240 esset
577 1204 727 1248 debitor,
752 1204 841 1239 alias
858 1203 957 1248 nihil,
983 1205 1014 1240 si
1029 1208 1105 1240 tam
1119 1204 1280 1250 locuples

194 1253 304 1292 esset,
337 1253 378 1284 ut
406 1254 529 1285 nostra
558 1260 631 1285 non
658 1249 801 1285 intersit
829 1249 917 1285 satis
947 1250 994 1285 ab
1026 1260 1068 1285 eo
1097 1250 1279 1295 accipere:

194 1294 262 1330 nisi
281 1294 376 1339 quod
393 1295 603 1341 plerumque
618 1295 739 1330 idonei
756 1305 828 1330 non
846 1298 921 1330 tam
937 1295 1152 1341 patrimonio
1173 1304 1282 1341 quam

195 1339 264 1375 fide
311 1351 358 1375 uo
383 1350 428 1375 ue
452 1341 738 1376 aestimarentur.

242 1384 289 1422 11
349 1351 559 1421 ssnoonvs
589 1386 680 1421 libro
710 1385 868 1422 seeundo
900 1385 1138 1432 epistularum
1192 1385 1283 1421 Cum

193 1430 386 1475 stipulatus
411 1430 478 1466 sim
500 1430 603 1473 mihi,
635 1430 806 1473 Procule,
832 1430 864 1466 si
887 1441 977 1476 opus
1001 1431 1180 1467 arbitratu
1200 1440 1281 1466 meo

192 1479 276 1511 ante
299 1475 473 1511 kalendas
495 1475 617 1511 Iunias
649 1476 816 1511 effectum
846 1486 920 1512 non
951 1476 1017 1519 sit,
1044 1486 1215 1522 poenam,
1246 1479 1283 1511 et

193 1521 327 1566 protuli
350 1520 460 1556 diem:
486 1524 641 1566 putasne
663 1531 745 1557 vere
764 1531 820 1557 me
840 1531 948 1567 posse
969 1521 1087 1557 dicere
1104 1521 1283 1557 arbitratu

191 1576 272 1601 meo
305 1576 397 1612 opus
427 1565 594 1602 effectum
621 1576 694 1601 non
726 1576 806 1602 esse
837 1570 921 1602 ante
951 1566 1125 1602 kalendas
1148 1566 1281 1610 Iunias,

194 1621 275 1646 cum
304 1611 383 1656 ipse
414 1612 563 1647 arbitrio
593 1622 671 1647 meo
704 1612 811 1647 aliam
843 1611 936 1647 diem
973 1612 1073 1657 operi
1109 1611 1281 1647 laxiorem

194 1657 373 1692 dederim?
407 1656 583 1693 Proculus
607 1657 811 1702 respondit:
837 1668 909 1692 non
929 1657 1006 1697 sine
1026 1667 1137 1692 causa
1156 1656 1280 1692 distin-

192 1701 368 1747 guendum
392 1706 447 1737 est
468 1702 649 1746 interesse,
674 1706 796 1737 utrum
818 1712 884 1748 per
906 1702 1159 1748 promissorem
1181 1712 1283 1738 mora

193 1757 265 1782 non
296 1747 439 1791 fuisset,
469 1758 539 1793 quo
570 1747 687 1783 minus
717 1758 738 1783 0
764 1758 808 1783 us
840 1751 924 1783 ante
953 1747 1128 1783 kalendas
1159 1747 1281 1783 Iunias

193 1793 253 1836 ita,
278 1792 333 1827 uti
355 1792 588 1845 stipulatione
608 1803 750 1838 compre
778 1803 903 1829 ensum
923 1797 1012 1835 erat,
1036 1793 1282 1838 perficeretur,

194 1848 258 1880 an,
292 1848 374 1873 cum
403 1848 475 1873 lam
505 1849 595 1883 opus
628 1838 722 1874 effici
751 1849 824 1873 non
880 1842 977 1874 osset
1000 1843 1084 1874 ante
1107 1837 1282 1874 kalendas

193 1883 333 1926 lunias,
359 1883 550 1928 stipulator
573 1883 666 1919 diem
688 1883 726 1918 in
749 1883 856 1919 kalen
884 1883 912 1919 's
938 1883 1134 1928 Augustis-'²
1157 1887 1281 1928 protu-

193 1928 303 1963 lisset.
338 1939 422 1963 nam
446 1929 477 1964 si
500 1932 576 1963 tum
600 1928 694 1964 diem
712 1929 905 1974 stipulator
923 1928 1083 1974 protulit,
1109 1939 1191 1964 cum
1211 1930 1282 1963 iam

194 1983 285 2019 opus
316 1977 400 2009 ante
427 1973 601 2010 kalendas
624 1973 746 2009 Iunias
778 1973 874 2009 effici
902 1984 974 2009 non
1003 1978 1161 2018 poterat,
1192 1977 1280 2020 puto

193 2029 344 2064 poenam
369 2029 447 2054 esse
472 2020 696 2055 commissam
720 2028 786 2055 nec
810 2019 857 2055 ad
876 2029 951 2054 rem
971 2019 1161 2064 pertinere,
1186 2019 1283 2064 quod.

194 2063 339 2109 aliquod
369 2067 510 2109 tempus
540 2068 624 2099 ante
655 2064 828 2100 kalendas
853 2065 974 2099 Iunias
997 2063 1083 2107 fuit,
1116 2075 1187 2109 quo
1218 2064 1281 2100 sti-

194 2110 339 2190 l‘ffssss‘t'r
361 2109 1283 2191 22²0‘’iiffessssli‘assifflffuialiniissssuffiissaefssgss

194 2165 1283 2296 assis:-11:1122332113252151130331152232‘?3533:

1120 2273 1129 2290 7

195 2300 382 2325 commssa
406 2300 478 2325 non
501 2294 614 2334 esset,
643 2290 810 2335 quoniam
833 2294 995 2326 mortuus
1019 2290 1187 2326 arbitrari
1209 2301 1282 2326 non

195 2335 372 2380 potuisset
402 2339 439 2370 et
469 2335 615 2380 aliquod
638 2339 779 2381 tempus
803 2339 887 2381 post
909 2338 1061 2371 mortem
1082 2336 1158 2372 eius
1182 2335 1282 2381 operi

221 2379 411 2416 erficiendo
429 2381 677 2426 superfuisset.
711 2384 748 2416 et
762 2381 1020 2426 propemodum
1031 2380 1139 2417 etiam
1153 2381 1183 2416 si
1199 2384 1282 2415 ante

194 2392 366 2461 {alendas
391 2426 512 2461 Iunias
536 2425 720 2461 futurum⁷
745 2436 823 2462 esse
843 2426 961 2471 coepit
981 2436 1072 2479 opus
1096 2430 1180 2461 ante
1203 2435 1282 2461 eam

653 483 728 518 into
758 482 895 517 decimo
927 481 977 516 ad
1005 480 1177 524 Quintum
1201 480 1282 516 Mu-

634 530 694 563 tus
719 526 766 562 sit
780 526 942 562 Stichum
965 529 1030 561 aut
1044 525 1280 578 Pamphilum,

199 2474 212 2505 1
263 2470 355 2506 diem
379 2470 472 2506 effici
496 2481 569 2506 non
591 2481 710 2517 posse,
733 2481 851 2516 poena
875 2481 1063 2507 commlssa
1084 2474 1149 2507 est.
1192 2471 1281 2507 Cum

194 2515 361 2551 venderet
384 2516 531 2561 aliquis,
550 2517 727 2597 dpromisit
753 2516 904 2562 emptori
927 2516 1154 2553 fideiussores
1177 2525 1280 2562 prae-

194 2561 284 2596 stari
311 2566 348 2596 et
376 2571 451 2596 rem
481 2572 548 2597 ven
574 2562 661 2597 itam
692 2562 855 2597 liberari:
894 2572 986 2607 quae
1022 2565 1063 2596 ut
1098 2562 1281 2604 liberetur,

196 2616 291 2641 nunc
315 2605 493 2642 desiderat
517 2610 673 2653 emptor:
705 2608 744 2642 in
771 2617 873 2642 mora
902 2611 957 2642 est
984 2606 1035 2649 is,
1068 2607 1127 2652 qui
1150 2617 1194 2642 ea
1218 2606 1280 2642 sti-

220 2651 379 2687 ulatione
401 2651 439 2687 id
461 2652 623 2687 futurum
646 2652 827 2698 promisit:
853 2662 985 2697 quaero
1009 2653 1093 2697 quid
1114 2652 1202 2688 iuris
1222 2652 1280 2688 sit.

195 2663 369 2748 Broculus
401 2697 605 2749 resmndit:
644 2697 736 2732 tanti
771 2697 870 2733 litem
908 2697 1089 2733 aestimari
1127 2700 1281 2743 oportet,

198 2745 318 2787 quanti
342 2743 475 2778 actoris
498 2742 658 2778 interest.

245 2785 323 2823 114
355 2786 550 2823 ULPJANUS
577 2788 667 2823 libro
691 2788 842 2834 septimo
866 2788 1002 2824 decimo
1034 2786 1085 2823 ad
1107 2786 1280 2822 Sabinum

196 2831 233 2867 Si
264 2831 414 2866 fundum
444 2836 541 2867 certo
575 2832 632 2868 die
661 2833 839 2879 praestari
869 2832 1020 2878 stipuler
1051 2835 1087 2868 et
1109 2842 1175 2878 per
1196 2842 1281 2878 pro-

195 2876 379 2912 missorem
403 2877 553 2919 steterit,
579 2888 649 2923 quo
673 2878 789 2913 minus
813 2888 857 2913 ea
880 2878 937 2914 die
955 2881 1170 2924 praestetur,
1196 2887 1280 2913 con-

195 2926 402 2957 secuturum
424 2932 491 2964 me,
515 2923 639 2967 quanti
662 2933 742 2958 mea
760 2923 901 2959 intersit
918 2933 1054 2959 moram
1074 2922 1184 2958 facti⁸
1206 2932 1280 2958 non

195 2976 285 3002 esse.

245 3010 323 3048 115
349 3010 595 3047 lemws
622 3012 714 3048 libro
743 3013 901 3048 seeundo
955 3013 1180 3049 uaestionum
1226 3013 1283 3048 Ita

195 3056 389 3103 stipulatus
418 3067 515 3092 sum:
550 3059 597 3092 ‘te
626 3057 704 3093 sisti
732 3057 770 3093 in
800 3062 899 3094 certo
941 3068 1025 3095 oco:
1058 3058 1090 3094 si
1112 3068 1184 3093 non
1208 3060 1279 3094 ste-

196 3102 310 3144 ‘teris,
334 3101 591 3154 quinquaginta
614 3111 742 3139 aureos
767 3102 846 3139 dari
868 3103 1023 3149 spondes
1031 3103 1060 3138 ‘2’
1091 3103 1122 3139 si
1145 3103 1221 3139 dies
1243 3103 1281 3138 in

196 3147 425 3193 stipulatmne
459 3157 526 3192 per
562 3157 718 3182 errorem
755 3149 908 3185 omissus
942 3148 1068 3191 fuerit,
1104 3148 1210 3184 cum⁹
1243 3148 1281 3183 id

195 3195 369 3237 ageretur,
401 3195 443 3227 ut
466 3195 564 3227 certo
590 3192 646 3227 die
670 3193 825 3236 sister-es,
851 3193 1052 3239 inperfecta
1075 3193 1144 3229 erit
1166 3193 1279 3238 stipu-

195 3236 292 3280 latio,
316 3246 389 3272 non
413 3246 516 3273 secus
539 3246 583 3272 ac
606 3236 639 3273 si
658 3238 754 3281 quod
772 3238 930 3283 pondere
947 3248 1094 3274 numero
1112 3247 1281 3274 mensura

196 3282 400 3317 continetur
423 3282 499 3318 sine
522 3281 721 3317 adiectione
769 3283 910 3319 onderis
933 3283 1072 3319 numeri
1093 3293 1280 3319 mensurae

195 3326 387 3372 stipulatus
418 3337 549 3370 essem,
579 3327 634 3363 vel
657 3327 712 3363 ins
753 3337 809 3362 am
834 3327 1015 3364 aedificari
1037 3338 1110 3364 non
1134 3328 1278 3364 demon·
1303 3330 1305 3333 '

195 3376 308 3407 strato
340 3372 437 3416 loco,
475 3372 531 3408 vel
564 3371 715 3407 fundum
747 3372 826 3408 dari
854 3384 926 3408 non
956 3373 1095 3409 adiecto
1125 3373 1277 3409 nomine.

196 3417 291 3469 quod
326 3415 356 3452 si
391 3417 437 3452 ab
469 3416 571 3453 initio
601 3417 640 3453 id
669 3416 860 3462 agebatur,
897 3421 939 3453 ut
969 3427 1192 3463 quocumque
1222 3418 1279 3454 die

196 3465 339 3497 sister-es
363 3466 415 3504 et,
446 3462 476 3497 si
500 3473 572 3497 non
596 3462 773 3505 stetisses,
801 3463 989 3507 pecuniam
1019 3462 1144 3506 dares,
1176 3463 1278 3508 quasi

196 3506 376 3551 quaelibet
413 3507 596 3552 stipulatio
636 3507 704 3543 sub
741 3507 948 3543 condicione
983 3511 1156 3554 concepta
1185 3508 1277 3543 vires

196 3552 358 3595 habebit,
382 3561 448 3587 nec
469 3555 553 3588 ante
576 3552 832 3595 committetur,
857 3562 962 3598 quam
985 3553 1094 3588 fuerit
1118 3553 1276 3588 declara-

195 3667 235 3704 (1)
258 3664 362 3697 satius
379 3666 450 3698 edd.
563 3669 606 3707 (2)
630 3665 676 3698 ise
694 3666 756 3706 F',
776 3665 832 3698 hic
852 3664 903 3699 F'
1012 3667 1052 3706 (3)
1079 3665 1207 3699 dederis
1225 3666 1277 3699 Γ*

195 3712 239 3751 (4)
265 3714 298 3742 et
310 3720 403 3742 reum
415 3734 425 3742 .
434 3734 441 3742 .
452 3734 460 3742 .
473 3720 633 3742 summam
646 3711 708 3744 del.
756 3712 799 3749 (5)
818 3710 854 3743 in
866 3709 1025 3743 kalendas
1034 3711 1201 3753 Augustas
1212 3723 1274 3744 scr.

130 3788 142 3797 ⁸
196 3756 240 3794 (o)
265 3754 400 3795 quodF
459 3758 502 3793 (Ἰ)
527 3757 654 3788 certum
666 3767 728 3788 ser.
794 3757 841 3797 (8)
864 3754 1027 3788 saotamS
1090 3759 1134 3797 (9)
1159 3755 1281 3788 eumF

1269 131 1357 180 730

1487 0 1493 22 l

1496 19 1558 97 Ὗ

1557 110 1600 130 k

2102 150 2162 181 DE
2191 149 2433 182 mmmmm

1353 259 1367 290 1
1420 258 1496 292 tum
1520 266 1620 293 reum
1668 257 1869 294 remittendi
1893 258 1972 294 sisti
1995 269 2068 294 non
2089 269 2207 304 posse.
2252 260 2322 296 Sed
2345 263 2382 297 et
2405 261 2433 297 si

1351 302 1403 337 lta
1426 301 1472 337 sti
1496 301 1618 338 ulatus
1682 312 1762 339 ero:
1788 303 1830 339 ‘si
1847 303 1885 339 in
1901 304 2114 349 Capitolium
2132 314 2204 340 non
2221 306 2432 342 ascenderis'

1350 346 1406 382 vel
1439 349 1448 365 ‘
1497 346 1702 382 exandi-iam
1732 359 1805 384 non
1833 349 1935 391 ieris,
1968 353 2110 384 centum
2139 349 2216 385 dari
2245 351 2397 395 spondes
2406 352 2433 386 Τ

1349 401 1423 426 non
1454 392 1575 427 statim
1606 393 1848 429 committetur
1870 393 1917 429 sti
1943 393 2075 436 ulatio,
2107 395 2266 440 quamvis
2291 395 2433 441 Capito-

1349 435 1436 471 lium
1465 436 1658 472 ascendere
1686 437 1742 473 vel
1769 438 1908 474 Alexan
1955 438 2024 474 'am
2051 439 2235 484 pervenire
2263 442 2434 486 potueris,

1351 481 1414 517 sed
1443 491 1524 517 cum
1554 485 1690 517 certum
1719 492 1797 519 esse
1827 484 1986 529 coeperit
2014 488 2051 520 te
2075 484 2288 530 Capitolium
2311 495 2433 521 ascen-

1351 529 1370 561 2
1419 526 1503 562 dere
1526 526 1581 562 vel
1596 527 1849 564 Alexandriam
1871 529 1925 564 ire
1947 540 2020 564 non
2042 539 2158 575 posse.
2194 529 2284 566 Item
2303 531 2336 567 si
2355 531 2434 575 quis

1349 571 1401 606 ita
1432 571 1640 616 stipuletur:
1675 573 1715 608 ‘si
1745 572 1971 619 Pamphilum
2000 585 2073 610 non
2104 574 2261 618 dederis,
2294 581 2434 611 centum

1351 616 1441 651 ‘dari
1461 616 1615 662 spondes
1624 617 1653 652 *Γ
1684 617 1844 663 Pegasus
1867 620 2052 664 respondit
2070 630 2142 655 non
2161 623 2245 656 ante
2266 621 2434 655 committi

1352 661 1398 696 sti
1424 661 1628 706 ulationem,
1653 672 1760 707 quam
1783 663 1932 699 desisset
1943 666 1972 686 ¹⁰
1994 675 2101 710 posse
2115 664 2321 710 Pamphilus
2345 665 2433 700 dari.

1351 673 1505 742 Saginus
1534 711 1655 743 autem
1684 708 1912 744 existimabat
1942 719 1984 745 ex
2015 709 2192 746 sententia
2222 711 2434 746 contrahen-

1351 751 1459 794 tium,
1489 756 1679 797 postquam
1708 753 1814 788 homo
1841 754 1962 832 potuit
1990 754 2085 798 dari,
2117 754 2304 791 confestim
2328 765 2434 800 agen-

1350 797 1435 832 dum
1458 801 1494 833 et
1517 798 1653 833 tamdiu
1678 807 1721 832 ex
1743 798 1839 843 stipu
1854 798 1974 834 atione
1995 810 2068 835 non
2090 810 2197 845 posse
2217 801 2287 845 agi,
2312 810 2434 846 quam-

1351 841 1412 877 diu
1428 852 1493 887 per
1535 843 1761 878 romissorem
1777 854 1849 879 non
1867 844 1976 888 stetit,
1995 855 2065 890 quo
2082 845 2200 881 minus
2217 845 2396 881 hominem
2409 848 2434 867 ¹¹

1350 887 1462 930 daret,
1486 887 1500 922 i
1526 898 1594 932 que
1617 888 1832 924 defendebat
1855 889 2016 934 exemplo
2036 900 2150 935 penus
2169 890 2319 935 legatae.
2355 890 2435 925 Mu-

1351 933 1428 968 cius
1461 933 1590 968 etenim
1621 933 1804 976 heredem,
1835 934 1866 969 si
1896 934 1982 969 dare
2012 935 2190 979 potuisset
2218 945 2349 980 penum
2370 946 2436 971 nec

1350 977 1517 1020 dedisset,
1543 977 1730 1014 confestim
1752 979 1791 1014 in
1812 979 1999 1024 pecuniam
2019 980 2171 1025 legatam
2189 980 2304 1016 teneri
2323 981 2435 1026 scrip-

1350 1023 1414 1064 sit,
1446 1023 1553 1068 idque
1583 1023 1746 1059 utilitatis
1777 1034 1887 1060 causa
1916 1028 2102 1070 receptum
2131 1028 2186 1060 est
2208 1026 2254 1060 ob
2279 1025 2437 1061 defuncti

1349 1068 1566 1104 voluntatem
1587 1072 1623 1104 et
1641 1069 1754 1114 ipsius
1773 1069 1825 1105 rei
1842 1071 2054 1105 naturamffl.
2090 1070 2212 1115 itaque
2231 1074 2351 1115 potest
2371 1070 2435 1105 Sa-

1348 1114 1426 1150 bini
1451 1114 1628 1149 sententia
1651 1114 1783 1160 recipi,
1818 1114 1849 1150 si
1878 1115 2061 1160 stipulatio
2090 1126 2162 1151 non
2186 1125 2208 1150 a
2231 1116 2436 1151 condicione

1350 1158 1476 1204 coepit,
1500 1159 1610 1195 veluti
1630 1160 1671 1195 ‘si
1686 1159 1912 1205 Pamphilum
1929 1171 2002 1196 non
2019 1160 2169 1203 dederis,
2192 1164 2331 1196 tantum
2351 1161 2436 1196 dare

1351 1204 1566 1250 ‘spondes?’,
1597 1205 1660 1240 sed
1681 1205 1735 1241 ita
1757 1209 1931 1251 concepta
1953 1205 2001 1241 sit
2023 1205 2225 1251 stipulatio:
2255 1206 2434 1251 ‘Pamphi-

1351 1250 1436 1284 ‘lum
1471 1249 1550 1285 dari
1584 1250 1766 1295 spondes?
1812 1250 1843 1286 si
1878 1261 1950 1286 non
1990 1250 2147 1293 dederis,
2185 1254 2325 1286 tantum
2360 1251 2434 1286 dari

1350 1294 1517 1339 ‘spondes
1526 1295 1554 1331 ?’
1579 1295 1675 1340 quod
1695 1295 1771 1331 sine
1790 1295 1899 1331 dubio
1918 1306 2039 1331 verum
2057 1296 2137 1338 erit,
2159 1306 2240 1331 cum
2259 1296 2296 1331 id
2316 1300 2435 1332 actum

1348 1340 1541 1385 probatur,
1565 1344 1624 1383 ut,
1650 1341 1681 1376 si
1702 1340 1810 1376 homo
1835 1340 1941 1376 datus
1965 1352 2038 1376 non
2061 1341 2186 1384 fuerit,
2211 1345 2248 1376 et
2270 1342 2375 1377 homo
2399 1346 2435 1376 et

1349 1385 1502 1431 pecunia
1526 1385 1710 1422 debeatur.
1757 1386 1822 1421 sed
1845 1389 1881 1422 et
1904 1386 1935 1422 si
1957 1386 2008 1421 ita
2032 1390 2176 1421 cautum
2200 1386 2264 1429 sit,
2293 1390 2335 1421 ut
2357 1387 2435 1422 sola

1348 1431 1502 1476 pecunia
1531 1442 1606 1467 non
1636 1431 1755 1467 soluto
1785 1431 1927 1467 homine
1959 1431 2150 1475 debeatur,
2188 1431 2282 1467 idem
2313 1431 2433 1467 defen-

1350 1475 1505 1511 dendum
1534 1476 1618 1520 erit,
1650 1477 1817 1521 quoniam
1845 1476 1957 1512 fuisse
1980 1477 2144 1512 voluntas
2168 1477 2360 1522 probatur,
2394 1482 2435 1512 ut

1350 1521 1456 1557 homo
1481 1522 1639 1557 solvatur
1663 1525 1727 1557 aut
1748 1522 1902 1568 pecunia
1924 1525 2080 1567 petatur.

1398 1563 1478 1604 116
1502 1565 1609 1603 IDEM
1634 1567 1724 1603 libro
1753 1570 1885 1613 quarto
1918 1569 2168 1613 quaestionum
2214 1567 2346 1602 Decem
2371 1568 2433 1602 sti-

1348 1612 1495 1657 pulatus
1526 1622 1550 1648 a
1580 1611 1675 1647 Titio
1706 1616 1850 1658 postea,
1884 1616 2018 1657 quanto
2049 1612 2166 1648 minus
2196 1612 2242 1647 ab
2275 1622 2318 1648 eo
2350 1623 2434 1648 con-

1350 1657 1452 1702 sequi
1474 1667 1610 1703 posses,
1636 1657 1666 1692 si
1689 1668 1711 1692 a
1726 1657 1867 1693 Maevio
1892 1657 2087 1703 stipularis,
2111 1657 2188 1693 sine
2209 1657 2317 1693 dubio
2335 1658 2434 1693 Mae-

1349 1702 1428 1738 vius
1465 1702 1621 1739 universi
1655 1702 1854 1747 periculum
1891 1707 2011 1747 potest
2047 1703 2180 1738 subire.
2235 1702 2298 1738 sed
2333 1707 2369 1738 et
2404 1703 2434 1738 si

1350 1746 1475 1783 decem
1528 1747 1646 1783 etieris
1679 1758 1701 1782 a
1732 1747 1844 1791 Titio,
1883 1747 2045 1783 Maevius
2079 1758 2153 1783 non
2188 1748 2256 1783 erit
2285 1748 2434 1791 solutus,

1350 1792 1422 1828 nisi
1451 1791 1490 1828 iu
1515 1793 1646 1827 icatum
1674 1793 1790 1828 Titius
1820 1792 1956 1828 fecerit.
2014 1793 2069 1827 ΡΑ
2077 1802 2172 1828 Ubus
2202 1797 2322 1828 notat:
2363 1804 2435 1829 non

1350 1837 1445 1874 enim
1474 1841 1560 1873 sunt
1587 1837 1658 1873 duo
1690 1838 1742 1873 rei
1764 1837 1925 1874 Maevius
1949 1842 1985 1873 et
2009 1838 2124 1873 Titius
2156 1838 2314 1874 eiusdem
2344 1838 2434 1874 obli-

1374 1883 1522 1927 ationis‚
1561 1883 1626 1919 sed
1655 1883 1817 1918 Maevius
1849 1884 1916 1918 sub
1947 1883 2155 1919 condicione
2185 1883 2308 1926 debet,
2347 1884 2377 1919 si
2413 1894 2435 1918 a

1383 1928 1446 1963 itio
1477 1927 1571 1973 exigi
1597 1938 1671 1963 non
1700 1928 1848 1973 poterit:
1886 1928 1994 1973 igitur
2033 1939 2100 1964 nec
2131 1928 2225 1964 Titio
2260 1933 2432 1964 convento

1349 1972 1511 2009 Maevius
1547 1973 1721 2009 liberatur
1758 1974 1832 2019 (qui
1863 1983 1910 2008 an
1942 1973 2127 2009 debiturus
2159 1974 2224 2016 sit,
2260 1974 2434 2009 incertum

1351 2021 1418 2062 est)
1444 2022 1479 2053 et
1502 2019 1660 2054 solvente
1678 2018 1772 2054 Titio
1796 2029 1870 2054 non
1892 2019 2067 2054 liberatur
2085 2018 2246 2054 Maevius
2270 2019 2345 2064 (qui
2367 2029 2433 2054 nec

1349 2063 1570 2108 tenebatur),
1611 2075 1692 2099 cum
1727 2064 1888 2100 condicio
1919 2064 2157 2117 stipulationis
2189 2063 2327 2107 deficit,
2367 2075 2434 2100 nec

1351 2108 1513 2145 Maevius
1542 2109 1721 2155 pendente
1752 2109 1991 2154 stipulatioms
2017 2109 2225 2145 condicione
2248 2115 2346 2145 recte
2369 2120 2433 2156 po-

1349 2157 1422 2190 test
1449 2154 1647 2191 conveniri:
1681 2165 1704 2190 a
1730 2154 1871 2190 Maevio
1904 2154 1997 2190 enim
2029 2158 2112 2190 ante
2142 2154 2275 2190 Titium
2307 2164 2432 2190 excus-

1351 2210 1430 2235 sum
1451 2210 1525 2236 non
1549 2203 1646 2236 recte
1668 2203 1822 2245 petetur.

1399 2242 1478 2282 117
1502 2243 1608 2281 IDEM
1635 2245 1726 2281 libro
1755 2244 1963 2281 duodecimo
1995 2245 2244 2291 quaestionum
2290 2245 2327 2280 Si
2351 2255 2433 2280 cen-

1349 2293 1427 2324 tum
1449 2289 1621 2334 homines,
1647 2300 1736 2335 quos
1754 2300 1820 2335 ego
1838 2290 1984 2326 heresve
2006 2300 2106 2325 meus
2131 2290 2294 2335 eligerem
2307 2291 2345 2331 ¹³,
2371 2291 2432 2326 sti-

1349 2335 1504 2380 pulatus,
1525 2339 1608 2371 ante
1634 2345 1717 2370 uam
1735 2335 1900 2379 eligerem
1914 2336 1951 2378 ¹⁴,
1971 2335 2060 2371 duos
2078 2335 2226 2371 heredes
2245 2336 2432 2389 reliquero,

1349 2390 1498 2416 numero
1529 2380 1600 2416 divi
1638 2384 1697 2415 tur
1728 2380 1930 2425 stipulatio:
1964 2380 2140 2416 diversum
2171 2380 2256 2422 erit,
2299 2390 2330 2415 ει
2363 2381 2433 2415 iam

1350 2425 1473 2460 electis
1496 2425 1700 2462 hominibus
1724 2425 1972 2461 successerint.

1399 2468 1477 2508 118
1509 2470 1618 2506 loru
1650 2470 1741 2506 libro
1778 2471 1967 2506 vicensimo
2002 2471 2153 2517 septimo
2184 2471 2432 2516 quaestionum

1351 2516 1460 2550 Liber
1483 2516 1611 2558 homo,
1643 2516 1703 2561 qui
1726 2516 1822 2552 bona
1842 2515 1913 2551 fide
1936 2516 2044 2551 servit
2066 2515 2171 2557 mihi,
2224 2514 2297 2550 uod
2319 2515 2431 2560 stipu-

1350 2561 1439 2595 lanti
1457 2560 1544 2595 mihi
1562 2560 1750 2606 promittit,
1773 2571 1887 2607 prope
1907 2564 1971 2603 est,
1996 2565 2038 2595 ut
2053 2561 2207 2596 omnimo
2233 2571 2254 2595 o
2272 2560 2319 2595 sit
2336 2561 2431 2604 utile,

1350 2606 1508 2650 quamvis
1541 2617 1586 2641 ex
1608 2616 1649 2642 re
1670 2605 1750 2642 mea
1767 2606 1977 2660 promittat:
2007 2616 2090 2641 nam
2120 2605 2205 2650 quid
2235 2604 2334 2640 aliud
2363 2605 2432 2640 dici

1349 2655 1492 2732 ξ’ἕέἓεζὶ
1518 2650 1853 2742 (11ζηῖὶίἒέΒέῗέἓὲ
1865 2651 2204 2732 ξίωέηὲἓὶἓῗῗὲἕα
2217 2654 2432 2740 ’ἑῖἱῃῗιζῗξῗ

1348 2742 1516 2777 tenebor:
1549 2741 1844 2787 quemadmodum
1874 2741 2003 2777 etenim
2037 2741 2183 2776 habebit
2213 2741 2288 2776 eius
2320 2722 2431 2776 actio:

1349 2797 1430 2823 nem
1454 2786 1624 2822 adversus
1648 2796 1720 2829 me,
1746 2786 1843 2831 quod
1864 2787 1910 2822 ab
1935 2786 2005 2822 alio
2029 2786 2220 2831 stipulatus
2245 2791 2432 2831 quaereret

1349 2832 1460 2868 mihi?
1489 2832 1559 2868 hoc
1587 2832 1710 2876 itaque
1740 2832 1853 2867 latere
1877 2831 2075 2867 fructuario
2099 2841 2200 2867 servo
2224 2830 2279 2865 vel
2302 2831 2430 2872 alieno,

1373 2878 1410 2913 ui
1434 2877 1530 2913 bona
1552 2877 1623 2912 fide
1645 2876 1769 2920 servit,
1800 2877 2075 2922 comparabitur.
2122 2886 2244 2911 servus
2272 2880 2390 2911 autem
2404 2878 2431 2897 ¹⁵

1348 2889 1548 2958 auctuario
1577 2921 1611 2958 si
1632 2922 1818 2967 promittat
1841 2932 1884 2957 ex
1907 2932 1947 2957 re
1969 2922 2081 2967 ipsius
2105 2921 2160 2956 vel
2183 2921 2337 2963 alienus,
2394 2922 2430 2956 ui

1349 2968 1445 3003 bona
1475 2967 1547 3003 fide
1576 2967 1700 3011 servit,
1740 2967 1907 3011 emptori,
1946 2967 2045 3002 nulla
2080 2966 2124 3001 de
2158 2966 2296 3011 peculio
2329 2965 2375 3001 da
2402 2967 2428 3001 i-

1348 3017 1408 3048 tur
1442 3012 1481 3049 in
1517 3012 1696 3048 dominum
1733 3013 1846 3047 actio:
1885 3021 1967 3047 nam
1997 3012 2035 3047 in
2063 3011 2118 3046 his
2150 3010 2267 3046 causis
2299 3010 2429 3046 domini

1354 3061 1364 3092 1
1417 3066 1496 3093 esse
1516 3057 1617 3092 intell
1687 3060 1782 3092 ntur.
1830 3057 1972 3093 ‘Decem
2001 3056 2106 3092 hodie
2136 3055 2214 3091 dari
2238 3056 2391 3101 spondes
2401 3056 2428 3091 Τ

1350 3102 1423 3138 dixi
1457 3112 1564 3148 posse
1602 3112 1644 3138 ve
1696 3112 1738 3138 eo
1753 3103 1781 3123 ¹⁶
1815 3102 1872 3138 die
1901 3102 2089 3147 pecuniam
2118 3101 2191 3146 peti
2223 3111 2289 3136 nec
2320 3101 2430 3136 videri

1348 3147 1610 3193 praematurius
1640 3147 1698 3200 agi
1727 3158 1800 3183 non
1827 3146 1928 3183 finito
1958 3146 2196 3191 stipulationis
2227 3145 2302 3188 die,
2333 3146 2429 3191 quod

1347 3194 1385 3228 in
1415 3192 1494 3228 aliis
1523 3193 1743 3237 temporibus
1774 3192 1863 3228 iuris
1894 3196 1948 3228 est
1979 3194 2075 3234 (nam
2103 3191 2176 3237 peti
2209 3201 2281 3226 non
2312 3191 2428 3233 debet,

1349 3237 1444 3283 quod
1474 3238 1570 3272 intra
1598 3242 1738 3282 tempus
1770 3237 2062 3282 comprehensum
2091 3236 2180 3272 solvi
2211 3238 2362 3280 potest):
2391 3236 2429 3271 in

1348 3282 1532 3328 proposito
1564 3282 1656 3318 enim
1686 3282 1778 3318 diem
1807 3292 1879 3317 non
1902 3281 2118 3317 differendae
2142 3281 2292 3316 actionis
2315 3280 2426 3316 inser-

1347 3332 1423 3363 tum
1442 3327 1562 3371 videri,
1584 3327 1647 3363 sed
1663 3338 1734 3373 quo
1753 3336 1923 3380 praesens
1940 3326 2162 3368 ostendatur,
2183 3335 2259 3361 esse
2279 3335 2427 3370 respon-

1348 3376 1367 3407 2
1414 3382 1504 3408 sum.
1553 3372 1696 3407 ‘Decem
1725 3371 1809 3407 mihi
1840 3375 1903 3407 aut
1926 3371 2039 3413 Titio,
2071 3374 2190 3406 utrum
2222 3380 2286 3415 ego
2314 3370 2427 3411 velim,

1348 3417 1446 3453 ‘dare
1469 3417 1624 3470 spondes
1633 3417 1661 3452 ?’
1689 3427 1734 3453 ex
1757 3427 1815 3461 eo,
1839 3415 1935 3462 quod
1957 3416 2044 3451 mihi
2066 3415 2223 3451 dandum
2246 3419 2316 3458 est,
2341 3416 2428 3451 certi

1348 3462 1530 3507 stipulatio
1554 3466 1625 3505 est,
1650 3472 1694 3498 ex
1717 3472 1777 3503 eo,
1802 3461 1898 3507 quod
1921 3461 1972 3496 illi
1985 3462 2011 3483 ¹⁷
2036 3460 2258 3502 solvendum,
2283 3460 2425 3513 incerti:

1347 3506 1439 3552 finge
1455 3517 1534 3542 mea
1549 3507 1721 3543 interesse
1736 3507 1831 3542 Titio
1847 3506 1967 3552 potius
1984 3516 2091 3551 quam
2112 3506 2197 3541 mihi
2217 3505 2315 3548 solvi,
2339 3516 2427 3550 quo-

1347 3552 1441 3587 niam
1456 3562 1608 3597 poenam
1622 3552 1865 3598 promiseram,
1881 3551 2016 3587 siTitio
2032 3551 2188 3587 solutum
2203 3560 2274 3585 non
2288 3549 2423 3585 fuisset.

1345 3666 1405 3707 (ιο)
1430 3665 1638 3699 desinissetF
1701 3668 1755 3706 (ιι)
1780 3664 2112 3708 hominemJeumffl
2182 3666 2242 3706 (12)
2266 3656 2432 3696 naturaF

1344 3711 1404 3762 (13)
1428 3709 1579 3764 elegisset
1597 3709 1650 3743 F²

1343 3765 1415 3788 nus
1435 3768 1494 3789 nne.

1764 3711 1821 3750 (14)
1846 3714 1997 3742 mortuus
2018 3711 2080 3743 ins.
2194 3712 2253 3750 (15)
2278 3709 2424 3741 fructua-

1589 3756 1649 3797 (ιο)
1673 3754 1783 3788 eodem
1804 3753 1856 3787 F*
1947 3757 2007 3798 (Π)
2029 3754 2090 3787 illo
2109 3755 2143 3787 F
