2528 3918
134 158 194 188 DE
226 156 612 187 ACCEPTILATIONE

137 274 150 304 1
200 271 236 304 et
258 268 294 303 in
319 268 461 310 ceteris,
495 267 554 312 qui
577 270 700 303 nostro
724 266 796 302 iuri
828 265 980 301 subiecti
1003 269 1098 302 sunt.
1148 264 1219 300 Sed

133 318 169 350 et
191 313 223 349 si
247 323 348 349 servo
372 313 469 358 quod
491 313 567 358 ipse
588 312 675 347 mihi
698 311 860 358 promisit
879 314 1066 356 acceptum
1085 310 1217 352 fecero,

131 359 275 395 inutiles
312 359 397 393 mihi
436 361 541 394 erunt
578 358 749 393 adversus
788 357 968 392 dominum
1006 357 1219 391 honorariae

132 405 308 446 actiones,
342 414 433 449 quae
465 403 509 439 de
538 404 680 456 peculio
703 403 759 438 vel
782 402 820 436 in
843 412 918 437 rem
948 412 1051 438 verso
1074 401 1216 436 dantur.

133 454 151 485 2
200 449 238 485 Si
269 460 395 484 servus
427 448 662 484 hereditarius
701 452 785 483 ante
821 447 955 483 aditam
986 447 1219 482 hereditatem

133 500 320 540 acceptum
362 498 479 539 roget,
518 494 614 539 quod
651 493 841 529 defunctus
880 493 1062 538 promisit,
1102 492 1219 526 verius

135 546 222 586 puto
253 540 457 584 contingere
487 539 752 582 liberationem,
785 543 825 573 ut
854 549 918 583 per
947 539 1016 574 hoc
1039 537 1218 573 hereditas

134 592 152 620 3
199 587 279 631 ipsa
308 586 490 620 liberetur.
539 585 609 619 Sed
648 588 684 619 et
713 585 742 620 si
774 584 938 620 dominus
970 583 1066 628 apud
1096 583 1218 618 hostes

132 632 189 673 sit,
215 631 402 666 dicendum
426 634 480 666 est
502 630 580 665 iure
602 630 809 676 postliminii
834 628 1037 665 confirmari
1061 628 1217 673 accepti-

132 677 318 712 lationem:
350 686 433 711 nam
463 679 500 711 et
524 676 690 721 stipulari
713 676 761 718 ei,
795 675 854 720 qui
878 674 975 720 apud
1007 675 1129 709 hostes
1153 677 1217 716 est,

133 732 256 758 servus
306 724 410 757 otest.

182 765 232 804 12
295 776 486 802 OMPONIUS
514 767 605 802 libro
630 767 819 802 vicensimo
842 769 948 801 sexto
972 764 1023 800 ad
1044 763 1218 800 Sabinum

134 813 236 857 Quod
258 812 296 847 in
320 811 412 848 diem
436 812 492 847 vel
516 812 582 847 sub
609 812 818 847 condicione
842 811 1001 853 debetur,
1027 809 1218 854 acceptila-

132 859 230 893 tione
259 858 335 893 tolli
365 861 502 902 potest:
541 857 604 892 sed
637 858 690 892 ita
719 857 756 892 id
786 856 922 892 factum
951 855 1156 900 apparebit,
1190 855 1220 890 si

134 903 296 939 condicio
321 903 561 948 stipulationis
586 903 741 937 extiterit
764 902 820 938 vel
844 901 918 936 dies
942 901 1086 936 venerit.

182 946 231 986 13
272 947 467 983 ULPJANUS
494 948 585 984 libro
618 948 942 993 quinquaqensz'mo
973 946 1023 981 ad
1045 946 1219 981 Sabinum

132 994 183 1030 Et
213 1004 279 1040 per
308 993 556 1029 iusiurandum
584 993 703 1028 liberti
726 992 996 1037 interpositam¹
1030 1001 1220 1036 operarum

133 1039 384 1085 obligationem
453 1049 492 1074 er
533 1038 842 1083 acceptilationem
880 1037 958 1072 tolli
996 1037 1113 1072 verius
1153 1040 1217 1072 est.

137 1090 149 1120 1
201 1085 240 1121 Si
262 1084 314 1127 id,
347 1050 449 1130 quod)
463 1084 502 1119 in
526 1084 790 1128 stipulationem
813 1082 1006 1118 deductum
1029 1086 1100 1125 est,
1132 1082 1219 1117 divi-

134 1131 269 1167 sionem
300 1140 374 1165 non
396 1129 563 1174 recipiat,
594 1129 820 1174 acceptilatio
849 1128 887 1163 in
916 1132 1054 1173 partem
1086 1128 1219 1163 nullius

133 1177 202 1212 erit
223 1175 408 1219 momenti,
438 1177 479 1210 ut
501 1178 589 1220 puta
612 1174 644 1210 si
667 1175 820 1210 servitus
843 1174 913 1208 fuit
935 1173 1072 1219 praedii
1096 1173 1220 1208 rustici

132 1222 187 1257 vel
211 1221 350 1256 urbani.
398 1220 504 1265 plane
536 1220 567 1255 si
597 1230 684 1255 usus
713 1219 854 1255 fructus
879 1220 926 1255 sit
948 1219 986 1254 in
1010 1219 1219 1263 stipulatum

134 1267 324 1310 deductus,
381 1270 446 1301 uta
475 1265 578 1300 fundi
601 1265 749 1307 Titiani,
782 1265 913 1310 poterit
941 1275 1007 1309 pro
1032 1268 1135 1309 parte
1159 1275 1219 1299 ac—

135 1312 316 1358 ceptilatio
375 1312 426 1347 eri
455 1316 491 1346 et
520 1311 588 1346 erit
616 1310 782 1346 residuae
813 1310 951 1356 partis²
992 1309 1094 1345 fundi
1133 1320 1220 1345 usus

135 1359 285 1393 fructus.
334 1357 364 1392 si
395 1362 515 1392 tamen
544 1357 636 1391 viam
660 1357 738 1401 quis
764 1356 954 1400 stipulatus
979 1359 1129 1400 accepto
1153 1356 1221 1390 iter

134 1404 187 1439 vel
213 1403 357 1438 actum³
379 1402 516 1444 fecerit,
542 1401 770 1447 acceptilatio
794 1401 928 1436 nullius
948 1401 1016 1436 erit
1035 1400 1219 1436 momenti:

134 1450 202 1484 hoc
229 1448 324 1483 idem
361 1451 416 1483 est
446 1447 690 1492 probandum,
731 1447 762 1482 si
792 1450 895 1482 actus
933 1450 1082 1491 accepto
1114 1446 1222 1481 fuerit

134 1495 240 1530 latus.
289 1493 320 1528 si
348 1497 467 1528 autem
498 1493 567 1528 iter
599 1496 635 1528 et
666 1496 768 1527 actus
793 1495 943 1537 accepto
973 1492 1082 1527 fuerit
1113 1492 1220 1534 latus,

134 1548 354 1585 consequens
378 1539 446 1574 erit
470 1538 587 1574 dicere
611 1538 801 1573 liberatum
825 1548 915 1581 eum,
943 1537 1004 1582 qui
1021 1538 1113 1572 viam
1137 1547 1220 1582 pro-

134 1589 153 1620 2
199 1585 306 1620 misit.
353 1584 446 1619 Illud
471 1588 606 1619 certum
631 1586 685 1619 est
710 1594 808 1625 eum,
841 1583 903 1628 qui
932 1582 1084 1618 fundum
1108 1583 1220 1627 stipu-

135 1631 230 1666 latus
253 1641 360 1665 usum
390 1629 548 1665 fructum
577 1629 632 1665 vel
662 1629 754 1664 viam
787 1632 936 1673 accepto
974 1628 1079 1671 facit,
1112 1628 1149 1663 in
1179 1638 1222 1664 ea

134 1687 211 1712 esse
235 1685 356 1718 causa,
381 1679 423 1710 ut
444 1675 670 1720 acceptilatio
695 1686 768 1710 non
791 1674 924 1710 valeat:
959 1674 1020 1719 qui
1043 1674 1137 1709 enim
1161 1684 1220 1709 ac-

134 1726 238 1768 cepto
262 1721 366 1763 facit,
398 1722 454 1756 vel
476 1724 591 1756 totum
614 1720 670 1755 vel
698 1723 837 1766 partem
860 1720 953 1763 eius,
987 1719 1084 1765 quod
1107 1719 1220 1765 stipu-

132 1768 227 1803 latus
259 1770 331 1809 est,
364 1766 469 1802 debet
500 1769 650 1811 accepto
679 1765 817 1807 facere,
858 1765 927 1800 hae
951 1770 1071 1800 autem
1099 1769 1221 1810 partes

133 1823 205 1848 non
229 1815 322 1855 sunt,
347 1822 420 1847 11011
443 1812 554 1857 magis
578 1821 685 1857 quam
708 1811 738 1846 si
764 1811 841 1856 quis
862 1810 1005 1846 domum
1030 1811 1221 1855 stipulatus

133 1862 281 1902 accepto
306 1857 399 1892 ferat
423 1860 584 1893 cementa
606 1856 662 1892 vel
692 1856 868 1892 fenestras
892 1856 948 1891 vel
971 1856 1144 1900 parietem
1167 1856 1222 1890 vel

135 1908 153 1938 3
201 1903 365 1938 diaetam.
413 1902 451 1938 Si
482 1903 560 1947 quis
585 1913 689 1937 usum
718 1902 875 1937 fructum
901 1902 1092 1946 stipulatus
1117 1912 1221 1936 usum

133 1953 282 1994 accepto
307 1948 440 1990 tulerit,
466 1949 496 1983 si
521 1947 661 1993 quidem
685 1948 736 1982 sic
760 1947 883 1983 tulerit
907 1951 1094 1992 acceptum
1118 1947 1221 1992 quasi

134 2006 202 2030 usu
225 1994 356 2036 debito,
382 1994 544 2028 liberatio
569 2004 642 2028 non
668 1993 863 2037 continget:
888 1993 920 2028 si
942 2003 1025 2027 vero
1050 1993 1153 2037 quasi
1177 2003 1221 2027 ex

133 2051 202 2075 usu
225 2039 365 2082 fructu,
399 2050 480 2074 cum
503 2039 618 2084 possit
647 2049 733 2074 usus
763 2039 839 2074 sine
863 2038 1007 2073 fructu⁴
1040 2038 1219 2081 constitui,

135 2090 155 2120 4
202 2085 391 2120 dicendum
421 2089 476 2120 est
507 2084 816 2129 acceptilationem
840 2084 970 2119 valere.
1019 2083 1056 2118 Si
1079 2084 1126 2127 is,
1160 2084 1220 2129 qui

132 2131 309 2166 hominem
350 2130 543 2175 stipulatus
587 2133 657 2174 est,
699 2129 858 2164 Stichum
901 2133 1050 2174 accepto
1085 2129 1219 2171 tulerit,

133 2176 292 2211 Iulianus
331 2176 423 2211 libro
472 2175 787 2220 quinquagensimo
832 2179 960 2219 quarto
1003 2175 1220 2219 digestorum

133 2222 276 2266 scripsit
306 2221 612 2265 acceptilationem
637 2220 769 2265 aliquid
798 2221 912 2264 egisse
935 2221 1141 2265 tollisseque
1164 2224 1219 2254 to-

132 2271 206 2302 tam
229 2267 498 2311 obligationem:
531 2266 627 2311 quod
651 2267 744 2301 enim
773 2266 884 2301 invito
908 2266 1112 2310 stipulatori
1136 2277 1218 2311 pro-

133 2313 263 2348 missor
294 2312 428 2347 solvere
457 2315 594 2356 potest,
626 2311 663 2346 id
687 2315 723 2347 et
746 2316 932 2355 acceptum
956 2311 1065 2346 latum
1090 2311 1219 2346 libera-

134 2362 152 2392 5
200 2357 332 2393 tionem
354 2357 480 2402 pariet.
528 2356 641 2400 Eum,
675 2357 736 2401 qui
764 2357 914 2392 fundum
939 2357 1130 2402 stipulatus
1155 2360 1218 2399 est,

133 2414 206 2438 non
234 2413 339 2448 posse
370 2402 414 2437 de
444 2402 524 2438 dolo
555 2403 649 2437 malo
680 2403 876 2437 clausulam
906 2406 1095 2447 acceptum
1126 2402 1220 2437 ferre

135 2452 291 2484 constat:
331 2459 403 2483 non
434 2448 527 2483 enim
558 2448 595 2482 in
626 2452 763 2493 partem
788 2447 897 2482 debiti
920 2448 957 2482 id
983 2448 1158 2491 const-itit,
1186 2452 1221 2483 et

133 2493 231 2529 aliud
260 2497 315 2529 est
345 2493 438 2538 quod
468 2493 638 2535 debetur,
674 2493 771 2528 aliud
795 2493 890 2538 quod
921 2498 1070 2538 accepto
1094 2493 1218 2528 fertur.

135 2543 154 2574 6
203 2539 240 2574 Si
264 2539 425 2575 Stichum
457 2543 520 2574 aut
549 2538 672 2574 decem
696 2539 764 2574 sub
796 2538 1005 2573 condicione
1029 2539 1219 2583 stipulatus

134 2584 295 2619 Stichum
333 2588 522 2629 acceptum
561 2584 686 2620 fecerit
725 2586 761 2619 et
821 2584 972 2619 endente
1011 2584 1220 2619 condicione

135 2630 279 2665 Stichus
305 2629 511 2673 decesserit,
544 2630 666 2664 decem
688 2629 726 2663 in
752 2629 796 2664 ob
812 2629 989 2672 igatione⁵
1013 2630 1218 2672 manebunt⁷

133 2675 280 2720 perinde
309 2685 352 2710 ac
382 2675 436 2710 si6
475 2674 702 2719 acceptilatio
736 2674 947 2718 interposita
978 2685 1050 2710 non
1081 2675 1218 2711 fuisset.

134 2724 152 2754 7
201 2720 239 2755 Si
262 2719 464 2755 fideiussori
488 2724 636 2764 accepto
661 2719 771 2755 fuerit
793 2720 922 2763 latum,
956 2730 1037 2755 cum
1063 2730 1145 2756 reus
1169 2731 1218 2764 re,

134 2776 207 2801 non
230 2765 346 2800 verbis
370 2765 498 2801 fuisset
521 2765 716 2809 obligatus,
750 2775 797 2799 an
820 2775 902 2800 reus
927 2776 1068 2810 quoque
1092 2765 1219 2801 libere-

134 2811 217 2846 tur?
243 2814 277 2845 et
300 2811 369 2846 hoc
392 2811 469 2846 iure
492 2811 636 2852 utimur,
661 2815 712 2852 ut,
737 2810 821 2845 licet
844 2820 927 2846 reus
946 2821 1019 2846 non
1039 2811 1085 2846 sit
1104 2812 1220 2847 verbis

136 2856 322 2900 obligatus,
346 2860 466 2891 tamen
490 2856 763 2900 acceptilatione
782 2866 848 2900 per
866 2855 1113 2892 fideiussorem
1132 2857 1219 2892 libe-

136 2905 154 2936 8
201 2905 310 2936 retur.
364 2901 401 2935 Si
435 2902 634 2946 legatorum
674 2902 740 2936 sub
779 2901 986 2937 condicione
1015 2902 1221 2937 relictorum

134 2947 334 2982 fideiussori
359 2946 441 2981 dato
466 2950 614 2991 accepto
637 2946 751 2981 latum
775 2947 831 2988 sit,
856 2947 975 2991 legata
995 2947 1221 2982 debebuntur

135 2995 155 3027 9
201 2995 329 3037 postea
360 2991 569 3027 condicione
600 3001 723 3027 eorum
752 2992 936 3028 existente.
984 2992 1052 3036 Qui
1081 2993 1133 3028 ita
1156 2994 1219 3029 sti-

134 3037 279 3082 pulatur
303 3047 325 3072 a
346 3037 573 3072 fideiussore:
599 3036 705 3081 ‘quod
724 3037 819 3073 Titio
845 3037 1040 3080 credidero,
1064 3038 1135 3073 fide
1157 3042 1222 3074 tua

135 3088 224 3118 ‘esse
247 3083 350 3118 iubes
359 3083 398 3126 ?'‚
434 3082 593 3125 ⁷deinde‚
618 3086 809 3127 antequam
834 3083 1005 3125 crederet,
1035 3088 1220 3128 acceptum

133 3128 219 3163 fecit
241 3127 455 3170 fideiussori,
480 3138 564 3163 reus
587 3137 660 3163 non
678 3127 901 3171 liberabitur,
926 3129 988 3164 sed
1010 3128 1220 3174 quandoque

136 3174 166 3208 ei
197 3173 368 3208 creditum
400 3173 526 3217 fuerit,
556 3176 715 3208 tenetur:
747 3183 830 3208 nam
859 3178 896 3209 et
922 3173 953 3209 si
975 3173 1221 3209 fideiussorem

135 3230 206 3253 non
231 3221 313 3254 ante
336 3218 527 3254 liberatum
552 3228 629 3254 esse
654 3218 847 3262 credimus,
877 3229 983 3264 quam
1008 3229 1090 3254 cum
1113 3218 1221 3254 fuerit

136 3263 308 3298 creditum
340 3274 421 3306 reo,
462 3275 533 3299 non
571 3267 691 3299 tamen
718 3273 801 3298 reus
833 3265 1033 3309 antiquiore
1064 3265 1220 3310 accepti-

135 3309 284 3351 latione,
327 3320 432 3354 quam
470 3309 639 3354 obligatio
679 3308 755 3344 eius
793 3313 866 3352 est,
909 3310 1055 3345 liberari
1091 3310 1220 3355 potuit.

141 3358 178 3388 10
227 3354 357 3397 Tutor,
390 3359 534 3390 curator
563 3354 688 3389 furiosi
718 3358 906 3398 acceptum
936 3354 1030 3390 ferre
1060 3365 1133 3390 non
1155 3366 1221 3401 po-

135 3399 204 3434 tuit
214 3400 238 3441 ⁸,
278 3409 344 3435 nec
378 3404 593 3445 procurator
622 3399 764 3444 quidem
793 3403 913 3444 potest
940 3399 1061 3436 facere
1091 3411 1219 3446 accep-

135 3448 229 3479 tum:
262 3444 326 3480 sed
350 3445 388 3479 hi
412 3455 533 3480 omnes
558 3445 690 3481 debent
712 3454 843 3480 novare
866 3446 1032 3490 (possunt
1055 3446 1161 3490 enim)
1185 3450 1221 3481 et

137 3562 174 3600 (1)
199 3559 388 3602 impositam
404 3569 469 3593 scr.
562 3560 606 3600 (2)
630 3561 740 3600 partes
752 3558 805 3589 ΡΞ
896 3562 938 3598 (3)
964 3558 1016 3592 vel
1029 3562 1140 3592 actum
1156 3561 1218 3592 del.

136 3605 178 3646 (4)
203 3605 332 3637 fructus
343 3604 415 3637 sine
425 3613 489 3636 usu
506 3604 658 3638 Ouiacius
713 3605 755 3643 (5)
780 3601 1018 3646 obligationem
1033 3605 1068 3637 F
1114 3606 1159 3647 (6)
1184 3615 1222 3637 ea

136 3651 195 3683 ins.
211 3649 262 3682 F²
349 3649 392 3690 (7)
417 3648 446 3680 si
459 3650 519 3682 ins.
607 3649 652 3691 (8)
677 3650 816 3691 possunt
829 3650 900 3681 edd.
987 3651 1033 3691 (9)
1057 3649 1222 3692 stipulan-

137 3694 187 3726 dis
201 3695 235 3727 F
313 3696 373 3736 (10)
395 3704 457 3736 pro
468 3694 684 3737 supervacuo]
697 3703 935 3736 supervacuam
949 3693 999 3728 F²
1085 3697 1140 3737 (11)
1164 3694 1222 3727 da-

137 3743 190 3771 tus
204 3741 266 3772 del.
356 3741 413 3780 (12)
439 3740 486 3772 ad
498 3743 515 3778 ᾗ
529 3746 543 3773 1
557 3741 600 3781 cf.
613 3740 695 3773 Inst.
709 3739 742 3780 3,
755 3745 804 3780 29,
817 3745 835 3772 2
923 3741 981 3780 (13)
1006 3750 1046 3772 ex
1058 3740 1096 3780 S,
1114 3742 1148 3772 et
1161 3739 1222 3780 F2‚

138 3796 197 3817 om.
221 3785 269 3817 F¹
377 3785 436 3826 (14)
461 3782 515 3816 vel
534 3784 634 3817 certis
653 3782 717 3826 vel,
735 3783 835 3817 certia
852 3783 1049 3827 quibusdam
1067 3785 1223 3827 exceptis,

1205 136 1292 184 757

2086 146 2315 190 XXXXVI
2348 153 2369 189 4

1287 264 1339 300 sic
1364 274 1428 298 acc
1476 266 1513 298 to
1537 263 1668 317 facere.
1716 278 1761 302 ne
1791 268 1846 303 his
1871 268 2011 313 quidem
2035 275 2184 315 accepto
2210 271 2285 306 fieri
2309 283 2372 316 po-

1286 313 1381 362 test,
1405 319 1445 361 se
1500 313 1689 345 novatione
1719 312 1816 347 facta
1846 317 2015 358 poterunt
2045 315 2189 350 liberari
2220 327 2283 361 per
2313 326 2373 352 ac-

1289 354 1564 406 ceptilationem.
1619 365 1702 389 nam
1740 361 1776 392 et
1814 358 1853 393 in
1888 360 2087 395 absentium
2144 371 2273 397 ersona
2304 362 2373 397 hoe

1287 399 1441 435 remedio
1474 403 1527 434 uti
1557 399 1730 436 solemus:
1769 403 1982 447 stipulamur
2013 405 2058 439 ab
2090 416 2112 440 a
2129 407 2210 450 'quo
2241 407 2278 442 id
2309 418 2373 442 no-

1286 445 1394 480 vandi
1418 455 1541 488 causa,
1566 445 1660 490 quod
1685 446 1788 482 nobis
1813 449 1940 485 absens
1961 449 2076 494 debet,
2102 451 2205 486 etita
2224 457 2372 497 accepto

1288 491 1492 534 liberamus,
1517 500 1540 525 a
1563 501 1633 535 quo
1657 491 1819 535 stipulati
1842 504 1980 529 sumus:
2012 496 2061 529 ita
2084 495 2155 538 fiet,
2181 502 2221 531 ut
2244 498 2373 532 absens

1294 539 1328 570 ll
1379 536 1580 577 novatione,
1602 546 1773 581 praesens
1795 539 2066 583 acceptilatione
2086 541 2266 577 liberetur.
2302 543 2372 577 He-

1287 591 1345 616 res
1400 592 1519 626 uoque
1541 586 1586 633 'et
1614 581 1769 617 liberare
1800 586 1837 617 et
1859 584 2001 618 liberari
2026 591 2172 630 accepto
2198 592 2316 639 potest
2339 592 2374 622 et

1291 630 1331 661 12
1406 627 1563 662 onorarii
1595 637 1833 663 successores.
1882 628 1938 662 Ex
1970 631 2130 674 pluribus
2160 643 2229 668 reis
2261 634 2373 678 stipu-

1288 671 1472 752 landilffdsi
1503 683 1596 707 unus
1622 676 1810 718 acceptum
1833 673 1976 717 fecerit,
2010 676 2171 712 liberatio
2203 678 2375 722 contingit

1287 728 1326 752 111
1350 727 1390 752 so
1404 728 1417 752 1
1443 728 1514 752 um.

1339 761 1390 799 14
1423 762 1582 798 PAULUS
1619 763 1709 799 libro
1741 763 1951 799 duodecimo
1984 765 2033 798 ad
2064 765 2235 801 Sabinum
2297 767 2375 802 Nisi

1289 808 1492 844 consentiat
1524 809 1749 854 acceptilatio
1782 820 1865 844 cum
1897 809 2113 854 obligatione
2149 815 2185 846 et
2217 812 2285 847 nisi
2315 823 2373 848 ve-

1288 864 1369 888 rum
1392 857 1463 896 est,
1497 854 1594 898 quod
1621 854 1659 889 in
1691 854 1965 899 acceptilatione
1998 855 2277 900 demonstratur,
2309 858 2373 893 im-

1288 898 1451 944 perfecta
1483 903 1538 934 est
1565 899 1748 944 liberatio,
1781 900 1865 944 quia
1896 900 2012 935 verbis
2039 902 2147 935 verba
2170 912 2213 937 ea
2237 902 2374 937 demum

1290 944 1422 979 resolvi
1444 949 1609 990 possunt,
1636 956 1727 990 quae
1750 945 1843 981 inter
1867 956 1906 980 se
1931 950 2139 990 congruunt.

1339 988 1388 1027 15
1407 989 1636 1026 POMPONIUS
1653 991 1744 1026 libro
1761 992 1952 1026 vicensimo
1970 992 2120 1036 septimo
2138 992 2188 1027 ad
2202 991 2372 1028 Sabinum

1290 1034 1328 1070 Si
1350 1035 1381 1070 is
1406 1035 1467 1080 qui
1491 1035 1652 1070 Stichum
1676 1036 1838 1080 promisit
1861 1037 1913 1070 ita
1935 1036 2146 1081 interroget:
2176 1038 2283 1082 ‘quod
2307 1039 2375 1073 Sti—

1291 1081 1410 1115 ‘chum
1433 1081 1599 1126 promisi,
1631 1081 1793 1117 Stichum
1822 1085 1858 1117 et
1883 1081 2108 1126 Pamphilum
2136 1082 2292 1118 habesne
2317 1095 2374 1119 ac-

1290 1127 1425 1171 ‘ceptos
1435 1127 1474 1170 ?’‚
1513 1131 1600 1171 puto
1632 1131 1731 1162 recte
1763 1131 1913 1171 accepto
1944 1127 2057 1162 latum
2089 1131 2125 1162 et
2155 1138 2221 1172 pro
2252 1139 2375 1173 super-

1289 1181 1402 1207 vacuo
1418 1173 1445 1192 ¹⁰
1468 1172 1646 1216 Pamphili
1669 1172 1885 1208 mentionem
1908 1172 2051 1215 factam,
2082 1173 2377 1217 quemadmodum

1291 1217 2145 1299 ‘⁸312{quuiro‘ffiisimvipissffiiissbsstssnemffmiaei}
2179 1219 2284 1299 ‘35³⁰‘1
2313 1220 2378 1299 ΞΜ

1294 1319 1369 1343 66111
1392 1275 1534 1343 1101111116
1558 1291 1625 1344 erit
1648 1274 1831 1344 ligberatus.
1984 1275 2002 1299 c
2026 1275 2068 1308 ep
2149 1292 2157 1307 ³
2223 1275 2293 1299 lam
2341 1275 2360 1300 e

1340 1351 1390 1390 16
1423 1353 1619 1389 ULPIANUS
1644 1354 1735 1390 libro
1753 1355 1909 1400 ,septimo
1934 1354 2218 1400 disputationum
2270 1354 2305 1389 Si
2335 1366 2379 1390 ex

1315 1399 1452 1434 Iuribus
1478 1399 1644 1444 obligatis
1668 1401 1731 1435 uni
1755 1403 1905 1444 accepto
1930 1399 2086 1443 feratur,
2119 1410 2191 1435 non
2220 1399 2297 1445 ipse
2322 1411 2377 1435 so-

1304 1455 1346 1479 us
1370 1444 1564 1487 liberatur,
1589 1445 1652 1480 sed
1675 1449 1712 1481 et
1734 1445 1790 1487 hi,
1816 1445 1877 1490 qui
1901 1455 2021 1480 secum
2046 1445 2266 1489 obligantur:
2297 1456 2380 1481 nam

1291 1501 1372 1525 cum
1414 1500 1461 1525 ex
1504 1490 1645 1526 duobus
1683 1491 1916 1536 pluribusque
1956 1490 2113 1526 eiusdem
2154 1490 2379 1536 obligationis

1290 1535 1525 1580 participibus
1548 1536 1613 1571 uni
1636 1540 1786 1581 accepto
1810 1536 1942 1578 fertur,
1977 1536 2086 1571 ceteri
2118 1546 2260 1581 quoque
2291 1536 2378 1571 libe-

1291 1584 1435 1625 rantur,
1468 1592 1541 1616 11011
1572 1582 1741 1627 quoniam
1770 1582 1858 1627 ipsis
1890 1586 2039 1626 accepto
2071 1582 2185 1616 latum
2215 1587 2284 1624 est,
2317 1582 2379 1617 sed

1293 1626 1460 1671 quoniam
1484 1627 1580 1662 velut
1604 1627 1750 1663 solvisse
1773 1627 1914 1663 videtur
1937 1627 1985 1671 is,
2019 1627 2080 1672 qui
2109 1627 2379 1672 acceptilatione

1295 1676 1308 1706 1
1361 1672 1499 1708 solutus
1525 1675 1589 1708 est.
1633 1673 1670 1708 Si
1694 1672 1842 1708 iudicati
1864 1672 2054 1708 fideiussor
2078 1673 2124 1707 sit
2149 1672 2254 1708 datus
2269 1674 2293 1693 ¹¹
2319 1683 2378 1708 ac-

1292 1721 1418 1797 ceptus
1449 1717 1552 1763 eique
1583 1722 1734 1764 accepto
1764 1719 1877 1754 latum
1901 1718 1963 1761 sit,
1996 1718 2208 1753 liberabitur
2231 1722 2267 1754 et
2289 1717 2379 1753 iudi-

1294 1773 1336 1798 ca
1352 1773 1406 1798 us.

1341 1806 1391 1845 17
1412 1808 1607 1844 IULIANUS
1624 1809 1714 1845 libro
1733 1809 2058 1855 quz'nquaqensimo
2075 1812 2207 1853 quarto
2228 1808 2380 1854 diqesto-

1290 1865 1371 1889 rum
1420 1854 1488 1898 Qui
1507 1854 1685 1889 hominem
1705 1858 1768 1890 aut
1788 1854 1910 1889 decem
1931 1853 2123 1898 stipulatus
2142 1857 2207 1898 est,
2229 1853 2260 1888 si
2279 1854 2380 1898 quin-

1293 1909 1360 1943 que
1385 1903 1533 1944 accepto
1557 1899 1701 1943 fecerit,
1733 1903 1873 1944 partem
1904 1898 2146 1944 stipulationis
2172 1900 2323 1944 peremit
2346 1903 2382 1935 et

1291 1948 1412 1990 petere
1437 1945 1592 1990 quinque
1617 1949 1681 1980 aut
1703 1949 1842 1990 partem
1866 1945 2019 1980 hominis
2046 1948 2176 1990 potest.

1341 1987 1391 2028 18
1406 1991 1434 2012 ²²
1457 1990 1736 2026 FLORENTJNUS
1758 1991 1848 2026 libro
1873 1995 1999 2026 octavo
2024 1991 2286 2026 institutionum
2332 1990 2382 2025 Et

1291 2046 1362 2072 uno
1389 2047 1433 2071 ex
1446 2036 1473 2057 ¹³
1496 2037 1660 2081 pluribus
1687 2036 1932 2072 contractibus
1955 2035 2012 2071 vel
2035 2037 2142 2071 certis
2162 2036 2218 2071 vel
2235 2036 2381 2072 incertis

1289 2082 1356 2126 vel,
1382 2081 1594 2126 quibusdam
1613 2082 1784 2127 exceptis,
1810 2082 1938 2117 ceteris
1951 2081 1980 2102 ²⁴
2000 2085 2036 2116 et
2052 2081 2217 2116 omnibus
2234 2091 2279 2117 ex
2297 2092 2380 2116 cau-

1293 2131 1307 2161 1
1359 2128 1408 2163 sis
1432 2138 1505 2162 una
1529 2128 1756 2172 acceptilatio
1782 2131 1818 2162 et
1840 2126 2005 2162 liberatio
2026 2126 2104 2162 fieri
2122 2129 2253 2171 potest.
2291 2127 2380 2163 Eius

1290 2173 1342 2208 rei
1375 2172 1578 2217 stipulatio,
1620 2183 1726 2217 quam
1759 2173 1921 2218 acceptio
1935 2174 1963 2194 ¹⁵
1994 2176 2185 2217 sequatur,
2224 2182 2246 2207 a
2277 2172 2379 2208 Gallo

1290 2218 1431 2263 Aquilio
1456 2219 1537 2254 talis
1563 2219 1725 2263 exposita
1750 2222 1822 2254 est:
1850 2217 2042 2262 ‘Quidquid
2065 2222 2101 2253 te
2123 2217 2210 2252 mihi
2228 2228 2273 2253 ex
2293 2228 2379 2263 qua-

1291 2267 1452 2309 ‘cumque
1484 2274 1596 2299 causa
1628 2264 1713 2299 dare
1745 2263 1866 2299 facere
1896 2266 2039 2309 oportet
2068 2263 2248 2308 oportebit
2277 2274 2380 2309 prae-

1290 2313 1384 2345 ‘sens
1407 2310 1445 2344 in
1469 2309 1615 2352 diemve,
1641 2320 1863 2354 quarumque
1886 2319 2006 2344 rerum
2029 2309 2117 2343 mihi
2140 2313 2257 2344 tecum
2287 2309 2379 2344 actio

1291 2357 1463 2400 ‘quaeque
1496 2355 1666 2390 adversus
1696 2359 1734 2391 te
1748 2357 1775 2376 ’ὃ
1805 2354 1930 2400 petitio
1961 2354 2017 2389 vel
2048 2354 2217 2389 adversus
2240 2358 2276 2389 te
2299 2365 2379 2399 per—

1290 2401 1436 2436 ‘secutio
1470 2404 1524 2435 est
1556 2401 1684 2443 eritve,
1718 2400 1857 2446 quodve
1869 2401 1896 2421 ¹⁷
1930 2404 1971 2434 tu
2001 2410 2119 2435 meum
2144 2399 2256 2435 habes
2280 2404 2380 2435 tenes

1290 2446 1524 2491 ‘possidesffiz
1565 2446 1691 2499 quanti
1721 2456 1883 2491 quaeque
1913 2456 2037 2480 earum
2066 2455 2186 2480 rerum
2214 2455 2270 2480 res
2304 2445 2379 2487 erit,

1289 2495 1437 2526 ‘tantam
1460 2502 1649 2536 pecuniam
1673 2492 1751 2527 dari
1775 2491 1972 2536 stipulatus
2003 2494 2057 2526 est
2079 2491 2194 2526 Aulus
2219 2491 2379 2535 Agerius,

1290 2541 1318 2573 ‘s
1347 2537 1495 2582 opondit
1529 2537 1720 2572 Numerius
1755 2536 1952 2581 Negidius'.
2012 2535 2158 2582 ¹⁹‘quod
2188 2535 2379 2571 Numerius

1290 2586 1298 2601 ‘
1338 2582 1473 2628 egidius
1497 2582 1592 2618 Aulo
1617 2583 1748 2627 Agerio
1772 2583 1937 2628 promisit
1961 2581 2173 2628 spopondit,
2204 2581 2242 2615 id
2267 2581 2376 2616 habe-

1290 2631 1403 2663 ‘retne
1439 2639 1462 2664 a
1499 2639 1539 2664 se
1576 2632 1782 2674 acceptum,
1822 2627 2016 2663 Numerius
2046 2626 2218 2671 Negidius
2247 2627 2379 2661 Aulum

1291 2674 1471 2718 ‘Agerium
1503 2674 1658 2719 rogavit,
1699 2674 1813 2709 Aulus
1846 2673 1996 2718 Agerius
2029 2672 2199 2708 Numerio
2230 2671 2379 2716 Negidio

1291 2723 1492 2765 ‘acceptum
1515 2719 1623 2755 fecit'.

1339 2763 1390 2802 19
1417 2765 1613 2801 ULPIANUS
1629 2765 1720 2801 libro
1739 2764 1897 2800 secundo
1918 2764 2129 2811 reqularum
2173 2763 2211 2797 Si
2230 2766 2379 2807 accepto

1289 2810 1402 2845 latum
1427 2810 1537 2846 fuerit
1560 2811 1602 2853 ei,
1627 2811 1689 2855 qui
1712 2821 1785 2845 non
1809 2809 1937 2852 verbis,
1963 2809 2026 2845 sed
2048 2819 2088 2844 re
2112 2808 2289 2853 obligatus
2314 2811 2377 2849 est,

1289 2867 1363 2892 non
1399 2856 1574 2892 liberatur
1583 2857 1614 2877 ²⁰
1653 2855 1814 2901 quidem,
1853 2855 1917 2890 sed
1951 2854 2159 2900 exceptione
2191 2853 2264 2889 doli
2295 2852 2379 2888 mali

1293 2906 1306 2936 1
1358 2901 1413 2937 vel
1443 2901 1542 2946 pacti
1575 2901 1739 2936 conventi
1768 2911 1807 2936 se
1835 2901 1929 2936 tueri
1953 2902 2083 2945 potest.
2130 2899 2228 2934 Inter
2250 2908 2378 2942 accep-

1290 2946 1488 2982 tilationem
1512 2951 1548 2982 et
1572 2947 1750 2991 apocham
1773 2946 1843 2981 hoc
1866 2946 2030 2988 interest,
2062 2945 2156 2990 quod
2186 2942 2376 2987 acceptila-

1289 2993 1387 3027 tione
1421 2993 1518 3028 omni
1548 2991 1654 3028 modo
1682 2991 1848 3027 liberatio
1880 2991 2070 3036 contingit,
2108 2990 2192 3024 licet
2226 2987 2378 3032 pecunia

1290 3037 1410 3117 soluta
1433 3048 1507 3073 non
1531 3037 1593 3080 sit,
1626 3037 1767 3082 apocha
1799 3048 1870 3072 non
1903 3036 2008 3078 alias,
2042 3045 2146 3081 quam
2171 3034 2202 3068 si
2224 3033 2378 3078 pecunia

1289 3094 1330 3119 so
1346 3086 1409 3118 uta
1433 3083 1490 3118 sit.

1336 3125 1389 3165 20
1414 3128 1523 3163 IDEM
1548 3127 1639 3163 libro
1663 3128 1954 3173 septuayensimo
1977 3137 2015 3161 se
2044 3126 2127 3160 timo
2152 3123 2201 3158 ad
2223 3123 2376 3158 edictum

1291 3173 1329 3208 Si
1359 3177 1510 3218 accepto
1541 3172 1651 3208 fuerit
1678 3172 1754 3207 lata
1784 3173 1829 3208 ob
1862 3183 1937 3208 rem
1972 3171 2009 3206 iu
2034 3170 2164 3204 icatam
2203 3167 2376 3220 clausula,

1289 3218 1483 3254 Marcellus
1517 3218 1569 3253 ait
1600 3221 1737 3254 ceteras
1762 3222 1884 3263 partes
1908 3214 2146 3261 stipulationis
2169 3223 2374 3248 evanuisse:

1289 3268 1437 3316 propter
1459 3264 1530 3344 1126
1554 3263 1647 3299 enim
1668 3267 1810 3299 tantum
1831 3263 2116 3306 interponuntur,
2141 3262 2182 3293 ut
2204 3268 2262 3294 res
2284 3257 2375 3294 iudi-

1291 3320 1366 3344 car1
1415 3319 1488 3344 ossi
1506 3336 1515 3344 .

1336 3321 1652 3391 21PVENULE1US
1680 3354 1771 3390 libro
1801 3353 1986 3387 undecimo
2019 3348 2292 3395 stipulationum
2339 3347 2377 3383 Si

1290 3400 1357 3435 sub
1391 3399 1599 3435 condicione
1629 3399 1784 3444 legatum
1817 3397 1903 3432 mihi
1934 3396 2055 3430 datum
2084 3393 2237 3444 novandi
2266 3403 2377 3428 causa

1289 3445 1483 3490 stipulatus
1515 3455 1594 3480 sum
1626 3448 1662 3480 et
1693 3450 1776 3479 ante
1808 3442 2018 3478 existentem
2048 3439 2291 3474 condicionem
2314 3448 2374 3474 ac-

1290 3559 1407 3592 ceteris
1417 3571 1479 3592 scr.
1579 3559 1639 3599 (15)
1664 3556 1874 3599 acceptilatio
1887 3554 1917 3587 S
2013 3554 2072 3594 (16)
2097 3552 2250 3584 adversus
2262 3551 2306 3594 te]
2319 3552 2376 3584 abs

1291 3607 1323 3636 te
1343 3604 1424 3637 Inst.
1528 3605 1588 3646 (17)
1612 3603 1767 3645 quodque
1788 3601 1867 3633 Inst.
1973 3600 2031 3638 (18.)
2056 3598 2279 3640 possideresve
2300 3599 2375 3639 (scr.

1289 3649 1530 3692 possederasve)
1550 3649 1668 3682 dolove
1687 3646 1774 3679 malo
1793 3644 1900 3678 fecisti
1918 3654 1985 3686 quo
2002 3643 2113 3675 minus
2129 3641 2294 3685 possideas
2314 3643 2373 3674 ins.

1291 3694 1371 3727 [πει.
1462 3698 1521 3731 (lv)
1547 3693 1665 3726 deinde
1677 3692 1724 3723 sic
1736 3692 1871 3722 cavetur
1882 3689 2041 3722 similimm
2053 3689 2113 3721 ins.
2204 3689 2267 3726 (20)
2292 3686 2373 3720 libe—

1291 3739 1422 3773 rabitur
1438 3739 1492 3771 1ΡΞ
