2528 3918
136 138 191 168 ΕΤ
219 134 590 167 LIBERA'I'IONIBUS

136 250 154 282 2
202 246 329 289 Soror,
360 246 417 281 cui
446 246 603 298 legatum
635 245 681 280 ab
713 243 844 280 herede
867 244 980 279 fratre
1010 243 1219 287 debebatur,

161 295 217 328 ost
238 295 370 326 motam
395 291 502 336 legati
525 290 769 336 quaestionem
791 289 981 334 transegit,
1014 293 1055 325 ιιι
1078 289 1220 325 nomine

135 304 303 374 debitoris
352 339 520 372 contenta
561 336 717 381 legatum
754 345 827 370 non
862 338 1010 380 peteret.
1072 334 1219 380 placuit,

135 382 292 428 quamvis
317 382 418 417 nulla
441 381 625 426 delegatio
647 379 745 415 facta
767 390 882 425 neque
905 380 1068 416 liberatio
1093 383 1220 415 secuta

134 431 244 470 esset,
283 432 402 463 tamen
432 426 584 462 nominis
623 425 821 471 periculum
852 425 899 460 ad
929 435 1009 461 eam
1041 425 1220 470 pertinere

134 474 263 518 itaque,
289 473 320 508 si
343 473 498 517 legatum
523 474 649 507 contra
671 471 843 523 placitum
866 474 1015 515 peteret,
1040 470 1220 515 exceptio-

134 522 153 553 3
201 528 282 553 nem
319 517 419 563 pacti
454 527 527 553 non
563 516 737 552 inutiliter
768 516 911 561 opponi.
968 515 1058 551 Cum
1096 514 1221 551 eodem

134 568 292 616 tempore
337 563 488 608 pignora
531 561 672 597 duobus
717 561 961 597 contractibus
1006 560 1220 605 obligantur,

132 613 286 654 pretium
324 618 447 644 eorum
484 618 550 652 pro
582 607 688 642 modo
717 606 894 652 pecuniae
926 606 1098 651 cuiusque
1135 616 1220 641 con-

132 658 271 690 tractus
297 653 452 689 creditor
476 656 625 698 accepto
646 652 766 687 facere
790 651 897 687 debet
920 662 986 687 nec
1009 651 1047 686 in
1070 650 1219 686 arbitrio

134 701 208 735 eius
233 699 359 735 electio
383 699 467 742 erit,
500 708 582 734 cum
605 698 746 733 debitor
775 698 928 743 pretium
952 696 1110 742 pignoris
1135 706 1220 731 con-

133 744 282 781 sortioni
305 744 513 780 subiecerit:
547 743 644 789 quod
675 743 706 778 si
728 743 949 787 temporibus
973 741 1137 777 discretis
1161 751 1221 777 su-

132 789 307 836 perfluum
338 790 528 835 pignorum
552 788 703 834 obligari
731 787 870 834 placuit
883 789 904 830 ¹,
962 787 1037 822 rius
1062 786 1222 822 debitum

83 870 87 873 ,
132 835 246 881 pretio
281 835 470 880 pignorum
500 834 576 870 iure
608 834 783 877 solvetur,
819 843 931 868 secun
957 843 1017 867 um
1040 831 1221 877 superfluo

134 886 151 915 4
201 880 502 926 compensabitur.
552 879 640 915 Cum
662 879 848 914 institutus
873 877 1103 921 deliberaret,
1135 877 1220 913 sub-

133 926 257 962 stituto
281 926 435 971 pecunia
492 936 530 961 er
554 934 710 961 errorem
742 924 861 960 soluta
883 926 956 959 est:
983 922 1030 958 ad
1053 933 1134 958 eum
1158 923 1221 958 he-

131 971 282 1007 reditate
305 975 432 1017 postea
482 970 623 1006 evoluta
646 979 757 1005 causa
780 968 1042 1005 condictionis²
1073 978 1220 1004 evanes-

133 1017 197 1052 cit:
223 1026 315 1060 quae
338 1017 430 1052 ratio
454 1016 562 1059 facit,
587 1019 628 1050 ut
652 1014 822 1059 obligatio
848 1013 959 1049 debiti
982 1013 1153 1050 solvatur.

178 1060 229 1099 97
267 1061 374 1098 IDEM
414 1062 505 1098 libro
541 1060 700 1096 seeundo
738 1059 988 1105 definitionum
1050 1058 1140 1094 Cum
1178 1069 1223 1094 ex

133 1108 296 1155 pluribus
329 1107 446 1143 causis
478 1106 619 1142 debitor
649 1105 839 1151 pecuniam
870 1104 993 1148 solvit,
1034 1104 1222 1149 utriusque

134 1153 436 1189 demonstratione
460 1155 622 1187 cessante
651 1151 772 1203 potior
794 1150 986 1186 habebitur
1010 1160 1121 1186 causa
1144 1150 1221 1186 eius

130 1198 314 1244 pecuniae,
340 1207 431 1243 quae
455 1197 522 1233 sub
546 1196 693 1232 infamia
717 1196 882 1232 debetur:
907 1206 992 1231 mox
1015 1195 1103 1238 eius,
1129 1205 1221 1240 quae

130 1254 283 1289 poenam
323 1244 500 1279 continet:
546 1243 653 1278 tertio
692 1252 785 1286 quae
819 1242 886 1277 sub
925 1241 1129 1287 hypotheca
1166 1241 1223 1276 vel

157 1290 165 1297 '
191 1299 277 1325 nore
301 1292 489 1325 contracta
512 1292 582 1324 est:
635 1290 692 1324 ost
713 1288 810 1322 hunc
831 1287 989 1323 ordinem
1012 1286 1133 1332 potior
1155 1286 1221 1322 ha-

130 1301 175 1370 {e
201 1335 273 1370 itur
290 1334 437 1380 propria
457 1344 564 1379 quam
621 1333 700 1368 'ena
718 1343 839 1375 causa,
860 1333 970 1368 veluti
987 1331 1220 1368 fideiussoris.

131 1380 228 1426 quod
250 1383 386 1416 veteres
408 1379 490 1415 ideo
515 1379 747 1421 definierunt,
781 1378 878 1423 quod
907 1377 1095 1414 verisimile
1124 1377 1221 1413 vide-

131 1429 229 1461 retur
253 1425 454 1470 diligentem
487 1424 684 1460 debitorem
714 1424 937 1459 admonitum
967 1423 1020 1458 ita
1041 1423 1222 1469 negotium

131 1482 235 1506 suum
265 1471 472 1516 gesturum³
503 1470 627 1506 fuisse.
677 1470 708 1506 si
738 1469 827 1504 nihil
850 1480 973 1505 eorum
995 1468 1221 1510 interveniat,

130 1516 302 1552 vetustior
326 1519 532 1552 contractus
556 1519 640 1551 ante
664 1516 831 1551 solvetur.
879 1515 910 1550 si
932 1514 1048 1550 maior
1070 1514 1222 1560 pecunia

130 1565 318 1598 numerata
342 1562 399 1605 sit,
424 1571 532 1606 quam
552 1561 643 1596 ratio
667 1560 887 1606 singulorum
910 1560 1085 1605 exposcit,
1110 1559 1220 1595 nihilo

130 1608 247 1643 minus
270 1607 384 1653 primo
407 1609 595 1643 contractu
616 1607 744 1650 soluto,
770 1606 831 1651 qui
853 1606 972 1652 potior
992 1605 1069 1648 erit,
1095 1615 1220 1650 super·

130 1653 243 1688 fluum
280 1652 396 1688 ordini
434 1652 593 1688 secundo
631 1651 686 1687 vel
717 1652 754 1687 in
785 1655 902 1687 totum
932 1651 988 1686 vel
1018 1661 1085 1697 pro
1117 1654 1222 1696 parte

130 1698 321 1734 minuendo
345 1698 523 1733 videbitur
546 1697 680 1733 datum.

178 1741 257 1781 98⁴
295 1742 456 1779 Pieros
495 1743 586 1779 libro
626 1743 753 1789 quinto
793 1741 930 1778 decimo
971 1742 1221 1788 quaestionum

131 1790 200 1834 Qui
223 1800 282 1825 res
306 1799 392 1824 suas
416 1788 604 1833 obligavit,
628 1791 757 1833 postea
780 1787 937 1832 aliquam
959 1787 1221 1832 possessionem

130 1846 175 1871 ex
198 1835 254 1870 his
282 1845 348 1880 pro
379 1834 454 1869 filia
479 1844 545 1870 sua
576 1833 696 1869 dotem
727 1831 968 1879 promittendo
993 1831 1164 1877 obligavit
1186 1836 1222 1867 et

130 1880 244 1916 solvit.
277 1880 309 1915 si
333 1890 375 1915 ea
398 1890 456 1916 res
479 1889 502 1914 a
527 1879 704 1915 creditore
729 1878 844 1914 evicta
867 1882 932 1922 est,
958 1877 1149 1913 dicendum
1167 1881 1222 1914 est

129 1926 296 1961 maritum
320 1935 364 1960 ex
384 1924 477 1960 dotis
501 1924 739 1971 promissione
759 1934 864 1968 agere
887 1933 1006 1969 posse,
1031 1933 1075 1959 ac
1094 1923 1126 1959 si
1148 1926 1221 1959 sta-

129 1971 322 2006 tuliber-um
352 1981 470 2006 remve
501 1970 569 2006 sub
600 1969 809 2006 condicione
846 1969 1001 2014 legatam
1032 1968 1126 2004 dotis
1157 1979 1222 2004 no-

129 2017 224 2052 mine
254 2027 320 2062 pro
352 2015 427 2051 filia
457 2019 562 2061 pater
599 2015 781 2051 solvisset:
819 2014 948 2049 harum
978 2014 1071 2050 enim
1102 2024 1221 2049 rerum

130 2062 261 2098 solutio
293 2072 367 2097 non
396 2065 516 2107 potest
546 2061 617 2096 nisi
648 2071 692 2096 ex
722 2064 851 2096 eventu
879 2060 1051 2102 liberare,
1085 2059 1224 2095 scilicet

134 2112 150 2142 l
198 2117 268 2152 quo
302 2118 389 2143 casu
421 2110 559 2142 certum
593 2106 661 2141 erit
690 2115 875 2141 remanere
907 2115 978 2141 eas.
1032 2105 1223 2141 Diversum

129 2152 368 2198 respondetur
395 2152 434 2187 in
463 2162 506 2188 ea
535 2152 690 2199 pecunia
722 2152 794 2187 sive
823 2161 879 2195 re,
910 2161 1016 2195 quam
1046 2154 1222 2196 patronus

130 2202 213 2245 post
232 2202 383 2234 mortem
405 2198 524 2234 liberti
546 2208 613 2243 per
632 2197 831 2233 Fabianam
854 2195 991 2232 aufert:
1016 2196 1108 2232 haec
1127 2196 1222 2232 enim

131 2244 225 2280 actio
252 2254 333 2279 cum
357 2243 403 2279 sit
426 2253 536 2286 nova,
570 2246 712 2288 partam
735 2242 982 2278 liberationem
1006 2252 1079 2277 non
1102 2245 1223 2288 potest

131 2293 151 2325 2
198 2299 378 2325 revocare.
427 2288 520 2324 Huic
553 2288 756 2333 applicatur
779 2288 895 2323 minor
918 2287 1041 2332 viginti
1065 2288 1222 2333 quinque

132 2335 245 2379 annis,
271 2335 332 2379 qui
355 2344 378 2370 a
397 2333 573 2369 creditore
593 2333 884 2378 circumscriptus
902 2333 940 2368 in
957 2343 1033 2368 rem
1053 2343 1098 2368 ex
1111 2342 1223 2368 causa

132 2384 151 2416 3
199 2379 311 2416 debiti
334 2379 489 2415 solutam
511 2379 722 2414 restituitur.
769 2378 860 2414 Rem
884 2382 1004 2414 autem
1029 2378 1222 2414 castrensis

130 2425 261 2471 peculii
283 2425 479 2461 solventem
501 2428 640 2477 patrem
670 2424 820 2470 perinde
852 2423 1017 2469 accipere
1041 2423 1220 2467 debemus,

131 2482 174 2507 ac
198 2471 228 2507 si
252 2470 406 2507 alienam
429 2470 601 2513 dedisset,
627 2470 785 2515 quamvis
809 2470 924 2515 possit
946 2468 1102 2505 residere
1126 2469 1223 2515 apud

132 2527 221 2559 eum,
247 2517 306 2552 cui
329 2516 448 2552 soluta
472 2520 536 2559 est,
561 2516 662 2562 prius
684 2519 825 2551 mortuo
850 2515 1020 2551 intestato
1044 2514 1134 2550 filio:
1160 2515 1223 2551 sed

130 2567 219 2598 tunc
250 2560 429 2607 adquisita
461 2561 636 2604 creditur,
678 2571 759 2596 cum
789 2560 884 2596 filius
916 2560 1127 2596 decesserit:
1165 2562 1222 2597 et⁵

132 2608 184 2643 uti
209 2618 253 2643 ue
277 2607 378 2643 cuius
410 2607 537 2650 fuerit,
571 2610 718 2642 eventus
751 2606 910 2642 declaret
941 2606 1058 2651 sitque
1088 2609 1124 2642 et
1153 2606 1223 2641 hoc

131 2663 175 2688 ex
223 2653 271 2697 is,
305 2662 396 2697 quae
420 2656 504 2697 post
527 2652 644 2695 factis,
676 2652 714 2686 in
737 2651 970 2697 praeteritum
994 2651 1080 2697 quid
1102 2651 1221 2694 fuerit,

133 2702 153 2733 4
201 2698 384 2733 declarent
393 2698 418 2733 ⁶.
466 2697 558 2732 Mihi
581 2696 667 2733 dare
691 2697 813 2732 decem
837 2707 927 2742 pure
950 2700 1014 2732 aut
1037 2696 1131 2732 Titio
1155 2697 1222 2732 ka-

131 2743 245 2779 lendis
265 2742 321 2778 vel
339 2743 407 2778 sub
426 2742 646 2785 condicione,
667 2747 731 2778 aut
748 2742 836 2777 mihi
853 2741 1015 2777 kalendis
1033 2742 1220 2786 Ianuariis,

133 2788 229 2824 Titio
253 2787 463 2823 Februariis
494 2787 629 2823 utiliter
659 2788 827 2834 stipulor:
865 2787 961 2831 quod
985 2788 1015 2823 si
1047 2787 1133 2823 mihi
1155 2788 1221 2823 ka-

131 2833 246 2870 lendis
279 2833 505 2877 Februariis,
545 2833 639 2869 Titio
677 2833 839 2869 kalendis
868 2832 1063 2877 Ianuariis,
1103 2835 1223 2878 potest

132 2879 302 2915 dubitari.
338 2878 402 2914 sed
424 2878 557 2914 rectius
582 2878 713 2914 dicitur
734 2878 869 2914 utiliter
890 2878 1114 2924 stipulatum:
1139 2888 1222 2913 nam

133 2935 214 2960 cum
248 2924 286 2960 in
318 2923 412 2959 diem
442 2924 489 2960 sit
517 2934 561 2959 ea
592 2934 735 2969 quoque
767 2923 957 2968 obligatio,
996 2923 1104 2959 etiam
1136 2924 1223 2959 mihi

133 2970 222 3006 solvi
252 2973 372 3015 potest
395 2972 478 3004 ante
501 2969 736 3005 Februarias:
770 2969 877 3014 igitur
900 2973 937 3005 et
967 2969 1019 3004 illi
1043 2969 1132 3005 solvi
1156 2979 1220 3015 po-

134 3020 152 3050 5
200 3016 294 3051 terit.
332 3014 423 3059 Qui⁷
447 3014 642 3060 stipulatus
667 3015 747 3051 ‘sibi
768 3019 833 3050 aut
856 3015 962 3051 Titio’
987 3015 1019 3050 si
1041 3015 1110 3050 hoc
1135 3014 1223 3050 dicit

134 3061 176 3096 ‘si
193 3060 287 3096 Titio
305 3070 379 3096 non
398 3060 556 3096 solveris’
577 3059 654 3095 dari
671 3060 751 3104 sibi,
771 3060 910 3096 videtur
928 3060 1222 3096 condicionaliter

132 3106 307 3151 stipulari.
356 3109 393 3141 et
414 3105 496 3141 ideo
521 3105 628 3141 etiam
651 3105 703 3140 sic
726 3105 823 3141 facta
853 3105 1098 3151 stipulatione:
1126 3105 1222 3140 ‘mihi

133 3151 266 3187 ‘decem
289 3153 354 3186 aut
376 3151 530 3196 quinque
548 3150 644 3186 Titio
668 3150 780 3186 dari‘e’
805 3151 889 3196 quin
914 3161 960 3187 ue
981 3150 1076 3186 Titio
1095 3151 1220 3187 solutis

133 3196 343 3232 liberabitur
374 3207 457 3232 reus
489 3207 510 3231 a
542 3195 766 3241 stipulatore.
814 3207 883 3241 quo
932 3197 984 3232 ita
1007 3199 1126 3242 potest
1157 3195 1219 3231 ad-

131 3242 243 3284 mitti,
280 3241 311 3277 si
340 3242 410 3277 hoc
441 3242 557 3294 ipsum
595 3241 790 3287 expressim
820 3242 1011 3287 agebatur,
1047 3245 1088 3276 ut
1118 3241 1222 3286 quasi

133 3297 251 3333 poena
273 3287 413 3323 adiecta
436 3291 483 3322 sit
504 3286 544 3322 in
566 3297 722 3332 persona
745 3286 961 3338 stipulantis,
986 3287 1017 3323 si
1040 3287 1135 3322 Titio
1162 3297 1219 3322 so-

133 3334 247 3368 lutum
275 3343 348 3368 non
377 3335 482 3368 esset.
530 3335 569 3367 at
597 3331 660 3367 ubi
691 3331 900 3378 simpliciter
923 3332 1003 3368 ‘sibi
1026 3335 1089 3368 aut
1113 3331 1220 3368 Titio’

133 3378 343 3423 stipulatur,
376 3377 564 3413 solutionis
592 3381 734 3412 tantum
758 3387 868 3413 causa
891 3377 1081 3413 adhibetur
1104 3377 1220 3413 Titius

133 3427 170 3458 et
191 3423 272 3458 ideo
321 3422 452 3468 uinque
475 3422 507 3458 ei
541 3421 668 3459 solutis
700 3423 934 3458 remanebunt
955 3423 1021 3458 reli
1045 3433 1093 3458 ua
1116 3422 1220 3468 quin-

134 3478 202 3512 que
220 3468 258 3503 in
278 3478 299 3504 o
325 3467 504 3512 ligatione.
537 3471 664 3503 contra
683 3467 715 3503 si
733 3467 820 3503 mihi
838 3467 1002 3513 quinque,
1054 3468 1080 3503 li
1099 3468 1221 3503 decem

134 3513 327 3559 stipulatus
351 3513 435 3555 sim,
469 3513 625 3559 quinque
648 3513 745 3549 Titio
776 3512 902 3548 solutis
925 3524 998 3548 non
1020 3513 1110 3549 facit
1134 3523 1218 3548 con-

134 3558 251 3604 ceptio
275 3557 534 3604 stipulationis,
564 3562 606 3594 ut
629 3569 652 3594 a
675 3569 731 3594 me
754 3558 940 3594 liberetur:
971 3569 1077 3604 porro
1103 3558 1134 3594 si
1158 3558 1218 3594 de-

134 3676 174 3715 (ι)
198 3672 403 3715 superfluum
413 3672 593 3715 pignorum
603 3671 746 3715 obligari
758 3671 889 3714 placuit
900 3672 962 3705 del.
1070 3674 1113 3714 (2)
1139 3683 1218 3706 oon-

134 3718 274 3751 dicionis
284 3718 323 3762 ,F
383 3717 427 3760 (3)
450 3721 618 3760 gestorum
634 3718 668 3750 F
729 3719 773 3757 (4)
798 3718 845 3750 ad
858 3722 873 3756 §
890 3724 906 3750 6
920 3718 963 3760 cf
976 3716 1022 3750 D.
1037 3719 1091 3761 46,
1105 3726 1129 3759 1,
1143 3726 1187 3759 16,
1201 3725 1217 3752 2

805 3763 851 3805 (7)
876 3762 933 3803 qui
949 3763 1009 3795 del.
1089 3765 1135 3803 (8)
1159 3763 1216 3795 sti-

136 3765 178 3804 (5)
203 3762 247 3806 et]
259 3765 300 3796 ut
309 3774 372 3796 scr.
451 3762 498 3804 (6)
523 3761 667 3794 declaret
680 3763 729 3795 F²

1210 117 1297 164 755

2092 125 2321 167 XXXXVl
2353 126 2377 166 3

1291 253 1367 279 cem
1398 242 1561 296 solverit,
1605 253 1677 294 non
1709 245 1863 290 quinque
1895 250 2051 292 repetet,
2089 246 2152 283 sed
2191 247 2277 283 mihi
2340 257 2380 283 er

1291 291 1311 323 6
1357 287 1519 324 mandati
1547 291 1726 323 actionem
1756 289 1877 325 decem
1907 291 2142 328 debebuntur.
2190 292 2281 328 Mihi
2339 303 2375 327 0-

1290 343 1368 386 mae
1403 338 1467 368 aut
1504 332 1640 385 Ephesi
1672 332 1767 369 Titio
1808 335 1884 370 dari
1919 337 2088 389 stipulor:
2124 348 2170 373 an
2209 338 2378 374 solvendo

1290 379 1385 414 Titio
1411 379 1548 424 Ephesi
1578 388 1602 413 a
1632 387 1689 412 me
1719 378 1905 424 liberetur,
1937 382 2132 418 Videamus:
2166 393 2249 418 nam
2271 384 2303 419 si
2325 382 2359 418 di
2366 402 2375 409 -

1290 434 1392 460 versa
1415 423 1514 460 facta
1537 426 1637 466 sunt,
1670 426 1712 458 ut
1734 423 1894 460 Iulianus
1918 431 2038 470 putat,
2069 428 2208 463 diversa
2230 438 2289 464 res
2312 433 2373 463 est>

1291 469 1355 505 sed
1375 480 1457 505 cuin
1479 469 1664 521 praevalet
1683 478 1794 504 causa
1812 469 1931 512 dandi,
1955 471 2144 508 liberatur:
2170 474 2380 509 liberaretur

1292 514 1384 549 enim
1408 518 1445 550 et
1468 525 1499 551 si
1522 514 1609 549 mihi
1633 513 1811 557 Stichum,
1842 515 1895 550 illi
1917 516 2141 563 Pamphilum
2164 518 2242 554 dari
2265 518 2378 564 stipu-

1290 559 1385 595 latus
1418 569 1532 595 essem
1564 563 1601 594 et
1637 558 1733 594 Titio
1765 559 1990 604 Pamphilum
2023 563 2195 599 solvisset.
2249 567 2288 599 at
2318 564 2381 602 ubi

1291 615 1427 639 merum
1456 604 1591 640 factum
1621 604 1667 640 sti
1694 604 1791 648 ulor,
1827 608 1916 651 puta
1946 606 2098 642 insulam
2127 608 2164 643 in
2193 618 2270 644 meo
2303 609 2380 645 solo

1292 649 1475 685 aedificati
1500 654 1564 685 aut
1586 650 1625 685 in
1677 649 1732 685 itii
1754 649 1847 692 loco,
1873 651 2054 696 numquid,
2079 653 2111 688 si
2134 653 2170 688 in
2189 654 2276 689 Titii
2298 654 2379 690 loco

1292 694 1476 740 aedificet,
1507 706 1580 731 non
1603 695 1787 740 contingat
1810 695 2002 732 liberatio?
2049 708 2151 733 nemo
2175 698 2267 734 enim
2292 699 2381 734 dixit

1291 740 1388 776 facto
1421 751 1487 786 pro
1513 740 1609 776 facto
1643 741 1762 777 soluto
1785 740 2034 777 liberationem
2058 743 2270 788 contingere.
2318 743 2381 780 sed

1291 787 1408 822 verius
1432 790 1487 822 est
1519 786 1767 822 liberationem
1791 786 2012 832 contingere,
2044 788 2128 833 quia
2151 799 2223 823 non
2245 788 2380 825 factum

1291 842 1357 876 pro
1394 830 1491 867 facto
1529 832 1664 867 solvere
1698 830 1856 874 videtur,
1893 832 1957 867 sed
1994 833 2120 868 electio
2156 834 2380 879 promissoris

1292 880 1310 911 7
1361 877 1571 922 completur.
1608 876 1647 912 Si
1671 886 1795 913 servus
1818 877 2039 913 fructuarius
2064 888 2109 914 ex
2132 889 2170 914 re
2194 878 2381 915 fructuarii

1293 922 1434 958 domino
1467 922 1696 967 proprietatis
1738 926 1802 957 aut
1830 922 2029 958 fructuario
2065 924 2253 968 stipuletur
2262 925 2286 967 ⁸,
2326 925 2379 960 in·

1292 967 1389 1003 utilis
1414 971 1469 1003 est
1493 967 1693 1013 stipulatio:
1727 972 1766 1003 at
1789 978 1833 1003 ex
1856 978 1895 1003 re
1918 968 2146 1014 proprietarii
2174 970 2204 1004 si
2226 969 2295 1014 ipsi
2317 969 2379 1006 do-

1291 1013 1387 1049 mino
1425 1016 1489 1049 aut
1524 1013 1724 1048 fructuario
1763 1013 1955 1059 stipuletur
1965 1014 1988 1058 ⁸,
2034 1016 2131 1049 recte
2170 1014 2379 1060 stipulatur:

1292 1062 1432 1094 tantum
1467 1058 1561 1094 enim
1599 1059 1787 1094 solutionis
1823 1069 1941 1104 capax
1972 1062 2028 1095 est
2063 1059 2283 1095 fructuarius
2313 1060 2381 1095 hoc

1294 1107 1314 1139 8
1361 1114 1465 1146 casu,
1501 1114 1575 1139 non
1611 1104 1718 1139 etiam
1754 1104 1980 1149 obligationis
1991 1105 2016 1138 ⁹.
2073 1106 2205 1140 Aream
2234 1105 2383 1150 promisi

1292 1149 1462 1185 alienam:
1495 1149 1533 1184 in
1558 1159 1600 1184 ea
1624 1149 1788 1186 dominus
1819 1150 1973 1185 insulam
1997 1150 2218 1186 aedificavit:
2250 1160 2296 1185 an
2320 1151 2381 1185 sti-

1293 1195 1430 1240 pulatio
1469 1194 1630 1230 extincta
1668 1195 1731 1238 sit,
1768 1195 1971 1240 quaesitum
2009 1199 2073 1231 est.
2129 1195 2313 1241 respondi,
2352 1196 2383 1231 si

1292 1240 1447 1277 alienum
1466 1240 1645 1276 hominem
1665 1240 1814 1286 promisi
1833 1245 1870 1277 et
1887 1241 1919 1277 is
1940 1251 1963 1277 a
1986 1240 2129 1277 domino
2146 1241 2383 1276 manumissus

1293 1290 1366 1330 est,
1389 1285 1534 1322 liberor.
1582 1296 1649 1322 nec
1673 1286 1869 1322 admissum
1893 1290 1966 1330 est,
1991 1286 2087 1332 quod
2112 1285 2238 1322 Celsus
2262 1287 2328 1330 ait,
2353 1286 2384 1322 si

1290 1331 1384 1367 idem
1407 1342 1533 1367 rursus
1557 1332 1635 1376 lege
1658 1331 1779 1377 aliqua
1802 1342 1924 1368 servus
1949 1332 2099 1368 effectus
2122 1331 2180 1374 sit,
2204 1331 2279 1377 peti
2303 1341 2383 1366 eum

1291 1387 1417 1423 posse:
1447 1377 1487 1412 in
1515 1381 1728 1422 perpetuum
1759 1378 1854 1413 enim
1877 1378 2023 1413 sublata
2046 1377 2215 1422 obligatio
2244 1377 2384 1412 restitui

1292 1433 1364 1458 non
1387 1426 1523 1468 potest,
1558 1427 1594 1458 et
1617 1422 1648 1458 si
1671 1433 1795 1459 servus
1806 1425 1834 1445 ¹⁰
1858 1422 2006 1459 effectus
2029 1423 2095 1467 sit,
2129 1422 2223 1458 alius
2245 1421 2385 1457 videtur

1293 1478 1382 1504 esse.
1429 1478 1496 1503 nec
1520 1468 1624 1504 simili
1647 1473 1857 1514 argumento
1882 1479 1969 1504 usus
1994 1472 2065 1511 est,
2098 1471 2158 1512 ut,
2190 1468 2221 1504 si
2248 1477 2384 1511 navem,

1291 1523 1400 1558 quam
1419 1517 1459 1548 tu
1478 1513 1684 1559 promisisti,
1710 1513 1874 1550 dominus
1893 1513 2105 1558 dissolverit,
2126 1513 2254 1549 deinde
2272 1513 2385 1549 isdem

1290 1559 1423 1594 tabulis
1448 1570 1551 1605 comp
1597 1559 1682 1602 erit,
1711 1559 1827 1595 teneri
1850 1563 1903 1595 te:
1937 1559 1998 1595 hic
2022 1560 2116 1595 enim
2137 1558 2262 1594 eadem
2285 1558 2385 1594 navis

1291 1608 1356 1648 est,
1382 1615 1490 1650 quam
1513 1608 1550 1640 te
1620 1609 1740 1640 turum
1764 1604 2001 1651 spopondisti,
2025 1608 2066 1641 ut
2088 1604 2251 1640 videatur
2273 1604 2386 1649 magis

1292 1650 1463 1695 obligatio
1488 1660 1630 1686 cessare
1654 1661 1761 1695 quam
1784 1650 1943 1686 extincta
1972 1661 2061 1686 esse.
2108 1649 2244 1686 homini
2267 1653 2384 1684 autem

1291 1696 1510 1731 manumisso
1541 1695 1655 1731 simile
1685 1695 1767 1739 fiet,
1801 1696 1832 1732 si
1856 1706 1899 1732 ea
1921 1700 2041 1732 mente
2074 1695 2285 1731 dissolutam
2307 1705 2386 1731 esse

1293 1751 1418 1776 navem
1442 1741 1623 1786 posueris,
1655 1745 1696 1776 ut
1718 1742 1757 1776 in
1779 1741 1870 1778 alios
1894 1752 1982 1777 usus
2013 1743 2307 1777 converterentur
2329 1744 2384 1775 ta-

1291 1786 1417 1831 bulae,
1460 1786 1587 1822 deinde
1618 1790 1756 1823 mutato
1788 1787 1936 1823 consilio
1975 1787 2119 1823 easdem
2150 1785 2383 1839 compositas:

1292 1831 1364 1867 alia
1396 1831 1488 1867 enim
1518 1831 1698 1868 videbitur
1727 1842 1807 1868 esse
1837 1832 2017 1878 posterior
2046 1832 2164 1876 navis,
2203 1834 2297 1867 sicut
2326 1831 2385 1866 ille

1292 1877 1384 1912 alius
1416 1877 1523 1913 homo
1556 1881 1620 1913 est.
1670 1888 1743 1913 non
1774 1881 1829 1913 est
1859 1877 1915 1914 liis
1947 1878 2071 1914 similis
2103 1887 2207 1920 area,
2243 1877 2282 1911 in
2315 1887 2386 1921 qua

1295 1922 1494 1958 aedificium
1530 1923 1688 1968 positum
1725 1926 1794 1959 est:
1835 1934 1908 1959 non
1938 1924 2033 1959 enim
2063 1922 2170 1959 desiit
2197 1922 2236 1957 in
2264 1931 2383 1957 rerum

1293 1972 1425 2004 natura
1449 1978 1538 2004 esse.
1585 1969 1692 2004 immo
1717 1972 1753 2004 et
1774 1970 1848 2014 peti
1872 1972 1992 2014 potest
2014 1978 2100 2004 area
2123 1972 2160 2004 et
2182 1967 2383 2003 aestimatio

1293 2014 1369 2049 eius
1406 2013 1495 2049 solvi
1526 2013 1686 2049 debebit:
1722 2024 1808 2060 pars
1845 2014 1939 2050 enim
1975 2014 2114 2051 insulae
2146 2023 2233 2049 area
2264 2016 2320 2048 est
2349 2014 2386 2047 et

1292 2059 1436 2105 quidem
1458 2059 1631 2104 maxima,
1662 2059 1722 2095 cui
1750 2060 1856 2095 etiam
1880 2060 2088 2105 superficies
2119 2058 2223 2094 cedit.
2272 2058 2384 2093 diver·

1292 2116 1371 2140 suin
1395 2104 1563 2147 dicemus,
1590 2105 1621 2140 si
1642 2115 1764 2141 servus
1785 2105 1983 2150 promissus
2002 2106 2049 2141 ab
2068 2104 2235 2141 hostibus
2256 2106 2384 2156 captus

1292 2150 1392 2186 sit¹¹:
1424 2150 1483 2185 hic
1513 2150 1656 2186 interim
1712 2151 1760 2187 eti
1790 2161 1863 2187 non
1893 2154 2013 2197 potest
2042 2150 2146 2196 quasi
2173 2153 2257 2185 ante
2281 2149 2384 2191 diem,

1293 2195 1357 2232 sed
1381 2196 1412 2232 si
1435 2196 1579 2232 redierit
1601 2199 1686 2241 post
1701 2196 1832 2239 minio,
1857 2201 1955 2232 recte
1973 2200 2060 2231 tunc
2080 2198 2240 2242 petetur:
2267 2204 2384 2230 cessa—

1292 2242 1342 2276 vit
1372 2241 1466 2277 enim
1497 2241 1556 2276 hic
1591 2241 1774 2286 obligatio.
1830 2251 1915 2277 area
1944 2246 2064 2277 autem
2103 2244 2202 2276 extat
2213 2241 2251 2285 ¹²,
2292 2240 2385 2275 sicut

1293 2290 1429 2329 cetera,
1465 2297 1508 2322 ex
1563 2286 1669 2322 uibus
1700 2287 1901 2323 aedificium
1933 2287 2104 2323 constitit.
2153 2285 2303 2330 denique
2326 2285 2385 2319 lex

1294 2332 1480 2368 duodecim
1510 2336 1548 2367 ta
1575 2332 1716 2367 uiarum
1743 2333 1880 2377 tignum
1913 2333 2062 2369 aedibus
2086 2332 2247 2367 iunctum
2270 2329 2382 2366 vindi-

1293 2378 1368 2413 cari
1398 2388 1507 2423 posse
1538 2378 1621 2421 scit,
1656 2377 1719 2413 sed
1750 2378 1892 2414 interim
1915 2378 1953 2413 id
1976 2377 2064 2414 solvi
2094 2376 2279 2424 prohibuit
2301 2385 2381 2421 pre-

1292 2424 1452 2468 tiumque
1476 2423 1554 2459 eius
1578 2423 1656 2459 dari
1680 2423 1800 2459 voluit.

1338 2466 1392 2507 99
1416 2468 1474 2504 ΡΑ
1482 2478 1577 2505 vsvs
1605 2468 1696 2504 libro
1722 2473 1853 2515 quarto
1882 2479 2139 2516 responsorum
2185 2465 2384 2512 Respondit

1292 2514 1489 2550 debitorem
1499 2515 1527 2535 ¹³
1565 2524 1639 2549 non
1675 2524 1755 2549 esse
1795 2514 1992 2559 cogendum
2027 2515 2066 2550 in
2097 2512 2202 2549 aliam
2231 2512 2383 2548 formam

1291 2570 1455 2596 nummos
1479 2559 1658 2605 accipere,
1692 2559 1723 2594 si
1746 2570 1790 2595 ex
1813 2570 1856 2595 ea
1880 2570 1919 2595 re
1943 2560 2111 2595 damnum
2139 2557 2276 2603 aliquid
2298 2567 2381 2602 pas-

1293 2616 1398 2641 surus
1424 2605 1480 2641 sit.

1341 2649 1420 2689 100
1445 2650 1554 2686 IDEM
1573 2650 1664 2686 libro
1689 2650 1826 2686 decimo
1849 2659 2106 2696 responsorum
2154 2648 2310 2694 Quaero,
2336 2657 2382 2682 an

1292 2696 1519 2732 curatoribus
1551 2696 1607 2731 vel
1634 2695 1815 2732 tutoribus
1846 2695 1884 2730 in
1915 2695 2098 2740 provincia
2129 2694 2222 2730 datis
2246 2693 2383 2729 Romae

1291 2742 1446 2786 pecunia
1477 2741 1567 2777 solvi
1595 2740 1711 2786 possit
1722 2742 1759 2785 ¹⁴,
1793 2750 1884 2787 quae
1914 2741 1952 2775 in
1975 2740 2159 2786 provincia
2181 2739 2234 2774 ita
2257 2739 2303 2774 ab
2326 2738 2382 2773 his

1290 2787 1476 2822 faenerata
1498 2789 1613 2829 esset,
1638 2790 1680 2822 ut
1702 2786 1840 2822 Romae
1865 2785 2073 2829 solveretur,
2099 2796 2180 2821 cum
2203 2784 2296 2820 idem
2320 2793 2380 2818 cu-

1292 2836 1428 2868 ratores
1447 2832 1503 2867 vel
1522 2834 1661 2867 tutores
1679 2842 1800 2867 rerum
1814 2832 2019 2867 Italicarum
2040 2829 2380 2866 administrationem

1291 2889 1363 2913 non
1395 2878 1592 2920 sustinent,
1633 2878 1728 2920 an¹⁵,
1769 2877 1799 2913 si
1830 2876 1976 2913 solverit
2007 2876 2164 2918 debitor,
2198 2875 2379 2910 liberetur.

1291 2924 1425 2959 Paulus
1450 2922 1635 2968 respondit
1658 2922 1713 2957 his
1737 2923 1917 2958 tutoribus
1946 2922 2001 2958 vel
2034 2920 2260 2956 curatoribus
2283 2922 2380 2954 recte

1290 2968 1428 3014 pupillo
1453 2968 1641 3013 pecuniam
1666 2967 1821 3003 debitam
1846 2967 1945 3010 solvi,
1972 2967 2032 3012 qui
2056 2966 2196 3010 negotia
2220 2964 2295 2999 eius
2316 2963 2379 2998 ad-

1291 3014 1512 3049 ministrant:
1540 3023 1601 3049 eos
1625 3017 1763 3055 autem,
1797 3013 1857 3059 qui
1880 3012 2150 3066 provincialium
2174 3019 2293 3062 rerum
2316 3018 2378 3043 cu-

1291 3063 1429 3094 ratores
1452 3059 1509 3094 vel
1533 3062 1670 3094 tutores
1696 3063 1790 3102 sunt,
1816 3058 1944 3093 Itahca
1965 3058 2107 3102 negotia
2130 3056 2378 3091 administrare

1291 3115 1363 3140 non
1387 3104 1518 3147 solere,
1551 3103 1621 3139 nisi
1649 3104 1850 3148 specialiter
1872 3107 2008 3139 tutores
2031 3099 2299 3147 provincialium
2322 3108 2377 3133 re-

1291 3161 1379 3193 rum,
1404 3153 1445 3184 ut
1467 3149 1537 3184 sibi
1559 3149 1696 3184 Romae
1719 3149 1938 3191 redderetur,
1970 3147 2130 3193 promitti
2153 3148 2376 3180 curaverunt.

1339 3193 1414 3233 101
1442 3193 1550 3229 IDEM
1571 3194 1662 3230 libro
1711 3195 1813 3230 uinto
1837 3195 1972 3230 decimo
1993 3201 2248 3238 responsorum
2282 3189 2376 3224 Pau-

1290 3241 1345 3276 lus
1368 3239 1554 3285 respondit
1577 3250 1650 3275 non
1672 3239 1686 3274 i
1711 3250 1753 3276 eo
1779 3250 1849 3283 eos,
1875 3239 1935 3285 qui
1957 3237 2092 3273 virilem
2115 3235 2313 3281 portionem
2333 3245 2376 3286 ex

1292 3296 1402 3321 causa
1432 3284 1693 3321 fideicommissi
1726 3285 1858 3321 inferre
1890 3283 2103 3324 debuerant,
2132 3280 2303 3315 liberatos
2327 3290 2376 3314 vi-

1291 3331 1384 3372 deri,
1421 3329 1588 3382 quoniam
1612 3330 1756 3375 quidam
1780 3341 1822 3366 ex
1847 3328 1990 3372 collegis
2022 3337 2087 3378 per
2111 3335 2266 3378 errorem
2294 3324 2377 3369 plus

1295 3383 1306 3411 1
1358 3375 1478 3411 debito
1501 3375 1710 3411 intulerunt.
1746 3375 1881 3411 Paulus
1897 3371 2081 3416 respondit
2104 3371 2210 3406 aliam
2231 3379 2376 3422 causam

1291 3432 1369 3457 esse
1393 3421 1562 3456 debitoris
1586 3421 1773 3462 solventis,
1807 3420 1913 3454 aliam
1945 3415 2280 3468 creditoris-pignus
2304 3413 2374 3449 dis-

1291 3466 1484 3502 trahentis:
1518 3476 1602 3501 nam
1626 3477 1708 3502 cum
1732 3465 1871 3501 debitor
1894 3463 1998 3514 solyit
2019 3470 2225 3507 pecuniam,
2250 3470 2287 3494 iii
2309 3469 2375 3505 po-

1289 3513 1420 3548 testate
1442 3511 1520 3547 eius
1545 3521 1624 3547 esse
1643 3519 1925 3550 commemorare,
1949 3517 1986 3541 in
2033 3516 2114 3541 uam
2136 3514 2290 3556 causam·
2304 3504 2375 3538 sol-

1289 3561 1402 3594 veret:
1434 3567 1515 3592 cum
1538 3561 1658 3592 autem
1683 3555 1835 3591 creditor
1857 3554 1985 3599 pignus
2036 3551 2244 3593 ‘straheret,
2267 3550 2376 3587 licere

1287 3670 1460 3715 puleretur
1472 3673 1543 3713 (sic)
1559 3672 1593 3705 F
1638 3672 1684 3712 (9)
1707 3678 1838 3711 quoque
1853 3676 1996 3709 (quoque
2010 3666 2069 3699 del.
2084 3666 2149 3707 ΓΞ)
2164 3668 2260 3699 erant
2272 3667 2331 3700 ins.
2348 3665 2380 3699 F

1288 3718 1349 3759 (10)
1373 3727 1489 3750 rursus
1501 3718 1564 3751 ins:
1620 3717 1676 3757 (11)
1700 3717 1749 3747 est
1760 3713 1812 3746 1³2
1875 3714 1934 3754 (12)
1959 3712 2092 3744 extetF
2148 3713 2206 3753 (13)
2231 3711 2370 3744 credito-

1288 3762 1400 3796 remS
1457 3763 1515 3804 (14)
1540 3760 1715 3804 pecuniam
1729 3759 1803 3801 (del.
1818 3757 1900 3790 solvi
1915 3756 2030 3799 possit)
2044 3769 2105 3789 scr.
2167 3758 2226 3797 (15)
2252 3767 2294 3789 an
2309 3756 2367 3790 del«

2030 3817 2099 3851 95*
