2528 3918
167 102 434 146 XXXIIII4

652 226 766 266 1111¹.

166 293 229 326 DE
252 291 510 325 ADuOENDIS
541 290 634 324 VEL
659 289 1040 325 TRANSFERENDIS
1062 288 1257 323 LEGATIS

459 335 553 369 VEL
575 335 961 391 mecouuissis.

216 401 234 439 1
263 401 319 437 ΡΑ
327 410 423 437 vws
443 401 536 438 libro
562 403 666 438 tertio
696 402 747 438 ad
769 401 942 438 Sabinum
995 399 1065 444 Qui
1093 402 1178 435 actu
1206 399 1257 435 le-

165 451 248 492 gato
271 446 342 482 iter
364 445 514 491 adimat,
544 447 634 484 nihil
657 447 798 491 adimit,
830 446 913 492 quia
936 454 1130 490 numquam
1153 448 1257 480 actus

166 492 243 528 sine
265 492 393 527 itinere
415 502 493 528 esse
515 495 647 538 potest.

213 534 239 574 2
271 536 500 573 Poupomvs
530 537 623 573 libro
654 538 783 585 quinto
815 536 865 571 ad
894 533 1070 570 Sabinum
1128 534 1258 570 Fundo

166 582 283 627 legato
314 581 424 617 adimi
455 581 509 618 ita
537 586 678 628 potest:
712 581 872 617 ‘fundum
900 579 951 614 illi
982 583 1127 625 praeter
1153 590 1258 615 usum

167 627 336 662 ‘fructum
364 637 390 662 n
435 637 481 663 ue
511 626 557 663 do
591 637 708 673 neque
736 626 827 671 lego'
871 629 913 660 ut
943 635 1029 660 usus
1058 624 1198 660 fructus
1221 625 1259 659 in

172 677 184 707 1
233 672 351 718 legato
375 683 393 707 r
467 676 612 718 quatur.
660 672 730 708 Sed
758 676 794 707 et
821 654 962 706 fructus
991 669 1100 705 adimi
1128 673 1256 715 potest,

167 720 187 752 2
216 721 276 770 .¹²¹.''
296 716 497 762 proprietas
519 717 759 764 relinquatur.
806 716 896 751 Item
918 725 1004 761 pars
1027 714 1128 750 fundi
1150 714 1259 760 legati

213 804 238 845 3
270 765 465 843 Πξῖἷειξῦε
487 807 577 844 libro
601 808 767 844 vicesimo
815 810 923 841 sarto
946 805 997 840 ad
1011 804 1186 857 Subit-mni
1204 803 1259 858 ‘Si

167 852 246 932 <huis
276 852 330 887 ita
359 852 548 898 legaverit:
579 852 688 888 ‘Titio
712 852 778 887 fun
803 861 862 887 um
886 850 933 886 do
956 850 1055 896 legoz
1086 859 1119 885 si
1141 849 1258 884 Titius

169 902 178 916 ‘
204 897 383 940 ecesserit,
409 897 489 933 Seio
514 898 617 934 heres
639 907 741 934 meus
765 896 853 932 dare
870 895 1019 931 damnas
1037 895 1138 937 ceto’,
1162 898 1260 930 recte

167 942 380 978 translatum
412 942 569 988 legatum
599 943 751 979 videtur.
798 941 862 977 sed
893 944 928 977 et
959 940 990 976 si
1017 941 1090 976 iam
1118 943 1259 975 mortuo

168 998 228 1031 eo,
261 988 320 1024 cui
342 987 500 1034 legatum
523 992 620 1031 erat,
646 988 790 1024 easdem
811 997 871 1023 res
893 985 1136 1027 transtulerit,
1161 985 1260 1020 Sem-

172 1037 184 1068 1
234 1033 362 1086 pronio
399 1033 583 1069 debetur2.
646 1033 685 1069 Si
727 1033 807 1079 quis
846 1031 940 1067 Titio
979 1031 1150 1076 legaverit
1187 1030 1258 1066 sic:

169 1078 275 1114 ‘Titio
299 1077 384 1114 dato
409 1083 489 1121 aut,
514 1078 546 1114 si
569 1078 686 1114 Titius
711 1082 794 1113 ante
818 1076 1012 1112 decesserit
1034 1086 1141 1122 quam
1164 1075 1259 1111 acci-

170 1123 274 1168 ‘piat,
305 1123 515 1169 Sempronio
541 1123 635 1160 dato'
646 1124 671 1166 ³,
706 1122 903 1159 secundum
925 1131 1058 1157 meram
1082 1120 1259 1166 suptilita-

166 1173 239 1204 tem
261 1168 404 1214 utrique
428 1169 622 1214 obligatum
641 1168 755 1204 videri
772 1167 950 1208 heredem,
973 1166 1011 1201 id
1030 1170 1086 1202 est
1105 1170 1142 1202 et
1161 1165 1259 1201 Sem-

193 1213 296 1249 ronio
319 1218 357 1249 et
378 1213 502 1249 heredi
526 1213 622 1249 Titii.
663 1214 725 1250 sed
749 1213 779 1248 si
804 1212 946 1258 quidem
969 1221 1070 1246 mora
1094 1210 1190 1246 Titio
1213 1211 1259 1246 ab

167 1224 298 1294 flerede
315 1258 413 1294 facta
433 1263 499 1301 est,
525 1259 570 1294 ad
590 1258 739 1294 heredes
759 1258 836 1294 eius
856 1257 965 1303 legati
982 1257 1123 1292 exactio
1141 1259 1259 1291 trans·

169 1303 549 1349 mittitur-Sempronio
568 1303 791 1349 repellendo:
816 1302 873 1339 sin
896 1306 1015 1338 autem
1038 1301 1138 1337 nulla
1159 1311 1261 1337 mora

167 1349 427 1392 intercesserit,
469 1352 555 1384 tunc
587 1348 819 1395 Sempronius
848 1347 1003 1392 legatum
1036 1346 1186 1392 accipit,
1224 1350 1262 1382 et

168 1404 240 1429 non
265 1393 350 1428 Titii
372 1393 536 1430 heredes.
580 1393 643 1429 sed
667 1394 699 1429 si
723 1396 806 1429 ante
830 1392 923 1428 diem
944 1392 1054 1437 legati
1077 1392 1261 1428 cedentem

169 1438 363 1474 decesserit
385 1438 522 1481 Titius,
552 1439 620 1474 soli
649 1438 858 1484 Sempronio
889 1437 1040 1474 debetur
1069 1437 1225 1482 legatum
1233 1437 1259 1471 ².

169 1487 189 1519 2
236 1484 335 1519 Idem
372 1483 562 1520 dicendum
600 1487 656 1520 est
691 1487 728 1520 et
757 1483 1034 1520 fideicommissa
1062 1482 1261 1518 hereditate

167 1539 280 1574 puero
304 1528 390 1564 data
412 1532 486 1572 aut,
519 1529 550 1565 si
573 1532 657 1565 ante
678 1529 882 1565 restitutam
905 1527 1127 1572 decessisset,
1153 1527 1266 1563 matri·

168 1574 245 1610 eius
268 1574 411 1610 relicta:
442 1577 501 1616 ut,
535 1574 567 1610 si

168 1619 391 1662 decessisset,
424 1619 531 1654 matri
553 1619 598 1655 de
624 1623 737 1664 eatur,
761 1619 794 1655 si
815 1622 953 1665 postea,
979 1618 1025 1653 ad
1046 1617 1176 1664 pupilli
1196 1617 1259 1653 he-

167 1664 270 1700 redes
301 1663 614 1700 fideicommissum
643 1664 910 1700 transmittatur
947 1667 1074 1709 utpote
1109 1673 1150 1699 re
1179 1662 1261 1708 ipsa

169 1712 188 1745 3
234 1719 337 1745 mora
369 1710 573 1745 subsecuta.
620 1709 692 1746 Sed
723 1713 761 1745 et
792 1720 873 1745 cum
927 1708 983 1744 uis
1009 1708 1065 1743 ita
1086 1707 1259 1753 legasset:

169 1755 285 1790 ‘heres
308 1765 408 1790 meus
433 1754 528 1791 Titio
559 1755 663 1791 dato:
696 1754 728 1791 si
758 1765 831 1790 non
862 1754 907 1790 de
933 1754 1018 1797 erit,
1050 1752 1259 1798 Sempronio

169 1799 286 1841 ‘dato'‚
310 1799 363 1835 ita
386 1799 527 1836 demum
548 1799 759 1845 Sempronio
783 1799 945 1842 debetur,
969 1799 1001 1835 si
1024 1798 1099 1834 dies
1123 1798 1200 1834 eius
1222 1798 1260 1833 in

168 1850 189 1880 4
234 1855 391 1891 persona
413 1845 499 1880 Titii
521 1856 595 1881 non
618 1845 797 1882 cessisset.
834 1844 873 1880 Si
919 1844 975 1880 uis
998 1844 1051 1879 ita
1072 1843 1257 1889 legaverit:

168 1890 283 1926 ‘heres
306 1900 407 1926 mens
427 1890 522 1926 Titio
545 1890 696 1926 fundum
720 1890 804 1926 dato
828 1894 866 1926 et
887 1900 920 1926 si
939 1889 1055 1925 Titius
1077 1899 1158 1924 eum
1176 1887 1258 1924 fun-

169 1935 265 1970 ‘dnm
296 1935 518 1978 alienaverit,
547 1935 652 1971 heres
684 1945 786 1971 meus
815 1935 967 1971 eundem
997 1933 1148 1969 fundum
1177 1933 1259 1969 Seio

169 1980 288 2022 ‘dato’,
322 1984 491 2016 oneratus
525 1984 581 2016 est
602 1981 725 2017 heres:
757 1991 831 2016 non
853 1980 948 2016 enim
971 1990 994 2015 a
1016 1979 1136 2015 Titio⁴
1158 1978 1260 2014 fidei-

169 2026 396 2061 commissum
424 2025 589 2061 relictum
612 2029 684 2070 est,
715 2025 746 2062 si
774 2025 968 2061 alienasset
993 2023 1164 2066 fundum,
1196 2024 1261 2060 sed

170 2071 216 2106 ab
238 2070 370 2106 herede
393 2070 426 2106 ei
449 2070 604 2115 legatum
627 2074 693 2106 est.
740 2071 844 2107 heres
875 2070 985 2116 igitur
1014 2069 1160 2106 debebit
1188 2069 1261 2104 doli

169 2115 380 2196 gmfiffiigne
401 2116 531 2195 Ροεὶζῖἱ
542 2126 628 2161 pros
654 2115 1032 2196 icerg.⁸ibi.⁰⁸¹¹}²i⁰¹¹⁰
1055 2125 1078 2150 a
1096 2114 1261 2195 affige&

326 2171 347 2196 o
379 2171 453 2196 non
532 2171 683 2196 enano.
756 2171 770 2196 1
823 2171 879 2196 uis
949 2171 992 2196 us
1046 2170 1130 2195 uam

169 2205 360 2248 ademerit,
389 2205 492 2241 adem
517 2205 569 2241 tio
591 2206 705 2247 valet,
728 2171 839 2241 velu‘ii·
861 2206 894 2242 si
909 2171 997 2251 1t’luis
1020 2171 1143 2250 31g1nti
1164 2204 1259 2249 lega-

170 2253 191 2286 6
236 2250 328 2286 verit
352 2254 388 2285 et
406 2261 478 2296 qua
567 2250 576 2259 ”
603 2254 644 2286 ta
661 2250 844 2286 ademerit.
882 2249 922 2286 Si
942 2249 1015 2286 loci
1037 2260 1141 2286 nsum
1163 2249 1260 2285 fruc-

169 2300 245 2331 tum
268 2295 362 2349 leget
383 2299 538 2332 testator
561 2299 598 2332 et
618 2296 688 2331 iter
706 2295 850 2338 adimat,
874 2306 947 2331 non
966 2295 1060 2331 valet
1080 2294 1259 2340 ademptio

170 2342 259 2376 nec*
280 2340 430 2376 vitiatur·
449 2340 463 2376 l
528 2345 623 2376 tum:
654 2340 762 2377 sicuti
792 2341 853 2386 qui
878 2340 1136 2386 proprietatem
1158 2339 1259 2375 fundi

170 2390 187 2420 7
235 2385 342 2430 legat,
366 2386 435 2421 iter
507 2386 515 2393 ”
554 2386 646 2422 endo
664 2386 822 2431 legatum
841 2396 915 2422 non
935 2385 1074 2420 minuit.
1110 2384 1150 2420 Si
1168 2385 1258 2420 duo-

169 2431 237 2467 bus
268 2431 373 2467 Titi'is
404 2431 597 2477 separatim
627 2431 797 2476 legaverit
833 2434 870 2467 et
897 2431 961 2466 uni
990 2430 1163 2466 ademerit
1190 2440 1258 2466 nec

170 2480 352 2522 appareat,
377 2476 437 2511 oui
455 2476 661 2522 ademptum
679 2476 737 2519 sit,
762 2476 904 2521 utrique
921 2476 1078 2521 legatum
1097 2474 1258 2519 debetur,

169 2520 463 2566 quemadmodum
487 2525 524 2556 et
544 2521 583 2556 in
606 2520 744 2564 dando,
768 2521 799 2557 si
822 2531 895 2557 non
917 2530 940 2556 a
990 2524 1091 2556 areat
1114 2520 1172 2556 cui
1195 2520 1257 2556 da-

170 2569 190 2602 8
236 2570 314 2601 tum
336 2566 395 2609 sit,
419 2566 578 2602 dicemus
600 2566 719 2602 neutri
741 2566 909 2611 legatum.
971 2577 984 2601 1
1008 2565 1103 2602 Titio
1125 2565 1258 2602 fundus

168 2622 258 2657 pure
296 2611 482 2657 eidemque
519 2611 587 2648 sub
620 2611 830 2647 condicione
860 2612 998 2657 legatus
1028 2610 1093 2655 sit,
1132 2610 1259 2646 deinde

168 2662 296 2702 postea
319 2656 421 2692 adem
447 2660 523 2692 tum
547 2657 595 2693 sit
616 2657 687 2692 sic:
720 2656 827 2692 ‘Titio
858 2656 1027 2698 fundum,
1058 2666 1165 2701 quem
1190 2656 1258 2692 sub

170 2701 390 2737 ‘condicione
434 2702 551 2747 egavi,
590 2702 696 2738 heres
726 2711 828 2737 meus
859 2711 905 2737 ne
933 2701 1041 2744 dato',
1079 2711 1124 2736 ex
1158 2701 1259 2736 nulla

170 2746 313 2782 datione
343 2746 511 2791 debetur,
552 2746 621 2782 nisi
658 2746 862 2792 specialiter
896 2746 1026 2782 dixerit
1050 2756 1146 2799 pure
1177 2757 1257 2782 eum

170 2795 191 2827 9
237 2791 392 2836 legatum
415 2791 505 2827 velle
529 2791 703 2837 accipere.
751 2791 924 2828 Condicio
953 2791 1060 2846 legati
1082 2801 1129 2826 an
1151 2791 1259 2827 adimi

195 2835 286 2873 ossit
315 2836 370 2871 vel
398 2836 608 2873 hereditatis
636 2837 693 2873 vel
721 2837 942 2879 statuliberi,
974 2836 1175 2872 videndum.
1223 2841 1259 2872 et

188 2881 329 2916 ulianus
353 2881 479 2916 scribit
500 2881 538 2916 in
561 2882 774 2918 statulibero
797 2882 995 2918 detractam
1015 2881 1258 2918 condicionem

621 1584 687 1610 uer
717 1578 802 1610 ante
830 1574 923 1609 diem
945 1572 1054 1618 legati
1076 1572 1260 1608 cedentem

170 2937 243 2962 non
255 2930 527 2972 repraesentare
540 2926 753 2963 libertatem.
777 2926 998 2972 Papinianus
1011 2937 1153 2972 quoque
1164 2926 1257 2962 libro

170 2971 321 3051 ἓῖρρίιιιο
351 2970 487 3025 decimo
518 2972 765 3016 quaestionum
788 2972 915 3026 scribit
935 2972 1149 3053 geggraliter
1171 2982 1255 3025 con-

171 3026 354 3104 0333,
376 3015 999 3114 mm,25;2¹:÷1}}2325·11²53d⁹3tm
1023 3021 1256 3105 &0323ss

170 3117 243 3142 non
264 3110 387 3153 potest
409 3105 535 3148 adimi,
568 3106 631 3142 sed
660 3107 757 3152 quod
786 3107 904 3143 datur.
951 3107 1015 3144 sed
1045 3107 1171 3143 melius
1202 3111 1258 3143 est

170 3151 1000 3233 ffliufffflssfflwmiaezrfflsser
1031 3152 1256 3232 effes

550 3222 560 3238 ,
784 3209 844 3233 imi
983 3225 991 3232 .
1068 3209 1092 3232 u

171 3246 314 3278 centum
351 3245 564 3277 testamento
601 3242 754 3286 legasset
792 3247 829 3278 et
857 3208 971 3278 efdem
1003 3242 1174 3278 codicillis
1205 3243 1257 3277 ita

170 3287 342 3332 legasset:
375 3286 484 3322 ‘Titio
514 3285 769 3347 quinquaginta
798 3288 985 3323 dumtaxat
1013 3297 1080 3323 neo
1103 3287 1256 3333 amplius

172 3332 288 3368 ‘lieres
310 3342 411 3368 mens
435 3331 544 3375 dato,
574 3341 648 3367 non
670 3332 822 3377 amplius
846 3332 1101 3378 quinquaginta
1122 3332 1255 3378 legata-

175 3381 212 3412 ιι
261 3377 354 3412 rium
375 3377 582 3423 petiturum.
628 3375 712 3412 Non
742 3377 856 3412 solum
887 3382 1005 3413 antem
1027 3377 1160 3422 legata,
1192 3377 1256 3413 sed

171 3426 209 3458 et
234 3421 509 3458 fideicommissa
538 3421 646 3458 adimi
674 3426 828 3467 possunt
852 3427 889 3458 et
911 3422 1052 3467 quidem
1074 3422 1172 3457 nuda
1193 3433 1254 3458 vo-

171 3467 318 3503 luntate.
365 3466 459 3503 unde
489 3466 690 3512 quaeritur,
722 3477 769 3502 an
799 3468 906 3503 etiam
931 3467 1122 3503 inimicitiis
1144 3468 1254 3503 inter-

171 3512 296 3558 positis
318 3511 630 3549 fideicommissum
659 3522 734 3548 non
763 3512 953 3549 debeatur:
986 3517 1023 3548 et
1052 3512 1084 3548 si
1114 3512 1255 3558 quidem

217 3627 259 3667 (i)
284 3625 457 3660 Saba-..a
477 3631 580 3664 imit:
605 3624 887 3665 Ed.s.e.17...213
912 3624 995 3667 Pap.
1011 3631 1137 3664 nmis:
1162 3625 1251 3677 App.
1317 3625 1366 3709 ((3
1386 3627 1535 3704 &pout

173 3677 290 3704 somn.
303 3688 348 3694 —
362 3669 447 3705 Bae.
460 3671 516 3712 44,
528 3677 571 3704 17.
582 3687 628 3693 -
644 3670 693 3713 Cf
708 3669 787 3703 Inst.
801 3670 833 3711 2,
846 3677 876 3704 ⁸2¹
993 3671 1035 3707 (2)
1059 3669 1116 3702 sed
1130 3671 1164 3702 ot
1176 3679 1206 3702 a
1218 3693 1250 3703 ...

172 3714 311 3748 debetur
327 3715 549 3749 collocandam
563 3727 631 3749 esu
637 3722 716 3761 poet
725 3713 871 3758 legatum
888 3720 903 3755 §
920 3723 930 3749 i
945 3723 1022 3748 extr.
1037 3715 1118 3748 vidit
1129 3715 1249 3763 Menqe

1246 95 1331 144 490
1520 99 1565 149 Ἃ

1459 10 1530 98 *n

2065 109 2126 140 Dii:
2155 109 2404 141 amiumms

1325 221 1528 312 3313aeme
1538 221 2299 302 vsildeffavdsosdmraelictliffiimgwsiiiimgtem
2321 221 2406 303 geits’

1326 311 1478 354 offensa,
1510 314 1630 347 manet
1657 310 1684 347 fi
1707 312 1979 347 eicommissum.
2026 311 2221 348 secundum
2250 312 2341 348 haec
2371 315 2407 346 et

1463 360 1501 392 to
1524 359 1718 393 tractamus
1743 356 1815 393 doli
1838 356 2046 402 exceptione
2070 368 2091 393 ο
2117 356 2246 402 posita.

1446 411 1528 436 vau
1548 401 1639 437 libro
1663 402 1846 455 triqesimo
1870 403 1975 437 tertio
2006 402 2057 437 ad
2107 402 2251 438 ahenum
2305 401 2408 446 Quod

1326 446 1357 482 si
1379 446 1508 481 iterum
1530 446 1568 480 in
1598 445 1787 482 amicitiam
1817 447 1999 483 redierunt
2029 451 2066 482 et
2120 446 2271 482 aenituit
2298 451 2407 482 testa-

1325 495 1440 527 torem
1471 491 1600 537 prioris
1629 491 1804 535 offensae,
1835 492 1849 527 l
1914 496 1991 527 tum
2020 492 2077 528 vel
2127 491 2408 527 deicommissum

1325 536 1489 616 ξὲὶίοὲιιὲι
1511 535 1790 616 redintegratur·
1822 547 1878 572 am
1905 537 2060 573 nlatoiia
2089 536 2183 573 enim
2209 540 2264 572 est
2286 537 2408 572 volun-

1365 592 1383 617 s
1431 591 1451 617 e
1468 591 1537 617 unc

1324 355 1397 391 inl

1372 400 1397 437 4

1587 591 1702 627 usque
1723 582 1771 617 ad
1792 582 1886 618 vitae
1909 593 2113 628 supremum
2137 582 2281 617 exitum.

1374 625 1398 663 5
1427 626 1551 662 Guvs
1570 626 1661 662 libro
1683 628 1840 663 secundo
1864 627 1914 663 ad
1935 628 2088 663 edictum
2112 628 2275 663 urbicum
2310 627 2411 662 Sicut

1327 671 1435 706 adimi
1458 671 1613 717 legatum
1634 675 1764 717 potest,
1787 673 1839 708 ita
1862 676 1899 708 et
1921 672 1968 708 ad
1990 672 2098 708 alium
2121 671 2320 714 transferri,
2350 682 2409 707 ve-

1325 716 1392 751 luti
1414 716 1483 752 hoc
1506 716 1629 752 modo:
1662 717 1770 762 ‘quod
1793 718 1887 753 Titio
1911 717 2041 763 legavi,
2064 717 2102 753 id
2125 717 2206 753 Seio
2230 717 2275 753 do
2299 717 2409 762 lego':

1327 771 1511 842 ςὲιαὲῃέξε
1548 761 1587 796 ἰιι
1621 772 1810 807 personam
1842 762 1928 798 Titii
1964 763 2111 798 tacitam
2149 762 2410 808 ademptionem

1328 818 1347 842 c
1372 818 1395 841 n
1489 833 1497 841 .

1372 849 1398 889 6
1423 850 1480 886 ΡΑ
1487 860 1582 887 Ubus
1601 851 1691 887 libro
1715 853 1840 898 quinto
1860 851 1910 887 ad
1924 851 2037 899 leyen·
2053 852 2186 888 Iuliam
2204 856 2239 887 et
2257 852 2410 899 Papiam

1327 896 1531 949 Translatio
1554 896 1662 942 legati
1682 896 1726 931 fit
1747 901 1919 942 quattuor
1937 897 2070 933 modis:
2095 902 2159 933 aut
2178 898 2270 933 enim
2290 907 2312 951 ,⁸
2326 907 2410 978 per-

1327 941 1951 1029 ?Sisffismesi’ffiignm‘fimutfi‘iii
1960 943 2141 1041 ’ᾱὲἒᾉῗιξ
2162 953 2323 1023 33,qu
2346 953 2412 1033 3:53

1327 1043 1367 1068 re
1390 1031 1514 1075 datur,
1537 1036 1579 1067 ut
1599 1043 1666 1078 pro
1690 1032 1802 1068 fundo
1826 1032 1949 1068 decem
1972 1042 2090 1068 aurei:
2120 1036 2184 1067 aut
2230 1032 2302 1068 uod
2323 1043 2414 1086 pure

1331 1082 1344 1111 1
1395 1077 1519 1112 datum
1542 1081 1608 1120 est,
1631 1076 1850 1113 transfertur
1871 1078 1938 1113 sub
1964 1077 2181 1114 condicione.
2243 1077 2288 1113 ed
2310 1087 2342 1113 si
2364 1078 2412 1120 id,

1328 1122 1424 1168 quod
1447 1133 1470 1157 a
1492 1122 1589 1157 Titio
1614 1122 1713 1164 dedi,
1746 1133 1769 1157 a
1790 1122 1930 1158 Maevio
1954 1122 2053 1165 dem,
2086 1122 2244 1168 quamvis
2275 1123 2414 1158 soleant

1328 1178 1407 1203 esse
1430 1167 1502 1203 duo
1526 1167 1684 1203 eiusdem
1705 1168 1758 1203 rei
1782 1167 1971 1210 debitores,
1995 1171 2115 1203 tamen
2133 1168 2251 1204 verius
2271 1171 2327 1203 est
2344 1168 2414 1203 hoc

1329 1223 1416 1248 casu
1439 1212 1643 1259 ademptum
1666 1222 1745 1248 esse
1767 1212 1781 1247 l
1845 1216 1940 1248 tum:
1963 1222 2047 1248 nam
2071 1223 2151 1248 cum
2175 1212 2274 1248 dico:
2307 1216 2317 1232 ⁴
2342 1213 2413 1249 uod

1328 1258 1474 1293 ‘Titium
1489 1258 1575 1293 dare
1591 1258 1765 1300 damnavi,
1817 1258 1892 1294 eius
1908 1257 2056 1294 damnas
2070 1262 2147 1294 esto
2161 1258 2270 1301 dare’,
2293 1258 2328 1293 vi
2353 1268 2415 1294 eor

1328 1306 1347 1338 2
1395 1303 1529 1346 dicere,
1561 1314 1608 1339 ne
1631 1302 1748 1338 Titius
1781 1302 1851 1338 det.
1897 1302 1987 1339 Item
2014 1303 2046 1339 si
2067 1314 2135 1349 pro
2158 1302 2270 1339 fundo
2293 1303 2413 1339 decem

1327 1348 1503 1393 legentur,
1537 1347 1681 1394 quidam
1710 1351 1841 1393 putant
1868 1358 1942 1384 non
1970 1359 2050 1384 esse
2080 1348 2285 1394 ademptum
2314 1348 2414 1394 prius

1326 1394 1499 1438 legatum:
1532 1394 1596 1429 sed
1626 1394 1745 1429 verius
1776 1397 1831 1429 est
1861 1393 2066 1440 ademptum
2096 1403 2194 1430 esse:
2224 1393 2416 1430 novissima

1329 1439 1421 1475 enim
1444 1439 1609 1475 voluntas
1633 1442 1806 1474 servatur.

1373 1482 1397 1520 7
1438 1483 1633 1520 ULPJANUS
1667 1483 1758 1520 libro
1795 1484 1962 1520 vicesimo
1997 1488 2129 1529 quarto
2160 1483 2211 1519 ad
2240 1483 2413 1520 Sabinum

1327 1528 1431 1609 guod
1459 1529 1491 1565 si
1515 1529 1575 1564 alii
1597 1529 1736 1574 legetur
1758 1529 1826 1564 sub
1850 1528 2076 1571 condicione,
2108 1528 2204 1574 quod
2235 1529 2295 1564 alii
2324 1539 2415 1575 pure

1354 1578 1453 1609 atum
1477 1578 1542 1617 est,
1566 1585 1640 1610 non
1662 1574 1766 1620 plene
1789 1584 1971 1609 recessum
1994 1573 2134 1610 videtur
2156 1583 2180 1610 a
2200 1574 2327 1620 primo,
2351 1574 2415 1611 sed

1326 1619 1378 1654 ita
1400 1619 1559 1662 demum,
1590 1619 1622 1655 si
1645 1618 1806 1655 condicio
1830 1619 2009 1664 sequentis
2033 1618 2226 1655 exstiterit:
2258 1623 2415 1655 ceterum

1327 1665 1359 1700 si
1380 1664 1450 1700 hoc
1474 1664 1592 1700 animo
1615 1664 1725 1700 fuerit
1746 1668 1917 1707 testator,
1946 1668 1988 1699 ut
2011 1664 2212 1700 omnimodo
2235 1674 2413 1701 recessum

1326 1720 1350 1790 ii.
1370 1710 1488 1755 primo
1510 1709 1699 1755 putaverit,
1724 1709 1912 1745 dicendum
1936 1709 2006 1745 erit
2027 1719 2050 1744 a
2070 1709 2186 1755 primo
2210 1709 2414 1756 ademptum

1340 1765 1360 1790 e
1405 1759 1492 1790 tum.

1360 1764 1405 1837 gg
1431 1799 1458 1835 I
1459 1809 1625 1835 UMANUS
1660 1799 1751 1835 libro
1783 1799 1967 1845 triqesimo
1998 1799 2157 1835 secundo
2195 1799 2412 1846 digestor-um

1327 1845 1378 1880 Et
1398 1845 1479 1881 ideo
1504 1845 1534 1880 si
1556 1844 1636 1880 vivo
1658 1847 1832 1880 testatore
1854 1848 2017 1880 mortuus
2039 1844 2149 1880 fuerit
2169 1845 2220 1888 is,
2250 1845 2289 1880 in
2311 1855 2414 1890 quem

1327 1890 1539 1926 translatum
1569 1890 1726 1935 legatum
1756 1889 1881 1932 fuerit,
1913 1889 2023 1926 nihilo
2055 1890 2166 1935 magis
2193 1889 2240 1925 ad
2263 1899 2361 1934 eum,
2393 1900 2416 1925 a

1327 1946 1397 1981 quo
1420 1935 1635 1971 translatum
1657 1934 1779 1978 fuerit,
1803 1935 2006 1979 pertinebit.

1372 1978 1399 2018 9
1430 1980 1625 2017 ULPIANUS
1644 1980 1736 2016 libro
1755 1980 1881 2026 quinto
1902 1980 2185 2027 disputationum
2221 1980 2310 2015 Cum
2331 1991 2413 2016 cen-

1326 2029 1414 2070 tum,
1438 2035 1530 2079 quae
1576 2025 1633 2060 uis
1655 2035 1746 2071 pure
1767 2025 1834 2061 reli
1858 2025 1923 2068 uit,
1954 2025 2163 2061 condicione
2185 2025 2326 2061 adiecta
2347 2026 2413 2061 ite-

1326 2081 1407 2106 rum
1431 2070 1546 2106 eidem
1582 2070 1706 2116 egavit,
1730 2070 1763 2106 si
1785 2070 1845 2115 qui
1870 2080 1927 2106 em
1950 2070 2052 2116 quasi
2075 2070 2182 2105 aliam
2204 2070 2298 2106 hanc
2317 2081 2413 2107 sum-

1326 2126 1421 2152 mam
1445 2126 1523 2152 esse
1546 2116 1676 2158 voluit,
1707 2119 1744 2151 et
1774 2115 1869 2160 quod
1899 2125 1990 2169 pure
2019 2115 2182 2151 relictum
2212 2120 2268 2152 est
2294 2116 2413 2152 statim

1328 2161 1517 2197 debebitur
1539 2165 1575 2196 et
1598 2160 1694 2206 quod
1717 2160 1786 2196 sub
1810 2160 2019 2197 condicione
2041 2161 2261 2207 adscriptum
2286 2165 2358 2204 est,
2382 2162 2415 2198 si

1328 2206 1490 2242 condicio
1514 2206 1701 2242 exstiterit.
1748 2205 1845 2259 quod
1867 2205 1899 2242 si
1919 2205 2067 2242 eandem
2086 2216 2261 2241 summam
2277 2211 2416 2242 mutata

1326 2251 1508 2287 voluntate
1531 2252 1599 2287 sub
1625 2250 1833 2287 condicione
1856 2251 2018 2296 reliquit,
2046 2261 2141 2305 pura
2169 2251 2266 2287 datio
2291 2251 2413 2287 condi-

1328 2296 1475 2333 cionalis
1499 2296 1628 2331 effecta
1648 2296 1837 2332 videbitur.
1908 2306 1995 2332 uare
2025 2306 2058 2332 si
2086 2296 2125 2331 in
2155 2296 2280 2332 eodem
2302 2300 2412 2333 testa-

1326 2345 1457 2384 mento,
1481 2342 1519 2376 in
1538 2351 1610 2386 quo
1629 2345 1772 2376 centum
1793 2340 2034 2394 adscripserat
2042 2342 2067 2385 ⁰,
2090 2345 2218 2386 postea
2239 2342 2412 2387 quinqua-

1325 2386 1424 2431 ginta
1446 2386 1638 2431 reliquerit,
1662 2386 1694 2421 si
1717 2385 1858 2431 quidem
1880 2386 1952 2421 alia
1973 2386 2086 2421 voluit
2104 2396 2182 2422 esse
2201 2387 2292 2422 lime
2310 2388 2411 2432 quin-

1326 2431 1513 2477 quaginta,
1538 2434 1680 2467 centum
1703 2431 1960 2476 quinquaginta
1983 2430 2224 2475 debebantur,
2249 2432 2306 2468 sin
2328 2443 2413 2468 vero

1326 2476 1412 2522 quin
1435 2476 1584 2521 uaginta
1606 2479 1746 2511 tantum
1769 2476 1892 2511 deberi
1913 2475 2035 2519 voluit,
2060 2476 2315 2530 quinquaginta
2331 2482 2412 2513 tan-

1325 2525 1402 2601 }um
1449 2521 1661 2557 ebebuntur.
1695 2520 1789 2557 idem
1811 2525 1867 2557 est
1889 2525 1927 2557 et
1947 2521 1979 2556 si
2001 2521 2039 2556 in
2057 2521 2230 2557 codicillis
2250 2522 2287 2557 id
2305 2522 2413 2558 fuerit

1341 2571 1472 2602 actum.

1374 2610 1425 2650 10
1454 2611 1648 2647 lemnos
1674 2611 1767 2647 libro
1796 2610 1979 2664 triqesimo
2007 2612 2160 2658 septimo
2191 2612 2410 2659 diqestoncm

1325 2656 1365 2692 Si
1382 2656 1538 2702 legatum
1554 2666 1645 2702 pure
1664 2656 1788 2691 datum
1804 2656 1899 2692 Titio
1919 2656 2098 2692 adimatur
2114 2657 2182 2692 sub
2202 2657 2411 2694 condicione

1324 2705 1362 2737 et
1375 2702 1554 2756 pendente
1568 2701 1776 2738 condicione
1789 2701 1906 2737 Titius
1922 2701 2124 2745 decesserit,
2148 2703 2307 2747 quamvis
2324 2713 2410 2739 con-

1325 2747 1417 2783 dicio
1441 2746 1629 2789 defecerit,
1661 2746 1708 2781 ad
1738 2746 1904 2782 heredem
1927 2746 2011 2781 Titii
2042 2746 2057 2782 1
2229 2758 2301 2783 non
2327 2758 2410 2802 per-

1323 2792 1469 2828 tinebit:
1499 2802 1583 2828 nam
1612 2792 1768 2837 legatum
1800 2802 1880 2827 cum
1910 2792 1978 2827 sub
2002 2801 2069 2827 coii
2094 2792 2208 2828 icione
2231 2792 2408 2836 adimitur,

1324 2837 1472 2883 perinde
1503 2841 1576 2879 est,
1608 2847 1652 2872 ac
1683 2837 1714 2872 si
1744 2836 1814 2872 sub
1845 2837 2025 2872 contraria
2055 2836 2263 2874 condicione
2285 2837 2407 2873 datum

1328 2886 1343 2917 1
1391 2882 1530 2919 fuisset.
1565 2881 1669 2928 Quod
1690 2881 1742 2917 ita
1764 2881 1920 2927 legatum
1942 2886 2015 2917 est:
2042 2881 2148 2918 ‘Titio
2165 2882 2287 2918 decem
2305 2884 2407 2919 lieres

1325 2931 1436 2963 ‘meus
1459 2927 1562 2963 dato:
1587 2927 1619 2963 si
1635 2926 1732 2962 Titio
1754 2936 1827 2962 non
1851 2926 1997 2970 dederit,
2021 2926 2144 2963 eadem
2167 2926 2289 2963 decem
2309 2927 2406 2963 Sem-

1325 2976 1334 2992 ‘
1361 2972 1462 3008 ronio
1493 2972 1601 3015 dato’,
1637 2971 1670 3008 si
1702 2971 1877 3007 moriatur
1908 2971 2023 3008 'fitius
2053 2975 2137 3008 ante
2167 2972 2260 3008 diem
2288 2972 2406 3018 legati,

1350 3018 1554 3063 empronius
1583 3017 1738 3062 legatum
1768 3016 1903 3052 utiliter
1931 3021 2047 3063 petet:
2078 3017 2291 3053 translatum
2314 3018 2407 3054 enim

1323 3063 1478 3108 legatum
1499 3061 1657 3107 intellegi
1679 3061 1833 3098 debebit.

1373 3106 1419 3144 11
1447 3107 1556 3143 [vsu
1579 3107 1671 3143 libro
1702 3108 1789 3153 quin
1817 3117 1865 3142 ua
1890 3107 1999 3142 esino
2030 3110 2162 3160 quarto
2186 3107 2405 3154 diqestorum

1323 3152 1393 3233 {Qui
1415 3152 1593 3189 hominem
1614 3151 1710 3197 legat
1732 3156 1769 3187 et
1816 3151 1866 3187 tic
1893 3162 1953 3187 um
1983 3151 2123 3194 adimit,
2155 3162 2228 3187 non
2258 3153 2408 3198 peremit

1480 3223 1489 3238 ‚
1513 3196 1577 3233 sed
1599 3201 1778 3239 extenuat,

1372 3240 1424 3280 12
1461 3241 1656 3279 Ulmanus
1691 3243 1783 3278 libro
1819 3242 2117 3296 quinquaqesirno
2153 3241 2203 3277 ad
2232 3241 2404 3278 Sabinum

1323 3291 1364 3323 ut
1386 3287 1547 3323 Stichum
1569 3286 1760 3332 legatarius
1784 3287 1914 3332 eligere
1935 3295 2009 3321 non
2030 3286 2155 3331 possit.

1372 3329 1422 3370 13
1456 3331 1710 3385 annotinos·
1723 3332 1815 3368 libro
1851 3333 1958 3383 sexto
1997 3332 2261 3367 institutionum
2322 3331 2404 3368 Divi

1323 3377 1474 3414 Severus
1512 3381 1550 3413 et
1578 3378 1781 3413 Antomnus
1817 3379 2093 3428 resmpsemnt,
2135 3387 2218 3413 cum
2252 3381 2406 3413 testator

1337 3467 1346 3476 Ο
1370 3426 1503 3458 εἴκω
1533 3422 1725 3476 scriptura·
1740 3431 1884 3468 quaqua
1909 3423 2048 3456 ratione
2071 3426 2189 3475 motus
2210 3422 2403 3476 pessimum

1322 3467 2008 3558 rfflfflffiffisstfflffl’eitrim
2028 3476 2149 3512 ΡΜ
2170 3471 2351 3513 “mm'‘
2371 3477 2403 3503 ⁰¹

1558 3624 1647 3659 diem
1675 3623 1781 3668 legati
1810 3623 1980 3657 cedentem
2003 3623 2114 3657 'ritin-
2137 3607 2309 3657 ‹ieci-erit
2339 3626 2399 3659 ins.

1627 3671 1674 3713 (ὅ)
1697 3669 1792 3713 cies,
1810 3668 1900 3702 nel?
1986 3669 2030 3711 (ο)
2054 3668 2343 3712 adscripserantl?
