2528 3918
219 133 374 168 CONST.
403 134 550 166 'rANTA

220 246 399 292 praebuit,
432 245 469 279 in
493 243 620 288 quibus
643 241 747 277 multi
768 241 912 276 fuerant
934 243 972 277 et
993 241 1079 286 ipsis
1103 239 1300 276 eruditissi-

220 291 284 326 mis
313 289 514 325 hominibus
543 287 730 332 incogniti,
767 286 895 331 quibus
927 286 1090 322 omnibus
1122 285 1300 329 perlectis,

220 334 389 380 quidquid
413 344 456 369 ex
480 334 535 368 his
560 331 837 377 pulcherrimum
861 335 949 373 erat,
974 332 1042 365 hoc
1067 333 1239 364 semotum
1264 330 1301 364 in

219 381 389 425 optimam
413 382 584 413 nostramr.
595 377 884 422 compositionem
934 375 1078 411 ervenit.
1114 374 1178 410 sed
1196 374 1300 410 huius

220 426 337 470 operis
362 423 564 459 conditores
583 432 655 457 non
675 423 791 458 solum
808 431 851 457 ea
870 432 913 456 vo
929 421 1049 456 nmina
1066 420 1300 464 perlegerunt,

221 481 263 504 ex
295 469 422 514 quibus
454 468 550 512 leges
573 467 713 512 positae
737 470 838 509 sunt,
869 466 931 502 sed
955 465 1061 501 etiam
1086 465 1156 499 alia
1179 465 1301 507 multa,

220 524 326 559 quae,
359 513 445 548 nihil
474 513 529 548 vel
561 512 647 548 utile
676 512 730 548 vel
762 522 890 547 novum
914 511 973 545 in¹
1000 510 1050 545 eis
1074 510 1302 551 invenientes,

221 559 313 603 quod
343 562 533 602 exceptum
564 558 695 593 nostris
726 557 870 601 digestis
895 556 1134 608 applicarent,
1167 554 1302 598 optimo

227 608 263 638 18
311 604 429 638 animo
452 606 675 647 respuerunt.
719 601 789 637 Sed
814 602 895 646 quia
918 600 1057 635 divinae
1081 599 1222 644 quidem
1246 609 1303 634 res

223 648 502 694 perfectissimae
520 651 614 691 sunt,
638 647 784 682 humani
807 656 889 681 vero
914 646 1000 680 iuris
1026 644 1186 680 condicio
1211 654 1303 679 sem-

224 704 286 738 per
314 694 375 728 in²
404 692 581 728 infinitum
610 692 766 728 decuriit
798 695 834 726 et
862 690 947 725 nihil
979 693 1034 724 est
1056 689 1092 724 in
1117 700 1176 733 ea,
1208 688 1304 734 quod

221 744 318 774 stare
348 743 521 783 perpetuo
553 738 667 783 possit
698 737 841 777 (multas
874 736 1004 771 etenim
1035 734 1167 770 formas
1200 734 1304 770 edere

223 788 351 819 natura
374 793 484 818 novas
509 783 755 827 deproperat),
780 792 852 816 non
876 780 1106 825 desperamus
1131 779 1304 825 quaedam

224 833 348 873 postea
369 829 499 874 emergi
516 829 667 872 negotia,
716 837 784 861 uae
805 826 922 860 adhuc
942 827 1058 870 legum
1077 825 1211 878 laqueis
1233 835 1304 860 non

222 877 307 909 sunt
328 873 500 909 innodata
509 874 535 909 ³.
571 873 602 909 si
627 873 686 917 qui
734 872 841 916 igitur
864 871 935 906 tale
959 871 1157 914 contigerit,
1182 871 1303 914 Augu-

223 927 316 954 stum
351 917 559 964 imploretur
593 917 805 958 remedium,
849 916 933 960 quia
971 915 1051 950 ideo
1087 915 1305 960 imperialem

222 966 403 999 fortunam
426 965 534 999 rebus
558 963 722 997 humanis
747 961 834 996 deus
864 960 1090 1006 praeposuit,
1122 963 1162 995 ut
1190 959 1306 1005 possit

223 1009 342 1044 omnia
370 1018 462 1054 quae
484 1008 622 1044 noviter
645 1007 857 1050 contingunt
878 1009 916 1041 et
938 1005 1126 1041 emendare
1150 1008 1186 1040 et
1209 1015 1304 1039 com-

223 1064 355 1099 ponere
386 1057 422 1089 et
452 1053 565 1088 modis
596 1056 632 1088 et
666 1051 797 1096 regulis
833 1050 1116 1095 competentibus
1152 1050 1303 1085 tradere.

223 1103 259 1134 et
281 1099 350 1134 hoc
373 1109 445 1134 non
468 1099 620 1152 primum
646 1107 668 1132 a
690 1097 793 1132 nobis
817 1096 950 1132 dictum
975 1099 1039 1136 est,
1064 1095 1127 1131 sed
1147 1096 1193 1130 ab
1213 1094 1304 1130 anti-

222 1155 293 1190 qua
317 1143 499 1180 descendlt
519 1143 704 1188 prosapia:
731 1151 812 1176 cum
830 1145 867 1177 et
884 1142 962 1186 ipse
981 1141 1166 1175 Iulianus⁴
1189 1140 1306 1184 legum

222 1193 260 1225 et
282 1189 388 1224 edicti
411 1188 574 1234 perpetui
597 1187 850 1232 suptilissimus
872 1186 1035 1222 conditor
1055 1186 1092 1220 in
1112 1185 1186 1221 suis
1206 1185 1304 1220 libris

223 1235 290 1270 hoc
315 1234 471 1275 rettulit,
502 1237 560 1274 ut,
592 1233 623 1268 si
646 1232 732 1277 quid
754 1231 989 1276 inperfectum
1012 1231 1226 1273 inveniatur,
1259 1230 1305 1264 ab

222 1281 268 1314 im
295 1279 393 1315 eriali
418 1279 601 1314 sanctione
625 1277 694 1313 hoc
712 1277 904 1322 repleatur.
941 1279 978 1312 et
1001 1286 1072 1311 non
1095 1275 1172 1321 ipse
1195 1275 1304 1317 solus,

224 1335 275 1360 se(
321 1328 357 1360 et
390 1324 490 1359 divus
525 1322 730 1358 Hadrianus
764 1322 802 1356 in
837 1321 1094 1366 compositione
1129 1320 1235 1356 edicti
1271 1323 1307 1355 et

223 1374 368 1405 senatus
392 1368 574 1410 consulto,
599 1367 695 1413 quod
719 1377 796 1402 eam
821 1371 983 1402 secutum
1008 1370 1077 1410 est,
1110 1366 1179 1401 hoc
1202 1374 1304 1410 aper-

222 1415 357 1450 tissime
380 1413 538 1449 definivit
546 1415 571 1455 ⁵,
602 1416 658 1455 ut,
690 1412 722 1448 si
746 1411 831 1457 quid
854 1412 890 1446 in
914 1410 1029 1447 edicto
1055 1411 1211 1456 positum
1234 1421 1305 1445 non

222 1460 400 1495 invenitur
408 1460 433 1500 ⁰,
466 1460 534 1494 hoc
564 1459 610 1493 ad
640 1457 716 1493 eius
745 1457 887 1502 regulas
911 1456 1057 1500 eiusque
1082 1456 1305 1491 coniecturas

222 1508 259 1540 et
281 1505 495 1541 imitationes
519 1504 632 1549 possit
655 1513 748 1538 nova
770 1502 948 1538 instruere
971 1501 1179 1537 auctoritas.

272 1552 311 1584 19
358 1549 456 1584 Haec
478 1548 587 1593 igitur
610 1548 728 1583 omnia
757 1548 929 1590 scientes,
963 1551 1084 1592 patres
1115 1546 1306 1590 conscripti

224 1598 260 1630 et
294 1605 415 1630 omnes
451 1594 547 1629 orbis
582 1598 759 1629 terrarum
788 1593 965 1636 homines,
1000 1592 1134 1636 gratias
1165 1590 1306 1636 quidem

223 1639 456 1684 amplissimas
490 1639 584 1683 agite
616 1648 774 1673 summae
807 1637 997 1680 divinitati,
1034 1646 1126 1682 quae
1157 1636 1306 1672 vestris⁷

223 1685 442 1730 temporibus
483 1689 556 1719 tam
591 1683 864 1719 saluberrimum
899 1693 990 1728 opus
1025 1682 1195 1718 servavit:
1237 1691 1306 1726 quo

224 1730 315 1765 enim
352 1729 544 1774 antiquitas
581 1728 688 1773 digna
722 1728 839 1763 divino
869 1738 941 1764 non
972 1731 1028 1763 est
1057 1727 1134 1763 visa
1163 1726 1306 1768 iudicio,

224 1776 292 1810 hoc
319 1775 449 1810 vestris
481 1774 700 1819 temporibus
731 1773 906 1808 indultum
937 1776 1002 1808 est.
1050 1772 1158 1808 hasce
1188 1773 1309 1816 itaque

223 1820 318 1865 leges
347 1823 385 1855 et
414 1820 562 1855 adorate
594 1823 629 1854 et
652 1820 838 1854 observate
862 1819 1023 1854 omnibus
1048 1817 1308 1863 antiquioribus

224 1865 531 1910 quiescentibus⁸z
569 1874 742 1909 nemoque
779 1868 932 1899 vestrum
968 1862 1099 1898 audeat
1127 1862 1182 1898 vel
1212 1873 1307 1898 com-

224 1919 352 1955 parare
375 1920 438 1946 eas
461 1909 640 1955 prioribus
664 1909 737 1951 vel,
768 1909 797 1944 si
827 1908 912 1954 quid
935 1908 1125 1944 dissonans
1147 1908 1184 1942 in
1209 1911 1307 1942 utro-

226 1965 295 2000 que
319 1957 384 1996 est,
409 1954 607 2000 requirere,
640 1955 725 1999 quia
748 1964 851 1989 omne
875 1953 970 2007 quod
993 1953 1052 1989 hic
1076 1953 1230 1998 positum
1254 1955 1310 1987 est

225 2000 294 2035 hoc
324 2000 469 2035 unicum
500 2003 536 2035 et
567 2000 681 2035 solum
716 2000 897 2035 observari
930 2009 1126 2034 censemus.
1174 2008 1241 2034 nec
1272 1998 1308 2033 in

224 2044 355 2080 iudicio
378 2055 445 2080 nec
468 2045 505 2079 in
527 2044 598 2080 alio
626 2045 833 2088 certamine,
865 2044 928 2079 ubi
958 2044 1052 2089 leges
1085 2044 1309 2079 necessariae

225 2094 327 2132 sunt,
358 2100 405 2126 ex
435 2090 514 2125 aliis
543 2090 659 2132 libris,
692 2090 759 2125 nisi
791 2090 838 2125 ab
869 2089 993 2125 iisdem
1023 2088 1308 2125 institutionibus

225 2135 427 2180 nostrisque
457 2134 600 2179 digestis
633 2138 669 2170 et
700 2134 1015 2170 constitutionibus
1038 2144 1061 2169 a
1083 2133 1187 2169 nobis
1213 2144 1308 2169 com-

226 2180 350 2260 Hositis
373 2180 428 2216 vel
451 2179 681 2232 promulgatis
706 2179 838 2224 aliquid
862 2179 916 2215 vel
939 2179 1093 2215 recitare
1116 2179 1171 2214 vel
1190 2182 1308 2214 osten-

251 2235 309 2260 ere
341 2229 507 2268 conetur,
539 2225 606 2260 nisl
638 2228 830 2260 temerator
852 2225 935 2260 velit
957 2223 1125 2260 falsitatis
1149 2223 1309 2259 crimini⁹

226 2270 409 2306 subiectus
446 2280 519 2305 una
554 2280 633 2305 cum
667 2270 802 2312 iudice,
838 2269 899 2314 qui
934 2279 1058 2305 eorum
1093 2269 1307 2304 audientiam

225 2315 385 2360 patiatur
398 2317 436 2358 ¹⁰,
461 2315 584 2360 poenis
607 2314 822 2360 gravissimis
846 2315 1021 2350 laborare.

228 2521 268 2561 (1)
292 2519 330 2552 in
349 2518 386 2562 S,
408 2531 468 2552 om.
487 2519 522 2552 F

227 2565 271 2606 (ι)
294 2564 340 2597 D.
357 2566 470 2606 1,s,n
585 2566 628 2606 (5)
653 2563 879 2597 definitivitF

227 2611 270 2650 (τ)
296 2610 397 2642 vetris
416 2609 452 2643 F
577 2610 622 2651 (8)
646 2608 873 2651 quiscen‘tibus
891 2608 926 2642 F

227 2656 289 2696 (10)
313 2654 373 2696 qui
386 2655 433 2687 eis
444 2654 490 2696 (ei
501 2654 542 2696 S)
555 2654 761 2688 audientiam
772 2653 1032 2688 accommodabit
1045 2652 1096 2687 F²
1109 2654 1139 2687 S

632 2520 675 2560 (2)
699 2518 736 2551 in
757 2519 796 2560 S,
817 2531 876 2552 om.
896 2519 930 2551 F

983 2565 1028 2606 (6)
1054 2563 1247 2596 inveniatur
1259 2562 1312 2596 F²

227 2787 405 2823 bonimius
437 2787 540 2823 nobis
567 2788 828 2833 suppeditavit,
856 2787 1101 2841 plurimorum
1138 2786 1310 2823 librorum

227 2841 295 2867 nec
314 2831 429 2877 facile
450 2833 754 2869 numerandorum
778 2843 920 2878 coptam
941 2832 1044 2868 nobis
1062 2832 1310 2879 suppeditans,

228 2876 360 2923 quibus
389 2877 553 2912 omnibus
581 2877 809 2922 sufficienter
838 2877 980 2913 relectis
1010 2876 1099 2913 llaec
1130 2877 1311 2912 volumina

227 2922 426 2967 composita
455 2924 549 2956 sunt.
594 2932 682 2958 sane
711 2932 803 2968 quos
837 2922 888 2957 ad
915 2921 984 2958 hoc
1013 2923 1311 2968 conqrcqavimus

228 2967 334 3001 etiam
365 2966 402 3001 in
434 2966 526 3001 alios
549 2967 751 3013 complures
775 2967 886 3003 libros
909 2968 1132 3010 inciderunt,
1163 2967 1201 3002 in
1232 2968 1309 3013 qui-

229 3011 294 3047 bus
326 3022 408 3047 cum
442 3011 607 3046 idoneum
644 3011 736 3047 nihil
768 3013 982 3048 invenissent
1017 3015 1051 3047 et
1086 3012 1194 3047 iuxta
1228 3016 1311 3047 ante

228 3055 377 3092 collecta
399 3066 547 3098 reomau,
576 3067 626 3092 ex
656 3057 700 3092 iis
730 3058 767 3093 in
791 3056 860 3093 lioc
883 3062 1044 3092 nostrum
1069 3057 1307 3092 conditorium

232 3103 272 3136 18
319 3100 437 3146 lequm
454 3101 646 3147 quicquam
664 3103 821 3137 inserere
836 3102 963 3137 merito
978 3102 1180 3137 noluerunt.
1208 3101 1311 3144 Quod

226 3145 262 3181 si
283 3156 357 3192 qua
379 3145 416 3180 in
430 3149 618 3191 posterum
635 3146 811 3182 dubitatio
831 3147 966 3182 existat
985 3157 1101 3193 neque
1121 3158 1165 3182 ea
1185 3147 1223 3181 in
1243 3145 1310 3182 llas

228 3190 326 3237 leqes
347 3190 464 3225 relata
487 3190 691 3226 inveniatur
714 3191 838 3234 (multa
862 3192 954 3227 enim
986 3202 1079 3227 nova
1103 3191 1310 3238 producere

226 3235 318 3271 solet
352 3238 518 3277 natura),
553 3235 823 3281 imperatoriam
857 3240 1075 3283 potestatem
1110 3239 1308 3283 propterea

229 3279 318 3315 deus
343 3290 457 3326 super
485 3278 645 3315 homines
673 3282 872 3322 constituit,
902 3286 943 3316 ut
975 3282 1188 3327 ubicumque
1218 3292 1240 3316 o
1268 3290 1311 3316 us

227 3324 276 3361 eit
297 3324 465 3360 decidens
487 3329 641 3359 naturae
663 3324 842 3360 numanae
865 3327 1173 3372 imperfectionem
1197 3337 1221 3362 a
1247 3327 1309 3361 im·

224 3370 328 3416 pleat
356 3372 393 3404 et
414 3370 522 3405 certis
546 3368 578 3404 le
604 3369 684 3405 ibus
707 3374 741 3405 et
763 3371 902 3416 requlis
924 3382 1001 3405 eam
1027 3370 1198 3406 includat.
1245 3381 1310 3406 nec

229 3424 296 3450 nos
323 3413 392 3450 hoc
418 3414 535 3460 primi
588 3415 731 3457 icimus,
761 3414 827 3449 sed
856 3416 932 3461 ipse
955 3415 1124 3451 Iulianus
1153 3416 1309 3451 omnium

229 3470 372 3502 eorum,
408 3459 475 3505 qui
501 3462 656 3506 propter
690 3459 781 3495 iuris
805 3459 1038 3505 prudentiam
1070 3460 1309 3503 celebrantur,

229 3503 450 3540 clarissimus
465 3502 534 3539 hoc
548 3505 727 3539 invenitur
742 3504 881 3539 didisse
893 3508 927 3539 et
941 3506 1201 3550 quaestionum,
1217 3515 1310 3551 quae

230 3559 343 3584 novae
365 3548 547 3591 accidunt,
573 3547 787 3584 solutionem
810 3548 856 3585 ab
879 3549 1113 3595 imperatoria
1132 3553 1310 3596 potestate

225 3594 454 3640 expetivisse.
496 3597 531 3629 et
547 3597 742 3640 praeterea
792 3594 849 3629 iae
871 3595 1062 3629 memoriae
1083 3594 1309 3637 Hadrianus,

231 3649 311 3673 cum
335 3642 548 3685 praetorum
580 3648 723 3673 ammas
785 3648 850 3683 qes
878 3639 915 3674 in
965 3649 1051 3674 arvo
1076 3639 1193 3675 libello
1216 3649 1307 3674 com-

227 3686 382 3729 poneret
398 3681 544 3718 Iuliano
564 3693 650 3734 eqre
675 3683 711 3718 io
729 3684 805 3719 viro
826 3682 876 3718 ad
895 3683 910 3718 i
949 3683 1152 3729 adsumpw,
1171 3683 1207 3718 in
1228 3694 1306 3718 ora-

230 3727 338 3771 tione,
357 3737 465 3774 quam
478 3725 629 3775 publwe
672 3727 773 3765 abuit
790 3729 827 3765 in
849 3734 965 3764 vetere
987 3727 1112 3772 Roma,
1135 3728 1175 3765 id
1192 3728 1308 3775 ipsum

1262 115 1408 161 XXVI

1034 2520 1077 2559 (3)
1103 2518 1263 2550 innovata
1283 2518 1318 2550 F·

1049 2609 1095 2650 (9)
1121 2608 1261 2641 crimine
1283 2608 1316 2641 F

2033 132 2186 164 coss'r.
2217 130 2452 163 ΔΕΔΩΚΕΝ
2500 120 2502 122 ’

1369 243 1580 296 παρέσχετο,
1603 238 1751 295 πολλῶν
1772 255 1813 276 τε
1836 241 1994 295 βιβλίων
2017 245 2078 297 agal
2095 240 2179 277 οὐδὲ
2195 240 2455 291 ἀριθμηθῆναι

1370 286 1510 343 ῥᾳδίων
1532 297 1803 342 παρασχομενος
1825 286 1983 340 πληθοςι,
2016 300 2069 322 ων
2092 285 2277 341 ,ἁπάντων
2299 285 2456 335 διαρκᾰίς

1369 331 1706 395 αναγνωσθεντων)
1726 331 1913 385 ηθροίσθη
1929 345 1983 384 ιτα
2006 344 2173 386 παροντα
2196 337 2236 377 βι
2264 331 2333 367 λία.
2379 336 2453 366 καί·
2512 348 2513 353 ’

1369 387 1427 409 τοι
1482 387 1522 421 γε
1551 373 1587 409 οἱ
1617 387 1693 422 παρ
1739 389 1842 420 ημων
1871 388 1959 424 προς
1987 390 2095 412 τουτο
2123 389 2214 411 συνα
2248 377 2456 425 ροισθέντες
2517 388 2525 395 “

1371 418 1514 455 πολλοῖς
1537 418 1582 464 δὴ
1603 423 1663 454 καὶ
1687 421 1819 468 ἑτέροις
1842 424 2008 464 ἐνέτυχον
2031 421 2196 467 βιβλίοις,
2221 424 2262 456 ἐν
2280 421 2332 457 οἷς
2350 419 2456 456 οὐδὲν

1372 462 1535 511 εὑρόντες
1567 463 1764 500 σπουδαῖον
1794 464 1878 500 οὐδὲ
1913 466 2040 501 καινὸν
2075 466 2175 522 παρὰ
2208 466 2254 501 τὰ
2288 467 2457 515 πρόσθεν

1371 506 1598 558 ἠθροισμέναι
1627 509 1695 553 τὴν
1727 511 1766 551 ἐξ
1796 510 1921 546 αὐτῶν
1950 511 2098 546 εἰκότως
2120 510 2393 556 απεδοκίμασαν
2417 514 2457 544 ἐν
2510 525 2512 527 '

1375 557 1414 589 18
1460 552 1558 598 τῷδε
1580 555 1635 598 τῷ
1659 556 1908 603 συγγράμματι
1933 558 2012 591 τῶν
2035 557 2160 602 νόμων
2183 555 2367 603 εἰσφοράν.
2414 556 2457 589 Εἰ

1372 598 1412 633 δὲ
1443 602 1507 633 καί
1534 612 1570 633 τι
1601 598 1643 633 τὸ
1676 599 1804 635 λοιπὸν
1826 598 2124 647 ἀμφισβητηθείη
2149 604 2209 635 καὶ
2231 600 2281 655 pti]
2303 605 2376 636 τοῖς
2399 602 2456 635 νό·
2508 623 2523 633 2

1371 655 1450 688 μοις
1483 644 1624 678 τούτοις
1658 646 1944 700 ἐγγεγραμμένον
1979 651 2108 692 φανείη
2150 645 2278 687 (πολλα
2311 645 2378 699 γᾴρ
2415 644 2437 679 δ
2441 659 2459 689 η
2517 674 2524 691 ·.

1373 692 1532 743 πέφυκεν
1555 701 1779 737 καινουργειν
1803 705 1825 734 η
1848 696 1975 747 Pirene),
2005 689 2094 726 ἀλλὰ
2116 690 2307 736 βασιλείαν
2330 704 2350 725 ο
2375 690 2458 724 θεὸς

1373 732 1434 768 δια
1454 735 1562 768 τοῦτο
1585 734 1747 777 καθῆκεν
1771 737 1819 770 εἰς
1841 735 2072 784 ανθρώπους,
2096 734 2196 772 ὅπως
2219 733 2266 770 ἂν
2289 738 2363 770 τοῖς
2383 734 2457 769 δεο-

1372 781 1492 823 μένοις
1519 776 1576 813 det
1604 792 1641 813 τι
1671 777 1915 815 διατάττουσα
1943 780 2011 824 τὴν
2040 782 2101 826 τῆς
2131 779 2372 829 ἀνθρωπίνης
2395 780 2458 826 φύ-

1373 835 1462 857 σεως
1492 822 1683 871 ἀοριστίαν
1716 823 1921 874 ἀναπληροῖ
1949 839 1989 860 τε
2020 829 2081 860 καὶ
2112 827 2230 882 ῥητοῖς
2264 824 2458 873 περικλείοι

1372 868 1495 913 νόμοις
1517 881 1558 903 τε
1582 872 1641 902 καὶ
1664 866 1683 903 ὅ
1729 882 1767 904 ις.
1804 874 1864 904 καὶ
1888 868 1952 924 οὐχ
1974 868 2148 918 ἡμέτερον
2170 883 2210 918 γε
2232 871 2340 905 τοῦτο
2364 869 2457 918 λε’γο-
2509 891 2514 894 -

1373 927 1440 958 μεν
1463 914 1577 957 μόνον
1588 915 1612 955 ²,
1644 911 1667 947 ἇ
1711 912 1720 926 ²
1747 913 1813 959 ἢδη
1837 919 1897 949 καὶ
1921 928 1941 949 ο
1965 916 2118 951 πάντων
2139 916 2219 950 τῶν
2242 918 2282 949 ἐν
2306 916 2459 960 νομοθέ-

1373 970 1452 993 ταις
1475 955 1768 1003 εὖδοκιμηκότων
1791 960 2004 1014 σοφώτατος
2024 958 2213 996 Ἰουλιανὸς
2242 957 2328 995 αὐτὸ
2353 962 2460 994 τοῦτο
2516 963 2521 1006 ’-

1374 1007 1544 1050 φαίνεται
1575 1002 1691 1051 λέγων
1719 1008 1781 1039 καὶ
1809 1019 1876 1048 την
1909 1007 1947 1039 ἐκ
1981 1007 2044 1050 τῆς
2077 1004 2263 1050 βασιλείας
2293 1006 2353 1040 ἐπὶ
2383 1009 2461 1040 ταῖς
2507 1009 2510 1036 Σ

1373 1046 1640 1103 ἅναφυομέναις
1669 1049 1862 1128 ἓητὴσεσιν
1891 1050 2168 1095 ἐπικαλούμενος
2189 1047 2461 1106 ἀναπλήρωσιν,
2506 1057 2508 1059 ’

1374 1097 1433 1127 καὶ
1458 1105 1547 1139 προς
1569 1107 1609 1140 γε
1630 1091 1668 1128 Ἀ
1692 1095 1813 1140 ριανὸς
1835 1092 1855 1130 ὁ
1879 1097 1940 1152 τῇς
1963 1093 2129 1140 εὐσεβοῦς
2153 1095 2299 1140 λήξεως,
2330 1109 2391 1130 ore
2414 1095 2460 1129 τὰ

1374 1138 1474 1186 παρὰ
1495 1140 1574 1173 τῶν
1597 1139 1810 1187 πραιτόρων
1834 1153 1903 1175 κατ
1951 1142 2029 1175 ἔτος
2057 1143 2212 1175 ἕκαστον
2239 1140 2461 1186 νομοθετού·

1372 1197 1466 1239 μενα
1497 1186 1537 1218 ἐν
1567 1186 1696 1231 βραχεῖ
1722 1188 1796 1219 τινὶ
1825 1187 1955 1233 συνῆγε
1985 1184 2138 1230 βιβλίῳ,
2173 1184 2240 1221 τὸν
2268 1185 2462 1234 κράτιστον
2503 1215 2505 1220 ,

1381 1228 1567 1263 Ιουλιανὸν
1598 1229 1688 1276 πρὸς
1716 1231 1823 1264 τοῦτο
1853 1229 2082 1277 παραλαβών
2117 1229 2209 1265 κατὰ
2242 1229 2310 1265 τὸν
2345 1229 2457 1277 λόγον,
2499 1249 2502 1256 v

1374 1271 1418 1308 ὃν
1449 1276 1489 1308 ἐν
1520 1274 1632 1317 κοινῷ
1662 1271 1853 1318 διεξῆλθεν
1884 1276 1944 1310 ἐπὶ
1967 1276 2029 1319 τῆς
2052 1279 2235 1323 πρεσβυτέ
2257 1286 2295 1310 ας
2318 1271 2460 1320 Ῥώμης,

1376 1317 1464 1353 αὐτὸ
1489 1317 1534 1363 δὴ
1555 1320 1662 1353 τοῦτο
1687 1324 1808 1365 φησίν,
1843 1317 1890 1354 ὠς
1920 1321 1957 1354 εἴ
1982 1334 2019 1354 τι
2043 1319 2142 1367 παρὰ
2163 1318 2207 1355 τὸ
2230 1288 2460 1368 διατεταγμέ·
2498 1362 2501 1366 Α

1375 1377 1441 1398 νον
1464 1361 1694 1410 ἀνακύψειεν,
1719 1365 1901 1412 προσῆκόν
1925 1367 2025 1400 ἐστιν
2047 1365 2129 1401 τοὺς
2151 1368 2193 1400 ἐν
2211 1363 2335 1413 ἀρχαῖς
2353 1366 2462 1400 τοῦτο

1375 1409 1578 1457 πειρᾶσθαι
1610 1406 1764 1456 διαιρεῖν
1788 1413 1847 1443 καὶ
1875 1411 1919 1445 θε
1945 1410 2093 1445 απεύειν
2116 1409 2207 1445 κατὰ
2230 1410 2299 1454 τὴν
2322 1411 2360 1445 ἐκ
2383 1411 2462 1445 τῶν
2505 1426 2512 1450 .·

1376 1452 1442 1498 ἤδη
1466 1452 1763 1501 διατεταγμένων
1785 1451 1911 1490 ἀκολου
1946 1460 2016 1490 ίαν.

1427 1502 1466 1534 19
1518 1500 1638 1533 Ταῦτα
1661 1503 1786 1534 τοίνυν
1808 1497 1967 1535 ἅπαντες
1989 1503 2122 1547 (φαμὲν
2150 1499 2191 1536 δὲ
2220 1498 2309 1546 ὑμᾶς
2336 1502 2401 1536 τε8
2431 1492 2463 1535 αἶ
2502 1519 2506 1521 ·

1375 1543 1527 1597 μεγάλη,
1540 1543 1651 1588 βουλὴ
1679 1548 1739 1578 καὶ
1768 1541 1787 1579 ὁ
1818 1544 1941 1581 λοιπὸς
1970 1544 2066 1601 ἅπας
2086 1547 2148 1591 τῆς
2171 1543 2341 1600 ἡμετέρας
2362 1544 2462 1582 πολι·

1376 1594 1472 1624 τείας
1505 1589 1717 1642 ανθρωπρς)
1752 1589 1993 1637 γινώσκοντες
2025 1604 2131 1639 χαριν
2160 1593 2229 1637 μὲν
2260 1589 2463 1639 ομολογεῖτε
2515 1599 2525 1612 ¹⁴

1379 1636 1458 1678 θεῷ
1481 1635 1537 1678 τῷ
1560 1638 1634 1668 τοῖς
1656 1639 1837 1682 υμετέροις
1859 1636 2000 1689 χρόνοις
2021 1634 2167 1684 ἀγαθὸν
2196 1636 2372 1672 τοσοῦτον
2400 1650 2462 1683 φυ-
2519 1659 2525 1667 ‹

1378 1679 1545 1721 λάξαντι,
1577 1693 1598 1722 χ
1623 1681 1715 1724 ἦσθε
1747 1679 1787 1715 δὲ
1816 1685 1890 1715 τοῖς
1913 1685 2093 1731 ημετέροις
2115 1681 2252 1727 νόμοις,
2283 1682 2363 1716 τῶν
2390 1683 2464 1716 τοῖς

1378 1724 1491 1760 πάλαι
1533 1728 1600 1769 βιβ
1623 1729 1689 1760 ίοις
1730 1727 2029 1782 ένγεγραμμένων
2064 1730 2299 1775 προσέχοντες
2331 1723 2463 1768 οὐδενί,

1377 1767 1461 1804 οὐδὲ
1490 1768 1784 1813 ἀντεξετάζοντες
1814 1770 1905 1806 αυτὰ
1938 1771 2026 1819 πρὸς
2053 1771 2100 1807 τὰ
2121 1773 2187 1807 νῦν
2210 1775 2373 1817 κείμενα,
2405 1769 2465 1806 διὰ

1378 1815 1419 1850 τὸ
1451 1812 1519 1849 κᾶν
1550 1816 1582 1848 εἰ
1613 1813 1734 1858 δοκοίη
1765 1815 1848 1850 τινά
1877 1828 1955 1852 πως
1983 1814 2145 1862 ἀλλήλοις
2166 1816 2216 1863 μὴ
2237 1815 2463 1873 συμφθέγγε-
2506 1826 2510 1830 “

1378 1861 1488 1902 σθαι,
1517 1856 1594 1895 ἀλλ’
1627 1854 1693 1895 οὖν
1721 1859 1764 1896 τὸ
1792 1863 1860 1906 μὲν
1883 1861 2062 1909 πρότερον
2086 1858 2170 1906 ἡμῖν
2194 1858 2244 1897 ὠς
2264 1861 2465 1897 αλυσιτελός

1378 1902 1573 1952 ἀπαρέσαι,
1603 1905 1647 1940 τὸ
1670 1907 1738 1940 νῦν
1762 1904 1825 1940 33⁴
1853 1908 1962 1941 τοῦτο
1985 1906 2089 1949 δόξαι
2112 1910 2268 1954 κρατεῖν.
2313 1909 2375 1942 καὶ
2396 1906 2434 1955 γ’
2506 1919 2508 1921 ·

1378 1947 1650 1999 ἀπαγορεύομεν
1673 1953 1821 1986 ἐκείνοις
1842 1951 1885 1986 τὸ
1909 1951 2039 1987 λοιπὸν
2067 1953 2246 1999 χρῆσθαι,
2276 1953 2393 1987 ταῦτα
2419 1920 2465 1986 35
2505 1984 2507 1989 .

1378 1994 1423 2039 δὴ
1445 1999 1506 2029 καὶ
1529 1995 1625 2041 μόνα
1650 1995 1915 2031 πολιτεύεσθαί
1935 2010 1976 2032 τε
1999 2000 2060 2031 καὶ
2088 2011 2109 2032 κ
2134 2000 2235 2032 ατεῖν
2265 1997 2464 2045 συγχωροῦ-
2497 2036 2499 2038 ³

1377 2043 1446 2086 μέν
1475 2054 1516 2076 τε
1544 2044 1606 2075 καὶ
1634 2042 1876 2087 θεσπίζομεν·
1910 2039 1958 2077 ὠς
1987 2038 2010 2077 ὅ
2037 2055 2078 2090 γε
2156 2043 2301 2090 ιχειρῶν
2323 2044 2364 2076 ἐκ
2385 2042 2465 2078 τῶν
2502 2054 2504 2056 ’

1378 2086 1591 2133 ἔμπροσθεν
1613 2085 1781 2132 βιβλίων,
1810 2084 1885 2121 ἀλλ’
1917 2085 1981 2122 οὐκ
2005 2089 2044 2122 ἐκ
2065 2086 2209 2122 τούτων
2232 2085 2277 2131 δὴ
2297 2088 2377 2123 τῶν
2400 2085 2464 2122 δύο
2506 2116 2507 2119 ,

1377 2131 1535 2177 βιβλίων
1562 2131 1689 2177 μόνων
1718 2135 1779 2166 καὶ
1807 2133 1886 2167 τῶν
1915 2131 2118 2173 διατάξεων
2141 2133 2221 2167 τῶν
2244 2130 2334 2178 παρ’
2361 2129 2464 2177 ἡμῶν
2503 2147 2523 2175 χ

1378 2177 1655 2222 συντιθεμένων
1678 2173 1701 2221 ἢ
1721 2180 1945 2224 γενομένων,
1974 2177 2139 2225 χρῆσθαί
2166 2190 2266 2212 τισιν
2297 2176 2420 2222 νόμοις
2442 2174 2464 2222 ἢ
2503 2207 2505 2210 .

1377 2221 1525 2256 τούτους
1546 2224 1587 2256 ἐν
1607 2220 1850 2266 δικαστηοίοις
1866 2219 2130 2270 ἀναγινώσκειν
2151 2220 2182 2266 ἦ,
2202 2222 2239 2257 εἴ
2252 2235 2293 2270 γε
2313 2220 2464 2265 δικάζοι,
2501 2258 2507 2265 μ,

1377 2266 1522 2302 τούτων
1543 2263 1609 2302 ὑπ’
1636 2263 1738 2311 αὐτῷ
1761 2254 2006 2312 δεικνυμένων
2026 2263 2093 2302 ἀνέ
2112 2267 2234 2309 εσθαι,
2258 2267 2463 2316 παραποιῆ-
2505 2275 2507 2279 ”

1378 2323 1470 2347 σεως
1491 2312 1612 2356 ἔνοχος
1633 2313 1736 2347 ἔσται
1759 2316 1821 2347 καὶ
1843 2310 2031 2357 δημοσίων
2061 2281 2296 2357 ἀδικημάτων
2323 2313 2464 2360 κριθεὶς
2497 2327 2504 2335 ’-

1377 2356 1424 2392 τὰ
1455 2357 1519 2402 τῆς
1548 2359 1690 2402 ποινῆς,
1732 2357 1765 2391 εἰ
1794 2361 1855 2392 καὶ
1885 2356 1935 2403 μὴ
1965 2356 2147 2405 λέγοιμεν,
2184 2354 2261 2392 ἀλλ’
2300 2355 2464 2393 αὐτόθεν
2494 2375 2499 2379 Δ

1378 2400 1561 2451 πρόδηλον
1586 2399 1634 2438 αἱς
1656 2399 1911 2447 ὑποστήσεται.

1381 2519 1421 2558 (1)
1445 2519 1564 2551 καίτοι
1584 2517 1746 2561 Krueqer,
1771 2529 1832 2549 και
1850 2526 1926 2550 τοις
1946 2516 1981 2549 F
2043 2518 2090 2558 (2)
2112 2527 2240 2560 μονων
2258 2516 2293 2550 F
2355 2519 2398 2559 (3)
2421 2527 2462 2551 τε
2498 2547 2499 2550 ,

1382 2563 1444 2596 clel.
1463 2562 1615 2596 Herclzer
1713 2565 1754 2603 (4)
1779 2559 1822 2595 τὸ
1842 2558 1883 2595 δὲ
1901 2561 1969 2595 νῦν
1988 2562 2136 2596 ΗενοΙιεν

1380 2787 1495 2829 dixit,
1525 2788 1561 2823 si
1589 2786 1680 2833 quid
1706 2788 1903 2832 emerqeret
1918 2790 2071 2833 praeter
2093 2787 2306 2830 constituta,
2336 2798 2461 2823 curam
2498 2807 2500 2810 >

1379 2842 1490 2878 aqere
1520 2831 1648 2868 debere
1677 2831 1931 2878 maqistratus,
1963 2833 2003 2865 ut
2034 2830 2074 2866 id
2095 2831 2286 2876 definirent
2308 2836 2343 2867 et
2365 2832 2461 2868 ordi·

1378 2879 1509 2912 narent
1531 2876 1726 2913 secundum
1749 2875 2014 2912 similitudinem
2036 2876 2108 2911 iam
2129 2877 2413 2913 constitutorum.

1428 2924 1467 2956 19
1514 2921 1618 2958 Haec
1653 2921 1767 2967 iqitur
1799 2930 1921 2955 omnes
1951 2939 1996 2946 —
2028 2930 2092 2956 vos
2120 2921 2276 2964 scilicet,
2313 2926 2462 2957 senatus

1378 2967 1615 3012 amplissime,
1649 2969 1685 3001 et
1717 2966 1853 3011 reliqui
1880 2975 2002 3000 omnes
2033 2971 2179 3001 nostrae
2207 2967 2265 3001 rei
2286 2966 2461 3014 publicae

1379 3010 1539 3046 nomines
1562 3031 1605 3036 —
1629 3021 1709 3047 cum
1733 3010 1965 3055 intelleqatis,
1997 3011 2138 3056 qratias
2168 3011 2266 3057 ayite
2297 3012 2363 3046 deo
2395 3011 2462 3058 qui

1378 3056 1504 3091 vestris
1538 3056 1757 3102 temporibus
1791 3054 1886 3090 lianc
1918 3055 2128 3100 felicitatem
2169 3057 2382 3099 reservarit,
2425 3059 2460 3091 et

1378 3100 1522 3135 utimini
1541 3101 1677 3136 nostris
1698 3100 1838 3146 leqibus
1856 3099 2112 3146 posthabentes
2133 3101 2274 3143 omnia,
2304 3111 2399 3146 quae
2421 3101 2458 3136 in
2502 3107 2507 3119 ¹

1377 3146 1537 3190 antiquis
1556 3145 1659 3181 libris
1676 3147 1815 3191 scripta
1834 3148 1929 3186 sunt,
1954 3155 2019 3180 nec
2042 3149 2294 3191 comparantes
2315 3156 2359 3180 ea
2378 3155 2458 3181 cum

1371 3190 1638 3237 praesentibus,
1653 3194 1853 3236 propterea
1873 3189 1983 3235 quod,
2001 3189 2036 3225 si
2051 3189 2152 3235 forte
2170 3190 2346 3236 quaedam
2366 3191 2460 3225 inter

1376 3245 1415 3270 se
1444 3245 1517 3270 non
1548 3235 1737 3270 convenire
1757 3234 1956 3277 videantur,
1993 3233 2032 3270 id
2065 3233 2163 3280 quod
2192 3239 2300 3270 antea
2329 3235 2405 3280 suit
2434 3246 2458 3271 a
2502 3260 2506 3265 .

1378 3280 1480 3315 nobis
1502 3283 1542 3315 ut
1565 3279 1692 3315 inutile
1720 3280 1889 3315 reiectum
1918 3280 1968 3315 sit
1997 3281 2032 3314 et
2060 3278 2159 3325 quod
2186 3290 2283 3316 nunc
2313 3279 2458 3332 leqitur,

1377 3324 1417 3360 id
1439 3325 1551 3359 visum
1576 3324 1706 3359 valere.
1753 3327 1913 3360 vetamus
1942 3328 2059 3359 autem
2087 3324 2123 3358 in
2146 3323 2312 3369 futurum
2337 3325 2383 3360 iis
2404 3323 2459 3360 uti

1377 3371 1412 3405 et
1442 3368 1508 3404 lios
1536 3370 1634 3405 solos
1662 3370 1803 3405 versari
1830 3371 1866 3403 et
1895 3368 2014 3404 valere
2035 3369 2280 3422 permittimus
2310 3372 2345 3405 et
2374 3379 2456 3404 san-

1377 3415 1510 3457 cimus,
1549 3417 1590 3449 ut
1625 3414 1691 3459 qui
1722 3423 1773 3449 ex
1803 3413 1989 3460 prioribus
2019 3413 2121 3449 libris
2151 3424 2267 3460 neque
2294 3424 2344 3450 eae
2371 3414 2457 3449 solis
2515 3454 2519 3456 ,

1377 3459 1518 3495 duobus
1539 3458 1596 3495 liis
1618 3462 1653 3494 et
1675 3458 1987 3511 constitution-ibus
2009 3469 2033 3493 a
2050 3457 2165 3510 'no-bis
2192 3458 2350 3494 collectis
2373 3458 2453 3511 fac-

1377 3505 1466 3539 tisve
1495 3503 1553 3540 uti
1580 3504 1805 3550 temptaverit
1835 3502 1974 3549 leqibus
2003 3502 2185 3549 aliquibus
2214 3502 2273 3538 vel
2297 3504 2336 3538 in
2365 3502 2456 3539 nudi—

1375 3549 1443 3584 ciis
1472 3559 1545 3602 eas·
1563 3549 1718 3602 recitfzre
1746 3547 1818 3591 vel,
1847 3557 1928 3601 cum
1957 3547 2072 3599 iudefc
2097 3548 2162 3590 sit,
2191 3557 2254 3601 eas
2270 3548 2354 3601 ‘sub-
2377 3549 2456 3601 ipso

1376 3593 2061 3690 tetmwztsassretrst
2081 3591 2457 3690 fabar
2502 3679 2504 3681 ‚

1373 3689 1671 3775 zqzzryinpoenoen
1701 3682 1902 3718 subiturum
1931 3692 2012 3717 eum
2036 3691 2086 3718 εει·
2109 3691 2189 3728 ipsa
2211 3691 2253 3717 re
2273 3686 2321 3718 sit
2343 3693 2451 3718 mam·
2502 3687 2503 3690 ’
