2528 3918
42 129 47 131 “
110 123 171 156 DE
199 123 455 155 msmom
482 122 679 155 ACTIONE

110 239 129 271 8
176 235 260 271 dum
291 234 412 270 Labeo
444 232 597 279 scripsit.
651 232 750 268 Idem
781 232 848 275 ait,
885 233 916 268 si
958 232 1191 268 libitinarius¹

108 290 248 317 servum
279 278 548 326 1101110010181112
569 277 736 313 1180118111
765 277 866 323 isque
896 281 1076 313 mortuum
1107 287 1191 323 spo-

107 325 263 368 liaverit,
295 324 448 360 dandam
476 323 515 358 in
538 333 618 358 eum
641 322 744 368 quasi
766 322 979 358 institoriam
1003 323 1191 365 actionem,

108 374 129 407 9
175 369 333 416 quamvis
341 373 377 404 et
384 367 470 403 furti
479 371 515 403 et
522 367 730 403 iniuriarum
739 368 832 403 actio
844 371 1072 414 competeret.
1095 367 1192 403 Idem

107 416 229 452 Labeo
261 415 328 450 ait:
360 413 391 449 si
422 413 500 459 quis
531 413 647 458 pistor
676 423 816 448 servum
847 423 950 448 suum
974 413 1100 449 solitus
1124 413 1193 447 fuit

106 461 142 496 in
156 463 290 496 certum
301 459 419 494 locum
438 458 578 494 mittere
597 458 644 493 ad
662 468 791 510 panem
810 458 1044 501 vendendum,
1066 457 1192 493 deinde

105 506 135 542 is
159 504 310 551 pecunia
332 507 482 549 accepta
504 504 727 548 praesent1³,
758 507 801 538 ut
830 514 896 548 per
929 503 1003 539 dies
1035 503 1191 548 singulos

33 571 39 578 ‹-
106 551 156 586 eis
190 559 318 596 panem
331 595 339 601 ¹
352 552 570 595 praestaret,
607 549 890 591 conturbaverit,
929 548 1084 584 dubitari
1117 558 1191 583 non

106 598 256 642 oportet,
280 605 384 640 quin,
408 594 440 629 si
462 594 624 639 permisit
647 594 679 629 ei
701 594 754 628 ita
777 593 855 628 dari
878 604 1054 636 summas,
1078 593 1191 629 teneri

108 644 148 676 10
194 640 332 676 debeat.
380 638 451 674 Sed
483 643 519 674 et
550 649 632 674 0010
662 639 750 674 fullo
781 649 865 684 pere
908 649 927 674 e
958 638 1190 684 proficiscens

104 688 274 732 rogasset,
300 688 340 720 ut
363 684 544 729 discipulis
567 684 652 727 suis,
678 684 807 730 quibus
831 688 869 719 ta
895 695 1016 719 ernam
1034 684 1189 719 instruc-

104 735 177 766 tam
198 730 413 772 tradiderat,
444 730 636 775 imperaret
645 730 670 772 ⁴,
702 733 785 774 post
808 730 909 765 cuius
933 729 1190 774 profectionem

103 776 312 812 vestimenta
336 775 531 820 discipulus
556 775 753 820 accepisset
776 778 812 810 et
833 774 994 820 fugisset,
1018 774 1189 810 fullonem

103 832 176 857 000
201 821 321 862 180811,
347 820 378 855 81
401 820 503 866 quasi
526 823 739 865 procurator
757 819 826 855 fuit
843 820 1007 855 relictus:
1032 820 1088 855 sin
1106 829 1189 855 vero

103 866 206 913 quasi
227 866 380 908 institor,
402 866 517 901 teneri
541 875 631 900 eum.
664 866 771 911 plane
791 865 821 900 si
840 865 1080 900 adfirmaverit
1104 865 1190 899 mihi

102 915 199 948 recte
222 921 278 946 me
303 910 446 946 credere
469 911 640 956 operariis
672 911 765 953 suis,
798 921 869 946 non
899 910 1093 953 institoria,
1126 909 1190 945 sed

106 961 143 992 11
193 967 238 992 ex
271 956 389 992 locato
424 956 613 991 tenebitur.
661 955 745 991 Non
778 959 899 991 tamen
933 966 1056 997 omne,
1093 955 1190 1000 quod

104 1013 182 1038 cum
205 1002 367 1038 institore
385 1002 530 1047 geritur,
545 1002 687 1046 obligat
707 1011 786 1036 eum
804 1001 866 1046 qui
910 1001 1101 1046 raeposuit,
1127 1000 1189 1036 sed

102 1048 163 1090 ita,
187 1047 218 1083 si
242 1047 316 1083 eius
339 1045 391 1082 rei
413 1047 539 1092 gratia,
565 1047 622 1082 cui
639 1046 864 1099 praepositus
898 1046 1000 1089 uerit,
1025 1049 1188 1082 contrac-

101 1097 177 1128 tum
209 1097 281 1135 est,
312 1092 349 1127 id
373 1096 427 1127 est
450 1092 636 1127 dumtaxat
660 1091 706 1127 ad
729 1091 789 1127 1d⁵
813 1091 907 1137 quod
932 1102 1013 1126 eum
1036 1101 1188 1136 praepo-

105 1141 144 1173 12
191 1138 273 1174 8011.
321 1137 475 1173 Proinde
507 1137 537 1172 si
561 1138 753 1183 praeposui
775 1137 821 1172 ad
844 1137 1013 1172 mercium
1037 1137 1188 1172 distrac-

101 1183 252 1226 tionem,
276 1183 425 1219 tenebor
447 1183 588 1218 nomine
612 1183 686 1218 eius
712 1193 756 1218 ex
780 1186 897 1227 empto
922 1182 1080 1218 actione:
1104 1182 1188 1217 item

102 1229 131 1265 si
154 1229 247 1264 forte
270 1228 317 1264 ad
335 1228 523 1264 emendum
543 1238 622 1263 eum
641 1238 893 1274 praeposuero,
918 1228 1069 1263 tenebor
1087 1227 1187 1262 dum-

100 1277 202 1309 taxat
225 1284 269 1309 ex
290 1273 450 1309 vendito:
476 1273 539 1309 sed
563 1284 678 1319 neque
702 1274 733 1308 si
757 1273 804 1308 ad
828 1273 1031 1316 emendum,
1064 1276 1100 1308 et
1128 1272 1188 1308 ille

102 1319 313 1361 vendiderit,
345 1328 459 1364 neque
489 1319 519 1354 si
550 1318 596 1353 ad
626 1318 867 1361 vendendum,
900 1322 936 1354 et
967 1319 1028 1354 ille
1051 1318 1185 1360 emerit,

103 1367 143 1400 13
192 1365 334 1400 debebit
367 1364 498 1407 teneri,
539 1363 646 1409 idque
681 1363 826 1399 Cassius
862 1364 1003 1409 probat.
1052 1362 1124 1398 Sed
1158 1363 1189 1399 si

100 1410 287 1455 pecuniam
311 1410 389 1455 quis
414 1409 603 1445 crediderit
625 1409 779 1445 institori
798 1408 845 1444 ad
865 1408 1032 1444 emendas
1052 1419 1188 1444 merces

99 1455 323 1508 praeposito,
355 1455 456 1490 locus
489 1459 542 1490 est
571 1455 787 1498 institoriae,
818 1454 982 1500 idemque
1013 1457 1050 1490 et
1080 1454 1111 1489 si
1142 1453 1188 1489 ad

99 1511 307 1546 penslonem
319 1510 384 1545 pro
396 1500 547 1535 taberna
559 1500 827 1536 exsolvendam:
853 1500 950 1545 quod
968 1500 1021 1537 ita
1041 1500 1187 1535 verum⁶

104 1549 144 1581 14
190 1551 296 1591 puto,
322 1546 389 1581 nisi
411 1546 612 1590 prohibitus
635 1545 704 1581 fuit
727 1546 891 1580 mutuari.
940 1545 979 1580 Si
1001 1545 1052 1588 ei,
1084 1555 1188 1590 quem

100 1591 147 1627 ad
169 1591 391 1627 vendendum
415 1591 642 1626 emendumve
661 1591 778 1626 oleum
797 1591 1000 1636 praeposui,
1025 1595 1187 1626 mutuum

99 1637 217 1672 oleum
249 1636 371 1671 datum
407 1636 470 1679 sit,
507 1636 694 1671 dicendum
728 1637 794 1671 erit
824 1636 1039 1671 institoriam
1069 1636 1187 1671 locum

101 1685 141 1717 15
189 1682 331 1717 habere.
379 1682 467 1716 Item
490 1681 521 1717 si
543 1682 696 1724 institor,
722 1692 803 1717 cum
827 1681 942 1717 oleum
961 1681 1186 1724 vendidisset,

99 1727 245 1762 anulum
277 1737 380 1762 arrae
411 1727 552 1762 nomine
583 1727 762 1772 acceperit
792 1737 907 1772 neque
938 1737 1019 1762 eum
1049 1726 1185 1769 reddat,

100 1772 280 1812 dominum
315 1772 491 1818 institoria
522 1773 653 1808 teneri:
688 1783 770 1808 nam
801 1772 876 1808 eius
907 1772 979 1815 rei,
1010 1772 1048 1807 10
1081 1782 1187 1817 quam

98 1817 323 1863 praepositus
345 1822 408 1860 est,
435 1821 659 1853 contractum
678 1822 751 1853 est:
776 1818 846 1852 nisi
864 1817 959 1853 forte
978 1817 1187 1852 mandatum

99 1863 131 1898 ei
165 1862 233 1898 fuit
266 1863 445 1908 praesenti
479 1863 632 1908 pecunia
665 1863 828 1899 vendere.
877 1873 988 1908 quare
1022 1863 1053 1898 si
1093 1862 1188 1898 forte

98 1908 225 1953 pignus
248 1908 391 1943 institor
414 1908 459 1944 ob
480 1909 634 1953 pretium
655 1909 843 1954 acceperit,
868 1908 1065 1944 institoriae
1085 1909 1186 1944 locus

101 1955 141 1988 16
189 1954 265 1989 8111.
314 1954 402 1988 Item
434 1953 651 1997 fideiussori,
687 1955 748 1999 qui
778 1964 844 2000 pro
879 1954 1042 1989 institore
1076 1954 1186 1988 inter-

98 1999 249 2041 venerit,
281 1999 457 2034 institoria
487 1999 673 2045 competit:
711 1999 786 2035 eius
820 1999 912 2035 enim
944 1999 996 2034 rei
1029 1999 1187 2044 sequella

101 2046 140 2078 17
189 2048 253 2079 est.
302 2043 340 2079 Si
363 2045 408 2079 ab
433 2045 503 2080 alio
526 2045 669 2080 institor
689 2045 735 2080 sit
753 2045 991 2090 praepositus,
1015 2044 1046 2080 is
1066 2048 1187 2080 tamen

99 2089 290 2124 decesserit
324 2090 385 2135 qui
416 2090 623 2135 praeposuit
654 2093 690 2125 et
719 2091 823 2125 heres
855 2090 888 2125 ei
919 2089 1093 2132 extiterit,
1125 2090 1187 2135 qui

98 2134 222 2171 eodem
245 2134 408 2171 institore
434 2139 572 2178 utatur,
606 2135 681 2170 sine
705 2135 814 2170 dubio
838 2135 951 2171 teneri
975 2145 1056 2170 eum
1080 2146 1185 2180 opor-

98 2181 198 2216 tebit.
234 2191 301 2216 nec
325 2191 417 2222 non,
449 2181 480 2215 si
511 2184 594 2215 ante
625 2181 758 2215 aditam
782 2180 1014 2215 hereditatem
1039 2191 1119 2215 cum
1143 2190 1184 2216 eo

99 2229 320 2261 contractum
344 2229 409 2268 est,
434 2236 586 2271 aequum
604 2229 660 2261 est
678 2226 856 2271 ignoranti
876 2226 954 2260 dari
971 2225 1186 2261 institoriam

101 2274 141 2306 18
188 2271 375 2307 actionem.
424 2270 494 2306 Sed
529 2274 565 2306 et
597 2271 628 2306 si
661 2274 876 2316 procurator
911 2281 1029 2313 meus,
1075 2274 1184 2314 tutor,

98 2320 243 2352 curator
265 2316 462 2352 institorem
485 2317 750 2362 praeposuerit,
776 2316 964 2351 dicendum
989 2316 1055 2352 8111
1078 2317 1186 2351 veluti

97 2373 119 2397 a
142 2372 198 2397 me
220 2361 424 2407 praeposito
449 2361 602 2397 dandam
626 2362 839 2397 institoriam
863 2362 1049 2397 actionem.

143 2405 168 2444 6
193 2407 248 2442 ΡΑ
257 2416 352 2443 ozas
372 2407 462 2443 libro
488 2408 696 2454 trz'qensz'mo
722 2407 771 2442 ad
793 2407 946 2442 edictum
994 2406 1064 2442 Sed
1088 2411 1124 2443 et
1147 2407 1184 2442 in

97 2453 212 2497 ipsum
245 2456 533 2504 procuratorem,
568 2452 599 2487 si
630 2452 786 2488 omnium
816 2463 935 2487 rerum
970 2456 1185 2498 procurator

98 2501 162 2538 est,
187 2497 264 2532 (1811
288 2497 431 2533 debebit
453 2497 640 2533 institoria.

143 2540 167 2579 7
207 2542 400 2578 [lamnas
431 2543 522 2579 libro
558 2543 748 2578 vicensimo
784 2545 910 2578 octavo
946 2542 996 2577 ad
1030 2542 1182 2578 edictum

97 2587 167 2623 Sed
198 2591 234 2623 et
258 2587 288 2623 si
311 2587 390 2633 quis
413 2598 528 2623 meam
550 2598 625 2623 rem
648 2598 774 2633 gerens
823 2587 1044 2633 raeposuerit
1068 2592 1103 2623 et
1125 2598 1183 2623 ra-

100 2636 113 2667 1
164 2637 239 2668 tum
263 2633 440 2675 habuero,
472 2633 566 2669 idem
591 2634 658 2668 erit
681 2633 783 2669 dicen
809 2644 879 2668 um.
928 2633 1034 2668 Parvi
1064 2637 1184 2668 autem

96 2678 216 2720 refert,
241 2678 318 2723 quis
343 2678 389 2713 sit
411 2678 565 2721 institor,
589 2679 769 2714 masculus
794 2688 842 2713 an
860 2677 1003 2720 femina,
1027 2678 1118 2714 liber
1136 2689 1183 2714 an

97 2733 218 2759 servus
249 2723 413 2769 proprius
444 2724 499 2759 vel
531 2724 677 2759 alienus.
723 2724 807 2760 item
839 2724 997 2769 quisquis
1029 2734 1182 2769 praepo-

96 2769 208 2804 suit⁷z
242 2778 325 2803 nam
348 2773 384 2804 et
406 2769 437 2804 si
460 2769 586 2804 mulier
616 2770 842 2817 praeposuit,
875 2772 1052 2814 competet
1082 2769 1181 2805 insti-

97 2814 189 2849 toria
213 2814 373 2859 exemplo
405 2814 636 2850 exercitoriae
667 2815 819 2850 actionis
852 2819 888 2850 et
919 2814 949 2849 si
979 2814 1106 2849 mulier
1137 2815 1183 2850 sit

95 2859 312 2904 praeposita,
335 2859 514 2894 tenebitur
537 2859 643 2895 etiam
665 2860 755 2913 ipsa.
792 2859 855 2895 sed
878 2862 914 2894 et
936 2859 967 2895 si
986 2859 1060 2894 filia
1079 2859 1181 2895 fami-

96 2904 162 2939 lias
197 2904 244 2939 sit
278 2904 332 2940 vel
368 2904 498 2939 ancilla
532 2909 755 2950 praepofflta,
801 2905 971 2949 competit
1004 2905 1182 2940 institoria

97 2952 116 2983 2
164 2949 269 2984 80110.
315 2949 504 3002 Pupillus⁸
527 2953 646 2985 autem
669 2950 810 2986 institor
833 2950 967 2994 obligat
990 2959 1088 2992 eum,
1122 2950 1182 2994 qui

97 3004 176 3029 eum
199 3004 285 3039 prae
312 2998 425 3037 osuit,
449 2994 627 3031 institoria
651 2996 809 3039 actione,
834 2995 1002 3040 quoniam
1026 2995 1093 3030 sibi
1116 2995 1180 3030 im·

96 3042 224 3084 putare
247 3005 362 3082 deget,
387 3039 447 3085 qui
470 3050 550 3075 eum
573 3041 789 3086 praeposuit.

143 3080 167 3121 8
195 3083 318 3120 GAIUS
337 3084 429 3120 libro
452 3096 548 3120 nono
571 3085 622 3121 ad
645 3086 798 3122 edictum
816 3085 1043 3132 provinciale
1088 3084 1181 3120 Nam

95 3133 131 3165 et
142 3129 311 3212 Splerique
333 3139 464 3175 pueros
487 3131 695 3176 puellasque
717 3131 875 3166 tabernis
899 3134 1134 3176 praeponunt.

206 3173 401 3210 ULPIANUS
431 3175 523 3210 libro
558 3176 747 3212 vicensimo
783 3179 908 3212 octavo
944 3176 993 3210 ad
1027 3175 1180 3211 edictum

96 3219 228 3255 Verum
252 3219 282 3254 si
305 3219 382 3264 ipse
404 3220 561 3265 pupillus
592 3221 857 3273 praeposuerit,
890 3220 920 3256 si
951 3220 1092 3265 quidem
1124 3224 1179 3254 tu-

97 3265 183 3299 toris
207 3265 432 3307 auctoritate,
457 3265 682 3310 obligabltur‚
707 3266 738 3301 si
760 3266 889 3309 minus,
913 3276 995 3301 non.

145 3307 195 3346 10
222 3308 346 3345 GAlUs
365 3310 455 3345 libro
479 3321 574 3346 nono
599 3311 649 3346 ad
670 3310 825 3347 edictum
842 3310 1070 3357 provinciale
1105 3310 1177 3345 Ea-

96 3357 199 3389 tenus
221 3357 341 3389 tamen
364 3354 507 3390 dabitur
529 3355 566 3390 in
597 3365 678 3391 eum
709 3355 822 3399 actio,
854 3359 1029 3401 quatenus
1062 3366 1105 3390 ex
1138 3365 1180 3390 ea

96 3409 134 3434 re
156 3398 238 3433 locu
265 3399 368 3434 letior
391 3403 456 3435 est.

146 3442 192 3479 11
256 3452 421 3480 LPIANUS
449 3444 539 3480 libro
571 3445 760 3481 vicensimo
791 3448 914 3481 octavo
947 3445 997 3480 ad
1026 3445 1179 3480 edictum

97 3487 167 3522 Sed
179 3488 194 3508 ⁹
217 3487 247 3522 si
265 3488 419 3533 pupillus
438 3489 541 3525 heres
563 3489 717 3525 extiterit
737 3490 769 3525 ei
781 3491 810 3512 ¹⁰
829 3490 889 3536 qui
909 3493 1177 3536 praeposuerat,

98 3601 137 3639 (1)
162 3610 243 3642 quos
257 3599 382 3632 Graece
394 3599 647 3646 νεκροθιὶπτας
659 3605 780 3635 vocant
800 3604 976 3646 adscripsit
994 3604 1179 3636 emendator

99 3644 177 3677 libri
188 3645 368 3678 Florentini
480 3647 524 3687 (2)
547 3645 772 3689 pollicitorem
783 3647 829 3680 F¹
940 3650 982 3689 (3)
1008 3658 1027 3679 a
1039 3647 1177 3689 quibus-

98 3688 173 3720 dam
187 3691 246 3722 ins.
369 3690 411 3731 (4)
436 3690 640 3733 imperarent
651 3704 712 3724 scr.
828 3693 872 3732 (5)
896 3693 938 3724 ad
951 3691 999 3735 id]
1012 3692 1047 3724 id
1060 3692 1102 3724 ad
1114 3704 1176 3725 scr.

99 3734 143 3772 (0)
168 3738 206 3766 111
218 3735 278 3767 im.
294 3734 325 3766 F
327 3734 336 3753 ¹
413 3736 457 3776 (7)
483 3735 559 3777 quis
571 3735 617 3768 sit
628 3736 687 3778 qui
699 3737 894 3779 praeposuit
905 3749 967 3770 scr.
1045 3738 1089 3776 (8)
1115 3747 1176 3778 pu-

1194 103 1270 154 189
1373 158 1377 163 ,
2169 113 2298 155 XIIII
2327 116 2351 155 3

1263 231 1516 277 aequissimum
1539 232 1606 267 erit
1629 234 1803 278 pupillum
1825 234 1950 278 teneri,
1975 235 2146 281 quamdiu
2168 235 2351 281 praeposi-

1263 281 1321 313 tus
1356 280 1494 313 manet:
1530 278 1764 314 removendus
1800 280 1893 315 enim
1927 279 1997 315 fuit
2031 290 2054 322 a
2087 280 2286 322 tutoribus,
2323 281 2352 316 si

1266 325 1279 357 1
1330 322 1467 358 nollent
1497 332 1606 374 opera
1638 323 1713 358 8108
1744 324 1807 359 uti.
1855 324 1926 360 Sed
1964 329 2000 360 et
2032 325 2063 361 si
2092 326 2209 362 minor
2230 326 2352 371 viginti

1262 368 1417 413 quinque
1451 377 1554 403 annis
1591 367 1659 420 erit
1692 369 1752 413 qui
1786 370 2011 414 praeposuit,
2054 371 2186 407 auxilio
2223 372 2351 407 aetatis

1262 415 1281 447 2
1328 415 1452 448 utetur
1474 423 1547 448 non
1570 422 1648 448 8108
1672 423 1804 449 080888
1836 415 2048 459 cognitione.
2096 416 2152 452 De
2183 427 2254 462 quo
2286 427 2350 462 pa-

1261 458 1332 492 lam
1355 457 1492 503 proscri
1519 462 1596 493 tum
1619 457 1745 501 fuerit,
1779 469 1824 493 ne
1856 470 1936 494 cum
1968 470 2009 495 eo
2043 462 2296 505 contrahatur,
2319 462 2351 497 is

1285 502 1456 548 raepositi
1501 513 1567 538 oco
1602 513 1676 538 non
1709 503 1882 539 habetur:
1915 516 1987 540 non
2019 507 2112 542 enim
2143 507 2350 552 permitten-

1260 514 1345 583 3010
1369 548 1436 583 8111
1461 558 1542 583 cum
1564 548 1729 584 institore
1752 549 1983 592 contrahere,
2016 552 2079 586 sed
2101 552 2132 588 si
2155 553 2236 604 quis
2259 553 2350 588 nolit

1261 593 1445 636 contrahi,
1478 593 1685 638 prohibeat:
1719 597 1877 629 ceterum
1901 595 1960 639 qui
1983 602 2191 641 praeposmt
2213 598 2350 633 tenebi-

1260 641 1279 673 3
1326 642 1386 673 tur
1408 638 1488 683 ipsa
1507 639 1782 691 praepositione.
1830 639 2058 676 Proscribere
2078 642 2196 687 palam
2217 643 2269 678 sic
2290 653 2349 678 ac-

1261 683 1411 728 cipimus
1436 684 1541 719 018118
1564 684 1712 727 11118118,
1737 684 1832 719 0οᾱ8
1856 684 1900 720 (18
1923 685 2030 730 plano
2056 691 2152 722 recte
2176 688 2244 733 legi
2266 699 2349 733 pos-

1259 729 1323 771 sit,
1360 732 1444 764 ante
1477 729 1665 764 tabernam
1697 729 1834 765 80111081
1864 730 1919 765 vel
1950 734 2034 766 ante
2066 741 2146 767 eum
2169 733 2288 768 locum
2312 734 2349 768 in

1259 784 1329 819 quo
1353 775 1546 826 negotiatio
1571 778 1767 818 exercetur,
1791 785 1863 810 non
1887 775 1925 810 in
1948 775 2028 811 1000
2054 781 2201 821 1810010,
2226 778 2290 814 sed
2312 779 2350 814 in

1259 818 1422 854 evidentl.
1459 819 1585 855 litteris
1609 823 1731 855 utrum
1756 820 1903 856 Graecis
1927 831 1975 855 80
1996 820 2160 858 Latinis?
2183 827 2270 875 puto
2295 834 2349 859 se-

1259 864 1415 899 cundum
1450 865 1520 900 loci
1556 865 1822 909 condicionem,
1865 875 1911 901 ne
1946 866 2025 911 quis
2061 877 2203 903 08118811
2236 869 2351 913 possit

1258 909 1495 954 ignorantiam
1518 910 1729 946 litterarum.
1768 914 1865 947 certe
1888 911 1918 947 si
1942 911 2022 956 quis
2048 911 2145 947 dicat
2166 913 2349 958 ignorasse

1258 965 1297 990 se
1320 955 1457 990 litteras
1481 955 1535 990 vel
1558 966 1631 990 non
1655 956 1864 992 observasse
1887 956 1982 1036 quod
2005 957 2228 1002 propositum
2262 963 2350 1002 erat,

1259 1011 1340 1035 cum
1363 1000 1466 1035 multi
1489 1001 1647 1045 legerent
1671 1012 1823 1047 cumque
1845 1012 1893 1047 pa
1908 1012 1965 1036 am
1990 1007 2085 1037 esset
2116 1004 2349 1048 propositum,

1259 1049 1279 1080 4
1326 1056 1399 1081 non
1432 1045 1608 1081 audietur.
1657 1046 1901 1092 Proscriptum
1933 1050 2052 1083 autem
2075 1052 2248 1093 perpetuo
2274 1060 2351 1084 esse

1258 1094 1417 1136 oportet:
1444 1095 1601 1127 ceterum
1625 1092 1656 1127 si
1678 1102 1744 1137 per
1766 1092 1803 1127 id
1826 1093 2008 1138 temporis,
2033 1103 2103 1138 quo
2127 1094 2349 1139 propositum

1258 1146 1330 1171 non
1355 1140 1443 1180 erat,
1466 1136 1522 1172 vel
1545 1137 1740 1172 obscurata
1762 1138 1900 1183 proscri
1927 1138 2025 1174 tione
2049 1143 2272 1174 contractum
2292 1140 2350 1182 sit,

1257 1181 1435 1217 institoria
1457 1182 1577 1217 locum
1600 1182 1758 1218 habebit.
1796 1183 1899 1228 proin
1926 1194 1945 1219 e
1969 1183 2000 1219 si
2023 1183 2186 1219 dominus
2211 1185 2350 1229 quidem

1257 1227 1385 1262 mercis
1409 1227 1691 1273 proscripsisset,
1717 1228 1807 1264 alius
1832 1232 1951 1263 autem
1975 1229 2120 1264 sustulit
2144 1233 2209 1264 aut
2232 1233 2349 1266 vetus-

1257 1275 1332 1307 tate
1354 1273 1409 1307 vel
1440 1273 1562 1317 pluvia
1591 1273 1646 1309 vel
1677 1284 1747 1319 quo
1779 1273 1884 1309 simili
1915 1274 2149 1320 contingit¹¹,
2185 1285 2232 1310 ne
2266 1286 2349 1320 pro-

1257 1317 1430 1363 scriptum
1443 1318 1472 1339 ¹²
1495 1321 1590 1353 esset
1611 1318 1667 1354 vel
1691 1329 1763 1354 non
1787 1322 1948 1364 pareret,
1973 1319 2163 1355 dicendum
2188 1330 2267 1355 eum
2291 1321 2350 1366 qui

1256 1363 1503 1408 praeposuit¹³
1533 1363 1657 1399 teneri.
1706 1364 1768 1399 sed
1799 1365 1830 1399 si
1862 1364 1940 1409 ipse
1971 1365 2115 1400 institor
2150 1365 2348 1410 decipiendi

1257 1409 1327 1443 mei
1351 1419 1462 1443 causa
1494 1408 1668 1452 detraxit,
1701 1409 1802 1445 dolus
1833 1409 1846 1444 i
1873 1410 1947 1445 sius
1978 1411 2212 1456 praeponenti
2226 1411 2252 1432 ¹⁴
2285 1422 2348 1447 no-

1257 1464 1338 1489 cere
1370 1453 1493 1497 debet,
1527 1454 1596 1489 nisi
1626 1455 1806 1500 particeps
1863 1455 1911 1490 oli
1941 1454 2051 1491 fuerit
2074 1456 2134 1501 qui
2159 1457 2347 1492 contraxit.

1256 1502 1275 1534 5
1325 1499 1493 1535 Condicio
1518 1503 1639 1535 autem
1662 1500 1938 1545 praepositionis
1962 1501 2135 1536 servanda
2159 1505 2231 1537 est:
2265 1502 2349 1547 quid

1257 1545 1350 1579 enim
1382 1545 1413 1580 si
1439 1548 1539 1580 certa
1561 1545 1638 1591 lege
1661 1546 1716 1580 vel
1738 1546 1940 1581 interventu
1966 1546 2151 1582 cuiusdam
2174 1557 2349 1592 personae

1255 1590 1311 1625 vel
1342 1590 1409 1626 sub
1441 1590 1588 1636 pignore
1618 1591 1731 1626 voluit
1763 1602 1844 1626 cum
1868 1601 1909 1627 eo
1936 1592 2100 1627 contrahi
2123 1593 2178 1627 vel
2201 1593 2248 1627 ad
2272 1603 2345 1628 cerr

1255 1639 1330 1670 tam
1352 1636 1453 1671 rem?
1484 1635 1735 1681 aequissimum
1760 1637 1827 1672 erit
1849 1637 1887 1672 id
1910 1637 2063 1680 servari,
2087 1637 2124 1672 in
2148 1648 2219 1683 quo
2243 1648 2347 1683 prae-

1255 1680 1394 1726 positus
1428 1685 1492 1716 est.
1547 1681 1634 1716 item
1665 1682 1696 1717 si
1732 1682 1760 1703 ¹⁵
1770 1682 1890 1727 plures
1922 1682 2050 1717 habuit
2081 1683 2263 1719 institores
2295 1683 2349 1719 vel

1256 1737 1338 1761 cum
1361 1726 1525 1762 omnibus
1549 1726 1653 1762 simul
1674 1727 1839 1762 contrahi
1858 1727 1970 1762 voluit
1989 1728 2045 1763 vel
2064 1739 2145 1763 cum
2164 1739 2237 1764 uno
2258 1729 2346 1764 solo.

1256 1771 1319 1807 sed
1344 1775 1379 1806 et
1410 1772 1441 1807 si
1472 1771 1694 1807 denuntiavit
1725 1772 1803 1815 cui,
1839 1783 1884 1808 08
1916 1783 1997 1808 0010
2032 1783 2074 1809 80
2107 1774 2346 1817 00011808181,

1255 1828 1328 1852 000
1352 1816 1459 1852 (18081
1480 1817 1659 1852 institoria
1681 1818 1812 1853 teneri:
1839 1828 1921 1853 nam
1945 1821 1982 1853 et
2003 1822 2137 1853 certam
2158 1829 2347 1864 personam

1255 1872 1444 1907 possumus
1469 1862 1658 1907 prohibere
1682 1863 1893 1899 contrahere
1915 1864 1971 1899 vel
1995 1868 2131 1899 certum
2149 1875 2261 1917 genus
2283 1865 2346 1900 ho-

1255 1908 1389 1943 minum
1411 1908 1465 1943 vel
1498 1908 1776 1960 negotiatorum,
1810 1909 1865 1944 vel
1895 1908 2002 1944 certis
2032 1909 2234 1945 homimbus
2266 1920 2344 1955 per-

1255 1953 1406 1988 mittere.
1442 1953 1505 1988 sed
1530 1963 1561 1988 81
1585 1953 1674 1989 81188
1707 1964 1788 1989 0010
1819 1954 1889 1990 8110
1921 1954 2084 1990 contrahi
2116 1955 2230 1990 vetuit
2261 1965 2346 1990 con·
2396 1968 2399 1970 >

1255 1999 1357 2033 tinua
1386 1999 1602 2041 variatione,
1636 1998 1757 2034 danda
1789 2002 1843 2034 est
1874 2000 2039 2035 01001008
2072 1999 2241 2036 adversus
2266 2011 2346 2035 eum

1256 2047 1276 2080 6
1323 2044 1437 2079 8011οε
1460 2054 1575 2089 neque
1595 2044 1687 2079 enim
1700 2044 1816 2090 decipi
1829 2044 1961 2080 debent
1974 2045 2238 2081 contrahentes.
2276 2045 2346 2081 Sed

1255 2089 1286 2124 si
1308 2089 1346 2124 10
1377 2092 1491 2125 totum
1524 2090 1707 2134 prohibuit
1740 2100 1822 2125 cum
1854 2100 1895 2126 eo
1934 2091 2116 2133 contrahi,
2152 2091 2346 2136 praepositi

1254 2135 1334 2170 loco
1358 2145 1432 2170 non
1455 2135 1626 2177 habetur,
1660 2145 1741 2170 cum
1771 2135 1883 2180 magis
1914 2135 1973 2171 hic
2005 2135 2163 2171 custodis
2196 2136 2243 2172 sit
2265 2136 2344 2171 loco

1255 2190 1362 2225 quam
1396 2180 1590 2215 institoris:
1626 2190 1707 2225 ergo
1739 2191 1807 2216 1180
1838 2181 1991 2216 vendere
2022 2191 2175 2217 mercem
2198 2181 2257 2216 hic
2281 2192 2344 2226 po-

1256 2228 1273 2259 7
1321 2225 1407 2260 18111
1429 2235 1495 2260 080
1519 2224 1697 2260 modicum
1721 2226 1806 2270 quid
1831 2236 1875 2261 ex
1897 2226 2058 2261 taberna.
2107 2226 2145 2261 Si
2167 2227 2345 2262 institoria

1253 2273 1352 2306 recte
1376 2274 1496 2306 actum
1521 2274 1593 2313 est,
1626 2270 1818 2306 tributoria
1840 2271 1918 2316 ipso
1942 2271 2020 2307 iure
2043 2271 2161 2307 locum
2185 2282 2258 2307 non
2281 2272 2344 2306 ha-

1254 2316 1332 2351 bet:
1366 2326 1481 2361 neque
1513 2315 1605 2351 enim
1635 2319 1755 2361 potest
1785 2316 1916 2352 habere
1947 2317 2064 2352 locum
2096 2317 2285 2352 tributoria
2307 2317 2344 2352 in

1255 2371 1370 2397 merce
1393 2361 1582 2397 dominica.
1618 2361 1712 2406 quod
1736 2361 1766 2396 si
1790 2372 1862 2397 non
1886 2361 1954 2396 fuit
1976 2362 2119 2397 institor
2143 2362 2341 2397 dominicae

1254 2409 1274 2442 8
1322 2407 1469 2449 mercis,
1493 2406 1683 2442 tributoria
1707 2417 1749 2442 su
1777 2410 1872 2442 erest
1895 2407 1999 2442 80110.
2048 2406 2086 2442 Si
2109 2418 2132 2442 a
2155 2418 2254 2442 servo
2280 2411 2342 2442 tuo

1253 2462 1382 2496 operas
1416 2452 1538 2487 vicarii
1569 2452 1644 2487 eius
1677 2462 1745 2487 con
1772 2462 1882 2487 uxero
1919 2456 1956 2487 et
1988 2462 2068 2487 eum
2103 2452 2212 2487 merci
2245 2462 2344 2487 meae

1252 2497 1451 2532 institorem
1470 2496 1588 2532 fecero
1609 2497 1711 2542 isque
1730 2497 1795 2532 tibi
1815 2507 1967 2532 mercem
1980 2497 2188 2539 vendiderit,
2212 2498 2342 2542 emptio

1253 2546 1324 2578 est:
1360 2553 1444 2578 nam
1475 2553 1557 2578 cum
1590 2542 1750 2577 dominus
1784 2552 1806 2577 a
1838 2552 1938 2577 servo
1971 2542 2072 2584 emit,
2108 2546 2164 2577 est
2199 2543 2341 2587 emptio,

1251 2588 1335 2623 licet
1359 2598 1431 2623 non
1455 2588 1502 2623 sit
1521 2587 1684 2622 dominus
1706 2587 1892 2631 obligatus,
1917 2597 2031 2632 usque
2049 2587 2152 2630 adeo,
2176 2591 2217 2622 ut
2237 2588 2342 2623 etiam

1253 2643 1316 2678 pro
1331 2643 1385 2668 em
1412 2637 1490 2668 tore
1502 2636 1537 2668 et
1549 2632 1731 2678 possidere
1753 2636 1788 2667 et
1808 2642 2007 2677 usucapere
2027 2632 2190 2668 dominus
2209 2633 2340 2678 possit:

1302 2676 1352 2715 12
1405 2687 1571 2714 ULJANUS
1598 2678 1689 2713 libro
1720 2677 1908 2713 undecimo
1933 2677 2154 2730 diqestoru‘m
2202 2682 2237 2713 et
2259 2678 2340 2714 ideo

1251 2724 1347 2759 utilis
1371 2723 1548 2758 institoria
1571 2723 1664 2758 actio
1690 2722 1858 2757 adversus
1882 2733 1938 2758 me
1957 2723 2024 2757 tibi
2044 2726 2232 2767 competet,
2256 2723 2342 2758 mihi

1251 2779 1332 2804 vero
1357 2769 1527 2804 adversus
1551 2771 1587 2803 te
1610 2768 1665 2802 vel
1689 2767 1732 2802 de
1755 2767 1894 2847 peculio
1928 2767 2203 2813 dispensatoris,
2236 2769 2266 2803 si
2298 2779 2341 2803 ex

1252 2814 1429 2849 conducto
1455 2823 1560 2858 agere
1582 2813 1696 2854 velim,
1720 2823 1762 2847 ve
1799 2812 1843 2847 de
1866 2813 2005 2857 peculio
2030 2813 2164 2855 vicarii,
2190 2814 2286 2858 quod
2310 2814 2340 2848 ei

1250 2870 1402 2894 mercem
1424 2858 1645 2894 vendendam
1667 2857 1925 2893 mandaverim:
1958 2858 2183 2911 pretiumque
2197 2859 2243 2901 ¹⁶,
2268 2869 2339 2904 quo

1251 2904 1384 2946 emisti,
1416 2904 1454 2938 in
1476 2914 1552 2938 rem
1576 2906 1674 2937 tuam
1697 2913 1837 2937 versum
1860 2902 1970 2938 viden
1993 2904 2125 2948 poterit
2149 2913 2210 2946 eo,
2243 2903 2339 2949 quod

1250 2949 1390 2984 debitor
1413 2948 1504 2984 servi
1528 2948 1580 2983 tui
1604 2947 1721 2983 factus
1747 2958 1854 2983 esses.

1300 2992 1348 3031 13
1382 2993 1577 3030 Uzmws
1605 2992 1695 3028 libro
1727 2993 1917 3028 vicensimo
1948 2997 2072 3029 octavo
2106 2993 2156 3029 ad
2185 2994 2337 3029 edictum

1250 3039 1416 3074 Habebat
1452 3038 1531 3083 quis
1566 3048 1704 3073 servum
1740 3038 1855 3073 108101
1899 3038 2053 3073 01881188
2096 3048 2182 3083 prae
2209 3038 2338 3074 0811001

1249 3085 1411 3126 Arelate,
1437 3083 1589 3118 eundem
1612 3086 1648 3118 et
1670 3083 1802 3118 mutuis
1825 3083 1985 3128 pecuniis
2009 3083 2170 3128 accipien
2195 3084 2243 3118 is:
2277 3093 2336 3118 ac-

1250 3133 1393 3174 ceperat
1416 3132 1576 3163 mutuam
1599 3127 1805 3173 pecuniam:
1837 3131 1968 3173 putans
1994 3128 2151 3164 creditor
2174 3128 2220 3163 ad
2245 3138 2335 3162 mer-

1250 3185 1308 3210 ces
1341 3185 1420 3209 eum
1452 3173 1634 3218 accepisse
1665 3173 1736 3218 egit
1768 3174 1954 3218 proposita
1987 3173 2147 3209 actione:
2183 3173 2336 3218 probare

1249 3231 1321 3255 non
1352 3219 1468 3264 potuit
1498 3218 1626 3254 mercis
1656 3218 1771 3263 gratia
1802 3229 1882 3254 eum
1914 3219 2106 3263 accepisse.
2142 3218 2225 3253 licet
2249 3227 2334 3252 con-

1249 3269 1392 3309 sumpta
1423 3267 1478 3298 est
1508 3263 1602 3299 actio
1634 3273 1701 3298 nec
1731 3263 1882 3308 amplius
1913 3273 2019 3308 agere
2050 3263 2197 3308 poterit,
2234 3262 2335 3306 quasi

1249 3309 1408 3354 pecuniis
1456 3319 1574 3353 uoque
1597 3308 1728 3343 mutuis
1748 3308 1964 3353 accipiendis
1986 3312 2080 3343 esset
2098 3307 2333 3352 praepositus,

1248 3358 1367 3389 tamen
1402 3353 1444 3387 Iu
1460 3353 1561 3389 'anus
1601 3353 1722 3388 utilem
1758 3353 1790 3389 ei
1824 3353 2002 3388 actionem
2037 3356 2236 3397 competere
2272 3351 2332 3402 ait.

1252 3403 1264 3433 1
1315 3398 1519 3434 Meminisse
1542 3401 1662 3434 autem
1684 3398 1863 3443 oportebit
1885 3398 2063 3433 institoria
2083 3397 2262 3432 dominum
2283 3401 2334 3430 118

1249 3444 1388 3478 demum
1420 3443 1550 3486 teneri,
1583 3443 1614 3478 si
1643 3454 1716 3479 non
1740 3443 1921 3478 novaverit
1943 3443 2021 3487 quis
2047 3452 2123 3477 eam
2147 3440 2331 3485 obligatio-

1248 3499 1329 3524 nem
1358 3487 1413 3523 vel
1444 3488 1489 3523 ab
1521 3488 1683 3524 institore
1706 3488 1761 3523 vel
1784 3488 1830 3523 ab
1856 3488 1924 3523 alio
1949 3486 2102 3522 novandi
2126 3486 2241 3520 animo
2267 3487 2329 3519 sti-

1814 3603 1873 3642 (Ιο)
1899 3601 1976 3633 etF
2064 3600 2117 3638 (11)
2144 3597 2291 3638 contigit
2305 3597 2333 3629 S

1724 3648 1780 3689 (13)
1806 3644 2029 3688 proposuitF
2127 3644 2183 3682 (14)
2209 3652 2330 3683 propo-

1787 3693 1845 3731 (16)
1871 3690 2014 3731 pretium
2028 3697 2160 3730 quoque
2172 3687 2253 3720 Hal„

1248 3601 1347 3643 pillos
1362 3601 1395 3633 F
1492 3603 1536 3642 (9)
1562 3604 1596 3634 81
1609 3603 1668 3635 ins.
1683 3602 1712 3635 S

1249 3649 1306 3687 (12)
1332 3647 1577 3688 praescriptum
1590 3647 1624 3680 F

1246 3691 1342 3723 nenti
1354 3692 1389 3724 F
1476 3692 1534 3732 (15)
1559 3692 1617 3733 qui
1632 3693 1693 3726 ins.
