2528 3918
174 111 345 154 XXXJI

173 232 278 269 facile
303 233 477 269 contineri
502 233 590 270 velle
613 233 787 271 eiusmodi
810 234 1004 280 mancipia,
1028 234 1095 270 nisi
1118 233 1262 271 evidens

173 278 338 314 voluntas
362 278 431 312 fuit
453 278 561 314 etiam
584 277 628 315 de
651 279 708 316 his
730 279 933 316 sentientis:
964 290 1046 314 nam
1069 289 1159 325 quos
1183 280 1263 325 quis

173 322 253 359 ideo
286 324 524 368 comparavit,
557 328 599 359 ut
626 323 710 361 ilico
738 323 969 366 distraheret,
1000 324 1128 360 mercis
1152 324 1264 369 magis

174 372 193 402 5
240 368 321 403 loco
345 378 452 413 quam
475 379 623 405 suorum
645 369 813 406 habuisse
833 369 1031 405 credendus
1050 372 1117 405 est.
1155 369 1263 405 Vica-

174 413 245 449 rios
277 416 397 448 autem
429 423 614 450 servorum
644 424 793 451 suorum
824 425 971 450 numero
995 423 1068 450 non
1092 414 1266 450 contineri

173 458 392 540 Pomfonius
415 458 508 495 libro
531 459 657 505 quinto
680 460 817 496 scribit.

221 500 244 539 7
298 501 529 540 Poupomvs
556 504 648 541 libro
677 508 784 540 sexto
814 504 864 540 ad
885 503 1059 540 Sabinum
1113 504 1153 540 Si
1184 505 1264 551 quis

172 558 258 584 suos
290 557 411 585 servos
441 548 589 595 legavit,
625 559 829 586 communes
861 559 1003 594 quoque
1036 550 1265 586 continentur

173 598 209 628 et
230 592 269 628 in
315 594 420 630 uibus
442 603 531 630 usus
553 594 696 631 fructus
719 595 855 630 alienus
879 594 960 630 fuit.

219 635 273 676 75
333 648 502 675 amanus
520 639 612 676 libro
635 640 802 675 vicesimo
825 639 877 675 ad
890 638 1063 675 Sabinum
1102 638 1265 675 Nummis’

172 683 320 720 indistm‘
285 683 293 691 ⁰
323 688 380 720 cte
407 684 534 731 legatis
563 685 634 720 hoc
665 688 848 730 receptum
878 688 953 727 est,
992 687 1034 720 ut
1064 685 1264 730 exiguiores

172 729 281 775 legati
309 728 515 773 videantur,
555 729 586 765 si
624 739 738 781 neque
775 739 820 765 ex
859 729 1116 766 consuetudine
1151 730 1264 775 patris

172 773 329 810 famihae‘
274 773 284 783 ⁸
351 784 468 820 neque
490 784 535 811 ex
558 775 723 820 regioms,
748 774 842 810 unde
865 774 944 818 fuit,
971 785 1087 820 neque
1110 785 1155 810 ex
1179 785 1263 811 con-

173 822 274 855 textu
296 820 501 856 testamenti
523 820 639 866 possit
662 829 847 865 apparere.

220 862 272 902 76
297 864 405 900 Imm
424 865 515 901 libro
538 864 697 901 secundo
721 865 772 900 ad
792 865 946 901 edictum
1002 864 1145 901 Chattis
1169 864 1264 910 lega-

172 910 218 946 tis
249 919 355 946 nemo
387 909 483 946 dicet
511 910 665 955 scriptas
679 910 690 930 ¹
719 913 757 945 et
779 909 890 946 libros
912 910 984 945 iam
1007 909 1125 946 factos
1148 909 1266 954 legato

175 955 312 991 cedere.
359 955 430 992 hoc
453 954 547 991 idem
572 959 608 991 et
630 954 667 990 in
689 954 822 990 tabulis
847 959 912 991 est.

219 998 271 1037 77
305 1000 530 1036 latroianus
555 1000 648 1036 libro
673 1000 798 1047 primo
827 1010 877 1036 ex
907 1000 1055 1036 Plautio
1109 1000 1198 1036 Cum
1229 1001 1267 1035 in

172 1045 427 1082 substitutione
440 1048 461 1068 ¹·
482 1045 599 1090 legata
614 1048 839 1090 repetuntur,
859 1045 1044 1081 libertates
1058 1046 1165 1081 etiam
1180 1056 1264 1082 con-

171 1091 341 1127 tinentur.

219 1134 299 1175 782
328 1136 384 1172 ΡΛ
392 1145 487 1172 vans
515 1136 606 1172 libro
637 1135 795 1171 secundo
827 1135 878 1171 ad
914 1135 1094 1171 Vitellium
1148 1135 1264 1181 Quae-

172 1182 281 1218 situm
305 1185 360 1218 est
383 1181 547 1216 Stichum
578 1190 719 1216 servum
749 1190 794 1216 ex
822 1190 866 1216 eo
889 1179 1001 1216 fundo
1025 1184 1109 1216 ante
1133 1191 1265 1216 annum

172 1227 297 1263 mortis
327 1226 510 1262 testatoris
542 1225 737 1261 abductum
772 1229 809 1261 et
841 1225 1050 1271 disciplinae
1081 1226 1264 1269 traditum,

172 1277 299 1319 postea
328 1272 368 1307 in
398 1281 481 1307 eum
510 1270 662 1306 fundum
692 1281 765 1306 non
787 1281 969 1307 reversum
993 1281 1040 1306 an
1064 1271 1266 1307 deberetur.

171 1328 383 1363 responsum
406 1320 471 1358 est,
496 1316 527 1351 si
550 1314 717 1352 studendi
747 1325 860 1352 causa
886 1316 1059 1359 misisset,
1089 1327 1163 1352 non
1194 1327 1265 1362 quo

176 1367 188 1398 1
241 1362 284 1399 de
299 1362 411 1398 fundo
426 1371 508 1397 eum
522 1361 693 1396 aliorsum
706 1360 929 1404 transferret,
945 1361 1068 1397 deberi
1077 1362 1102 1396 ³.
1138 1361 1266 1397 ‘Maevi

172 1408 245 1451 ‘fili‚
271 1407 367 1453 quod
389 1407 461 1442 iam
483 1406 550 1441 tibi
572 1405 763 1441 maximam
812 1409 925 1442 artem
948 1406 1177 1442 facultatium
1203 1407 1264 1442 de-

172 1453 306 1495 ‘derim‚
332 1455 522 1488 contentus
546 1461 625 1486 esse
646 1450 755 1487 debes
842 1451 887 1487 do
905 1451 1163 1497 Semproniano
1185 1462 1265 1487 cum

172 1502 181 1517 ⁶
229 1499 238 1506 .
278 1498 286 1505 .
387 1497 397 1505 .
481 1496 488 1503 .
596 1496 605 1504 .
809 1497 843 1506 ..
1069 1496 1077 1505 .
1106 1497 1115 1505 .
1243 1498 1252 1512 ,

171 1496 1264 1589 Jfflsfflsteisst'i?’nssssffiiissmdebitssssuffissbiffissis:

171 1588 296 1625 eadem
325 1587 516 1633 epistulam
546 1587 655 1622 talem
684 1587 818 1623 emisit:
858 1590 1057 1640 ‘argentum
1092 1597 1196 1623 omne
1230 1591 1267 1623 et

171 1632 450 1687 ‘supellectilem
475 1631 724 1686 quodcumque
746 1632 875 1675 habeo,
901 1632 968 1667 t1bi
993 1632 1086 1668 dono
1110 1637 1147 1668 et
1163 1632 1264 1678 quid-

172 1678 270 1725 ‘qmd
288 1678 336 1732 ‚in
386 1677 514 1730 faedio
537 1677 802 1731 Semproniano·
826 1677 967 1713 habeo'.
1016 1687 1063 1712 an
1092 1678 1264 1731 supellex,

171 1734 391 1815 {iffinffmw
410 1722 1265 1812 zffi‘ssiivssekssssffluiffffidssdfflssuffl

170 1812 245 1850 vit?
289 1823 502 1859 responsum
531 1816 587 1848 est
616 1812 762 1847 nomina
794 1817 830 1848 et
859 1823 1022 1848 nummos
1052 1823 1126 1848 non
1156 1813 1190 1848 vi
1215 1813 1265 1849 eri

172 1859 294 1895 deberi
340 1859 411 1894 nisi
434 1857 620 1893 manifeste
644 1857 688 1893 de
711 1858 767 1893 his
791 1868 933 1904 quoque
956 1858 1116 1911 legandis
1140 1859 1264 1894 volun—

171 1909 228 1941 tas
252 1887 445 1940 defunctae
467 1903 738 1949 adprobaretur.
775 1913 897 1939 servos
921 1913 966 1939 ex
988 1903 1101 1939 1sdem
1121 1903 1265 1940 fundis⁴

171 1950 251 1986 aliis
281 1949 384 1985 datos
417 1948 631 1984 deminuisse
661 1947 726 1983 filii
753 1948 921 1994 legatum.
975 1948 1020 1984 de
1051 1953 1198 1994 argento
1230 1953 1266 1985 et

171 1994 410 2042 suppellectili
446 2003 539 2039 quae
577 1993 662 2028 alibi
698 1998 794 2030 esset
828 2004 909 2029 eum
942 1993 1043 2030 cuius
1075 1994 1174 2030 notio
1212 1999 1267 2030 est

171 2041 454 2092 aestimatur-um,
479 2042 519 2074 ut
537 2037 575 2073 id
593 2039 764 2092 optineat,
788 2039 884 2084 quod
904 2039 1068 2092 testatori
1087 2039 1266 2093 placuisse

173 2090 263 2176 {013
281 2085 457 2166 istit-2¹2
486 2083 783 2164 ἓέἒιξὶἓψῖίἶιῗζ
813 2083 1267 2174 Ξῗῖᾱὲὲεθὲἓὲὼέΐωέθξῐ

172 2180 433 2222 ‘quaecumque
461 2173 512 2210 ibi
542 2177 649 2209 erunt
680 2184 760 2209 cum
790 2174 953 2210 moriar’:
985 2174 1188 2219 quaesitum
1211 2178 1267 2211 est

172 2221 216 2257 de
245 2219 452 2273 mancipiis,
472 2228 578 2273 ,quae
607 2218 646 2254 in
674 2218 730 2254 his
761 2219 918 2272 praediis
950 2224 1090 2273 morata
1121 2219 1267 2272 fuerunt

171 2266 241 2356 {13¹2
250 2276 379 2347 ⁰333.
390 2268 525 2354 5¹²3&ss
547 2264 943 2345 ituffierfflttn‘effiiz
958 2264 1093 2345 itit:
1103 2269 1267 2352 ,Ἓξῗᾚ

171 2355 382 2402 legatarium
405 2354 637 2434 pertinererit.
684 2353 869 2434 resp-‹zind-it
891 2354 1077 2434 effomm·
1084 2381 1093 2397 ‚
1115 2354 1162 2434 g?
1181 2355 1264 2435 (qui-

172 2401 306 2482 ?megtiff
354 2402 1026 2490 Ἐέξῖιῖαᾞᾶωθεέἓῗιεζιίαξηαίυωῗὲἐ
1052 2403 1180 2481 liiieaen
1200 2410 1265 2480 grin

172 2490 350 2527 ‘scribatis
382 2490 617 2526 ducentorum
650 2499 842 2525 aureorum
870 2489 923 2524 ita
954 2489 1007 2525 uti
1030 2490 1107 2525 est’.
1155 2500 1264 2536 quae-

171 2537 282 2589 ritur,
320 2547 368 2571 an
396 2535 509 2589 fundo
537 2538 575 2570 et
604 2535 741 2587 reliqua
772 2534 983 2587 colonorum
1011 2538 1047 2570 et
1075 2535 1264 2581 mancipia,

172 2591 299 2672 {²033ss
321 2585 544 2679 ssi‘ffiffi
569 2590 631 2661 ἓῖἒ
649 2579 1266 2670 ἑὲιὲἓοξῖῗηζέἳέἓὲἕῗῖθξὲἕὲ

172 2676 193 2706 4
240 2681 324 2707 vero
356 2670 390 2706 vi
415 2670 468 2706 eri
495 2670 567 2706 illis
596 2670 714 2706 verbis
746 2670 809 2705 ‘ita
838 2670 891 2705 uti
922 2671 988 2706 est’
1020 2670 1116 2705 data.
1173 2670 1267 2706 Illud

172 2716 326 2752 fortasse
357 2715 583 2761 quaesiturus
612 2716 659 2750 sit
681 2715 828 2760 aliquis,
862 2725 928 2750 cur
938 2715 1075 2760 argenti
1105 2716 1264 2761 appella-

171 2762 268 2797 tione
292 2761 399 2796 etiam
423 2760 560 2796 factum
588 2764 772 2806 argentum
804 2760 1139 2811 comprehendetur,
1171 2771 1264 2803 cum,

172 2806 203 2842 si
226 2816 382 2842 marmor
404 2806 559 2851 legatum
584 2810 694 2847 esset,
725 2805 815 2841 nihil
837 2808 981 2851 praeter
1003 2805 1129 2841 rudem
1151 2810 1264 2842 mate·

172 2851 261 2887 riam
286 2851 568 2886 demonstratum
591 2850 702 2886 videri
726 2855 849 2896 posset
858 2851 883 2885 ⁶.
932 2851 1034 2887 cuius
1058 2851 1149 2887 haec
1172 2851 1264 2887 ratio

171 2896 343 2937 traditur,
369 2895 499 2941 quippe
523 2905 584 2937 ea,
610 2905 700 2942 quae
723 2895 806 2931 talis
830 2899 980 2932 naturae
1004 2896 1090 2940 sint,
1121 2900 1162 2931 ut
1184 2907 1263 2932 sae-

172 2941 315 2996 pius·in
338 2951 405 2994 sua
427 2940 538 2987 redigi
561 2941 702 2994 possint
723 2940 845 2994 initia,
878 2950 921 2976 ea
943 2941 1114 2995 materiae
1136 2945 1263 2987 poten-

172 2991 636 3082 {003⁸p301330¹²¹13¹‹¹,¹13³2¹·33¹¹
646 2996 854 3076 assssifss'?
876 2985 1263 3077 affligicssssffl

173 3077 332 3119 cederet,
362 3085 466 3111 nemo
490 3075 675 3111 dub1tavit.
723 3077 808 3122 quin
839 3077 956 3112 minus
984 3087 1094 3122 porro
1125 3076 1263 3113 coraci-

172 3133 258 3158 num
289 3124 353 3157 aut
380 3120 567 3168 hysginum
598 3125 661 3155 aut
693 3121 859 3157 melinum
888 3132 955 3157 suo
987 3122 1127 3158 nomine
1157 3132 1265 3167 quam

173 3173 194 3203 6
241 3176 390 3231 coccum
412 3176 616 3219 purpurave
640 3165 871 3212 designatur?
902 3166 992 3219 Cum
1008 3167 1062 3202 vir
1077 3167 1129 3202 ita
1146 3167 1262 3226 legas-

173 3217 271 3304 ἓῖἑίᾱ
284 3221 520 3303 Ἓῗὲιέἒξὲῒ
541 3215 926 3292 ἓῗιὲῗέοὲᾙξζὲἓέἓ
948 3211 1262 3302 ξέιῖἷέἔοέωᾘ

174 3314 230 3339 res
255 3302 479 3355 aestimatas,
504 3311 654 3347 quarum
678 3302 831 3346 pretium
854 3302 892 3355 in
916 3302 1035 3338 dotem
1058 3306 1137 3338 erat
1146 3303 1171 3344 ⁷,
1196 3312 1263 3338 nec

174 3347 331 3394 optinui,
362 3357 466 3400 quasi
496 3349 651 3382 testator
678 3356 750 3381 non
779 3351 951 3383 sensisset
981 3347 1025 3383 de
1054 3347 1111 3383 his
1141 3348 1262 3383 rebus.

174 3393 299 3439 atquin
337 3391 368 3428 si
403 3402 442 3428 m
472 3401 576 3428 usum
606 3389 684 3426 eius
713 3390 819 3427 datae
848 3392 939 3435 sint,
979 3392 1066 3427 nihil
1101 3392 1262 3435 interest,
1295 3413 1298 3419 ι

174 3510 213 3551 (ι)
238 3509 423 3551 scripturas
439 3505 493 3541 F*
618 3506 671 3549 (ι’)
694 3503 907 3539 mbstutione
925 3506 959 3538 F
1079 3507 1124 3545 (2)
1145 3517 1198 3549 pr.
1216 3520 1262 3534 -ι

175 3554 337 3588 Scaevola
357 3553 402 3587 D.
417 3553 471 3593 33,
486 3559 513 3592 Ἰ,
527 3558 576 3593 20,
590 3557 627 3592 ⁶3
654 3554 671 3590 5
686 3557 704 3585 2
721 3565 766 3580 —
782 3549 945 3583 Scaevola
966 3552 986 3584 l.
999 3558 1036 3585 93
1059 3555 1075 3590 §
1091 3557 1126 3591 23
1153 3555 1170 3590 5
1184 3557 1202 3585 3
1217 3564 1263 3579 ¹·-

178 3599 338 3633 scaevola
359 3598 380 3632 l.
393 3605 442 3632 101
465 3602 510 3637 §1
529 3598 558 3630 1ι.
579 3604 600 3631 t.
715 3597 759 3634 (³)
783 3594 989 3637 ‘Pamphilae
1009 3594 1151 3629 libertae
1169 3604 1262 3628 meae

175 3644 257 3676 ‘dari
279 3643 353 3675 volo
370 3643 510 3676 fundum
526 3641 701 3675 Titianum
721 3650 796 3674 cum
813 3640 1037 3673 instrumento
1055 3644 1089 3674 et
1105 3641 1160 3674 his
1176 3649 1262 3683 quae
1330 3639 1377 3681 (8)
1401 3649 1456 3671 eos
1470 3639 1531 3672 ἀει

786 3685 973 3728 quaesitum
994 3689 1055 3726 est,
1075 3685 1106 3718 si
1124 3685 1261 3719 Stichus
1331 3685 1390 3725 (ιι)
1415 3684 1515 3717 etiam
1528 3681 1641 3729 boves]
1653 3686 1687 3716 et
1697 3683 1848 3716 iumenta
1860 3686 1893 3715 et
1904 3683 2005 3716 boves
2017 3695 2079 3717 scr.

175 3689 224 3720 ‘iu
242 3687 357 3720 eodem
378 3691 487 3728 eruut,
507 3697 583 3720 cum
602 3685 744 3719 moriar'.

175 3742 289 3765 servus
346 3731 510 3764 abductus
526 3730 609 3764 etin
625 3729 841 3773 disciplinam
858 3729 1003 3763 traditus
1019 3734 1135 3768 postea
1193 3740 1261 3763 non
1330 3729 1432 3762 misso
1445 3730 1506 3763 del.
1522 3729 1552 3763 S

1249 104 1337 158 454·

1501 0 1505 52 ζ
1512 51 1571 76 *x

1560 78 1569 131 ἶ
2136 125 2198 156 DE
2226 123 2415 158 miuus

1330 234 1378 270 ab
1408 234 1488 279 ipsa
1518 243 1566 270 an
1593 234 1639 270 ab
1669 234 1741 271 alio
1772 238 2001 281 comparatae
2029 237 2124 270 sunt.
2170 238 2298 281 postea
2319 234 2416 280 apud

1330 278 1531 315 Aburnium
1553 279 1740 316 Valentem
1770 280 1890 317 inveni
1919 280 1972 316 ita
2002 279 2172 316 relatum:
2204 279 2331 316 mulier
2358 290 2417 316 res

1331 324 1538 360 aestimatas
1573 323 1612 360 in
1646 324 1764 361 dotem
1795 325 1943 362 dederat
1973 335 2016 360 ac
2047 324 2174 361 deinde
2205 325 2354 362 maritus
2383 325 2418 361 ei

1330 369 1510 414 legaverat
1546 369 1602 406 his
1637 370 1772 406 verbis:
1814 374 1919 424 ‘quae
1953 370 2031 406 eius
2066 379 2177 406 causa
2210 373 2418 415 comparata

1331 417 1534 460 ‘emptaque
1573 415 1715 451 essent’.
1775 415 1864 451 dixit
1904 420 2103 460 emptorum
2139 418 2417 460 paratorumque

1333 459 1572 505 appellatione
1601 469 1675 495 non
1703 461 1876 496 contineri
1907 470 1965 501 ea,
1997 469 2089 505 quae
2118 460 2155 495 in
2182 459 2301 495 dotem
2333 459 2418 495 data

1331 508 1470 547 essent,
1502 504 1572 540 nisi
1601 504 1635 540 si
1662 505 1813 541 maritus
1841 515 1903 542 eas
1933 515 2011 548 res,
2042 508 2276 550 posteaquam
2305 504 2417 550 ipsius

1333 552 1350 583 7
1400 548 1519 585 factae
1538 553 1668 593 essent,
1691 549 1731 585 in
1748 551 1872 586 uxoris
1892 561 1995 587 usum
2015 550 2259 586 convertisset.
2295 549 2417 586 Rebus

1332 603 1424 639 quae
1447 594 1485 629 in
1507 593 1619 630 fundo
1642 599 1726 631 sunt
1747 595 1872 640 legatis
1897 595 2073 631 accedunt
2102 594 2210 630 etiam
2238 604 2298 638 ea,
2327 605 2419 640 quae

1331 643 1419 674 tunc
1449 649 1522 675 non
1549 642 1650 682 sunt,
1688 639 1719 675 si
1747 650 1826 677 esse
1856 641 1989 677 solent:
2029 650 2097 676 nec
2128 649 2220 686 quae
2251 650 2339 675 casu
2368 640 2419 675 ibi

1333 684 1490 727 fuerunt,
1514 684 1633 729 legata
1655 684 1913 721 existimantur.

1380 725 1433 767 79
1463 729 1608 765 Casus
1627 729 1718 766 libro
1741 741 1837 766 nono
1861 731 2080 777 diqestorum
2127 729 2166 765 Si
2197 730 2328 766 chorus
2358 734 2421 765 aut

1333 774 1468 809 familia
1499 775 1653 819 legetur,
1715 775 1836 811 erinde
1875 779 1931 811 est
1967 776 2071 821 quasi
2101 775 2229 820 singuli
2261 774 2419 810 homines

1337 823 1349 854 l
1401 819 1509 864 legati
1537 819 1619 854 sint.
1671 785 1737 856 ffis
1768 821 1902 856 verbis:
1939 823 2042 865 ‘quae
2075 820 2126 855 ibi
2163 820 2308 855 mobilia
2342 829 2421 855 mea

1335 867 1469 906 ‘erunt,
1506 864 1552 900 do
1587 864 1676 910 lego'
1712 875 1877 901 nummos
1913 866 1962 900 ibi
1998 866 2194 911 repositos,
2231 870 2272 900 ut
2306 865 2420 900 mutui

1334 909 1521 952 darentur,
1559 920 1632 945 non
1668 919 1748 946 esse
1781 910 1918 955 legatos
1948 910 2125 946 Proculus
2160 910 2228 945 ait:
2263 914 2302 945 at
2336 910 2421 945 eos⁸

1335 954 1745 1036 gffifibffiaiffia‘ssiii
1761 954 2421 1045 ¹333⁸1³33333⁸35iffl223ffifflu¹33ss¹32

1747 1026 1755 1042 ‚
2175 1027 2182 1035 .

1334 1055 1372 1080 se
1396 1045 1550 1080 rusticos
1573 1054 1677 1080 senes
1699 1044 1751 1080 ita
1775 1045 1932 1080 dicentes
2008 1045 2148 1080 cuniam
2178 1044 2254 1080 sine
2282 1044 2421 1090 peculio

1333 1089 1495 1134 fragilem
1526 1099 1623 1132 esse,
1652 1090 1832 1135 peculium
1861 1054 2100 1135 appeffintes,
2130 1089 2227 1141 quod
2255 1089 2422 1134 praesidii

1334 1138 1353 1169 2
1403 1145 1514 1170 causa
1549 1139 1792 1180 seponeretur.
1847 1135 1945 1170 Area
1980 1135 2098 1179 legata
2134 1134 2166 1170 si
2195 1134 2423 1169 maedificata

1333 1179 1449 1216 medio
1481 1179 1781 1233 tempore-fuerit
1815 1180 1884 1215 ac⁹
1918 1190 2044 1215 rursus
2078 1189 2164 1215 area
2197 1179 2260 1222 sit,
2322 1189 2421 1214 uam·

1334 1228 1953 1323 ἓωέὲιξξὲοςξίἓηὲοῗθςὲῗζζηξὶ
1982 1224 2423 1305 ffiffinffiiufflffir·

1333 1320 1370 1351 et
1420 1319 1521 1351 ostea
1544 1325 1668 1351 servus
1691 1314 1809 1350 factus
1833 1319 1891 1358 sit,
1915 1316 1989 1360 peti
2013 1319 2141 1360 potest.

1408 1360 1432 1398 Ο
1458 1360 1565 1396 Imm
1585 1360 1676 1396 libro
1702 1361 1884 1406 triqesimo
1908 1361 2034 1406 quinto
2057 1360 2278 1407 diqestorum
2327 1359 2419 1394 Con—

1333 1406 1482 1442 iunctim
1515 1405 1665 1441 heredes
1699 1405 1838 1440 institui
1873 1409 1937 1440 aut
1967 1405 2185 1441 coniunctim
2216 1404 2229 1439 l
2316 1404 2325 1412 '
2354 1405 2423 1440 hoc

1333 1455 1403 1486 est:
1439 1455 1554 1486 totam
1582 1450 1814 1486 hereditatem
1843 1454 1879 1486 et
1906 1454 1984 1486 tota
2012 1450 2132 1495 legata
2159 1450 2187 1485 s'
2279 1449 2287 1458 ‘
2338 1449 2423 1485 data

1334 1506 1425 1537 esse,
1448 1500 1569 1541 partes
1594 1499 1714 1531 autem
1737 1505 1915 1531 concursu
1937 1495 2027 1531 fieri.

1379 1537 1430 1578 81
1458 1541 1713 1576 Moorsmos
1733 1540 1824 1576 libro
1847 1551 1943 1576 nono
1967 1540 2008 1576 de·
2036 1541 2254 1576 emmim-um
2305 1540 2422 1576 Servis

1333 1586 1459 1631 legatis
1496 1585 1605 1621 etiam
1641 1585 1790 1621 ancillas
1825 1585 1968 1631 quidam
2028 1585 2126 1621 eberi
2155 1590 2254 1621 recte
2283 1591 2422 1631 putant,

1334 1631 1438 1676 quasi
1472 1641 1659 1666 commune
1692 1641 1823 1666 nomen
1851 1635 2041 1676 utrumque
2071 1641 2195 1666 sexum
2224 1631 2421 1667 contineat:

1334 1676 1472 1712 ancillis
1497 1686 1579 1712 vero
1602 1676 1728 1720 legatis
1751 1676 1931 1711 masculos
1954 1687 2027 1711 non
2051 1675 2171 1711 deberi
2194 1686 2298 1711 nemo
2319 1676 2421 1712 dubi-

1332 1725 1399 1756 tat.
1436 1721 1501 1757 sed
1515 1722 1542 1742 ¹⁰
1565 1721 1686 1774 pueris
1703 1721 1830 1766 legatis
1846 1721 1953 1756 etiam
1969 1721 2109 1766 puellae
2132 1721 2324 1756 debentur:
2348 1720 2421 1756 id¹¹

1333 1776 1612 1847 ¹1¹⁰¹¹1sfffi3¹rib¹1i¹s
1627 1766 2111 1847 Ρνῖῗέδιὲἶίἲὲἓῗῗέξᾞὲ
2135 1766 2422 1847 ῗέῗὲἒιῗὲηΐέἕ·

1334 1857 1441 1892 sicuti
1469 1856 1552 1891 viris
1580 1856 1707 1901 legatis
1735 1822 1842 1891 etisfm
1874 1866 2004 1901 pueros
2033 1821 2155 1891 debegili
2177 1838 2423 1901 respondetur?

1334 1905 1353 1937 2
1401 1901 1605 1937 Pecudibus
1624 1905 1743 1936 autem
1760 1901 1886 1946 legatis
1903 1906 1940 1937 et
1956 1901 2065 1937 boves
2079 1905 2117 1936 et
2133 1905 2252 1937 cetera
2267 1902 2425 1937 iumenta

1335 1951 1354 1982 3
1402 1947 1640 1983 continentur.
1680 1947 1853 1982 Armento
1878 1950 1998 1981 autem
2021 1947 2137 1991 legato
2153 1946 2260 1982 etiam
2277 1947 2424 1982 boves¹²

1335 1992 1510 2028 contineri
1534 1991 1710 2034 convenit,
1735 2002 1807 2027 non
1830 1991 1939 2027 etiam
1960 2001 2083 2037 greges
2109 1992 2227 2027 ovium
2243 1997 2280 2027 et
2298 2002 2423 2044 capra-

1334 2041 1355 2072 4
1402 2048 1494 2072 rum.
1542 2037 1677 2073 Ovibus
1706 2037 1832 2082 legatis
1861 2047 1976 2082 neque
2005 2047 2116 2082 agnos
2148 2047 2193 2072 ne
2218 2046 2264 2072 ue
2294 2040 2423 2073 arietes

1335 2086 1354 2116 5
1405 2082 1583 2118 contineri
1617 2082 1761 2127 quidam
1791 2086 1888 2118 recte
1917 2081 2132 2118 existimant.
2217 2082 2313 2117 vium
2340 2092 2424 2118 vero

1333 2138 1440 2173 grege
1463 2128 1581 2173 legato
1605 2132 1642 2162 et
1664 2126 1794 2163 arietes
1818 2131 1854 2162 et
1877 2137 1988 2172 agnos
2012 2127 2132 2163 deberi
2149 2135 2251 2163 nemo
2273 2126 2423 2162 dubitat.

1381 2170 1434 2211 82
1465 2173 1573 2208 loru
1598 2172 1690 2208 libro
1721 2183 1817 2208 nono
1846 2172 2056 2218 reqularum
2109 2171 2256 2215 Servus,
2293 2172 2355 2217 qui
2387 2172 2424 2207 in

1333 2218 1446 2253 fundo
1469 2217 1603 2253 morari
1625 2217 1753 2253 solitus
1777 2222 1871 2259 erat,
1897 2217 1928 2253 si
1950 2217 1990 2252 fu
2035 2217 2093 2260 rit,
2117 2217 2202 2253 licet
2224 2221 2308 2262 post
2330 2228 2423 2253 mor·

1334 2268 1407 2298 tem
1437 2262 1621 2298 testatoris
1651 2262 1956 2308 adprehendatur,
2057 2262 2104 2298 do
2132 2262 2267 2308 legato,
2299 2267 2340 2297 ut
2370 2263 2422 2297 in-

1332 2312 1492 2344 structus
1515 2311 1580 2350 est,
1605 2307 1714 2342 etiam
1736 2307 1813 2352 ipse
1835 2307 1953 2352 legato
1978 2307 2082 2343 cedit.

1380 2350 1432 2392 83
1458 2352 1565 2388 IDEM
1585 2352 1677 2388 libro
1701 2352 1837 2388 decimo
1861 2364 2115 2399 responsorum
2186 2353 2259 2389 uod
2272 2354 2328 2388 his
2346 2364 2422 2389 ver-

1334 2397 1388 2434 bis
1411 2397 1575 2434 relictum
1595 2401 1668 2432 est:
1694 2397 1878 2443 ‘quidquid
1895 2408 1940 2433 ex
1957 2397 2156 2434 hereditate
2198 2398 2318 2434 onisve
2335 2399 2423 2434 meis

1334 2443 1392 2479 ‘ad
1420 2447 1458 2479 te
1486 2443 1702 2488 pervenerit,
1735 2453 1816 2478 cum
1839 2443 2017 2486 morieris,
2048 2443 2241 2486 restituas’,
2270 2443 2422 2486 fructus,

1333 2499 1423 2534 quos
1446 2488 1550 2524 heres
1574 2487 1674 2523 vivus
1724 2488 1875 2533 ercepit,
1904 2488 1987 2523 item
2017 2497 2109 2533 quae
2136 2488 2319 2523 fructuum
2347 2489 2424 2525 vice

1333 2537 1418 2569 sunt
1440 2543 1512 2568 non
1535 2532 1656 2568 venire
1678 2544 1702 2578 p
1718 2533 1874 2568 acuisse:
1906 2543 1973 2568 nec
2001 2533 2096 2569 enim
2125 2533 2316 2614 aulicquam
2335 2545 2422 2587 pro-

1332 2579 1437 2624 poni,
1471 2588 1515 2614 ex
1547 2588 1618 2622 quo
1643 2577 1687 2613 de
1710 2578 1766 2614 his
1790 2588 1931 2623 quoque
1955 2578 2127 2614 restitnen
2154 2578 2163 2586 '
2205 2582 2422 2616 tentatricem

1335 2629 1350 2659 1
1400 2633 1547 2668 rogasse
1562 2623 1710 2668 probari
1727 2627 1858 2669 potest.
1891 2623 2005 2658 loru.
2037 2623 2216 2666 Testatur,
2240 2623 2300 2677 qui
2316 2623 2421 2660 liber-

1333 2669 1379 2704 tis
1398 2668 1711 2717 fideicommissum
1726 2668 1960 2714 relinquebat,
1983 2668 2237 2704 substimtione
2251 2672 2346 2704 mter
2361 2679 2423 2705 eos

1333 2714 1431 2749 facta
1454 2713 1649 2759 expressit,
1674 2717 1715 2748 ut
1737 2717 1821 2759 post
1843 2718 2002 2761 mortem*
2016 2713 2166 2749 extremi
2189 2713 2236 2749 ad
2258 2718 2422 2759 posteros

1332 2769 1454 2795 eorum
1477 2759 1689 2804 pertineret:
1724 2768 1876 2803 quaero,
1908 2769 1990 2794 cum
2019 2768 2124 2794 nemo
2154 2758 2245 2794 alius
2277 2759 2324 2795 sit
2354 2759 2422 2795 nisi

1331 2805 1482 2840 libertus
1507 2803 1583 2839 eius
1631 2803 1669 2838 ui
1687 2808 1847 2839 extremo
1868 2808 2031 2840 mortuus
2050 2807 2116 2846 est,
2140 2813 2188 2839 an
2205 2803 2236 2840 is
2257 2803 2303 2839 ad
2321 2803 2421 2840 fidei·

1333 2849 1559 2885 commissum
1674 2848 1728 2883 'tti
1759 2847 1898 2884 debeat.
1953 2848 2156 2894 respondit:
2195 2853 2421 2894 posterorum

1332 2893 1573 2940 appellatione
1596 2893 1728 2929 liberos
1752 2893 2017 2937 tantummodo,
2048 2904 2121 2929 ιιοιι
2143 2893 2250 2929 etiam
2273 2894 2420 2930 libertos

1332 2950 1475 2982 eorum,
1510 2938 1639 2984 quibus
1671 2937 1983 2975 fideicommissum
2013 2938 2176 2974 relictum
2206 2942 2280 2981 est,
2319 2937 2419 2974 fidei-

1333 2984 1523 3021 commisso
1536 2983 1565 3005 ¹³
1588 2983 1762 3019 contineri
1785 2993 2009 3029 nequaquam
2031 2983 2207 3019 incertum
2229 2987 2295 3019 est.

1378 3026 1431 3067 84
1456 3029 1502 3064 Is
1511 3037 1681 3064 roanos
1701 3027 1792 3064 libro
1815 3029 1973 3066 secundo
1996 3039 2046 3064 ex
2071 3027 2193 3064 Cassio
2240 3027 2306 3064 Cui
2330 3039 2420 3074 quae

1331 3075 1468 3111 Romae
1491 3077 1611 3110 essent
1634 3072 1752 3118 legata
1775 3077 1869 3116 sunt,
1893 3073 1928 3109 ei
1950 3073 2057 3109 etiam
2081 3082 2172 3118 quae
2196 3073 2380 3110 custodiae
2393 3076 2419 3096 ¹⁴

1333 3130 1443 3156 causa
1464 3118 1503 3154 in
1524 3118 1662 3154 horreis
1683 3123 1785 3154 extra
1800 3119 1924 3155 urbem
1939 3118 2098 3164 reposita
2112 3122 2207 3160 sunt,
2232 3118 2417 3155 debentur.

1379 3162 1431 3203 85
1457 3163 1686 3199 Poupomvs
1706 3164 1798 3200 libro
1820 3163 1977 3200 secundo
2001 3162 2051 3199 ad
2072 3162 2242 3206 Quintum
2259 3163 2417 3200 Mucium

1331 3210 1456 3256 Nuper
1478 3207 1713 3244 constitutum
1736 3212 1792 3245 est
1814 3218 1837 3244 a
1858 3208 2035 3254 principe,
2060 3211 2101 3243 ut
2123 3212 2160 3244 et
2183 3219 2256 3244 non
2279 3208 2418 3245 adiecto

1331 3256 1400 3291 hoc
1424 3254 1565 3290 ‘meum'
1589 3253 1619 3289 si
1643 3254 1721 3299 quis
1747 3264 1878 3300 corpus
1901 3252 2009 3288 alicui
2032 3253 2126 3298 leget
2148 3257 2185 3289 et
2206 3253 2258 3289 ita
2277 3255 2417 3296 sentiat,

1330 3305 1372 3336 ut
1401 3299 1453 3335 ita
1483 3298 1624 3334 demum
1655 3303 1875 3344 praestetur,
1907 3298 1938 3334 si
1961 3309 2065 3333 suum
2089 3298 2152 3341 sit,
2183 3298 2236 3334 ita
2260 3299 2418 3335 valere¹⁸

1329 3346 1496 3391 legatum,
1528 3347 1568 3378 ut
1591 3348 1764 3389 appareat
1869 3343 1878 3352 “
1921 3343 2134 3379 sententiam
2156 3343 2318 3389 legantis,
2345 3355 2417 3380 non

1330 3391 1400 3426 hoc
1422 3389 1569 3425 verbum
1593 3389 1733 3424 ‘meum'
1757 3387 2016 3434 respiciendum
2039 3398 2129 3424 esse.
2177 3392 2214 3424 et
2242 3388 2322 3424 ideo
2346 3389 2416 3425 ele-

1329 3512 1480 3537 reveraus
1491 3503 1547 3544 sit,
1561 3513 1605 3536 an
1617 3501 1785 3536 debeatur.
1810 3502 1988 3546 respondit
1999 3503 2028 3535 si
2039 3512 2146 3535 ...non
2160 3512 2226 3545 quo
2239 3511 2258 3535 a
2269 3502 2375 3536 fundo

1330 3548 1510 3582 mussent
1521 3548 1635 3582 deberi
1647 3548 1810 3583 Scaevola
1823 3548 1842 3581 l.
1856 3558 1883 3581 c.
1967 3548 2011 3590 (4)
2036 3555 2147 3581 servos
2159 3547 2306 3581 eiusdem
2318 3547 2415 3580 fundi

1330 3606 1392 3628 scr.
1508 3595 1550 3635 (s)
1574 3594 1629 3627 his
1644 3591 1772 3628 ine.F¹
1885 3594 1928 3636 (ο)
1953 3603 2051 3636 posse
2066 3592 2103 3626 F
2210 3594 2252 3634 (τ)
2277 3596 2374 3625 erant
2387 3593 2420 3626 F

1614 3639 1660 3683 (e)
1684 3647 1775 3671 nuno
1789 3638 1848 3671 im.
1928 3641 1987 3679 (ιο)
2013 3641 2047 3670 οι
2058 3639 2118 3672 ine.
2201 3639 2256 3679 (m
2281 3637 2339 3671 sed
2350 3650 2411 3672 scr.

2163 3684 2221 3723 (1³)
2244 3682 2410 3716 naaion--

1640 3730 1699 3771 (14)
1723 3728 1898 3761 custodiea
1910 3729 1946 3763 F
2030 3728 2089 3770 (ιι)
2113 3727 2238 3761 valeret
2249 3740 2302 3763 eor
