2528 3918
169 118 421 163 XXXVIIII
453 120 490 161 1.
513 120 539 160 2
1253 113 1338 163 594

167 241 375 277 tiationem¹
414 251 524 287 opere
553 239 653 278 facto
691 240 863 278 decessit:
899 240 1007 277 debet
1041 241 1146 277 heres
1180 240 1258 276 eius

169 286 380 332 patientiam
408 285 617 323 destruendi
653 296 675 323 o
743 285 753 296 '
808 286 1013 323 adversario
1051 289 1256 331 praestare:

168 341 251 367 nam
280 335 317 367 et
347 331 386 367 in
417 331 639 368 restituendo
698 332 878 369 uiusmodi
916 341 1025 377 opere
1062 330 1155 373 eius,
1197 331 1259 376 qui

168 380 296 412 contra
312 376 468 412 edictum
491 376 588 419 fecit,
612 387 730 423 poena
752 381 927 420 versatur,
951 387 1061 422 porro
1078 379 1199 412 autem
1220 376 1257 411 in

167 431 321 467 poenam
344 421 448 458 heres
472 432 544 458 non
568 422 740 458 succedit.

214 464 266 504 23
292 466 518 503 Iavommvs
539 467 631 503 libro
654 469 806 514 septimo
829 478 848 502 e
876 466 1066 501 istularum
1113 466 1166 508 Is,
1199 466 1258 501 cui

167 521 402 593 332³stssssth
413 512 620 603 2293&AE
629 518 718 594 Ἓξ
732 510 1103 593 ζὲἓὲᾧὶξὲἃθὲἓῖἑί
1118 514 1258 601 θὲἔιὶῗ

167 602 264 648 quod
286 602 458 638 adversus
489 603 647 639 edictum
675 603 813 638 factum
837 602 908 638 sit?
943 601 1144 647 respondit:
1178 582 1257 637 cuni

167 647 286 693 operis
317 647 401 684 novi
430 648 608 684 nuntiatio
631 648 732 684 facta
759 651 833 690 est,
866 647 897 683 si
920 645 1007 692 quid
1029 646 1257 682 aedificatum

166 696 232 737 est,
257 697 408 746 emptor,
431 692 469 729 id
490 698 548 730 est
570 693 734 729 dominus
751 692 981 738 praediorum
995 694 1148 734 tenetur,
1174 692 1259 736 quia

166 738 344 774 nuntiatio
368 738 512 784 operis⁸
533 749 607 774 non
626 747 801 784 personae
823 737 866 772 fit
888 741 925 773 et
946 738 977 773 is
1003 736 1145 773 demum
1165 737 1256 772 obli-

164 786 271 828 gatus
294 787 368 827 est,
425 784 463 819 ui
494 794 576 820 eum
606 783 727 819 locum
758 782 937 828 possidet,
968 782 1007 818 in
1036 792 1141 828 quem
1166 793 1257 827 opus

165 838 298 864 novum
319 839 396 864 nun
446 833 525 865 tum
548 832 614 865 est.

673 965 749 1005 11⁸.

165 1032 229 1065 DE
259 1031 422 1065 DAMNO
453 1030 654 1065 INFECTO
689 1030 750 1064 ET
780 1031 844 1064 DE
876 1031 1165 1066 SUGGRUNDIS
1196 1031 1256 1064 ET

501 1075 887 1110 PROIEOTIONIBUS
897 1076 922 1109 ⁴.

215 1141 234 1180 1
275 1142 472 1179 Ulmanus
507 1142 598 1179 libro
631 1143 753 1189 primo
789 1142 840 1178 ad
874 1143 1030 1180 edictum
1077 1143 1167 1180 Cum
1197 1153 1255 1179 res

165 1187 286 1224 damni
308 1187 434 1224 infecti
458 1187 679 1224 celeritatem
710 1187 891 1224 desiderat
913 1192 951 1225 et
972 1188 1178 1234 periculosa
1202 1189 1255 1223 di-

164 1233 251 1269 latio
274 1234 435 1279 praetori
458 1233 613 1277 videtur,
645 1233 676 1269 si
700 1243 744 1268 ex
767 1233 838 1269 hac
862 1244 974 1270 causa
998 1234 1068 1269 sibi
1090 1233 1255 1270 iurisdic-

164 1279 297 1314 tionem
320 1282 531 1320 reservaret,
563 1278 832 1323 magistratibus
857 1279 1135 1324 municipalibus
1158 1278 1255 1315 dele-

163 1323 321 1369 gandum
343 1324 414 1359 hoc
437 1327 536 1359 recte
557 1323 708 1369 putavit.

212 1367 238 1406 2
265 1369 410 1406 GAws‘
433 1369 524 1405 libro
547 1369 740 1405 vicensimo
765 1373 891 1405 octavo
922 1369 973 1405 ad
993 1369 1147 1406 edictum
1164 1380 1255 1415 pro-

164 1414 317 1450 vinciale
366 1414 547 1449 Damnum
585 1413 759 1450 infectum
797 1418 852 1450 est
891 1414 1060 1450 damnum
1097 1414 1256 1451 nondum

163 1459 310 1503 factum,
335 1458 432 1505 quod
455 1459 618 1495 futurum
640 1469 815 1495 veremur.

209 1502 235 1543 3
259 1503 318 1540 Pa
325 1514 420 1540 vaus
437 1504 527 1541 libro
545 1504 851 1551 quadraqensimo
868 1505 1020 1551 septimo
1032 1504 1083 1540 ad
1100 1504 1255 1541 edictum

163 1550 343 1585 Damnum
365 1554 402 1586 et
425 1549 607 1586 damnatio
630 1549 677 1586 ab
701 1549 929 1596 ademptione
951 1553 989 1586 et
1017 1550 1122 1596 quasi
1144 1550 1253 1585 demi-

163 1595 312 1631 nutione
334 1595 542 1640 patrimonii
564 1594 663 1631 dicta
686 1599 782 1631 sunt.

208 1639 234 1678 4
268 1640 464 1677 Ulmanus
492 1640 585 1677 libro
640 1642 733 1676 rimo
766 1640 816 1676 ad
845 1640 1000 1676 edictum
1052 1640 1139 1676 Dies
1171 1650 1254 1675 cau-

162 1685 253 1722 tioni
274 1685 511 1731 praestitutus
543 1686 574 1721 si
649 1685 757 1728 'etur,
789 1686 966 1731 praetoris
995 1685 1052 1721 vel
1080 1685 1255 1730 praesidis

163 1730 322 1767 officium
338 1731 407 1766 erit
426 1741 471 1767 ex
487 1741 599 1767 causa
621 1731 677 1767 vel
699 1741 801 1767 reum
824 1731 975 1767 notare⁶
997 1730 1054 1767 vel
1075 1731 1256 1776 protelare

163 1777 268 1812 eum·¹
300 1779 353 1819 et,
394 1776 425 1811 si
454 1776 524 1812 hoc
553 1776 706 1813 localem
740 1776 851 1822 exigit
880 1776 1165 1828 inquisitionem,
1209 1776 1256 1811 ad

167 1826 180 1856 1
229 1822 461 1867 magistratus
490 1821 725 1868 municipales
755 1822 827 1857 hoc
855 1825 1046 1858 remittere.
1094 1820 1132 1856 Si
1159 1821 1255 1856 intra

162 1867 257 1903 diem
294 1878 317 1902 a
353 1870 523 1912 praetore
562 1867 851 1904 constituendum
883 1877 958 1903 non
996 1870 1183 1909 caveatur,
1217 1867 1255 1902 in

161 1912 426 1959 possessionem
457 1912 535 1949 eius
566 1912 620 1949 rei
647 1912 842 1948 mittendus
873 1915 940 1948 est.
988 1912 1076 1948 ‘eius
1108 1911 1172 1947 rei’
1202 1912 1255 1948 sic

163 1960 184 1993 2
230 1958 355 2010 accipe
366 1959 390 2001 ⁸,
421 1957 495 1994 sive
523 1960 603 1994 tota
633 1968 692 1994 res
725 1957 773 1994 sit
803 1957 878 1993 sive
897 1968 987 2010 pars
1015 1958 1063 1993 sit
1085 1957 1149 1992 rei.
1196 1958 1255 1992 An

162 2006 283 2039 tamen
304 2013 347 2046 1s,
372 2003 433 2048 qui
455 2013 529 2038 non
547 2003 714 2046 admittit,
737 2003 846 2039 etiam
860 2002 1080 2083 (pignoribus
1103 2012 1127 2037 a
1142 2002 1253 2047 magi-

162 2048 335 2084 stratibus
351 2049 587 2084 coerceatur?
609 2059 682 2084 non
699 2052 798 2094 puto,
820 2058 859 2084 se
900 2048 938 2083 in
957 2047 1095 2084 factum
1113 2048 1254 2084 actione

162 2093 360 2129 tenebitur:
393 2104 477 2128 nam
506 2098 544 2129 et
573 2094 603 2129 si
627 2104 652 2129 a
672 2098 839 2138 praetore
867 2094 999 2129 missus
1028 2104 1102 2128 non
1125 2093 1252 2137 admit-

163 2142 183 2174 3
229 2142 340 2182 tatur,
366 2138 492 2174 eadem
514 2140 657 2175 actione
676 2139 848 2174 utendum
873 2142 939 2174 est.
971 2138 1074 2174 Duas
1099 2148 1182 2184 ergo
1196 2149 1254 2174 res

162 2184 430 2230 magistratibus
458 2184 738 2230 municipalibus
768 2187 916 2229 praetor
945 2183 1001 2220 vel
1031 2193 1176 2229 praeses
1199 2184 1254 2219 in—

162 2229 1016 2311 ffitgffiffifissessissvssssi?⁰sgi⁸⁸fi<3³r¹22mdu53t¹ffr⁸
1027 2229 1254 2318 153323321513

162 2323 204 2356 ut
233 2320 418 2366 possidere
447 2320 556 2356 liceat
585 2319 698 2365 (quod
727 2330 838 2356 causa
867 2319 1011 2365 cognita
1040 2318 1120 2354 fieri
1152 2320 1254 2363 solet)

162 2376 235 2401 non
266 2364 490 2407 duumviros,
526 2365 590 2401 sed
620 2368 824 2411 praetorem
853 2365 909 2400 vel
939 2364 1141 2411 praesidem
1172 2375 1253 2409 per-

163 2410 351 2447 missuros:
377 2410 463 2446 item
483 2414 525 2446 ιιι
541 2421 586 2446 ex
606 2421 719 2446 causa
737 2409 933 2446 decedatur
952 2410 996 2446 de
1014 2410 1253 2455 possessione.

163 2459 182 2491 5
230 2455 384 2491 Praetor
414 2455 485 2491 ait:
522 2455 619 2491 ‘dum
648 2455 698 2498 ei,
723 2457 785 2501 qui
816 2455 949 2497 aberit,
982 2454 1083 2500 prius
1112 2454 1255 2491 domum

163 2500 380 2537 ‘denuntiari
394 2501 561 2537 iubeam’.
598 2501 725 2537 abesse
743 2505 864 2536 autem
886 2500 1027 2536 videtur
1048 2503 1086 2536 et
1109 2500 1172 2545 qui
1192 2500 1255 2535 in⁹

163 2547 242 2582 iure
264 2557 339 2582 non
361 2550 434 2582 est:
459 2546 556 2591 quod
580 2550 617 2581 et
638 2546 858 2592 Pomponius
883 2546 1031 2591 probat:
1055 2545 1254 2582 verecunde

163 2595 284 2628 autem
306 2595 510 2637 praetorem
540 2591 744 2627 denuntiari
771 2591 913 2633 iubere,
948 2601 1022 2626 non
1046 2591 1186 2627 extrahi
1210 2591 1254 2627 de

162 2636 266 2673 domo
285 2647 363 2673 sua.
399 2636 464 2672 sed
487 2637 654 2679 ‘domum,
677 2637 715 2672 in
737 2647 845 2683 quam
869 2636 964 2689 degit
977 2638 1015 2679 ¹⁰,
1040 2636 1254 2672 denuntiari’

162 2682 214 2717 sic
238 2682 403 2728 accipere
425 2681 612 2723 debemus,
645 2686 686 2717 ut
708 2687 746 2718 et
768 2682 799 2718 si
822 2682 859 2717 in
883 2682 1000 2717 ahena
1022 2682 1127 2717 domo
1151 2682 1252 2717 habi-

162 2730 234 2770 tet,
270 2727 322 2762 ibi
352 2727 386 2763 ei
418 2726 657 2763 denuntietur.
705 2727 802 2772 quod
838 2727 870 2763 si
900 2737 968 2763 nec
996 2727 1254 2762 habitationem

162 2771 313 2814 habeat,
346 2772 393 2807 ad
421 2772 538 2817 ipsum
567 2772 755 2817 praedium
786 2772 855 2808 erit
885 2771 1167 2808 denuntiandum
1198 2772 1254 2807 vel

164 2820 185 2854 6
231 2817 459 2862 procuratori
473 2818 550 2853 eius
566 2817 621 2853 vel
640 2822 736 2854 certe
751 2817 943 2863 inquilinis.
969 2817 1118 2853 Totiens
1133 2820 1252 2853 autem

162 2865 366 2908 praetorem
389 2862 530 2907 exigere
554 2862 861 2899 denuntiationem
884 2862 1160 2907 intellegendum
1184 2868 1251 2905 est,

162 2907 193 2944 si
211 2907 259 2943 sit
276 2908 335 2943 cui
355 2906 604 2943 denuntietur:
630 2912 789 2944 ceterum
809 2908 840 2943 si
855 2918 928 2943 non
946 2907 1003 2952 sit,
1027 2907 1137 2943 veluti
1156 2907 1252 2952 quod

161 2952 381 2988 hereditaria
408 2952 526 2987 insula
556 2957 612 2988 est
642 2963 709 2989 nec
733 2954 816 2988 dum
839 2953 1020 2989 hereditas
1043 2953 1161 2995 adita,
1196 2953 1252 2989 vel

162 2998 193 3033 si
215 2998 320 3034 heres
337 3007 412 3034 non
434 3002 552 3033 exstet
574 3009 641 3033 nec
663 2998 892 3041 inhabitetur,
918 3002 1036 3034 cessat
1053 2999 1144 3034 haec
1167 3008 1251 3043 pars

161 3043 282 3079 edicti.
329 3046 385 3080 est
425 3047 544 3078 tamen
584 3043 695 3079 tutius
734 3043 893 3079 libellum
933 3043 980 3079 ad
1015 3043 1115 3089 ipsas
1144 3043 1251 3079 aedes

162 3097 380 3135 proponere:
405 3087 484 3123 fieri
503 3088 595 3124 enim
618 3093 748 3134 potest,
774 3093 814 3123 ut
832 3089 884 3124 ita
903 3088 1061 3125 monitus
1085 3088 1252 3125 defensor

164 3137 182 3167 '1
230 3133 375 3170 existat.
420 3132 465 3169 In
494 3142 592 3175 eum,
629 3134 691 3178 qui
728 3134 812 3179 quid
848 3144 972 3170 eorum
1012 3143 1105 3179 quae
1141 3144 1252 3179 supra

162 3179 300 3224 scripta
322 3182 408 3215 sunt
429 3188 503 3214 non
527 3180 718 3222 curaverit,
747 3179 873 3224 quanti
896 3189 940 3215 ea
961 3189 1020 3215 res
1045 3182 1117 3221 est,
1149 3179 1250 3215 cuius

162 3223 283 3259 damni
320 3223 482 3260 infecti¹¹
512 3224 655 3259 nomine
689 3228 834 3259 cautum
863 3235 935 3260 non
966 3224 1049 3267 erit,
1081 3223 1249 3259 iudicium

162 3269 286 3305 datur:
311 3268 408 3314 quod
430 3278 504 3304 non
527 3268 574 3304 ad
603 3269 838 3314 quantitatem
861 3269 1031 3310 refertur,
1056 3269 1119 3304 sed
1141 3269 1188 3304 ad
1212 3269 1250 3304 id

162 3314 258 3359 quod
286 3314 452 3356 interest,
481 3316 519 3350 et
548 3313 597 3350 ad
626 3313 816 3350 utilitatem
844 3315 956 3357 venit,
986 3325 1059 3350 non
1087 3314 1135 3350 ad
1162 3324 1247 3359 poe-

163 3362 183 3393 8
229 3369 325 3396 nam.
372 3359 453 3395 Hoc
483 3362 605 3395 autem
631 3358 802 3394 iudicium
835 3364 970 3395 certam
1003 3359 1249 3395 condicionem

162 3404 281 3446 habet,
306 3405 337 3440 si
359 3404 582 3450 postulatum
599 3407 671 3440 est:
697 3408 853 3439 ceterum
874 3405 935 3449 qui
952 3415 1025 3440 non
1043 3404 1247 3450 postulavit,

164 3449 318 3495 experiri
348 3460 421 3485 non
458 3453 591 3495 potest.
637 3448 821 3495 postulare
851 3454 971 3485 autem
1003 3450 1146 3495 proprie
1178 3450 1248 3486 hoc

162 3569 201 3608 (ι)
227 3564 544 3599 nuntiatiaoneml’
625 3565 669 3606 (²)
693 3562 969 3608 operiHofinann

208 3613 252 3653 (a)
276 3611 342 3645 Ed.
364 3619 388 3646 ι.
409 3618 437 3645 2.
454 3618 550 3645 ⁴...15.
570 3615 683 3644 17...1e.
701 3614 822 3648 21...32;
848 3609 929 3642 Sub.
948 3615 975 3643 s.
996 3616 1038 3643 ιο.
1061 3616 1108 3643 20.
1131 3615 1247 3644 ss...u.

163 3664 208 3690 ⁴⁵1.
221 3664 277 3695 ⁴83
303 3656 387 3700 Pap.
401 3664 447 3690 45.
460 3662 509 3690 4ο.
521 3673 565 3680 -—
579 3655 665 3688 Bas.
679 3655 734 3697 58,
748 3662 781 3689 ιο
892 3655 935 3692 (4)
960 3656 994 3686 et
1010 3653 1050 3687 de
1066 3653 1248 3697 sugrundis

162 3704 196 3733 et
208 3700 274 3740 (vel
287 3700 349 3742 Ρ)
364 3699 629 3744 protectionibus
642 3700 678 3741 F,
698 3702 731 3733 et
745 3697 1008 3743 proiectionibus
1018 3701 1051 3731 et
1062 3709 1248 3742 suggruen—

164 3746 215 3779 dis
233 3748 298 3780 ind.
313 3747 349 3780 F
467 3748 509 3787 (5)
535 3744 627 3778 caius
642 3744 677 3777 F
803 3746 847 3787 (ο)
870 3753 1029 3777 renovare
1047 3744 1109 3788 Ρ,
1126 3744 1248 3777 iterum

1483 8 1554 73 {VN

1543 105 1559 143 (κ
1936 130 1998 162 na·
2026 130 2186 162 nmo
2215 130 2409 164 mucro

1327 242 1348 275 9
1394 238 1546 276 dicimus
1572 250 1639 294 pro
1671 240 1842 276 tribunali
1864 243 2005 286 petere,
2035 250 2110 276 non
2132 240 2230 276 alibi.
2277 240 2317 277 Si
2338 244 2412 277 tam

1326 284 1482 320 vicinum
1514 284 1598 321 urbi
1625 285 1855 332 municipium
1879 286 1943 328 sit,
1975 288 2018 320 nt
2043 285 2256 331 magistratu
2277 296 2316 322 se
2340 296 2413 323 non

1326 329 1364 365 in
1446 334 1575 366 onente
1605 332 1763 376 potuerit
1792 335 1938 376 praetor
1961 330 2016 367 vel
2038 340 2184 376 praeses
2207 330 2316 375 adiri,
2346 341 2412 377 po-

1327 378 1399 411 test
1444 375 1490 410 'ci
1510 385 1652 412 cessare
1668 376 1763 412 hanc
1783 376 1960 412 actionem
1979 375 2151 411 adversus
2170 376 2412 422 magistratus,

1328 420 1432 465 quasi
1462 420 1552 455 nihil
1582 421 1739 463 intersit,
1769 431 1851 457 cum
1878 421 1917 456 in
1947 425 2013 456 tua
2042 424 2221 467 potestate
2251 420 2363 457 fuerit
2391 432 2413 456 a

1326 468 1491 510 praetore
1537 465 1592 501 vel
1629 466 1795 511 praeside
1832 466 2036 502 desiderare
2071 466 2109 501 in
2151 466 2413 511 possessionem

1333 513 1370 544 ιο
1417 510 1520 545 mitti.
1567 510 1667 547 Haec
1694 515 1814 547 autem
1845 512 1938 547 actio
1969 522 2051 547 cum
2082 511 2137 547 rei
2167 511 2301 547 habeat
2329 521 2413 557 per·

1327 555 1564 635 mutionem,
1602 559 1639 591 et
1668 555 1790 592 heredi
1821 560 1857 592 et
1893 557 1931 592 in
1969 556 2137 592 heredem
2169 559 2206 591 et
2238 560 2411 602 perpetuo

1398 611 1412 635 1
1428 611 1480 635 ur.

1372 644 1397 682 5
1423 645 1479 680 ΡΑ
1487 655 1582 681 Ubus
1601 645 1692 682 libro
1709 646 1833 692 primo
1858 646 1908 682 ad
1929 646 2085 682 edictum
2125 645 2308 682 Praetor-Is
2333 646 2412 682 offi-

1327 690 1422 726 cium
1446 694 1520 733 est,
1553 694 1595 726 ut
1617 690 1746 727 missus
1768 691 1807 726 in
1829 691 2091 737 possessionem
2114 691 2223 727 etiam
2247 702 2326 727 eam
2348 702 2414 737 per

1326 735 1424 780 longi
1454 736 1624 781 temporis
1660 735 1815 781 spatium
1851 737 1889 771 in
1919 747 2023 772 suum
2062 735 2256 772 dominium
2285 746 2416 782 capere

1331 784 1346 816 1
1395 780 1521 826 possit.
1567 781 1605 816 Si
1627 781 1749 826 plures
1773 782 1845 817 sint
1868 781 2013 824 domini,
2038 781 2099 826 qui
2122 791 2251 818 cavere
2271 780 2413 826 debent,

1327 829 1364 861 et
1385 826 1514 870 aliquis
1532 837 1605 861 non
1628 830 1763 869 caveat,
1786 827 1824 861 in
1847 827 2046 871 portionem
2069 827 2146 862 eius
2169 827 2340 862 mittetur.
2376 832 2414 863 et

1328 874 1455 906 contra
1478 871 1509 906 si
1532 871 1670 924 aliquot
1692 871 1781 915 sint,
1814 872 1874 916 qui
1897 871 2016 907 caveri
2038 870 2108 907 sibi
2130 870 2353 915 desiderant,
2376 876 2414 908 et

1327 916 1420 951 alius
1450 917 1700 961 pretiosiores,
1730 917 1821 952 alius
1853 916 1995 952 viliores
2026 916 2160 952 habeat
2183 916 2307 960 aedes,
2340 917 2413 952 sive

1327 962 1432 997 unius
1457 961 1583 997 domus
1631 962 1727 997 lures
1750 962 1907 997 habeant
1935 961 2098 1006 dispares
2121 965 2263 1008 partes:
2293 965 2413 998 tamen

1327 1017 1400 1042 non
1437 1007 1599 1052 magnitu
1626 1007 1681 1043 'ne
1724 1006 1869 1042 dominii
1905 1006 2071 1052 quisque,
2115 1006 2179 1042 sed
2217 1007 2414 1052 aequaliter

1328 1055 1347 1086 2
1395 1051 1582 1087 mittentur
1606 1062 1728 1088 omnes
1752 1052 1790 1087 in
1811 1052 2086 1098 possessionem.
2127 1051 2166 1087 Si
2188 1056 2227 1088 et
2248 1052 2413 1088 dominus

1325 1097 1555 1149 proprietatis
1567 1101 1604 1132 et
1614 1097 1834 1132 fructuarius
1847 1097 2026 1133 desideret
2037 1098 2066 1118 ¹²
2080 1097 2151 1132 sibi
2166 1098 2283 1133 caveri
2293 1097 2414 1133 damni

1324 1141 1467 1184 infecti,
1506 1146 1656 1187 uterque
1686 1142 1885 1179 audiendus
1915 1147 1989 1179 est:
2028 1152 2095 1177 nec
2125 1143 2220 1178 enim
2248 1142 2413 1178 iniuriam

1326 1187 1455 1222 sentiet
1467 1187 1674 1240 promissor,
1694 1198 1768 1223 non
1780 1188 1863 1233 plus
1879 1188 2007 1233 cuique
2021 1191 2282 1233 praestaturus,
2307 1198 2413 1234 quam

1325 1232 1421 1277 quod
1445 1242 1522 1269 eius
1543 1232 1696 1269 intersit.

1372 1275 1397 1315 6
1420 1277 1544 1314 θΛΙυε
1560 1278 1652 1314 libro
1658 1278 1782 1325 primo
1794 1277 1845 1313 ad
1854 1277 2007 1314 edictum
2045 1278 2242 1315 rovinoiale
2272 1277 2411 1320 Evenit,

1324 1326 1366 1358 ut
1396 1334 1665 1368 nonnumquam
1695 1323 1825 1359 damno
1855 1323 1940 1359 dato
1969 1334 1994 1358 n
2099 1323 2203 1359 nobis
2235 1327 2414 1368 competat

1325 1369 1418 1404 actio
1443 1379 1516 1404 non
1537 1369 1751 1414 interposita
1774 1372 1883 1403 antea
1905 1368 2087 1411 cautione,
2121 1368 2231 1404 veluti
2254 1369 2286 1404 si
2308 1368 2414 1404 vicini

1324 1413 1432 1450 aedes
1464 1415 1632 1450 ruinosae
1662 1415 1700 1449 in
1730 1424 1828 1450 meas
1861 1413 1968 1449 aedes
2001 1413 2211 1450 ceciderint:
2247 1413 2337 1450 adeo
2372 1417 2414 1449 ut

1323 1459 1504 1504 plerisque
1534 1459 1710 1504 placuerit
1738 1470 1804 1495 nec
1837 1459 1917 1512 cogi
1940 1459 2083 1504 quidem
2107 1469 2188 1494 eum
2211 1468 2319 1505 posse
2372 1462 2414 1494 ut

1323 1504 1459 1584 {ugerii
1477 1504 1591 1584 tffllat,
1615 1505 1646 1540 si
1668 1504 1774 1540 modo
1799 1514 1919 1540 omma
1942 1514 2035 1550 quae
2056 1505 2201 1540 iaceant
2221 1514 2287 1550 pro
2311 1486 2411 1540 dere—

1337 1561 1350 1584 ι
1461 1560 1482 1584 a
1553 1555 1578 1584 t.

1351 1560 1409 1631 e7o
1429 1560 1625 1631 ULPfflNus
1644 1595 1737 1632 libro
1768 1595 2094 1648 quinquaqensn’mo
2119 1595 2224 1630 tertio
2248 1594 2299 1630 ad
2319 1594 2412 1631 edic-

1326 1643 1400 1675 tum
1446 1639 1599 1676 Praetor
1629 1640 1698 1676 ait:
1736 1640 1867 1676 ‘damni
1894 1640 2019 1675 infecti
2057 1650 2125 1676 suo
2154 1639 2298 1676 nomine
2328 1650 2410 1685 pro-

1326 1684 1445 1728 ‘mitti,
1476 1685 1593 1720 alieno
1626 1685 1795 1722 satisdari
1824 1685 1955 1721 iubebo
1980 1685 2031 1728 ei,
2064 1686 2125 1730 qui
2147 1684 2318 1721 iuraverit
2340 1695 2413 1721 non

1325 1730 1535 1766 ‘calumniae
1555 1741 1667 1766 causa
1685 1730 1724 1767 id
1746 1741 1785 1767 se
1805 1730 1990 1776 postulare
2012 1740 2136 1766 eumve
2153 1730 2255 1766 cuius
2270 1730 2413 1766 nomine

1325 1778 1419 1821 ‘aget
1441 1775 1708 1820 postulaturum
1729 1775 1852 1820 fuisse,
1875 1776 1914 1811 in
1938 1786 2016 1811 eam
2040 1775 2142 1820 diem,
2196 1786 2280 1811 uam
2302 1785 2413 1812 causa

1325 1821 1481 1867 ‘cognita
1503 1824 1675 1857 statuero.
1723 1822 1755 1858 si
1787 1821 2030 1857 controversia
2059 1820 2146 1863 erit,
2201 1821 2342 1857 ominus
2366 1821 2412 1857 sit

1325 1869 1403 1902 ‘nec
1426 1876 1471 1901 ne
1496 1866 1557 1911 qui
1577 1866 1726 1909 cavebit,
1752 1867 1820 1903 sub
1843 1866 2054 1912 exceptione
2077 1865 2246 1902 satisdari
2267 1866 2409 1902 iubebo.

1325 1911 1382 1947 ‘de
1413 1922 1455 1947 eo
1481 1922 1605 1957 opere,
1637 1912 1734 1957 quod
1763 1912 1801 1947 in
1832 1911 1979 1948 flumine
2035 1911 2155 1948 ublico
2183 1911 2306 1957 ripave
2334 1912 2411 1948 eius

1327 1956 1411 2000 ‘fiet,
1434 1957 1473 1992 in
1497 1967 1611 1993 annos
1636 1958 1758 1993 decem
1781 1957 1950 1993 satisdari
1970 1922 2115 1993 iubebo.
2161 1966 2254 1999 eum,
2280 1956 2339 1992 cui
2360 1957 2412 1992 ita

1326 2003 1408 2038 ‘non
1432 2002 1632 2045 cavebitur,
1667 2002 1706 2038 in
1728 2003 1992 2048 possessionem
2014 2002 2091 2038 eius
2121 2002 2191 2045 rei,
2220 2002 2323 2038 cuius
2345 2012 2409 2038 no-

1325 2047 1429 2083 ‘mine
1457 2051 1498 2083 ut
1529 2052 1698 2083 caveatur
1733 2048 1994 2093 postulabitur,
2028 2047 2082 2083 ire
2112 2051 2168 2090 et,
2204 2057 2286 2083 cum
2314 2046 2412 2084 iusta

1325 2096 1448 2129 ‘causa
1478 2102 1557 2129 esse
1586 2093 1780 2136 videbitur,
1812 2093 1920 2129 etiam
1942 2092 2124 2139 possidere
2146 2092 2279 2129 iubebo
2289 2093 2329 2128 ¹⁸.
2373 2093 2412 2128 in

1324 2139 1435 2181 ‘eum,
1468 2138 1530 2183 qui
1558 2148 1676 2183 neque
1706 2139 1840 2174 caverit
1867 2149 1984 2184 neque
2010 2138 2049 2174 in
2076 2137 2303 2183 possessione
2332 2148 2411 2174 esse

1324 2185 1452 2247 :neque
1474 2183 1659 2229 possidere
1681 2194 1811 2229 passus
1834 2185 1913 2227 erit,
1937 2183 2110 2220 iudicium
2133 2182 2243 2226 dabo,
2265 2187 2307 2219 ut
2329 2186 2410 2236 tan3

1324 2233 1614 2326 ‘iffi‘ssffij
1627 2232 2347 2317 iefflssmmssffiffleffuffefiimffg‘&
2370 2240 2410 2310 ἐξ

1323 2319 1533 2356 ‘iurisdictio
1556 2319 1627 2354 fmt
1649 2330 1742 2365 quae
1765 2330 1845 2356 mea
1868 2324 1940 2362 est,
1973 2323 2119 2356 cautum
2147 2319 2286 2356 fuisset.
2332 2319 2409 2355 eius

1325 2364 1388 2400 ‘rei
1411 2364 1572 2407 nomine,
1596 2365 1633 2400 in
1657 2365 1759 2401 cuius
1781 2365 2043 2411 possessionem
2064 2365 2206 2408 misero,
2230 2365 2261 2400 si
2283 2365 2330 2401 ab
2354 2375 2408 2407 eo,

1324 2409 1397 2454 ‘qui
1415 2410 1453 2444 in
1472 2410 1698 2454 possessione
1717 2410 1796 2453 erit,
1821 2410 1979 2446 damni¹⁴
2002 2410 2127 2446 infecti
2144 2409 2288 2446 nomine
2299 2411 2328 2432 ¹⁶
2350 2420 2409 2446 sa-

1325 2454 1545 2498 ‘tisdabitur,
1570 2465 1667 2498 eum,
1693 2456 1752 2491 cui
1774 2466 1847 2491 non
1869 2454 2112 2497 satisdabitur,
2137 2455 2243 2491 simul
2265 2455 2303 2491 in
2324 2466 2409 2500 pos-

1328 2503 1343 2535 1
1393 2501 1562 2536 ‘sessione
1603 2511 1682 2536 esse
1719 2501 1875 2537 iubebo’.
1927 2500 2008 2536 Hoc
2047 2501 2201 2537 edictum
2233 2501 2409 2554 prospicit

1324 2545 1453 2581 damno
1466 2547 1492 2567 ¹⁶
1529 2545 1686 2581 nondum
1721 2546 1836 2591 facto,
1881 2557 1962 2582 cum
2001 2550 2142 2582 ceterae
2171 2548 2331 2582 actiones
2362 2546 2408 2581 ad

1325 2590 1466 2633 damna,
1491 2601 1583 2635 quae
1601 2591 1835 2637 contigerunt,
1860 2592 2048 2628 sarcienda
2070 2590 2284 2637 pertineant,
2307 2594 2350 2626 ut
2369 2591 2407 2626 in

1322 2635 1409 2680 legis
1432 2636 1598 2689 Aquiliae
1621 2636 1763 2673 actione
1786 2641 1822 2673 et
1844 2637 1935 2673 aliis.
1982 2636 2027 2673 de
2050 2636 2180 2673 damno
2203 2646 2286 2673 vero
2310 2635 2407 2672 facto

1322 2681 1411 2716 nihil
1429 2681 1546 2717 edicto
1566 2686 1730 2718 cavetur:
1754 2693 1837 2718 cum
1855 2682 1948 2719 enim
1966 2682 2145 2724 animalia,
2168 2691 2261 2728 quae
2278 2691 2407 2717 noxam

1323 2727 1592 2770 commiserunt,
1622 2738 1695 2763 non
1717 2727 1814 2763 ultra
1835 2738 1902 2763 nos
1926 2727 2044 2763 solent
2055 2729 2081 2750 ¹⁷
2106 2737 2271 2769 onerare,
2301 2736 2408 2772 quam

1322 2776 1364 2807 ut
1385 2782 1503 2808 noxae
1525 2782 1569 2808 ea
1592 2772 1781 2816 dedamus,
1809 2773 1921 2808 multo
1946 2773 2059 2818 magis
2081 2782 2143 2816 ea,
2175 2781 2267 2819 quae
2289 2773 2402 2807 anima

1323 2821 1465 2860 carent,
1497 2817 1593 2853 ultra
1615 2828 1682 2854 nos
1705 2829 1779 2853 non
1802 2818 1975 2854 deberent
1997 2828 2166 2860 onerare,
2197 2818 2406 2863 praesertim

1322 2873 1404 2898 cum
1434 2873 1492 2898 res
1523 2863 1665 2908 quidem
1694 2863 1881 2907 animales,
1913 2873 2006 2908 quae
2036 2863 2204 2899 damnum
2233 2862 2405 2905 dederint,

1320 2908 1420 2952 ipsae
1444 2911 1578 2988 exten}
1600 2908 1708 2944 aedes
1730 2913 1860 2952 autem,
1885 2908 1916 2944 si
1940 2908 2046 2944 ruina
2063 2918 2132 2945 sua
2154 2908 2321 2944 damnum
2344 2907 2404 2943 de-

1322 2956 1341 2987 2
1389 2952 1530 2995 derunt,
1579 2953 1724 2990 esierint
1747 2958 1879 2989 extare.
1915 2953 2018 2990 Unde
2040 2953 2234 2999 quaeritur,
2259 2953 2290 2988 si
2310 2957 2404 2995 ante,

1321 3009 1429 3043 quam
1459 3002 1661 3043 caveretur,
1699 2998 1808 3035 aedes
1845 2998 2056 3035 deciderunt
2087 3008 2204 3044 neque
2241 2998 2405 3033 dominus

1320 3044 1452 3079 rudera
1473 3043 1559 3080 velit
1582 3053 1724 3089 egerere
1747 3054 1862 3090 eaque
1885 3043 2118 3089 derelinquat,
2143 3054 2189 3079 an
2214 3043 2262 3079 sit
2284 3043 2405 3096 aliqua
2429 3069 2434 3081 ι

1320 3088 1490 3125 adversus
1514 3098 1595 3124 eum
1618 3090 1725 3126 actio.
1776 3094 1814 3126 et
1834 3089 1994 3125 Iulianus
2018 3088 2213 3132 consultus,
2238 3088 2270 3124 si
2291 3098 2403 3134 prius,

1320 3144 1426 3179 quam
1450 3134 1570 3169 damni
1597 3134 1721 3170 infecti
1751 3134 1936 3188 stipulatio
1959 3134 2034 3169 inte
2079 3138 2265 3176 oneretur,
2295 3133 2403 3169 mdes

1319 3179 1468 3216 vitiosae
1491 3179 1727 3222 corruissent,
1753 3180 1838 3224 quid
1861 3180 1981 3215 facere
2004 3179 2049 3215 de
2074 3183 2151 3215 eret
2171 3179 2215 3222 is,
2238 3179 2276 3214 in
2299 3178 2403 3215 cuius

1318 3224 1425 3260 aedes
1448 3224 1580 3260 rudera
1599 3224 1825 3267 decidissent,
1849 3229 1890 3260 ut
1907 3225 2077 3260 damnum
2099 3224 2303 3268 sarciretur,
2326 3233 2402 3260 res-

1344 3269 1453 3312 ondit,
1477 3269 1509 3305 si
1532 3269 1697 3305 dominus
1720 3270 1873 3312 aedium,
1898 3279 1990 3315 quae
2013 3274 2181 3312 ruerunt,
2205 3269 2311 3305 vellet
2331 3268 2401 3305 tol·

1331 3324 1410 3357 ere,
1442 3325 1516 3350 non
1537 3314 1641 3350 aliter
1670 3314 1962 3360 permittendum,
1997 3325 2104 3359 quam
2134 3318 2176 3350 ut
2198 3314 2332 3359 omnia,
2364 3313 2402 3349 id

1318 3363 1373 3395 est
1402 3363 1440 3395 et
1468 3369 1560 3404 quae
1589 3360 1731 3395 inutilia
1753 3363 1889 3404 essent,
1921 3359 2097 3403 auferret,
2127 3369 2195 3396 nec
2217 3359 2334 3396 solum
2356 3358 2402 3395 de

1317 3403 1458 3447 futuro,
1490 3404 1554 3440 sed
1584 3408 1621 3441 et
1644 3405 1688 3441 de
1715 3405 1909 3451 praeterito
1932 3405 2061 3441 damno
2086 3414 2212 3441 cavere
2234 3414 2316 3442 eum
2339 3403 2400 3440 de-

1316 3450 1419 3486 bere:
1445 3449 1542 3495 quod
1559 3450 1591 3487 si
1608 3449 1773 3487 dominus
1791 3449 1942 3493 aedium,
1962 3460 2055 3496 quae
2071 3449 2293 3493 deciderunt,
2312 3449 2400 3485 nihil

1318 3562 1470 3597 ‹lm-eser.

1317 3609 1379 3642 del.
1393 3607 1446 3641 F·

1317 3655 1375 3695 (ιι)
1400 3653 1627 3687 desiderati*
1685 3658 1742 3695 (ιθ)
1767 3653 1913 3687 iubeoF
1963 3657 2020 3695 (u)
2044 3653 2203 3688 demniF
2254 3660 2311 3695 (ιιι)
2336 3665 2397 3688 no-

1316 3698 1417 3741 mine]
1429 3709 1498 3732 non
1511 3700 1759 3733 Bremenium
1824 3702 1883 3741 (ιῦ)
1901 3699 2070 3733 domno?
2122 3701 2181 3742 (1¹1)
2205 3698 2334 3733 soleant
2342 3698 2395 3733 15⁷¹

1574 3568 1618 3606 (7)
1642 3574 1714 3597 eam
1725 3562 1778 3597 Γ*

1547 3611 1606 3651 (ιο)
1631 3609 1667 3642 in
1680 3619 1779 3651 qnam
1791 3608 1883 3651 degit
1895 3611 1955 3643 del.

1885 3568 1929 3606 (8)
1954 3564 2119 3607 accipitur
2129 3564 2184 3598 Γ*
2293 3567 2338 3606 (ο)
2361 3565 2398 3598 in

2061 3611 2117 3652 (11)
2142 3609 2358 3643 damninfeoti
2371 3609 2406 3643 F
