<?xml version="1.0" encoding="UTF-8"?>
<!DOCTYPE html PUBLIC "-//W3C//DTD XHTML 1.0 Transitional//EN"
    "http://www.w3.org/TR/xhtml1/DTD/xhtml1-transitional.dtd">
<html xmlns="http://www.w3.org/1999/xhtml" xml:lang="en" lang="en">
 <head>
  <title>
</title>
<meta http-equiv="Content-Type" content="text/html;charset=utf-8" />
  <meta name='ocr-system' content='tesseract 3.04.00' />
  <meta name='ocr-capabilities' content='ocr_page ocr_carea ocr_par ocr_line ocrx_word'/>
</head>
<body>
  <div class='ocr_page' id='page_1' title='image "./corpusjuriscivil01krueuoft_0359.png"; bbox 0 0 2528 3918; ppageno 0'>
   <div class='ocr_carea' id='block_1_1' title="bbox 6 131 809 169">
    <p class='ocr_par' dir='ltr' id='par_1_1' title="bbox 6 131 809 169">
     <span class='ocr_line' id='line_1_1' title="bbox 6 131 809 169; baseline 0 -1"><span class='ocrx_word' id='word_1_1' title='bbox 6 131 7 134; x_wconf 30' lang='lat'>¹</span> <span class='ocrx_word' id='word_1_2' title='bbox 38 142 42 143; x_wconf 51' lang='lat'><em>⁷</em></span> <span class='ocrx_word' id='word_1_3' title='bbox 74 138 134 168; x_wconf 73' lang='lat' dir='ltr'><strong>DE</strong></span> <span class='ocrx_word' id='word_1_4' title='bbox 163 137 430 169; x_wconf 84' lang='lat' dir='ltr'>ACTIONIBUS</span> <span class='ocrx_word' id='word_1_5' title='bbox 458 137 593 168; x_wconf 76' lang='lat' dir='ltr'>EMPH</span> <span class='ocrx_word' id='word_1_6' title='bbox 622 137 809 168; x_wconf 84' lang='lat' dir='ltr'>VENDITI</span> 
     </span>
    </p>
   </div>
   <div class='ocr_carea' id='block_1_2' title="bbox 73 246 1159 293">
    <p class='ocr_par' dir='ltr' id='par_1_2' title="bbox 73 246 1159 293">
     <span class='ocr_line' id='line_1_2' title="bbox 73 246 1159 293; baseline 0 -10"><span class='ocrx_word' id='word_1_7' title='bbox 73 248 178 290; x_wconf 87' lang='lat' dir='ltr'><strong>venit,</strong></span> <span class='ocrx_word' id='word_1_8' title='bbox 228 249 285 283; x_wconf 90' lang='lat' dir='ltr'><strong>ost</strong></span> <span class='ocrx_word' id='word_1_9' title='bbox 307 250 457 284; x_wconf 85' lang='lat' dir='ltr'><strong>mortem</strong></span> <span class='ocrx_word' id='word_1_10' title='bbox 479 246 645 293; x_wconf 86' lang='lat' dir='ltr'><strong>emptoris</strong></span> <span class='ocrx_word' id='word_1_11' title='bbox 673 247 750 283; x_wconf 90' lang='lat' dir='ltr'><strong>iure</strong></span> <span class='ocrx_word' id='word_1_12' title='bbox 775 247 788 282; x_wconf 93' lang='lat' dir='ltr'><strong>i</strong></span> <span class='ocrx_word' id='word_1_13' title='bbox 814 257 855 283; x_wconf 90' lang='lat' dir='ltr'><strong>so</strong></span> <span class='ocrx_word' id='word_1_14' title='bbox 881 247 1034 284; x_wconf 88' lang='lat' dir='ltr'><strong>liberata</strong></span> <span class='ocrx_word' id='word_1_15' title='bbox 1053 248 1126 284; x_wconf 88' lang='lat' dir='ltr'><strong>sint</strong></span> <span class='ocrx_word' id='word_1_16' title='bbox 1139 249 1159 283; x_wconf 85' lang='lat'><strong>¹.</strong></span> 
     </span>
    </p>
   </div>
   <div class='ocr_carea' id='block_1_3' title="bbox 1148 123 1231 170">
    <p class='ocr_par' dir='ltr' id='par_1_3' title="bbox 1148 123 1231 170">
     <span class='ocr_line' id='line_1_3' title="bbox 1148 123 1231 170; baseline 0 0"><span class='ocrx_word' id='word_1_17' title='bbox 1148 123 1231 170; x_wconf 85' lang='lat'><strong>243</strong></span> 
     </span>
    </p>
   </div>
   <div class='ocr_carea' id='block_1_4' title="bbox 1835 128 2311 173">
    <p class='ocr_par' dir='ltr' id='par_1_4' title="bbox 1835 128 2311 173">
     <span class='ocr_line' id='line_1_4' title="bbox 1835 128 2311 173; baseline 0.002 -1"><span class='ocrx_word' id='word_1_18' title='bbox 1835 129 1977 172; x_wconf 92' lang='lat' dir='ltr'>XVIII</span> <span class='ocrx_word' id='word_1_19' title='bbox 2008 128 2257 172; x_wconf 88' lang='lat' dir='ltr'>7—-XVIIII</span> <span class='ocrx_word' id='word_1_20' title='bbox 2294 134 2311 173; x_wconf 91' lang='lat'>1</span> 
     </span>
    </p>
   </div>
   <div class='ocr_carea' id='block_1_5' title="bbox 1234 247 2316 297">
    <p class='ocr_par' dir='ltr' id='par_1_5' title="bbox 1234 247 2316 297">
     <span class='ocr_line' id='line_1_5' title="bbox 1234 247 2316 297; baseline 0.004 -12"><span class='ocrx_word' id='word_1_21' title='bbox 1234 247 1443 285; x_wconf 69' lang='lat' dir='ltr'><strong>CLAUDJas:</strong></span> <span class='ocrx_word' id='word_1_22' title='bbox 1465 248 1577 285; x_wconf 90' lang='lat' dir='ltr'><strong>Divus</strong></span> <span class='ocrx_word' id='word_1_23' title='bbox 1593 249 1767 285; x_wconf 85' lang='lat' dir='ltr'><strong>Marcus²</strong></span> <span class='ocrx_word' id='word_1_24' title='bbox 1791 261 1835 287; x_wconf 87' lang='lat' dir='ltr'><strong>ex</strong></span> <span class='ocrx_word' id='word_1_25' title='bbox 1857 251 1934 297; x_wconf 79' lang='lat' dir='ltr'><strong>lege</strong></span> <span class='ocrx_word' id='word_1_26' title='bbox 1961 252 2058 288; x_wconf 82' lang='lat' dir='ltr'><strong>dicta</strong></span> <span class='ocrx_word' id='word_1_27' title='bbox 2085 252 2261 289; x_wconf 81' lang='lat' dir='ltr'>libertatis</span> <span class='ocrx_word' id='word_1_28' title='bbox 2279 252 2316 289; x_wconf 91' lang='lat' dir='ltr'><strong>in</strong></span> 
     </span>
    </p>
   </div>
   <div class='ocr_carea' id='block_1_6' title="bbox 73 291 2316 340">
    <p class='ocr_par' dir='ltr' id='par_1_6' title="bbox 73 291 2316 340">
     <span class='ocr_line' id='line_1_6' title="bbox 73 291 2316 340; baseline 0.003 -12"><span class='ocrx_word' id='word_1_29' title='bbox 73 303 205 338; x_wconf 85' lang='lat' dir='ltr'>respon</span> <span class='ocrx_word' id='word_1_30' title='bbox 232 292 259 327; x_wconf 85' lang='lat' dir='ltr'><strong>‘t</strong></span> <span class='ocrx_word' id='word_1_31' title='bbox 275 291 470 328; x_wconf 87' lang='lat' dir='ltr'><strong>secundum</strong></span> <span class='ocrx_word' id='word_1_32' title='bbox 483 292 774 328; x_wconf 87' lang='lat' dir='ltr'><strong>constitutionem</strong></span> <span class='ocrx_word' id='word_1_33' title='bbox 812 291 857 327; x_wconf 86' lang='lat' dir='ltr'><strong>&#39;vi</strong></span> <span class='ocrx_word' id='word_1_34' title='bbox 869 292 1042 329; x_wconf 89' lang='lat' dir='ltr'><strong>Hadriani</strong></span> <span class='ocrx_word' id='word_1_35' title='bbox 1054 303 1163 339; x_wconf 88' lang='lat' dir='ltr'><strong>super</strong></span> <span class='ocrx_word' id='word_1_36' title='bbox 1229 293 1414 330; x_wconf 90' lang='lat' dir='ltr'><strong>vendendo</strong></span> <span class='ocrx_word' id='word_1_37' title='bbox 1446 294 1605 340; x_wconf 87' lang='lat' dir='ltr'><strong>quamvis</strong></span> <span class='ocrx_word' id='word_1_38' title='bbox 1637 304 1710 329; x_wconf 92' lang='lat' dir='ltr'><strong>non</strong></span> <span class='ocrx_word' id='word_1_39' title='bbox 1740 297 1976 333; x_wconf 81' lang='lat' dir='ltr'><strong>manumissos</strong></span> <span class='ocrx_word' id='word_1_40' title='bbox 2008 297 2087 334; x_wconf 83' lang='lat' dir='ltr'><strong>fore</strong></span> <span class='ocrx_word' id='word_1_41' title='bbox 2115 297 2248 334; x_wconf 87' lang='lat' dir='ltr'><strong>liberos</strong></span> <span class='ocrx_word' id='word_1_42' title='bbox 2279 298 2316 334; x_wconf 89' lang='lat' dir='ltr'><strong>in</strong></span> 
     </span>
    </p>
   </div>
   <div class='ocr_carea' id='block_1_7' title="bbox 71 337 1158 426">
    <p class='ocr_par' dir='ltr' id='par_1_7' title="bbox 71 337 1158 426">
     <span class='ocr_line' id='line_1_7' title="bbox 72 337 1157 384; baseline 0.001 -11"><span class='ocrx_word' id='word_1_43' title='bbox 72 338 141 374; x_wconf 90' lang='lat' dir='ltr'><strong>hoc</strong></span> <span class='ocrx_word' id='word_1_44' title='bbox 160 338 337 383; x_wconf 76' lang='lat' dir='ltr'><strong>prolatam</strong></span> <span class='ocrx_word' id='word_1_45' title='bbox 354 337 576 383; x_wconf 81' lang='lat' dir='ltr'><strong>Pamphilam</strong></span> <span class='ocrx_word' id='word_1_46' title='bbox 595 340 631 373; x_wconf 88' lang='lat' dir='ltr'><strong>et</strong></span> <span class='ocrx_word' id='word_1_47' title='bbox 642 337 814 380; x_wconf 83' lang='lat' dir='ltr'><strong>Stichum,</strong></span> <span class='ocrx_word' id='word_1_48' title='bbox 836 337 880 373; x_wconf 90' lang='lat' dir='ltr'><strong>de</strong></span> <span class='ocrx_word' id='word_1_49' title='bbox 901 338 1028 383; x_wconf 87' lang='lat' dir='ltr'><strong>quibus</strong></span> <span class='ocrx_word' id='word_1_50' title='bbox 1049 349 1157 384; x_wconf 90' lang='lat' dir='ltr'><strong>quae-</strong></span> 
     </span>
     <span class='ocr_line' id='line_1_8' title="bbox 71 382 1158 426; baseline 0.002 -8"><span class='ocrx_word' id='word_1_51' title='bbox 71 386 226 425; x_wconf 86' lang='lat' dir='ltr'><strong>reretur,</strong></span> <span class='ocrx_word' id='word_1_52' title='bbox 262 382 293 418; x_wconf 89' lang='lat' dir='ltr'><strong>si</strong></span> <span class='ocrx_word' id='word_1_53' title='bbox 322 382 530 418; x_wconf 77' lang='lat' dir='ltr'><strong>manumissi</strong></span> <span class='ocrx_word' id='word_1_54' title='bbox 563 392 636 418; x_wconf 91' lang='lat' dir='ltr'><strong>non</strong></span> <span class='ocrx_word' id='word_1_55' title='bbox 670 382 761 426; x_wconf 89' lang='lat' dir='ltr'><strong>sint,</strong></span> <span class='ocrx_word' id='word_1_56' title='bbox 795 382 927 419; x_wconf 90' lang='lat' dir='ltr'><strong>liberos</strong></span> <span class='ocrx_word' id='word_1_57' title='bbox 961 394 1035 420; x_wconf 94' lang='lat' dir='ltr'><strong>non</strong></span> <span class='ocrx_word' id='word_1_58' title='bbox 1069 393 1158 421; x_wconf 86' lang='lat' dir='ltr'><strong>esse.</strong></span> 
     </span>
    </p>
   </div>
   <div class='ocr_carea' id='block_1_8' title="bbox 1228 339 2312 423">
    <p class='ocr_par' dir='ltr' id='par_1_8' title="bbox 1228 339 2312 423">
     <span class='ocr_line' id='line_1_9' title="bbox 1228 339 2312 390; baseline 0.004 -16"><span class='ocrx_word' id='word_1_59' title='bbox 1228 339 1481 376; x_wconf 87' lang='lat' dir='ltr'><strong>semenstribus</strong></span> <span class='ocrx_word' id='word_1_60' title='bbox 1506 339 1710 382; x_wconf 88' lang='lat' dir='ltr'><strong>constituit,</strong></span> <span class='ocrx_word' id='word_1_61' title='bbox 1742 341 1827 376; x_wconf 90' lang='lat' dir='ltr'><strong>licet</strong></span> <span class='ocrx_word' id='word_1_62' title='bbox 1848 342 1886 377; x_wconf 93' lang='lat' dir='ltr'><strong>in</strong></span> <span class='ocrx_word' id='word_1_63' title='bbox 1908 343 2031 379; x_wconf 87' lang='lat' dir='ltr'><strong>mortis</strong></span> <span class='ocrx_word' id='word_1_64' title='bbox 2055 346 2194 390; x_wconf 87' lang='lat' dir='ltr'><strong>tempus</strong></span> <span class='ocrx_word' id='word_1_65' title='bbox 2218 353 2312 389; x_wconf 89' lang='lat' dir='ltr'><strong>emp-</strong></span> 
     </span>
     <span class='ocr_line' id='line_1_10' title="bbox 1228 384 1896 423; baseline 0.004 -3"><span class='ocrx_word' id='word_1_66' title='bbox 1228 384 1317 421; x_wconf 89' lang='lat' dir='ltr'><strong>toris</strong></span> <span class='ocrx_word' id='word_1_67' title='bbox 1341 384 1479 420; x_wconf 81' lang='lat' dir='ltr'><strong>distulit</strong></span> <span class='ocrx_word' id='word_1_68' title='bbox 1501 384 1663 421; x_wconf 88' lang='lat' dir='ltr'><strong>venditor</strong></span> <span class='ocrx_word' id='word_1_69' title='bbox 1685 384 1896 423; x_wconf 74' lang='lat' dir='ltr'><strong>libertatem.</strong></span> 
     </span>
    </p>
   </div>
   <div class='ocr_carea' id='block_1_9' title="bbox 833 843 1536 896">
    <p class='ocr_par' dir='ltr' id='par_1_9' title="bbox 833 843 1536 896">
     <span class='ocr_line' id='line_1_11' title="bbox 833 843 1536 896; baseline 0.001 -2"><span class='ocrx_word' id='word_1_70' title='bbox 833 844 1012 895; x_wconf 86' lang='lat' dir='ltr'>LIBER</span> <span class='ocrx_word' id='word_1_71' title='bbox 1041 845 1235 896; x_wconf 82' lang='lat' dir='ltr'><strong>NONUS</strong></span> <span class='ocrx_word' id='word_1_72' title='bbox 1264 843 1536 896; x_wconf 77' lang='lat' dir='ltr'><strong>DEGIMUS.</strong></span> 
     </span>
    </p>
   </div>
   <div class='ocr_carea' id='block_1_10' title="bbox 220 972 995 1073">
    <p class='ocr_par' dir='ltr' id='par_1_10' title="bbox 220 972 995 1073">
     <span class='ocr_line' id='line_1_12' title="bbox 585 972 638 1012; baseline 0 0"><span class='ocrx_word' id='word_1_73' title='bbox 585 972 638 1012; x_wconf 83' lang='lat'><strong>1⁸.</strong></span> 
     </span>
     <span class='ocr_line' id='line_1_13' title="bbox 220 1040 995 1073; baseline 0 -1"><span class='ocrx_word' id='word_1_74' title='bbox 220 1040 282 1073; x_wconf 88' lang='lat' dir='ltr'><strong>DE</strong></span> <span class='ocrx_word' id='word_1_75' title='bbox 307 1040 576 1073; x_wconf 83' lang='lat' dir='ltr'>ACTIONIBUS</span> <span class='ocrx_word' id='word_1_76' title='bbox 600 1040 745 1073; x_wconf 80' lang='lat' dir='ltr'>EMPTI</span> <span class='ocrx_word' id='word_1_77' title='bbox 769 1040 962 1073; x_wconf 87' lang='lat' dir='ltr'>VENDITI</span> <span class='ocrx_word' id='word_1_78' title='bbox 971 1040 995 1073; x_wconf 75' lang='lat'><strong>⁴.</strong></span> 
     </span>
    </p>
   </div>
   <div class='ocr_carea' id='block_1_11' title="bbox 27 1100 1155 1243">
    <p class='ocr_par' dir='ltr' id='par_1_11' title="bbox 27 1100 1155 1243">
     <span class='ocr_line' id='line_1_14' title="bbox 117 1100 1155 1144; baseline 0.003 -4"><span class='ocrx_word' id='word_1_79' title='bbox 117 1100 135 1139; x_wconf 94' lang='lat'>1</span> <span class='ocrx_word' id='word_1_80' title='bbox 169 1103 363 1142; x_wconf 66' lang='lat' dir='ltr'><strong>Urpmvvs</strong></span> <span class='ocrx_word' id='word_1_81' title='bbox 382 1107 474 1142; x_wconf 81' lang='lat' dir='ltr'><strong>libro</strong></span> <span class='ocrx_word' id='word_1_82' title='bbox 497 1106 663 1143; x_wconf 75' lang='lat' dir='ltr'><strong>vicesimo</strong></span> <span class='ocrx_word' id='word_1_83' title='bbox 686 1108 812 1143; x_wconf 82' lang='lat' dir='ltr'><strong>octavo</strong></span> <span class='ocrx_word' id='word_1_84' title='bbox 836 1106 886 1143; x_wconf 85' lang='lat' dir='ltr'><strong>ad</strong></span> <span class='ocrx_word' id='word_1_85' title='bbox 908 1106 1082 1144; x_wconf 79' lang='lat' dir='ltr'><strong>Sabinum</strong></span> <span class='ocrx_word' id='word_1_86' title='bbox 1117 1107 1155 1143; x_wconf 91' lang='lat' dir='ltr'><strong>Si</strong></span> 
     </span>
     <span class='ocr_line' id='line_1_15' title="bbox 65 1151 1153 1198; baseline 0 -10"><span class='ocrx_word' id='word_1_87' title='bbox 65 1162 122 1188; x_wconf 87' lang='lat' dir='ltr'><strong>res</strong></span> <span class='ocrx_word' id='word_1_88' title='bbox 145 1151 289 1187; x_wconf 87' lang='lat' dir='ltr'><strong>vendita</strong></span> <span class='ocrx_word' id='word_1_89' title='bbox 313 1163 385 1188; x_wconf 92' lang='lat' dir='ltr'><strong>non</strong></span> <span class='ocrx_word' id='word_1_90' title='bbox 408 1151 591 1194; x_wconf 86' lang='lat' dir='ltr'><strong>tradatur,</strong></span> <span class='ocrx_word' id='word_1_91' title='bbox 614 1151 653 1187; x_wconf 93' lang='lat' dir='ltr'><strong>in</strong></span> <span class='ocrx_word' id='word_1_92' title='bbox 675 1151 711 1187; x_wconf 92' lang='lat' dir='ltr'><strong>id</strong></span> <span class='ocrx_word' id='word_1_93' title='bbox 735 1151 831 1197; x_wconf 88' lang='lat' dir='ltr'><strong>quod</strong></span> <span class='ocrx_word' id='word_1_94' title='bbox 854 1152 1003 1188; x_wconf 88' lang='lat' dir='ltr'><strong>interest</strong></span> <span class='ocrx_word' id='word_1_95' title='bbox 1025 1153 1153 1198; x_wconf 86' lang='lat' dir='ltr'><strong>agitur,</strong></span> 
     </span>
     <span class='ocr_line' id='line_1_16' title="bbox 27 1197 1152 1243; baseline 0.001 -10"><span class='ocrx_word' id='word_1_96' title='bbox 27 1219 30 1222; x_wconf 67' lang='lat'><em>›</em></span> <span class='ocrx_word' id='word_1_97' title='bbox 64 1197 134 1233; x_wconf 90' lang='lat' dir='ltr'><strong>hoc</strong></span> <span class='ocrx_word' id='word_1_98' title='bbox 158 1200 213 1233; x_wconf 91' lang='lat' dir='ltr'><strong>est</strong></span> <span class='ocrx_word' id='word_1_99' title='bbox 236 1197 330 1242; x_wconf 92' lang='lat' dir='ltr'><strong>quod</strong></span> <span class='ocrx_word' id='word_1_100' title='bbox 353 1207 428 1232; x_wconf 91' lang='lat' dir='ltr'><strong>rem</strong></span> <span class='ocrx_word' id='word_1_101' title='bbox 452 1197 585 1232; x_wconf 91' lang='lat' dir='ltr'><strong>habere</strong></span> <span class='ocrx_word' id='word_1_102' title='bbox 607 1197 757 1233; x_wconf 90' lang='lat' dir='ltr'><strong>interest</strong></span> <span class='ocrx_word' id='word_1_103' title='bbox 781 1198 970 1243; x_wconf 90' lang='lat' dir='ltr'><strong>emptoris:</strong></span> <span class='ocrx_word' id='word_1_104' title='bbox 995 1198 1065 1234; x_wconf 92' lang='lat' dir='ltr'><strong>hoc</strong></span> <span class='ocrx_word' id='word_1_105' title='bbox 1089 1209 1152 1234; x_wconf 84' lang='lat' dir='ltr'><strong>au-</strong></span> 
     </span>
    </p>
   </div>
   <div class='ocr_carea' id='block_1_12' title="bbox 0 1242 1152 1337">
    <p class='ocr_par' dir='ltr' id='par_1_12' title="bbox 0 1242 1152 1337">
     <span class='ocr_line' id='line_1_17' title="bbox 0 1242 1152 1289; baseline 0.001 -11"><span class='ocrx_word' id='word_1_106' title='bbox 0 1275 1 1279; x_wconf 65' lang='lat'><strong>,</strong></span> <span class='ocrx_word' id='word_1_107' title='bbox 65 1246 137 1278; x_wconf 89' lang='lat' dir='ltr'><strong>tem</strong></span> <span class='ocrx_word' id='word_1_108' title='bbox 159 1242 339 1278; x_wconf 87' lang='lat' dir='ltr'><strong>interdum</strong></span> <span class='ocrx_word' id='word_1_109' title='bbox 371 1243 524 1288; x_wconf 87' lang='lat' dir='ltr'><strong>pretium</strong></span> <span class='ocrx_word' id='word_1_110' title='bbox 557 1242 754 1288; x_wconf 88' lang='lat' dir='ltr'><strong>egreditur,</strong></span> <span class='ocrx_word' id='word_1_111' title='bbox 787 1242 817 1278; x_wconf 90' lang='lat' dir='ltr'><strong>si</strong></span> <span class='ocrx_word' id='word_1_112' title='bbox 849 1243 962 1289; x_wconf 90' lang='lat' dir='ltr'><strong>pluris</strong></span> <span class='ocrx_word' id='word_1_113' title='bbox 993 1244 1152 1286; x_wconf 91' lang='lat' dir='ltr'><strong>interest,</strong></span> 
     </span>
     <span class='ocr_line' id='line_1_18' title="bbox 0 1288 1152 1337; baseline 0.001 -14"><span class='ocrx_word' id='word_1_114' title='bbox 0 1290 1 1337; x_wconf 42' lang='grc' dir='ltr'>ᾗ</span> <span class='ocrx_word' id='word_1_115' title='bbox 71 1291 82 1322; x_wconf 83' lang='grc' dir='ltr'>ι</span> <span class='ocrx_word' id='word_1_116' title='bbox 132 1298 239 1333; x_wconf 91' lang='lat' dir='ltr'><strong>quam</strong></span> <span class='ocrx_word' id='word_1_117' title='bbox 261 1298 318 1323; x_wconf 89' lang='lat' dir='ltr'><strong>res</strong></span> <span class='ocrx_word' id='word_1_118' title='bbox 342 1288 436 1323; x_wconf 89' lang='lat' dir='ltr'><strong>valet</strong></span> <span class='ocrx_word' id='word_1_119' title='bbox 457 1288 513 1323; x_wconf 85' lang='lat' dir='ltr'><strong>vel</strong></span> <span class='ocrx_word' id='word_1_120' title='bbox 537 1292 655 1333; x_wconf 90' lang='lat' dir='ltr'><strong>empta</strong></span> <span class='ocrx_word' id='word_1_121' title='bbox 679 1291 743 1323; x_wconf 89' lang='lat' dir='ltr'><strong>est.</strong></span> <span class='ocrx_word' id='word_1_122' title='bbox 791 1288 966 1324; x_wconf 92' lang='lat' dir='ltr'><strong>Venditor</strong></span> <span class='ocrx_word' id='word_1_123' title='bbox 988 1289 1037 1332; x_wconf 89' lang='lat' dir='ltr'><strong>si,</strong></span> <span class='ocrx_word' id='word_1_124' title='bbox 1071 1300 1152 1324; x_wconf 91' lang='lat' dir='ltr'><strong>cum</strong></span> 
     </span>
    </p>
   </div>
   <div class='ocr_carea' id='block_1_13' title="bbox 13 1333 1153 3505">
    <p class='ocr_par' dir='ltr' id='par_1_13' title="bbox 60 1333 1153 1921">
     <span class='ocr_line' id='line_1_19' title="bbox 65 1333 1151 1380; baseline 0.001 -11"><span class='ocrx_word' id='word_1_125' title='bbox 65 1333 173 1369; x_wconf 87' lang='lat' dir='ltr'><strong>sciret</strong></span> <span class='ocrx_word' id='word_1_126' title='bbox 193 1333 324 1376; x_wconf 88' lang='lat' dir='ltr'><strong>deberi,</strong></span> <span class='ocrx_word' id='word_1_127' title='bbox 349 1333 552 1369; x_wconf 89' lang='lat' dir='ltr'><strong>servitutem</strong></span> <span class='ocrx_word' id='word_1_128' title='bbox 574 1333 710 1376; x_wconf 90' lang='lat' dir='ltr'><strong>celavit,</strong></span> <span class='ocrx_word' id='word_1_129' title='bbox 734 1344 807 1369; x_wconf 91' lang='lat' dir='ltr'><strong>non</strong></span> <span class='ocrx_word' id='word_1_130' title='bbox 828 1334 953 1370; x_wconf 84' lang='lat' dir='ltr'>evadet</span> <span class='ocrx_word' id='word_1_131' title='bbox 971 1345 1015 1370; x_wconf 90' lang='lat' dir='ltr'><strong>ex</strong></span> <span class='ocrx_word' id='word_1_132' title='bbox 1033 1338 1151 1380; x_wconf 91' lang='lat' dir='ltr'><strong>empto</strong></span> 
     </span>
     <span class='ocr_line' id='line_1_20' title="bbox 64 1378 1153 1424; baseline 0 -10"><span class='ocrx_word' id='word_1_133' title='bbox 64 1379 250 1421; x_wconf 78' lang='lat' dir='ltr'><strong>actionem,</strong></span> <span class='ocrx_word' id='word_1_134' title='bbox 275 1379 306 1414; x_wconf 92' lang='lat' dir='ltr'><strong>si</strong></span> <span class='ocrx_word' id='word_1_135' title='bbox 328 1378 433 1414; x_wconf 92' lang='lat' dir='ltr'><strong>modo</strong></span> <span class='ocrx_word' id='word_1_136' title='bbox 458 1389 536 1414; x_wconf 90' lang='lat' dir='ltr'><strong>eam</strong></span> <span class='ocrx_word' id='word_1_137' title='bbox 559 1389 634 1414; x_wconf 90' lang='lat' dir='ltr'><strong>rem</strong></span> <span class='ocrx_word' id='word_1_138' title='bbox 658 1382 795 1424; x_wconf 85' lang='lat' dir='ltr'><strong>emptor</strong></span> <span class='ocrx_word' id='word_1_139' title='bbox 816 1379 1008 1424; x_wconf 87' lang='lat' dir='ltr'><strong>ignoravit:</strong></span> <span class='ocrx_word' id='word_1_140' title='bbox 1035 1380 1153 1416; x_wconf 88' lang='lat' dir='ltr'><strong>omnia</strong></span> 
     </span>
     <span class='ocr_line' id='line_1_21' title="bbox 64 1423 1153 1470; baseline 0 -11"><span class='ocrx_word' id='word_1_141' title='bbox 64 1424 156 1459; x_wconf 89' lang='lat' dir='ltr'><strong>enim</strong></span> <span class='ocrx_word' id='word_1_142' title='bbox 177 1434 268 1469; x_wconf 88' lang='lat' dir='ltr'><strong>quae</strong></span> <span class='ocrx_word' id='word_1_143' title='bbox 289 1427 415 1460; x_wconf 88' lang='lat' dir='ltr'><strong>contra</strong></span> <span class='ocrx_word' id='word_1_144' title='bbox 435 1424 567 1460; x_wconf 93' lang='lat' dir='ltr'><strong>bonam</strong></span> <span class='ocrx_word' id='word_1_145' title='bbox 586 1423 692 1459; x_wconf 90' lang='lat' dir='ltr'><strong>fidem</strong></span> <span class='ocrx_word' id='word_1_146' title='bbox 711 1424 803 1459; x_wconf 86' lang='lat' dir='ltr'><strong>fiunt</strong></span> <span class='ocrx_word' id='word_1_147' title='bbox 823 1425 968 1460; x_wconf 91' lang='lat' dir='ltr'><strong>veniunt</strong></span> <span class='ocrx_word' id='word_1_148' title='bbox 987 1425 1024 1460; x_wconf 90' lang='lat' dir='ltr'><strong>in</strong></span> <span class='ocrx_word' id='word_1_149' title='bbox 1045 1425 1153 1470; x_wconf 84' lang='lat' dir='ltr'><strong>empti</strong></span> 
     </span>
     <span class='ocr_line' id='line_1_22' title="bbox 63 1469 1151 1515; baseline 0.002 -11"><span class='ocrx_word' id='word_1_150' title='bbox 63 1469 251 1504; x_wconf 80' lang='lat' dir='ltr'><strong>actionem.</strong></span> <span class='ocrx_word' id='word_1_151' title='bbox 288 1469 351 1505; x_wconf 89' lang='lat' dir='ltr'><strong>sed</strong></span> <span class='ocrx_word' id='word_1_152' title='bbox 373 1469 466 1505; x_wconf 88' lang='lat' dir='ltr'><strong>scire</strong></span> <span class='ocrx_word' id='word_1_153' title='bbox 488 1469 706 1505; x_wconf 91' lang='lat' dir='ltr'><strong>venditorem</strong></span> <span class='ocrx_word' id='word_1_154' title='bbox 730 1473 766 1505; x_wconf 91' lang='lat' dir='ltr'><strong>et</strong></span> <span class='ocrx_word' id='word_1_155' title='bbox 789 1470 904 1506; x_wconf 90' lang='lat' dir='ltr'><strong>celare</strong></span> <span class='ocrx_word' id='word_1_156' title='bbox 935 1470 987 1506; x_wconf 92' lang='lat' dir='ltr'><strong>sic</strong></span> <span class='ocrx_word' id='word_1_157' title='bbox 1020 1471 1151 1515; x_wconf 88' lang='lat' dir='ltr'><strong>accipi-</strong></span> 
     </span>
     <span class='ocr_line' id='line_1_23' title="bbox 63 1514 1153 1561; baseline 0.001 -11"><span class='ocrx_word' id='word_1_158' title='bbox 63 1525 159 1556; x_wconf 83' lang='lat' dir='ltr'><strong>muS,</strong></span> <span class='ocrx_word' id='word_1_159' title='bbox 192 1524 265 1550; x_wconf 90' lang='lat' dir='ltr'><strong>non</strong></span> <span class='ocrx_word' id='word_1_160' title='bbox 289 1515 404 1550; x_wconf 89' lang='lat' dir='ltr'><strong>solum</strong></span> <span class='ocrx_word' id='word_1_161' title='bbox 427 1514 459 1550; x_wconf 90' lang='lat' dir='ltr'><strong>si</strong></span> <span class='ocrx_word' id='word_1_162' title='bbox 481 1525 554 1550; x_wconf 92' lang='lat' dir='ltr'><strong>non</strong></span> <span class='ocrx_word' id='word_1_163' title='bbox 578 1514 780 1558; x_wconf 84' lang='lat' dir='ltr'><strong>admonuit,</strong></span> <span class='ocrx_word' id='word_1_164' title='bbox 813 1515 876 1551; x_wconf 90' lang='lat' dir='ltr'><strong>sed</strong></span> <span class='ocrx_word' id='word_1_165' title='bbox 899 1519 935 1551; x_wconf 90' lang='lat' dir='ltr'><strong>et</strong></span> <span class='ocrx_word' id='word_1_166' title='bbox 958 1516 989 1551; x_wconf 90' lang='lat' dir='ltr'><strong>si</strong></span> <span class='ocrx_word' id='word_1_167' title='bbox 1011 1516 1153 1561; x_wconf 87' lang='lat' dir='ltr'><strong>negavit</strong></span> 
     </span>
     <span class='ocr_line' id='line_1_24' title="bbox 63 1559 1149 1603; baseline 0.001 -8"><span class='ocrx_word' id='word_1_168' title='bbox 63 1560 265 1595; x_wconf 91' lang='lat' dir='ltr'><strong>servitutem</strong></span> <span class='ocrx_word' id='word_1_169' title='bbox 290 1560 395 1595; x_wconf 90' lang='lat' dir='ltr'><strong>istam</strong></span> <span class='ocrx_word' id='word_1_170' title='bbox 419 1559 552 1603; x_wconf 89' lang='lat' dir='ltr'><strong>deberi,</strong></span> <span class='ocrx_word' id='word_1_171' title='bbox 578 1570 659 1596; x_wconf 89' lang='lat' dir='ltr'><strong>cum</strong></span> <span class='ocrx_word' id='word_1_172' title='bbox 683 1563 778 1596; x_wconf 91' lang='lat' dir='ltr'><strong>esset</strong></span> <span class='ocrx_word' id='word_1_173' title='bbox 801 1561 847 1596; x_wconf 91' lang='lat' dir='ltr'><strong>ab</strong></span> <span class='ocrx_word' id='word_1_174' title='bbox 872 1571 913 1596; x_wconf 89' lang='lat' dir='ltr'><strong>eo</strong></span> <span class='ocrx_word' id='word_1_175' title='bbox 962 1562 1149 1597; x_wconf 89' lang='lat' dir='ltr'><strong>uaesitum.</strong></span> 
     </span>
     <span class='ocr_line' id='line_1_25' title="bbox 62 1573 1152 1652; baseline 0.001 -11"><span class='ocrx_word' id='word_1_176' title='bbox 62 1605 125 1641; x_wconf 91' lang='lat' dir='ltr'><strong>sed</strong></span> <span class='ocrx_word' id='word_1_177' title='bbox 149 1608 185 1640; x_wconf 93' lang='lat' dir='ltr'><strong>et</strong></span> <span class='ocrx_word' id='word_1_178' title='bbox 214 1605 246 1640; x_wconf 88' lang='lat' dir='ltr'><strong>si</strong></span> <span class='ocrx_word' id='word_1_179' title='bbox 277 1615 458 1650; x_wconf 85' lang='lat' dir='ltr'><strong>proponas</strong></span> <span class='ocrx_word' id='word_1_180' title='bbox 491 1615 571 1640; x_wconf 92' lang='lat' dir='ltr'><strong>eum</strong></span> <span class='ocrx_word' id='word_1_181' title='bbox 600 1605 652 1640; x_wconf 92' lang='lat' dir='ltr'><strong>ita</strong></span> <span class='ocrx_word' id='word_1_182' title='bbox 685 1605 834 1642; x_wconf 83' lang='lat' dir='ltr'><strong>dixisse:</strong></span> <span class='ocrx_word' id='word_1_183' title='bbox 868 1573 978 1642; x_wconf 63' lang='lat' dir='ltr'><strong>‘nulia</strong></span> <span class='ocrx_word' id='word_1_184' title='bbox 1010 1606 1152 1652; x_wconf 93' lang='lat' dir='ltr'><strong>quidem</strong></span> 
     </span>
     <span class='ocr_line' id='line_1_26' title="bbox 63 1650 1150 1697; baseline 0.001 -11"><span class='ocrx_word' id='word_1_185' title='bbox 63 1650 225 1686; x_wconf 88' lang='lat' dir='ltr'><strong>‘servitus</strong></span> <span class='ocrx_word' id='word_1_186' title='bbox 250 1650 416 1693; x_wconf 90' lang='lat' dir='ltr'><strong>debetur,</strong></span> <span class='ocrx_word' id='word_1_187' title='bbox 442 1661 563 1687; x_wconf 89' lang='lat' dir='ltr'><strong>verum</strong></span> <span class='ocrx_word' id='word_1_188' title='bbox 586 1660 632 1685; x_wconf 91' lang='lat' dir='ltr'><strong>ne</strong></span> <span class='ocrx_word' id='word_1_189' title='bbox 656 1655 812 1696; x_wconf 86' lang='lat' dir='ltr'><strong>emergat</strong></span> <span class='ocrx_word' id='word_1_190' title='bbox 833 1652 1020 1697; x_wconf 90' lang='lat' dir='ltr'><strong>inopinata</strong></span> <span class='ocrx_word' id='word_1_191' title='bbox 1043 1652 1150 1687; x_wconf 88' lang='lat' dir='ltr'><strong>servi-</strong></span> 
     </span>
     <span class='ocr_line' id='line_1_27' title="bbox 62 1695 1151 1742; baseline 0.001 -11"><span class='ocrx_word' id='word_1_192' title='bbox 62 1699 150 1738; x_wconf 86' lang='lat' dir='ltr'><strong>‘tus‚</strong></span> <span class='ocrx_word' id='word_1_193' title='bbox 174 1706 248 1732; x_wconf 90' lang='lat' dir='ltr'><strong>non</strong></span> <span class='ocrx_word' id='word_1_194' title='bbox 270 1695 418 1738; x_wconf 88' lang='lat' dir='ltr'><strong>teneor&#39;,</strong></span> <span class='ocrx_word' id='word_1_195' title='bbox 448 1699 537 1741; x_wconf 91' lang='lat' dir='ltr'><strong>puto</strong></span> <span class='ocrx_word' id='word_1_196' title='bbox 562 1706 642 1731; x_wconf 92' lang='lat' dir='ltr'><strong>eum</strong></span> <span class='ocrx_word' id='word_1_197' title='bbox 666 1706 710 1732; x_wconf 91' lang='lat' dir='ltr'><strong>ex</strong></span> <span class='ocrx_word' id='word_1_198' title='bbox 734 1700 853 1741; x_wconf 90' lang='lat' dir='ltr'><strong>empto</strong></span> <span class='ocrx_word' id='word_1_199' title='bbox 877 1698 1011 1741; x_wconf 88' lang='lat' dir='ltr'><strong>teneri,</strong></span> <span class='ocrx_word' id='word_1_200' title='bbox 1044 1698 1151 1742; x_wconf 88' lang='lat' dir='ltr'><strong>quia⁵</strong></span> 
     </span>
     <span class='ocr_line' id='line_1_28' title="bbox 60 1741 1151 1788; baseline 0 -10"><span class='ocrx_word' id='word_1_201' title='bbox 60 1742 211 1778; x_wconf 88' lang='lat' dir='ltr'><strong>servitus</strong></span> <span class='ocrx_word' id='word_1_202' title='bbox 243 1741 441 1777; x_wconf 90' lang='lat' dir='ltr'><strong>debebatur</strong></span> <span class='ocrx_word' id='word_1_203' title='bbox 472 1744 508 1776; x_wconf 92' lang='lat' dir='ltr'><strong>et</strong></span> <span class='ocrx_word' id='word_1_204' title='bbox 538 1741 674 1777; x_wconf 88' lang='lat' dir='ltr'><strong>scisset.</strong></span> <span class='ocrx_word' id='word_1_205' title='bbox 723 1741 811 1777; x_wconf 80' lang='lat' dir='ltr'><strong>sed⁶</strong></span> <span class='ocrx_word' id='word_1_206' title='bbox 845 1742 875 1777; x_wconf 87' lang='lat' dir='ltr'><strong>si</strong></span> <span class='ocrx_word' id='word_1_207' title='bbox 910 1742 948 1778; x_wconf 90' lang='lat' dir='ltr'><strong>id</strong></span> <span class='ocrx_word' id='word_1_208' title='bbox 984 1743 1071 1788; x_wconf 86' lang='lat' dir='ltr'><strong>egit,</strong></span> <span class='ocrx_word' id='word_1_209' title='bbox 1106 1753 1151 1778; x_wconf 92' lang='lat' dir='ltr'><strong>ne</strong></span> 
     </span>
     <span class='ocr_line' id='line_1_29' title="bbox 61 1786 1152 1840; baseline -0.001 -17"><span class='ocrx_word' id='word_1_210' title='bbox 61 1790 292 1832; x_wconf 87' lang='lat' dir='ltr'><strong>cognosceret</strong></span> <span class='ocrx_word' id='word_1_211' title='bbox 310 1789 448 1831; x_wconf 89' lang='lat' dir='ltr'><strong>emptor</strong></span> <span class='ocrx_word' id='word_1_212' title='bbox 467 1786 622 1832; x_wconf 86' lang='lat' dir='ltr'><strong>aliquam</strong></span> <span class='ocrx_word' id='word_1_213' title='bbox 641 1787 847 1822; x_wconf 86' lang='lat' dir='ltr'><strong>servitutem</strong></span> <span class='ocrx_word' id='word_1_214' title='bbox 867 1787 1000 1830; x_wconf 91' lang='lat' dir='ltr'><strong>deberi,</strong></span> <span class='ocrx_word' id='word_1_215' title='bbox 1025 1787 1152 1840; x_wconf 85' lang='lat' dir='ltr'><strong>opinor</strong></span> 
     </span>
     <span class='ocr_line' id='line_1_30' title="bbox 61 1831 1150 1877; baseline 0 -9"><span class='ocrx_word' id='word_1_216' title='bbox 61 1843 141 1868; x_wconf 91' lang='lat' dir='ltr'><strong>eum</strong></span> <span class='ocrx_word' id='word_1_217' title='bbox 165 1842 209 1867; x_wconf 88' lang='lat' dir='ltr'><strong>ex</strong></span> <span class='ocrx_word' id='word_1_218' title='bbox 233 1834 350 1877; x_wconf 90' lang='lat' dir='ltr'><strong>empto</strong></span> <span class='ocrx_word' id='word_1_219' title='bbox 374 1831 500 1866; x_wconf 91' lang='lat' dir='ltr'><strong>teneri.</strong></span> <span class='ocrx_word' id='word_1_220' title='bbox 538 1835 574 1867; x_wconf 92' lang='lat' dir='ltr'><strong>et</strong></span> <span class='ocrx_word' id='word_1_221' title='bbox 595 1832 808 1876; x_wconf 85' lang='lat' dir='ltr'><strong>generaliter</strong></span> <span class='ocrx_word' id='word_1_222' title='bbox 832 1832 998 1875; x_wconf 86' lang='lat' dir='ltr'><strong>dixerim,</strong></span> <span class='ocrx_word' id='word_1_223' title='bbox 1032 1843 1063 1868; x_wconf 83' lang='lat' dir='ltr'><strong>si</strong></span> <span class='ocrx_word' id='word_1_224' title='bbox 1085 1833 1150 1867; x_wconf 89' lang='lat' dir='ltr'><strong>im-</strong></span> 
     </span>
     <span class='ocr_line' id='line_1_31' title="bbox 84 1876 1150 1921; baseline 0 -8"><span class='ocrx_word' id='word_1_225' title='bbox 84 1878 213 1913; x_wconf 89' lang='lat' dir='ltr'><strong>robato</strong></span> <span class='ocrx_word' id='word_1_226' title='bbox 237 1887 336 1913; x_wconf 90' lang='lat' dir='ltr'><strong>more</strong></span> <span class='ocrx_word' id='word_1_227' title='bbox 358 1880 522 1912; x_wconf 87' lang='lat' dir='ltr'><strong>versatus</strong></span> <span class='ocrx_word' id='word_1_228' title='bbox 546 1876 593 1912; x_wconf 90' lang='lat' dir='ltr'><strong>sit</strong></span> <span class='ocrx_word' id='word_1_229' title='bbox 615 1877 654 1911; x_wconf 93' lang='lat' dir='ltr'><strong>in</strong></span> <span class='ocrx_word' id='word_1_230' title='bbox 685 1877 836 1912; x_wconf 90' lang='lat' dir='ltr'><strong>celanda</strong></span> <span class='ocrx_word' id='word_1_231' title='bbox 868 1878 1055 1921; x_wconf 89' lang='lat' dir='ltr'><strong>servitute,</strong></span> <span class='ocrx_word' id='word_1_232' title='bbox 1090 1877 1150 1913; x_wconf 89' lang='lat' dir='ltr'><strong>de-</strong></span> 
     </span>
    </p>

    <p class='ocr_par' dir='ltr' id='par_1_14' title="bbox 59 1922 1151 2103">
     <span class='ocr_line' id='line_1_32' title="bbox 86 1922 1151 1969; baseline 0 -11"><span class='ocrx_word' id='word_1_233' title='bbox 86 1933 145 1959; x_wconf 88' lang='lat' dir='ltr'><strong>ere</strong></span> <span class='ocrx_word' id='word_1_234' title='bbox 176 1933 257 1958; x_wconf 90' lang='lat' dir='ltr'><strong>eum</strong></span> <span class='ocrx_word' id='word_1_235' title='bbox 287 1922 419 1965; x_wconf 91' lang='lat' dir='ltr'><strong>teneri,</strong></span> <span class='ocrx_word' id='word_1_236' title='bbox 451 1932 523 1957; x_wconf 90' lang='lat' dir='ltr'><strong>non</strong></span> <span class='ocrx_word' id='word_1_237' title='bbox 547 1922 578 1957; x_wconf 88' lang='lat' dir='ltr'><strong>si</strong></span> <span class='ocrx_word' id='word_1_238' title='bbox 601 1922 786 1958; x_wconf 87' lang='lat' dir='ltr'><strong>securitati</strong></span> <span class='ocrx_word' id='word_1_239' title='bbox 809 1933 896 1958; x_wconf 89' lang='lat' dir='ltr'><strong>suae</strong></span> <span class='ocrx_word' id='word_1_240' title='bbox 919 1926 1151 1969; x_wconf 90' lang='lat' dir='ltr'><strong>prospectum</strong></span> 
     </span>
     <span class='ocr_line' id='line_1_33' title="bbox 59 1967 1150 2013; baseline 0.001 -10"><span class='ocrx_word' id='word_1_241' title='bbox 59 1968 179 2004; x_wconf 87' lang='lat' dir='ltr'><strong>voluit.</strong></span> <span class='ocrx_word' id='word_1_242' title='bbox 214 1968 305 2003; x_wconf 89' lang='lat' dir='ltr'><strong>haec</strong></span> <span class='ocrx_word' id='word_1_243' title='bbox 327 1968 379 2002; x_wconf 91' lang='lat' dir='ltr'><strong>ita</strong></span> <span class='ocrx_word' id='word_1_244' title='bbox 401 1977 486 2003; x_wconf 89' lang='lat' dir='ltr'><strong>vera</strong></span> <span class='ocrx_word' id='word_1_245' title='bbox 509 1970 604 2010; x_wconf 89' lang='lat' dir='ltr'><strong>sunt,</strong></span> <span class='ocrx_word' id='word_1_246' title='bbox 629 1967 660 2002; x_wconf 90' lang='lat' dir='ltr'><strong>si</strong></span> <span class='ocrx_word' id='word_1_247' title='bbox 684 1978 737 2003; x_wconf 91' lang='lat' dir='ltr'><strong>em</strong></span> <span class='ocrx_word' id='word_1_248' title='bbox 765 1971 822 2003; x_wconf 92' lang='lat' dir='ltr'><strong>tor</strong></span> <span class='ocrx_word' id='word_1_249' title='bbox 844 1968 1019 2013; x_wconf 86' lang='lat' dir='ltr'><strong>ignoravit</strong></span> <span class='ocrx_word' id='word_1_250' title='bbox 1041 1968 1150 2004; x_wconf 88' lang='lat' dir='ltr'><strong>servi-</strong></span> 
     </span>
     <span class='ocr_line' id='line_1_34' title="bbox 59 2012 1151 2059; baseline 0 -10"><span class='ocrx_word' id='word_1_251' title='bbox 59 2018 173 2056; x_wconf 84' lang='lat' dir='ltr'><strong>tutes,</strong></span> <span class='ocrx_word' id='word_1_252' title='bbox 208 2013 292 2058; x_wconf 89' lang='lat' dir='ltr'><strong>quia</strong></span> <span class='ocrx_word' id='word_1_253' title='bbox 324 2023 397 2048; x_wconf 90' lang='lat' dir='ltr'><strong>non</strong></span> <span class='ocrx_word' id='word_1_254' title='bbox 428 2012 568 2048; x_wconf 86' lang='lat' dir='ltr'><strong>videtur</strong></span> <span class='ocrx_word' id='word_1_255' title='bbox 598 2023 677 2048; x_wconf 88' lang='lat' dir='ltr'><strong>esse</strong></span> <span class='ocrx_word' id='word_1_256' title='bbox 701 2024 742 2049; x_wconf 90' lang='lat' dir='ltr'><strong>ce</strong></span> <span class='ocrx_word' id='word_1_257' title='bbox 757 2016 837 2049; x_wconf 88' lang='lat' dir='ltr'><strong>atus</strong></span> <span class='ocrx_word' id='word_1_258' title='bbox 862 2014 923 2058; x_wconf 92' lang='lat' dir='ltr'><strong>qui</strong></span> <span class='ocrx_word' id='word_1_259' title='bbox 946 2014 1015 2049; x_wconf 92' lang='lat' dir='ltr'><strong>scit</strong></span> <span class='ocrx_word' id='word_1_260' title='bbox 1038 2024 1151 2059; x_wconf 90' lang='lat' dir='ltr'><strong>neque</strong></span> 
     </span>
     <span class='ocr_line' id='line_1_35' title="bbox 59 2058 774 2103; baseline -0.003 -8"><span class='ocrx_word' id='word_1_261' title='bbox 59 2059 242 2095; x_wconf 83' lang='lat' dir='ltr'><strong>certiorari</strong></span> <span class='ocrx_word' id='word_1_262' title='bbox 265 2058 388 2093; x_wconf 89' lang='lat' dir='ltr'><strong>debuit</strong></span> <span class='ocrx_word' id='word_1_263' title='bbox 411 2058 472 2103; x_wconf 90' lang='lat' dir='ltr'><strong>qui</strong></span> <span class='ocrx_word' id='word_1_264' title='bbox 495 2069 568 2094; x_wconf 89' lang='lat' dir='ltr'><strong>non</strong></span> <span class='ocrx_word' id='word_1_265' title='bbox 589 2058 774 2103; x_wconf 85' lang='lat' dir='ltr'><strong>ignoravit.</strong></span> 
     </span>
    </p>

    <p class='ocr_par' dir='ltr' id='par_1_15' title="bbox 57 2102 1151 2466">
     <span class='ocr_line' id='line_1_36' title="bbox 104 2102 1149 2149; baseline -0.002 -8"><span class='ocrx_word' id='word_1_266' title='bbox 104 2102 129 2141; x_wconf 87' lang='lat'><strong>2</strong></span> <span class='ocrx_word' id='word_1_267' title='bbox 155 2104 314 2140; x_wconf 55' lang='lat' dir='ltr'><strong>Panos</strong></span> <span class='ocrx_word' id='word_1_268' title='bbox 340 2103 432 2140; x_wconf 80' lang='lat' dir='ltr'><strong>libro</strong></span> <span class='ocrx_word' id='word_1_269' title='bbox 464 2104 590 2149; x_wconf 77' lang='lat' dir='ltr'><strong>quinto</strong></span> <span class='ocrx_word' id='word_1_270' title='bbox 622 2103 672 2139; x_wconf 82' lang='lat' dir='ltr'><strong>ad</strong></span> <span class='ocrx_word' id='word_1_271' title='bbox 693 2102 868 2139; x_wconf 80' lang='lat' dir='ltr'><strong>Sabinum</strong></span> <span class='ocrx_word' id='word_1_272' title='bbox 916 2103 954 2139; x_wconf 90' lang='lat' dir='ltr'><strong>Si</strong></span> <span class='ocrx_word' id='word_1_273' title='bbox 984 2104 1022 2139; x_wconf 90' lang='lat' dir='ltr'><strong>in</strong></span> <span class='ocrx_word' id='word_1_274' title='bbox 1053 2114 1149 2149; x_wconf 90' lang='lat' dir='ltr'><strong>emp-</strong></span> 
     </span>
     <span class='ocr_line' id='line_1_37' title="bbox 58 2148 1148 2194; baseline -0.001 -9"><span class='ocrx_word' id='word_1_275' title='bbox 58 2150 155 2185; x_wconf 89' lang='lat' dir='ltr'><strong>tione</strong></span> <span class='ocrx_word' id='word_1_276' title='bbox 178 2149 303 2185; x_wconf 91' lang='lat' dir='ltr'><strong>modus</strong></span> <span class='ocrx_word' id='word_1_277' title='bbox 328 2148 444 2184; x_wconf 90' lang='lat' dir='ltr'><strong>dictus</strong></span> <span class='ocrx_word' id='word_1_278' title='bbox 469 2152 523 2184; x_wconf 89' lang='lat' dir='ltr'><strong>est</strong></span> <span class='ocrx_word' id='word_1_279' title='bbox 547 2152 582 2183; x_wconf 87' lang='lat' dir='ltr'><strong>et</strong></span> <span class='ocrx_word' id='word_1_280' title='bbox 604 2159 677 2184; x_wconf 90' lang='lat' dir='ltr'><strong>non</strong></span> <span class='ocrx_word' id='word_1_281' title='bbox 700 2152 925 2194; x_wconf 87' lang='lat' dir='ltr'><strong>praestatur,</strong></span> <span class='ocrx_word' id='word_1_282' title='bbox 957 2160 1002 2185; x_wconf 88' lang='lat' dir='ltr'><strong>ex</strong></span> <span class='ocrx_word' id='word_1_283' title='bbox 1031 2153 1148 2194; x_wconf 88' lang='lat' dir='ltr'><strong>empto</strong></span> 
     </span>
     <span class='ocr_line' id='line_1_38' title="bbox 63 2193 1150 2240; baseline -0.001 -10"><span class='ocrx_word' id='word_1_284' title='bbox 63 2198 76 2230; x_wconf 87' lang='lat'>1</span> <span class='ocrx_word' id='word_1_285' title='bbox 127 2198 182 2230; x_wconf 90' lang='lat' dir='ltr'><strong>est</strong></span> <span class='ocrx_word' id='word_1_286' title='bbox 212 2194 318 2230; x_wconf 90' lang='lat' dir='ltr'><strong>actio.</strong></span> <span class='ocrx_word' id='word_1_287' title='bbox 366 2193 493 2229; x_wconf 87' lang='lat' dir='ltr'><strong>Vacua</strong></span> <span class='ocrx_word' id='word_1_288' title='bbox 523 2193 702 2240; x_wconf 88' lang='lat' dir='ltr'><strong>possessio</strong></span> <span class='ocrx_word' id='word_1_289' title='bbox 737 2195 889 2240; x_wconf 89' lang='lat' dir='ltr'><strong>emptori</strong></span> <span class='ocrx_word' id='word_1_290' title='bbox 919 2194 1054 2230; x_wconf 89' lang='lat' dir='ltr'><strong>tradita</strong></span> <span class='ocrx_word' id='word_1_291' title='bbox 1077 2205 1150 2230; x_wconf 92' lang='lat' dir='ltr'><strong>non</strong></span> 
     </span>
     <span class='ocr_line' id='line_1_39' title="bbox 57 2239 1149 2285; baseline -0.001 -9"><span class='ocrx_word' id='word_1_292' title='bbox 57 2240 288 2285; x_wconf 86' lang='lat' dir='ltr'><strong>intellegitur,</strong></span> <span class='ocrx_word' id='word_1_293' title='bbox 321 2239 352 2275; x_wconf 91' lang='lat' dir='ltr'><strong>si</strong></span> <span class='ocrx_word' id='word_1_294' title='bbox 374 2239 466 2274; x_wconf 88' lang='lat' dir='ltr'><strong>alius</strong></span> <span class='ocrx_word' id='word_1_295' title='bbox 490 2239 526 2274; x_wconf 91' lang='lat' dir='ltr'><strong>in</strong></span> <span class='ocrx_word' id='word_1_296' title='bbox 551 2249 594 2275; x_wconf 91' lang='lat' dir='ltr'><strong>ea</strong></span> <span class='ocrx_word' id='word_1_297' title='bbox 615 2239 813 2285; x_wconf 86' lang='lat' dir='ltr'><strong>legatorum</strong></span> <span class='ocrx_word' id='word_1_298' title='bbox 835 2239 963 2275; x_wconf 89' lang='lat' dir='ltr'><strong>fideive</strong></span> <span class='ocrx_word' id='word_1_299' title='bbox 986 2240 1149 2276; x_wconf 89' lang='lat' dir='ltr'><strong>commis-</strong></span> 
     </span>
     <span class='ocr_line' id='line_1_40' title="bbox 58 2284 1151 2330; baseline -0.002 -8"><span class='ocrx_word' id='word_1_300' title='bbox 58 2296 179 2322; x_wconf 89' lang='lat' dir='ltr'><strong>sorum</strong></span> <span class='ocrx_word' id='word_1_301' title='bbox 214 2284 467 2321; x_wconf 88' lang='lat' dir='ltr'><strong>servandorum</strong></span> <span class='ocrx_word' id='word_1_302' title='bbox 502 2294 613 2320; x_wconf 85' lang='lat' dir='ltr'><strong>causa</strong></span> <span class='ocrx_word' id='word_1_303' title='bbox 642 2285 680 2320; x_wconf 92' lang='lat' dir='ltr'><strong>in</strong></span> <span class='ocrx_word' id='word_1_304' title='bbox 710 2285 962 2330; x_wconf 86' lang='lat' dir='ltr'><strong>possessione⁷</strong></span> <span class='ocrx_word' id='word_1_305' title='bbox 997 2289 1052 2321; x_wconf 92' lang='lat' dir='ltr'><strong>est</strong></span> <span class='ocrx_word' id='word_1_306' title='bbox 1087 2288 1151 2320; x_wconf 90' lang='lat' dir='ltr'><strong>aut</strong></span> 
     </span>
     <span class='ocr_line' id='line_1_41' title="bbox 59 2329 1150 2375; baseline 0 -9"><span class='ocrx_word' id='word_1_307' title='bbox 59 2331 252 2367; x_wconf 87' lang='lat' dir='ltr'><strong>creditores</strong></span> <span class='ocrx_word' id='word_1_308' title='bbox 284 2331 382 2366; x_wconf 87' lang='lat' dir='ltr'><strong>bona</strong></span> <span class='ocrx_word' id='word_1_309' title='bbox 411 2329 629 2375; x_wconf 90' lang='lat' dir='ltr'><strong>possideant.</strong></span> <span class='ocrx_word' id='word_1_310' title='bbox 666 2329 760 2366; x_wconf 90' lang='lat' dir='ltr'><strong>idem</strong></span> <span class='ocrx_word' id='word_1_311' title='bbox 791 2329 981 2366; x_wconf 91' lang='lat' dir='ltr'><strong>dicendum</strong></span> <span class='ocrx_word' id='word_1_312' title='bbox 1014 2334 1086 2373; x_wconf 91' lang='lat' dir='ltr'><strong>est,</strong></span> <span class='ocrx_word' id='word_1_313' title='bbox 1119 2330 1150 2366; x_wconf 85' lang='lat' dir='ltr'><strong>si</strong></span> 
     </span>
     <span class='ocr_line' id='line_1_42' title="bbox 59 2375 1150 2421; baseline -0.002 -9"><span class='ocrx_word' id='word_1_314' title='bbox 59 2380 180 2412; x_wconf 90' lang='lat' dir='ltr'><strong>venter</strong></span> <span class='ocrx_word' id='word_1_315' title='bbox 210 2376 248 2411; x_wconf 91' lang='lat' dir='ltr'><strong>in</strong></span> <span class='ocrx_word' id='word_1_316' title='bbox 304 2375 504 2411; x_wconf 88' lang='lat' dir='ltr'><strong>ossessione</strong></span> <span class='ocrx_word' id='word_1_317' title='bbox 535 2375 599 2410; x_wconf 91' lang='lat' dir='ltr'><strong>sit:</strong></span> <span class='ocrx_word' id='word_1_318' title='bbox 636 2385 720 2410; x_wconf 89' lang='lat' dir='ltr'><strong>nam</strong></span> <span class='ocrx_word' id='word_1_319' title='bbox 751 2378 787 2411; x_wconf 90' lang='lat' dir='ltr'><strong>et</strong></span> <span class='ocrx_word' id='word_1_320' title='bbox 817 2375 864 2411; x_wconf 88' lang='lat' dir='ltr'><strong>ad</strong></span> <span class='ocrx_word' id='word_1_321' title='bbox 894 2375 965 2411; x_wconf 87' lang='lat' dir='ltr'><strong>hoc</strong></span> <span class='ocrx_word' id='word_1_322' title='bbox 994 2375 1150 2421; x_wconf 88' lang='lat' dir='ltr'><strong>pertinet</strong></span> 
     </span>
     <span class='ocr_line' id='line_1_43' title="bbox 57 2421 388 2466; baseline -0.006 -9"><span class='ocrx_word' id='word_1_323' title='bbox 57 2422 162 2458; x_wconf 89' lang='lat' dir='ltr'><strong>vacui</strong></span> <span class='ocrx_word' id='word_1_324' title='bbox 185 2431 277 2466; x_wconf 83' lang='lat' dir='ltr'><strong>appe</strong></span> <span class='ocrx_word' id='word_1_325' title='bbox 304 2421 388 2456; x_wconf 90' lang='lat' dir='ltr'><strong>atio.</strong></span> 
     </span>
    </p>

    <p class='ocr_par' dir='ltr' id='par_1_16' title="bbox 13 2464 1150 3505">
     <span class='ocr_line' id='line_1_44' title="bbox 103 2464 1148 2510; baseline -0.004 -6"><span class='ocrx_word' id='word_1_326' title='bbox 103 2464 128 2505; x_wconf 87' lang='grc'><strong><em>3</em></strong></span> <span class='ocrx_word' id='word_1_327' title='bbox 154 2466 384 2502; x_wconf 70' lang='lat' dir='ltr'><strong>Pomomvs</strong></span> <span class='ocrx_word' id='word_1_328' title='bbox 399 2465 491 2502; x_wconf 77' lang='lat' dir='ltr'><strong>libro</strong></span> <span class='ocrx_word' id='word_1_329' title='bbox 510 2477 605 2502; x_wconf 81' lang='lat' dir='ltr'><strong>nono</strong></span> <span class='ocrx_word' id='word_1_330' title='bbox 624 2465 675 2502; x_wconf 83' lang='lat' dir='ltr'><strong>ad</strong></span> <span class='ocrx_word' id='word_1_331' title='bbox 692 2464 865 2502; x_wconf 79' lang='lat' dir='ltr'><strong>Sabinum</strong></span> <span class='ocrx_word' id='word_1_332' title='bbox 911 2464 1019 2501; x_wconf 87' lang='lat' dir='ltr'><strong>Ratio</strong></span> <span class='ocrx_word' id='word_1_333' title='bbox 1032 2465 1047 2486; x_wconf 82' lang='lat'>⁸</span> <span class='ocrx_word' id='word_1_334' title='bbox 1063 2475 1148 2510; x_wconf 90' lang='lat' dir='ltr'><strong>pos-</strong></span> 
     </span>
     <span class='ocr_line' id='line_1_45' title="bbox 58 2510 1147 2557; baseline -0.002 -9"><span class='ocrx_word' id='word_1_335' title='bbox 58 2512 237 2555; x_wconf 85' lang='lat' dir='ltr'><strong>sessionis,</strong></span> <span class='ocrx_word' id='word_1_336' title='bbox 262 2522 354 2557; x_wconf 88' lang='lat' dir='ltr'><strong>quae</strong></span> <span class='ocrx_word' id='word_1_337' title='bbox 377 2521 400 2547; x_wconf 87' lang='lat' dir='ltr'><strong>a</strong></span> <span class='ocrx_word' id='word_1_338' title='bbox 420 2511 604 2547; x_wconf 89' lang='lat' dir='ltr'><strong>venditore</strong></span> <span class='ocrx_word' id='word_1_339' title='bbox 626 2510 704 2546; x_wconf 92' lang='lat' dir='ltr'><strong>fieri</strong></span> <span class='ocrx_word' id='word_1_340' title='bbox 727 2510 867 2554; x_wconf 89' lang='lat' dir='ltr'><strong>debeat,</strong></span> <span class='ocrx_word' id='word_1_341' title='bbox 890 2510 973 2546; x_wconf 90' lang='lat' dir='ltr'><strong>talis</strong></span> <span class='ocrx_word' id='word_1_342' title='bbox 998 2514 1071 2554; x_wconf 89' lang='lat' dir='ltr'><strong>est,</strong></span> <span class='ocrx_word' id='word_1_343' title='bbox 1096 2513 1147 2554; x_wconf 92' lang='lat' dir='ltr'><strong>ut,</strong></span> 
     </span>
     <span class='ocr_line' id='line_1_46' title="bbox 58 2555 1147 2603; baseline -0.002 -10"><span class='ocrx_word' id='word_1_344' title='bbox 58 2558 88 2593; x_wconf 86' lang='lat' dir='ltr'><strong>si</strong></span> <span class='ocrx_word' id='word_1_345' title='bbox 108 2558 186 2603; x_wconf 89' lang='lat' dir='ltr'><strong>quis</strong></span> <span class='ocrx_word' id='word_1_346' title='bbox 207 2567 285 2593; x_wconf 88' lang='lat' dir='ltr'><strong>eam</strong></span> <span class='ocrx_word' id='word_1_347' title='bbox 305 2556 566 2602; x_wconf 89' lang='lat' dir='ltr'><strong>possessionem</strong></span> <span class='ocrx_word' id='word_1_348' title='bbox 584 2556 663 2592; x_wconf 88' lang='lat' dir='ltr'><strong>iure</strong></span> <span class='ocrx_word' id='word_1_349' title='bbox 681 2556 894 2599; x_wconf 83' lang='lat' dir='ltr'><strong>avocaverit,</strong></span> <span class='ocrx_word' id='word_1_350' title='bbox 911 2555 1046 2591; x_wconf 87' lang='lat' dir='ltr'><strong>tradita</strong></span> <span class='ocrx_word' id='word_1_351' title='bbox 1064 2566 1147 2602; x_wconf 89' lang='lat' dir='ltr'><strong>pos-</strong></span> 
     </span>
     <span class='ocr_line' id='line_1_47' title="bbox 61 2601 1147 2647; baseline -0.003 -8"><span class='ocrx_word' id='word_1_352' title='bbox 61 2606 76 2638; x_wconf 95' lang='lat'>1</span> <span class='ocrx_word' id='word_1_353' title='bbox 126 2603 237 2638; x_wconf 89' lang='lat' dir='ltr'><strong>sessio</strong></span> <span class='ocrx_word' id='word_1_354' title='bbox 262 2613 336 2638; x_wconf 92' lang='lat' dir='ltr'><strong>non</strong></span> <span class='ocrx_word' id='word_1_355' title='bbox 358 2602 595 2647; x_wconf 86' lang='lat' dir='ltr'><strong>intellegatur.</strong></span> <span class='ocrx_word' id='word_1_356' title='bbox 644 2601 682 2637; x_wconf 95' lang='lat' dir='ltr'><strong>Si</strong></span> <span class='ocrx_word' id='word_1_357' title='bbox 713 2604 852 2647; x_wconf 89' lang='lat' dir='ltr'><strong>emptor</strong></span> <span class='ocrx_word' id='word_1_358' title='bbox 882 2611 1032 2637; x_wconf 88' lang='lat' dir='ltr'><strong>vacuam</strong></span> <span class='ocrx_word' id='word_1_359' title='bbox 1062 2611 1147 2646; x_wconf 91' lang='lat' dir='ltr'><strong>pos-</strong></span> 
     </span>
     <span class='ocr_line' id='line_1_48' title="bbox 58 2646 1147 2692; baseline -0.003 -8"><span class='ocrx_word' id='word_1_360' title='bbox 58 2648 253 2684; x_wconf 89' lang='lat' dir='ltr'><strong>sessionem</strong></span> <span class='ocrx_word' id='word_1_361' title='bbox 283 2647 378 2683; x_wconf 87' lang='lat' dir='ltr'><strong>tradi</strong></span> <span class='ocrx_word' id='word_1_362' title='bbox 409 2647 601 2692; x_wconf 85' lang='lat' dir='ltr'><strong>stipulatus</strong></span> <span class='ocrx_word' id='word_1_363' title='bbox 634 2647 681 2682; x_wconf 91' lang='lat' dir='ltr'><strong>sit</strong></span> <span class='ocrx_word' id='word_1_364' title='bbox 713 2650 748 2682; x_wconf 91' lang='lat' dir='ltr'><strong>et</strong></span> <span class='ocrx_word' id='word_1_365' title='bbox 778 2656 823 2682; x_wconf 86' lang='lat' dir='ltr'><strong>ex</strong></span> <span class='ocrx_word' id='word_1_366' title='bbox 854 2646 1029 2691; x_wconf 90' lang='lat' dir='ltr'><strong>stipulatu</strong></span> <span class='ocrx_word' id='word_1_367' title='bbox 1053 2650 1147 2691; x_wconf 83' lang='lat' dir='ltr'><strong>agat,</strong></span> 
     </span>
     <span class='ocr_line' id='line_1_49' title="bbox 57 2691 1149 2737; baseline -0.003 -8"><span class='ocrx_word' id='word_1_368' title='bbox 57 2694 196 2729; x_wconf 84' lang='lat' dir='ltr'><strong>fructus</strong></span> <span class='ocrx_word' id='word_1_369' title='bbox 221 2704 294 2729; x_wconf 92' lang='lat' dir='ltr'><strong>non</strong></span> <span class='ocrx_word' id='word_1_370' title='bbox 324 2692 468 2728; x_wconf 89' lang='lat' dir='ltr'><strong>venient</strong></span> <span class='ocrx_word' id='word_1_371' title='bbox 497 2692 535 2727; x_wconf 92' lang='lat' dir='ltr'><strong>in</strong></span> <span class='ocrx_word' id='word_1_372' title='bbox 566 2702 644 2727; x_wconf 91' lang='lat' dir='ltr'><strong>eam</strong></span> <span class='ocrx_word' id='word_1_373' title='bbox 675 2691 870 2735; x_wconf 87' lang='lat' dir='ltr'><strong>actionem,</strong></span> <span class='ocrx_word' id='word_1_374' title='bbox 907 2691 991 2737; x_wconf 90' lang='lat' dir='ltr'><strong>quia</strong></span> <span class='ocrx_word' id='word_1_375' title='bbox 1021 2694 1056 2727; x_wconf 89' lang='lat' dir='ltr'><strong>et</strong></span> <span class='ocrx_word' id='word_1_376' title='bbox 1088 2691 1149 2737; x_wconf 88' lang='lat' dir='ltr'><strong>qui</strong></span> 
     </span>
     <span class='ocr_line' id='line_1_50' title="bbox 57 2737 1148 2783; baseline -0.002 -9"><span class='ocrx_word' id='word_1_377' title='bbox 57 2738 207 2774; x_wconf 82' lang='lat' dir='ltr'><strong>fundum</strong></span> <span class='ocrx_word' id='word_1_378' title='bbox 231 2738 309 2774; x_wconf 88' lang='lat' dir='ltr'><strong>dari</strong></span> <span class='ocrx_word' id='word_1_379' title='bbox 332 2737 581 2783; x_wconf 89' lang='lat' dir='ltr'><strong>stipularetur,</strong></span> <span class='ocrx_word' id='word_1_380' title='bbox 613 2747 764 2773; x_wconf 91' lang='lat' dir='ltr'><strong>vacuam</strong></span> <span class='ocrx_word' id='word_1_381' title='bbox 787 2746 929 2782; x_wconf 92' lang='lat' dir='ltr'><strong>quoque</strong></span> <span class='ocrx_word' id='word_1_382' title='bbox 950 2737 1148 2782; x_wconf 89' lang='lat' dir='ltr'><strong>possessio-</strong></span> 
     </span>
     <span class='ocr_line' id='line_1_51' title="bbox 58 2782 1149 2828; baseline -0.002 -9"><span class='ocrx_word' id='word_1_383' title='bbox 58 2794 139 2820; x_wconf 91' lang='lat' dir='ltr'><strong>nem</strong></span> <span class='ocrx_word' id='word_1_384' title='bbox 161 2783 257 2819; x_wconf 85' lang='lat' dir='ltr'><strong>tradi</strong></span> <span class='ocrx_word' id='word_1_385' title='bbox 280 2783 469 2828; x_wconf 80' lang='lat' dir='ltr'><strong>oportere⁹</strong></span> <span class='ocrx_word' id='word_1_386' title='bbox 492 2782 656 2828; x_wconf 89' lang='lat' dir='ltr'><strong>stipulari</strong></span> <span class='ocrx_word' id='word_1_387' title='bbox 685 2782 901 2827; x_wconf 84' lang='lat' dir='ltr'><strong>intellegitur</strong></span> <span class='ocrx_word' id='word_1_388' title='bbox 931 2791 998 2817; x_wconf 90' lang='lat' dir='ltr'><strong>nec</strong></span> <span class='ocrx_word' id='word_1_389' title='bbox 1028 2785 1149 2817; x_wconf 89' lang='lat' dir='ltr'><strong>tamen</strong></span> 
     </span>
     <span class='ocr_line' id='line_1_52' title="bbox 57 2827 1150 2874; baseline -0.003 -9"><span class='ocrx_word' id='word_1_390' title='bbox 57 2829 239 2865; x_wconf 81' lang='lat' dir='ltr'><strong>fructuum</strong></span> <span class='ocrx_word' id='word_1_391' title='bbox 260 2828 455 2874; x_wconf 89' lang='lat' dir='ltr'><strong>praestatio</strong></span> <span class='ocrx_word' id='word_1_392' title='bbox 481 2838 524 2864; x_wconf 85' lang='lat' dir='ltr'><strong>ea</strong></span> <span class='ocrx_word' id='word_1_393' title='bbox 547 2828 778 2873; x_wconf 88' lang='lat' dir='ltr'><strong>stipulatione</strong></span> <span class='ocrx_word' id='word_1_394' title='bbox 798 2827 1010 2870; x_wconf 87' lang='lat' dir='ltr'><strong>continetur,</strong></span> <span class='ocrx_word' id='word_1_395' title='bbox 1034 2837 1150 2873; x_wconf 90' lang='lat' dir='ltr'><strong>neque</strong></span> 
     </span>
     <span class='ocr_line' id='line_1_53' title="bbox 57 2872 1148 2919; baseline -0.001 -9"><span class='ocrx_word' id='word_1_396' title='bbox 57 2885 180 2910; x_wconf 89' lang='lat' dir='ltr'><strong>rursus</strong></span> <span class='ocrx_word' id='word_1_397' title='bbox 201 2874 282 2919; x_wconf 89' lang='lat' dir='ltr'><strong>plus</strong></span> <span class='ocrx_word' id='word_1_398' title='bbox 302 2873 408 2909; x_wconf 89' lang='lat' dir='ltr'><strong>debet</strong></span> <span class='ocrx_word' id='word_1_399' title='bbox 427 2883 506 2909; x_wconf 88' lang='lat' dir='ltr'><strong>esse</strong></span> <span class='ocrx_word' id='word_1_400' title='bbox 523 2873 562 2908; x_wconf 91' lang='lat' dir='ltr'><strong>in</strong></span> <span class='ocrx_word' id='word_1_401' title='bbox 575 2874 603 2894; x_wconf 82' lang='lat'><strong>¹⁰</strong></span> <span class='ocrx_word' id='word_1_402' title='bbox 622 2872 862 2919; x_wconf 87' lang='lat' dir='ltr'><strong>stipulatione.</strong></span> <span class='ocrx_word' id='word_1_403' title='bbox 897 2872 962 2908; x_wconf 89' lang='lat' dir='ltr'><strong>sed</strong></span> <span class='ocrx_word' id='word_1_404' title='bbox 974 2882 1018 2907; x_wconf 91' lang='lat' dir='ltr'><strong>ex</strong></span> <span class='ocrx_word' id='word_1_405' title='bbox 1029 2875 1148 2918; x_wconf 92' lang='lat' dir='ltr'><strong>empto</strong></span> 
     </span>
     <span class='ocr_line' id='line_1_54' title="bbox 58 2917 1147 2965; baseline -0.003 -10"><span class='ocrx_word' id='word_1_406' title='bbox 58 2922 78 2955; x_wconf 86' lang='lat'><strong>2</strong></span> <span class='ocrx_word' id='word_1_407' title='bbox 126 2929 313 2965; x_wconf 86' lang='lat' dir='ltr'><strong>superesse</strong></span> <span class='ocrx_word' id='word_1_408' title='bbox 336 2918 383 2954; x_wconf 88' lang='lat' dir='ltr'><strong>ad</strong></span> <span class='ocrx_word' id='word_1_409' title='bbox 398 2917 582 2954; x_wconf 86' lang='lat' dir='ltr'><strong>fructuum</strong></span> <span class='ocrx_word' id='word_1_410' title='bbox 601 2918 891 2964; x_wconf 86' lang='lat' dir='ltr'><strong>praestationem.</strong></span> <span class='ocrx_word' id='word_1_411' title='bbox 940 2917 979 2953; x_wconf 91' lang='lat' dir='ltr'><strong>Si</strong></span> <span class='ocrx_word' id='word_1_412' title='bbox 996 2917 1066 2953; x_wconf 90' lang='lat' dir='ltr'><strong>iter</strong></span> <span class='ocrx_word' id='word_1_413' title='bbox 1086 2928 1147 2953; x_wconf 90' lang='lat' dir='ltr'><strong>ac-</strong></span> 
     </span>
     <span class='ocr_line' id='line_1_55' title="bbox 57 2962 1146 3009; baseline -0.002 -9"><span class='ocrx_word' id='word_1_414' title='bbox 57 2968 134 3000; x_wconf 92' lang='lat' dir='ltr'><strong>tum</strong></span> <span class='ocrx_word' id='word_1_415' title='bbox 163 2965 257 3000; x_wconf 87' lang='lat' dir='ltr'><strong>viam</strong></span> <span class='ocrx_word' id='word_1_416' title='bbox 288 2973 403 3009; x_wconf 88' lang='lat' dir='ltr'><strong>aquae</strong></span> <span class='ocrx_word' id='word_1_417' title='bbox 435 2963 582 2999; x_wconf 87' lang='lat' dir='ltr'><strong>ductum</strong></span> <span class='ocrx_word' id='word_1_418' title='bbox 613 2974 679 3009; x_wconf 85' lang='lat' dir='ltr'><strong>per</strong></span> <span class='ocrx_word' id='word_1_419' title='bbox 709 2966 811 2999; x_wconf 91' lang='lat' dir='ltr'><strong>tuum</strong></span> <span class='ocrx_word' id='word_1_420' title='bbox 842 2962 994 2998; x_wconf 88' lang='lat' dir='ltr'><strong>fundum</strong></span> <span class='ocrx_word' id='word_1_421' title='bbox 1018 2973 1146 3006; x_wconf 89' lang='lat' dir='ltr'><strong>emero,</strong></span> 
     </span>
     <span class='ocr_line' id='line_1_56' title="bbox 57 3008 1149 3055; baseline -0.002 -10"><span class='ocrx_word' id='word_1_422' title='bbox 57 3020 192 3045; x_wconf 87' lang='lat' dir='ltr'><strong>vacuae</strong></span> <span class='ocrx_word' id='word_1_423' title='bbox 214 3009 449 3055; x_wconf 84' lang='lat' dir='ltr'><strong>possessionis</strong></span> <span class='ocrx_word' id='word_1_424' title='bbox 471 3008 616 3044; x_wconf 89' lang='lat' dir='ltr'><strong>traditio</strong></span> <span class='ocrx_word' id='word_1_425' title='bbox 640 3008 740 3044; x_wconf 86' lang='lat' dir='ltr'><strong>nulla</strong></span> <span class='ocrx_word' id='word_1_426' title='bbox 764 3011 836 3044; x_wconf 86' lang='lat' dir='ltr'><strong>est:</strong></span> <span class='ocrx_word' id='word_1_427' title='bbox 867 3008 990 3053; x_wconf 90' lang='lat' dir='ltr'><strong>itaque</strong></span> <span class='ocrx_word' id='word_1_428' title='bbox 1023 3018 1149 3044; x_wconf 89' lang='lat' dir='ltr'><strong>cavere</strong></span> 
     </span>
     <span class='ocr_line' id='line_1_57' title="bbox 59 3052 1149 3100; baseline -0.003 -9"><span class='ocrx_word' id='word_1_429' title='bbox 59 3057 78 3090; x_wconf 86' lang='lat'><strong>3</strong></span> <span class='ocrx_word' id='word_1_430' title='bbox 126 3054 234 3091; x_wconf 89' lang='lat' dir='ltr'><strong>debes</strong></span> <span class='ocrx_word' id='word_1_431' title='bbox 265 3064 331 3100; x_wconf 89' lang='lat' dir='ltr'><strong>per</strong></span> <span class='ocrx_word' id='word_1_432' title='bbox 360 3057 397 3089; x_wconf 91' lang='lat' dir='ltr'><strong>te</strong></span> <span class='ocrx_word' id='word_1_433' title='bbox 427 3065 499 3089; x_wconf 88' lang='lat' dir='ltr'><strong>non</strong></span> <span class='ocrx_word' id='word_1_434' title='bbox 529 3053 608 3089; x_wconf 89' lang='lat' dir='ltr'><strong>fieri</strong></span> <span class='ocrx_word' id='word_1_435' title='bbox 639 3064 709 3099; x_wconf 92' lang='lat' dir='ltr'><strong>quo</strong></span> <span class='ocrx_word' id='word_1_436' title='bbox 733 3053 849 3089; x_wconf 89' lang='lat' dir='ltr'><strong>minus</strong></span> <span class='ocrx_word' id='word_1_437' title='bbox 873 3056 967 3089; x_wconf 84' lang='lat' dir='ltr'><strong>utar.</strong></span> <span class='ocrx_word' id='word_1_438' title='bbox 1016 3052 1054 3088; x_wconf 89' lang='lat' dir='ltr'><strong>Si</strong></span> <span class='ocrx_word' id='word_1_439' title='bbox 1083 3063 1149 3099; x_wconf 89' lang='lat' dir='ltr'><strong>per</strong></span> 
     </span>
     <span class='ocr_line' id='line_1_58' title="bbox 57 3097 1147 3144; baseline -0.002 -9"><span class='ocrx_word' id='word_1_440' title='bbox 57 3099 274 3135; x_wconf 90' lang='lat' dir='ltr'><strong>venditorem</strong></span> <span class='ocrx_word' id='word_1_441' title='bbox 293 3099 366 3135; x_wconf 90' lang='lat' dir='ltr'><strong>vini</strong></span> <span class='ocrx_word' id='word_1_442' title='bbox 382 3109 482 3135; x_wconf 89' lang='lat' dir='ltr'><strong>mora</strong></span> <span class='ocrx_word' id='word_1_443' title='bbox 500 3098 619 3142; x_wconf 84' lang='lat' dir='ltr'><strong>fuerit,</strong></span> <span class='ocrx_word' id='word_1_444' title='bbox 643 3109 713 3144; x_wconf 91' lang='lat' dir='ltr'><strong>quo</strong></span> <span class='ocrx_word' id='word_1_445' title='bbox 732 3099 848 3134; x_wconf 89' lang='lat' dir='ltr'><strong>minus</strong></span> <span class='ocrx_word' id='word_1_446' title='bbox 867 3097 1036 3141; x_wconf 89' lang='lat' dir='ltr'><strong>traderet,</strong></span> <span class='ocrx_word' id='word_1_447' title='bbox 1062 3109 1147 3135; x_wconf 92' lang='lat' dir='ltr'><strong>con-</strong></span> 
     </span>
     <span class='ocr_line' id='line_1_59' title="bbox 59 3143 1147 3189; baseline -0.001 -9"><span class='ocrx_word' id='word_1_448' title='bbox 59 3144 216 3180; x_wconf 86' lang='lat' dir='ltr'><strong>demnari</strong></span> <span class='ocrx_word' id='word_1_449' title='bbox 240 3155 320 3180; x_wconf 91' lang='lat' dir='ltr'><strong>eum</strong></span> <span class='ocrx_word' id='word_1_450' title='bbox 343 3147 494 3189; x_wconf 89' lang='lat' dir='ltr'><strong>oportet,</strong></span> <span class='ocrx_word' id='word_1_451' title='bbox 518 3148 599 3180; x_wconf 90' lang='lat' dir='ltr'><strong>utro</strong></span> <span class='ocrx_word' id='word_1_452' title='bbox 622 3147 782 3189; x_wconf 91' lang='lat' dir='ltr'><strong>tempore</strong></span> <span class='ocrx_word' id='word_1_453' title='bbox 800 3143 913 3189; x_wconf 89' lang='lat' dir='ltr'><strong>pluris</strong></span> <span class='ocrx_word' id='word_1_454' title='bbox 929 3143 1049 3179; x_wconf 88' lang='lat' dir='ltr'><strong>vinum</strong></span> <span class='ocrx_word' id='word_1_455' title='bbox 1067 3143 1147 3187; x_wconf 86' lang='lat' dir='ltr'><strong>fuit,</strong></span> 
     </span>
     <span class='ocr_line' id='line_1_60' title="bbox 13 3188 1147 3235; baseline -0.001 -10"><span class='ocrx_word' id='word_1_456' title='bbox 13 3207 17 3210; x_wconf 86' lang='lat'><em>-</em></span> <span class='ocrx_word' id='word_1_457' title='bbox 58 3190 113 3225; x_wconf 91' lang='lat' dir='ltr'><strong>vel</strong></span> <span class='ocrx_word' id='word_1_458' title='bbox 136 3200 205 3235; x_wconf 93' lang='lat' dir='ltr'><strong>quo</strong></span> <span class='ocrx_word' id='word_1_459' title='bbox 229 3189 324 3225; x_wconf 90' lang='lat' dir='ltr'><strong>venit</strong></span> <span class='ocrx_word' id='word_1_460' title='bbox 346 3189 401 3224; x_wconf 90' lang='lat' dir='ltr'><strong>vel</strong></span> <span class='ocrx_word' id='word_1_461' title='bbox 425 3199 494 3234; x_wconf 91' lang='lat' dir='ltr'><strong>quo</strong></span> <span class='ocrx_word' id='word_1_462' title='bbox 517 3189 561 3224; x_wconf 91' lang='lat' dir='ltr'><strong>lis</strong></span> <span class='ocrx_word' id='word_1_463' title='bbox 585 3189 623 3224; x_wconf 89' lang='lat' dir='ltr'><strong>in</strong></span> <span class='ocrx_word' id='word_1_464' title='bbox 647 3188 977 3224; x_wconf 86' lang='lat' dir='ltr'><strong>condemnationem</strong></span> <span class='ocrx_word' id='word_1_465' title='bbox 1001 3188 1147 3224; x_wconf 89' lang='lat' dir='ltr'><strong>deduci-</strong></span> 
     </span>
     <span class='ocr_line' id='line_1_61' title="bbox 58 3234 1148 3280; baseline 0 -11"><span class='ocrx_word' id='word_1_466' title='bbox 58 3238 136 3278; x_wconf 89' lang='lat' dir='ltr'><strong>tur,</strong></span> <span class='ocrx_word' id='word_1_467' title='bbox 159 3235 244 3270; x_wconf 88' lang='lat' dir='ltr'><strong>item</strong></span> <span class='ocrx_word' id='word_1_468' title='bbox 268 3245 338 3280; x_wconf 91' lang='lat' dir='ltr'><strong>quo</strong></span> <span class='ocrx_word' id='word_1_469' title='bbox 361 3235 442 3270; x_wconf 92' lang='lat' dir='ltr'><strong>loco</strong></span> <span class='ocrx_word' id='word_1_470' title='bbox 465 3234 577 3279; x_wconf 82' lang='lat' dir='ltr'><strong>pluris</strong></span> <span class='ocrx_word' id='word_1_471' title='bbox 599 3234 687 3276; x_wconf 89' lang='lat' dir='ltr'><strong>fuit,</strong></span> <span class='ocrx_word' id='word_1_472' title='bbox 717 3234 772 3270; x_wconf 86' lang='lat' dir='ltr'><strong>vel</strong></span> <span class='ocrx_word' id='word_1_473' title='bbox 796 3244 866 3279; x_wconf 92' lang='lat' dir='ltr'><strong>quo</strong></span> <span class='ocrx_word' id='word_1_474' title='bbox 889 3234 986 3270; x_wconf 89' lang='lat' dir='ltr'><strong>venit</strong></span> <span class='ocrx_word' id='word_1_475' title='bbox 1007 3234 1064 3270; x_wconf 91' lang='lat' dir='ltr'><strong>vel</strong></span> <span class='ocrx_word' id='word_1_476' title='bbox 1086 3234 1148 3269; x_wconf 91' lang='lat' dir='ltr'><strong>ubi</strong></span> 
     </span>
     <span class='ocr_line' id='line_1_62' title="bbox 59 3279 1146 3325; baseline -0.001 -10"><span class='ocrx_word' id='word_1_477' title='bbox 59 3282 80 3314; x_wconf 90' lang='grc'>4</span> <span class='ocrx_word' id='word_1_478' title='bbox 127 3284 264 3324; x_wconf 87' lang='lat' dir='ltr'><strong>agatur.</strong></span> <span class='ocrx_word' id='word_1_479' title='bbox 312 3279 415 3323; x_wconf 81' lang='lat' dir='ltr'><strong>Quod</strong></span> <span class='ocrx_word' id='word_1_480' title='bbox 428 3279 458 3314; x_wconf 89' lang='lat' dir='ltr'><strong>si</strong></span> <span class='ocrx_word' id='word_1_481' title='bbox 469 3289 533 3325; x_wconf 91' lang='lat' dir='ltr'><strong>per</strong></span> <span class='ocrx_word' id='word_1_482' title='bbox 545 3289 599 3315; x_wconf 91' lang='lat' dir='ltr'><strong>em</strong></span> <span class='ocrx_word' id='word_1_483' title='bbox 625 3282 740 3315; x_wconf 92' lang='lat' dir='ltr'><strong>torem</strong></span> <span class='ocrx_word' id='word_1_484' title='bbox 758 3289 860 3315; x_wconf 89' lang='lat' dir='ltr'><strong>mora</strong></span> <span class='ocrx_word' id='word_1_485' title='bbox 879 3279 1018 3322; x_wconf 80' lang='lat' dir='ltr'><strong>fuisset,</strong></span> <span class='ocrx_word' id='word_1_486' title='bbox 1039 3279 1146 3315; x_wconf 87' lang='lat' dir='ltr'><strong>aesti-</strong></span> 
     </span>
     <span class='ocr_line' id='line_1_63' title="bbox 58 3324 1145 3376; baseline 0 -17"><span class='ocrx_word' id='word_1_487' title='bbox 58 3325 149 3360; x_wconf 91' lang='lat' dir='ltr'><strong>mari</strong></span> <span class='ocrx_word' id='word_1_488' title='bbox 172 3327 313 3376; x_wconf 85' lang='lat' dir='ltr'><strong>oportet</strong></span> <span class='ocrx_word' id='word_1_489' title='bbox 336 3324 490 3370; x_wconf 86' lang='lat' dir='ltr'><strong>pretium</strong></span> <span class='ocrx_word' id='word_1_490' title='bbox 514 3335 582 3369; x_wconf 90' lang='lat' dir='ltr'><strong>quo</strong></span> <span class='ocrx_word' id='word_1_491' title='bbox 640 3324 687 3360; x_wconf 88' lang='lat' dir='ltr'><strong>sit</strong></span> <span class='ocrx_word' id='word_1_492' title='bbox 718 3335 799 3359; x_wconf 90' lang='lat' dir='ltr'><strong>cum</strong></span> <span class='ocrx_word' id='word_1_493' title='bbox 829 3327 975 3370; x_wconf 83' lang='lat' dir='ltr'><strong>agatur,</strong></span> <span class='ocrx_word' id='word_1_494' title='bbox 1009 3328 1045 3360; x_wconf 93' lang='lat' dir='ltr'><strong>et</strong></span> <span class='ocrx_word' id='word_1_495' title='bbox 1076 3335 1145 3370; x_wconf 89' lang='lat' dir='ltr'><strong>quo</strong></span> 
     </span>
     <span class='ocr_line' id='line_1_64' title="bbox 58 3369 1147 3412; baseline 0 -8"><span class='ocrx_word' id='word_1_496' title='bbox 58 3370 139 3405; x_wconf 91' lang='lat' dir='ltr'><strong>loco</strong></span> <span class='ocrx_word' id='word_1_497' title='bbox 164 3369 310 3405; x_wconf 80' lang='lat' dir='ltr'><strong>minoris</strong></span> <span class='ocrx_word' id='word_1_498' title='bbox 334 3369 390 3404; x_wconf 90' lang='lat' dir='ltr'><strong>sit.</strong></span> <span class='ocrx_word' id='word_1_499' title='bbox 426 3380 528 3405; x_wconf 92' lang='lat' dir='ltr'><strong>mora</strong></span> <span class='ocrx_word' id='word_1_500' title='bbox 551 3372 671 3405; x_wconf 90' lang='lat' dir='ltr'><strong>autem</strong></span> <span class='ocrx_word' id='word_1_501' title='bbox 694 3369 834 3405; x_wconf 88' lang='lat' dir='ltr'><strong>videtur</strong></span> <span class='ocrx_word' id='word_1_502' title='bbox 858 3379 954 3412; x_wconf 90' lang='lat' dir='ltr'><strong>esse,</strong></span> <span class='ocrx_word' id='word_1_503' title='bbox 987 3369 1018 3405; x_wconf 88' lang='lat' dir='ltr'><strong>si</strong></span> <span class='ocrx_word' id='word_1_504' title='bbox 1048 3369 1147 3404; x_wconf 89' lang='lat' dir='ltr'><strong>nulla</strong></span> 
     </span>
     <span class='ocr_line' id='line_1_65' title="bbox 60 3413 1145 3460; baseline -0.001 -11"><span class='ocrx_word' id='word_1_505' title='bbox 60 3414 252 3449; x_wconf 84' lang='lat' dir='ltr'><strong>difficultas</strong></span> <span class='ocrx_word' id='word_1_506' title='bbox 275 3413 492 3450; x_wconf 89' lang='lat' dir='ltr'><strong>venditorem</strong></span> <span class='ocrx_word' id='word_1_507' title='bbox 515 3414 702 3459; x_wconf 89' lang='lat' dir='ltr'><strong>impediat,</strong></span> <span class='ocrx_word' id='word_1_508' title='bbox 736 3425 806 3460; x_wconf 91' lang='lat' dir='ltr'><strong>quo</strong></span> <span class='ocrx_word' id='word_1_509' title='bbox 837 3414 954 3450; x_wconf 89' lang='lat' dir='ltr'><strong>minus</strong></span> <span class='ocrx_word' id='word_1_510' title='bbox 977 3414 1145 3456; x_wconf 87' lang='lat' dir='ltr'><strong>traderet,</strong></span> 
     </span>
     <span class='ocr_line' id='line_1_66' title="bbox 58 3458 1147 3505; baseline 0 -11"><span class='ocrx_word' id='word_1_511' title='bbox 58 3459 267 3504; x_wconf 86' lang='lat' dir='ltr'><strong>praesertim</strong></span> <span class='ocrx_word' id='word_1_512' title='bbox 286 3458 316 3494; x_wconf 89' lang='lat' dir='ltr'><strong>si</strong></span> <span class='ocrx_word' id='word_1_513' title='bbox 335 3459 432 3494; x_wconf 90' lang='lat' dir='ltr'><strong>omni</strong></span> <span class='ocrx_word' id='word_1_514' title='bbox 447 3462 609 3504; x_wconf 88' lang='lat' dir='ltr'><strong>tempore</strong></span> <span class='ocrx_word' id='word_1_515' title='bbox 627 3462 776 3505; x_wconf 86' lang='lat' dir='ltr'><strong>paratus</strong></span> <span class='ocrx_word' id='word_1_516' title='bbox 794 3459 865 3495; x_wconf 87' lang='lat' dir='ltr'><strong>fuit</strong></span> <span class='ocrx_word' id='word_1_517' title='bbox 875 3459 1027 3495; x_wconf 89' lang='lat' dir='ltr'><strong>tradere.</strong></span> <span class='ocrx_word' id='word_1_518' title='bbox 1062 3459 1147 3494; x_wconf 89' lang='lat' dir='ltr'><strong>item</strong></span> 
     </span>
    </p>
   </div>
   <div class='ocr_carea' id='block_1_14' title="bbox 59 3571 1147 3793">
    <p class='ocr_par' dir='ltr' id='par_1_17' title="bbox 59 3571 652 3618">
     <span class='ocr_line' id='line_1_67' title="bbox 59 3571 652 3618; baseline 0.005 -14"><span class='ocrx_word' id='word_1_519' title='bbox 59 3571 100 3614; x_wconf 91' lang='lat'><strong>(1)</strong></span> <span class='ocrx_word' id='word_1_520' title='bbox 125 3572 180 3604; x_wconf 84' lang='lat' dir='ltr'><strong>sin</strong></span> <span class='ocrx_word' id='word_1_521' title='bbox 191 3571 226 3618; x_wconf 89' lang='lat' dir='ltr'><em>F</em></span> <span class='ocrx_word' id='word_1_522' title='bbox 311 3572 354 3613; x_wconf 83' lang='lat'><strong>(2)</strong></span> <span class='ocrx_word' id='word_1_523' title='bbox 380 3573 423 3615; x_wconf 64' lang='lat' dir='ltr'><strong>qs:</strong></span> <span class='ocrx_word' id='word_1_524' title='bbox 441 3571 518 3605; x_wconf 76' lang='lat' dir='ltr'><strong>cod.</strong></span> <span class='ocrx_word' id='word_1_525' title='bbox 530 3574 562 3612; x_wconf 89' lang='lat'><strong>4,</strong></span> <span class='ocrx_word' id='word_1_526' title='bbox 576 3580 622 3613; x_wconf 80' lang='lat'><strong>57,</strong></span> <span class='ocrx_word' id='word_1_527' title='bbox 636 3581 652 3607; x_wconf 84' lang='lat'><strong>3</strong></span> 
     </span>
    </p>

    <p class='ocr_par' dir='ltr' id='par_1_18' title="bbox 60 3617 1147 3793">
     <span class='ocr_line' id='line_1_68' title="bbox 104 3617 1143 3659; baseline -0.003 -9"><span class='ocrx_word' id='word_1_528' title='bbox 104 3617 148 3659; x_wconf 76' lang='lat' dir='ltr'><strong>(a)</strong></span> <span class='ocrx_word' id='word_1_529' title='bbox 172 3617 527 3651; x_wconf 79' lang='lat' dir='ltr'><strong>Sab.1...11.13.15.17.</strong></span> <span class='ocrx_word' id='word_1_530' title='bbox 543 3624 653 3651; x_wconf 80' lang='lat'><strong>21...31.</strong></span> <span class='ocrx_word' id='word_1_531' title='bbox 668 3624 722 3657; x_wconf 80' lang='lat'><strong>443</strong></span> <span class='ocrx_word' id='word_1_532' title='bbox 743 3618 808 3650; x_wconf 81' lang='lat' dir='ltr'><strong>Ed.</strong></span> <span class='ocrx_word' id='word_1_533' title='bbox 832 3624 876 3651; x_wconf 88' lang='lat'><strong>12.</strong></span> <span class='ocrx_word' id='word_1_534' title='bbox 896 3625 939 3651; x_wconf 84' lang='lat'><strong>14.</strong></span> <span class='ocrx_word' id='word_1_535' title='bbox 961 3624 1003 3651; x_wconf 80' lang='lat'><strong>16.</strong></span> <span class='ocrx_word' id='word_1_536' title='bbox 1026 3624 1143 3650; x_wconf 85' lang='lat'><strong>18...20.</strong></span> 
     </span>
     <span class='ocr_line' id='line_1_69' title="bbox 60 3662 1147 3705; baseline 0.002 -12"><span class='ocrx_word' id='word_1_537' title='bbox 60 3667 188 3701; x_wconf 75' lang='lat' dir='ltr'><strong>aa...4o;</strong></span> <span class='ocrx_word' id='word_1_538' title='bbox 211 3662 296 3705; x_wconf 83' lang='lat' dir='ltr'><strong>Pap.</strong></span> <span class='ocrx_word' id='word_1_539' title='bbox 310 3667 422 3695; x_wconf 78' lang='lat'><strong>41...43.</strong></span> <span class='ocrx_word' id='word_1_540' title='bbox 437 3667 566 3701; x_wconf 77' lang='lat' dir='ltr'><strong>45...4o;</strong></span> <span class='ocrx_word' id='word_1_541' title='bbox 586 3663 674 3705; x_wconf 81' lang='lat' dir='ltr'><strong>App.</strong></span> <span class='ocrx_word' id='word_1_542' title='bbox 687 3669 807 3696; x_wconf 82' lang='lat'><strong>50...55.</strong></span> <span class='ocrx_word' id='word_1_543' title='bbox 828 3680 874 3686; x_wconf 92' lang='lat'><strong>—</strong></span> <span class='ocrx_word' id='word_1_544' title='bbox 892 3663 977 3695; x_wconf 83' lang='lat' dir='ltr'><strong>Bas.</strong></span> <span class='ocrx_word' id='word_1_545' title='bbox 995 3662 1046 3701; x_wconf 86' lang='lat'><strong>19,</strong></span> <span class='ocrx_word' id='word_1_546' title='bbox 1061 3669 1147 3695; x_wconf 82' lang='lat' dir='ltr'><strong>s.—</strong></span> 
     </span>
     <span class='ocr_line' id='line_1_70' title="bbox 65 3704 1146 3749; baseline 0 -11"><span class='ocrx_word' id='word_1_547' title='bbox 65 3705 114 3749; x_wconf 71' lang='lat' dir='ltr'><strong>Os:</strong></span> <span class='ocrx_word' id='word_1_548' title='bbox 133 3706 209 3739; x_wconf 87' lang='lat' dir='ltr'><strong>C&#39;od.</strong></span> <span class='ocrx_word' id='word_1_549' title='bbox 224 3708 255 3745; x_wconf 87' lang='lat'><strong>4,</strong></span> <span class='ocrx_word' id='word_1_550' title='bbox 270 3713 306 3740; x_wconf 82' lang='lat'><strong>49</strong></span> <span class='ocrx_word' id='word_1_551' title='bbox 457 3706 499 3745; x_wconf 79' lang='lat'><strong>(4)</strong></span> <span class='ocrx_word' id='word_1_552' title='bbox 522 3706 571 3739; x_wconf 78' lang='grc' dir='ltr'><strong>εἰσ</strong></span> <span class='ocrx_word' id='word_1_553' title='bbox 582 3707 649 3740; x_wconf 80' lang='lat' dir='ltr'><strong>ind.</strong></span> <span class='ocrx_word' id='word_1_554' title='bbox 662 3707 726 3747; x_wconf 68' lang='lat' dir='ltr'><strong>F‘,</strong></span> <span class='ocrx_word' id='word_1_555' title='bbox 740 3709 775 3739; x_wconf 89' lang='lat' dir='ltr'><strong>et</strong></span> <span class='ocrx_word' id='word_1_556' title='bbox 785 3706 917 3739; x_wconf 84' lang='lat' dir='ltr'><strong>venditi</strong></span> <span class='ocrx_word' id='word_1_557' title='bbox 929 3707 964 3739; x_wconf 85' lang='lat' dir='ltr'><em>F</em></span> <span class='ocrx_word' id='word_1_558' title='bbox 971 3714 1001 3740; x_wconf 81' lang='lat' dir='ltr'><strong>et</strong></span> <span class='ocrx_word' id='word_1_559' title='bbox 1011 3707 1079 3739; x_wconf 82' lang='lat' dir='ltr'><strong>ind.</strong></span> <span class='ocrx_word' id='word_1_560' title='bbox 1095 3707 1128 3738; x_wconf 92' lang='lat' dir='ltr'><em>F</em></span> <span class='ocrx_word' id='word_1_561' title='bbox 1132 3704 1146 3726; x_wconf 80' lang='lat'><strong>¹¹</strong></span> 
     </span>
     <span class='ocr_line' id='line_1_71' title="bbox 62 3749 1145 3793; baseline -0.002 -10"><span class='ocrx_word' id='word_1_562' title='bbox 62 3750 107 3792; x_wconf 67' lang='grc' dir='ltr'><strong>(ὅ)</strong></span> <span class='ocrx_word' id='word_1_563' title='bbox 130 3751 222 3792; x_wconf 74' lang='lat' dir='ltr'><strong>quia]</strong></span> <span class='ocrx_word' id='word_1_564' title='bbox 236 3751 345 3793; x_wconf 81' lang='lat' dir='ltr'><strong>siqua</strong></span> <span class='ocrx_word' id='word_1_565' title='bbox 356 3762 417 3784; x_wconf 72' lang='lat' dir='ltr'><strong>scr.</strong></span> <span class='ocrx_word' id='word_1_566' title='bbox 522 3749 567 3791; x_wconf 74' lang='lat'><strong>(6)</strong></span> <span class='ocrx_word' id='word_1_567' title='bbox 593 3750 697 3786; x_wconf 65' lang='lat' dir='ltr'><strong>sedet</strong></span> <span class='ocrx_word' id='word_1_568' title='bbox 708 3752 792 3785; x_wconf 79' lang='lat' dir='ltr'><strong>Hal.</strong></span> <span class='ocrx_word' id='word_1_569' title='bbox 897 3752 941 3792; x_wconf 75' lang='grc' dir='ltr'><strong>(τ)</strong></span> <span class='ocrx_word' id='word_1_570' title='bbox 966 3751 1002 3783; x_wconf 87' lang='lat' dir='ltr'><strong>in</strong></span> <span class='ocrx_word' id='word_1_571' title='bbox 1015 3761 1145 3792; x_wconf 84' lang='lat' dir='ltr'><strong>posses-</strong></span> 
     </span>
    </p>
   </div>
   <div class='ocr_carea' id='block_1_15' title="bbox 1214 970 2317 3502">
    <p class='ocr_par' dir='ltr' id='par_1_19' title="bbox 1223 970 2314 1153">
     <span class='ocr_line' id='line_1_72' title="bbox 1223 970 2314 1052; baseline 0.001 -45"><span class='ocrx_word' id='word_1_572' title='bbox 1223 982 1296 1008; x_wconf 90' lang='lat' dir='ltr'><strong>non</strong></span> <span class='ocrx_word' id='word_1_573' title='bbox 1319 974 1463 1017; x_wconf 90' lang='lat' dir='ltr'><strong>oportet</strong></span> <span class='ocrx_word' id='word_1_574' title='bbox 1486 971 1563 1007; x_wconf 87' lang='lat' dir='ltr'><strong>eius</strong></span> <span class='ocrx_word' id='word_1_575' title='bbox 1585 970 1657 1007; x_wconf 93' lang='lat' dir='ltr'><strong>loci</strong></span> <span class='ocrx_word' id='word_1_576' title='bbox 1673 971 1796 1052; x_wconf 51' lang='lat' dir='ltr'><strong>gretia</strong></span> <span class='ocrx_word' id='word_1_577' title='bbox 1818 971 1991 1017; x_wconf 88' lang='lat' dir='ltr'><strong>spectari,</strong></span> <span class='ocrx_word' id='word_1_578' title='bbox 2023 971 2060 1006; x_wconf 91' lang='lat' dir='ltr'><strong>in</strong></span> <span class='ocrx_word' id='word_1_579' title='bbox 2084 982 2154 1017; x_wconf 91' lang='lat' dir='ltr'><strong>quo</strong></span> <span class='ocrx_word' id='word_1_580' title='bbox 2246 975 2314 1015; x_wconf 87' lang='lat' dir='ltr'><strong>tur,</strong></span> 
     </span>
     <span class='ocr_line' id='line_1_73' title="bbox 1224 1016 2314 1062; baseline 0.001 -10"><span class='ocrx_word' id='word_1_581' title='bbox 1224 1016 1288 1053; x_wconf 90' lang='lat' dir='ltr'><strong>sed</strong></span> <span class='ocrx_word' id='word_1_582' title='bbox 1311 1017 1399 1060; x_wconf 90' lang='lat' dir='ltr'><strong>eius,</strong></span> <span class='ocrx_word' id='word_1_583' title='bbox 1423 1017 1486 1053; x_wconf 92' lang='lat' dir='ltr'><strong>ubi</strong></span> <span class='ocrx_word' id='word_1_584' title='bbox 1508 1016 1591 1052; x_wconf 91' lang='lat' dir='ltr'><strong>vina</strong></span> <span class='ocrx_word' id='word_1_585' title='bbox 1614 1020 1671 1052; x_wconf 88' lang='lat' dir='ltr'><strong>tra</strong></span> <span class='ocrx_word' id='word_1_586' title='bbox 1699 1016 1707 1024; x_wconf 83' lang='lat'><strong>‘</strong></span> <span class='ocrx_word' id='word_1_587' title='bbox 1734 1020 1896 1062; x_wconf 87' lang='lat' dir='ltr'><strong>oportet:</strong></span> <span class='ocrx_word' id='word_1_588' title='bbox 1922 1027 2005 1051; x_wconf 90' lang='lat' dir='ltr'><strong>nam</strong></span> <span class='ocrx_word' id='word_1_589' title='bbox 2031 1016 2128 1062; x_wconf 92' lang='lat' dir='ltr'><strong>quod</strong></span> <span class='ocrx_word' id='word_1_590' title='bbox 2153 1027 2174 1052; x_wconf 86' lang='lat' dir='ltr'><strong>a</strong></span> <span class='ocrx_word' id='word_1_591' title='bbox 2229 1028 2314 1053; x_wconf 91' lang='lat' dir='ltr'><strong>run-</strong></span> 
     </span>
     <span class='ocr_line' id='line_1_74' title="bbox 1225 1061 2314 1105; baseline -0.001 -7"><span class='ocrx_word' id='word_1_592' title='bbox 1225 1062 1314 1098; x_wconf 88' lang='lat' dir='ltr'><strong>disio</strong></span> <span class='ocrx_word' id='word_1_593' title='bbox 1338 1062 1458 1099; x_wconf 90' lang='lat' dir='ltr'><strong>vinum</strong></span> <span class='ocrx_word' id='word_1_594' title='bbox 1481 1062 1588 1105; x_wconf 90' lang='lat' dir='ltr'><strong>venit,</strong></span> <span class='ocrx_word' id='word_1_595' title='bbox 1614 1061 1681 1098; x_wconf 89' lang='lat' dir='ltr'><strong>etsi</strong></span> <span class='ocrx_word' id='word_1_596' title='bbox 1704 1061 1859 1098; x_wconf 88' lang='lat' dir='ltr'><strong>venditio</strong></span> <span class='ocrx_word' id='word_1_597' title='bbox 1885 1061 1970 1097; x_wconf 91' lang='lat' dir='ltr'><strong>alibi</strong></span> <span class='ocrx_word' id='word_1_598' title='bbox 1994 1061 2093 1097; x_wconf 86' lang='lat' dir='ltr'><strong>facta</strong></span> <span class='ocrx_word' id='word_1_599' title='bbox 2116 1062 2173 1105; x_wconf 89' lang='lat' dir='ltr'><strong>sit,</strong></span> <span class='ocrx_word' id='word_1_600' title='bbox 2197 1062 2314 1097; x_wconf 88' lang='lat' dir='ltr'><strong>Brun-</strong></span> 
     </span>
     <span class='ocr_line' id='line_1_75' title="bbox 1225 1107 1587 1153; baseline -0.003 -10"><span class='ocrx_word' id='word_1_601' title='bbox 1225 1108 1293 1143; x_wconf 91' lang='lat' dir='ltr'><strong>disi</strong></span> <span class='ocrx_word' id='word_1_602' title='bbox 1315 1107 1410 1143; x_wconf 90' lang='lat' dir='ltr'><strong>tradi</strong></span> <span class='ocrx_word' id='word_1_603' title='bbox 1433 1110 1587 1153; x_wconf 86' lang='lat' dir='ltr'><strong>oportet.</strong></span> 
     </span>
    </p>

    <p class='ocr_par' dir='ltr' id='par_1_20' title="bbox 1220 1151 2317 1742">
     <span class='ocr_line' id='line_1_76' title="bbox 1270 1151 2314 1198; baseline -0.001 -9"><span class='ocrx_word' id='word_1_604' title='bbox 1270 1151 1296 1190; x_wconf 88' lang='lat'>4</span> <span class='ocrx_word' id='word_1_605' title='bbox 1331 1152 1492 1189; x_wconf 72' lang='lat' dir='ltr'><strong>was</strong></span> <span class='ocrx_word' id='word_1_606' title='bbox 1522 1153 1613 1188; x_wconf 82' lang='lat' dir='ltr'><strong>libro</strong></span> <span class='ocrx_word' id='word_1_607' title='bbox 1648 1153 1775 1198; x_wconf 79' lang='lat' dir='ltr'><strong>quinto</strong></span> <span class='ocrx_word' id='word_1_608' title='bbox 1810 1152 1860 1187; x_wconf 85' lang='lat' dir='ltr'><strong>ad</strong></span> <span class='ocrx_word' id='word_1_609' title='bbox 1894 1151 2068 1188; x_wconf 80' lang='lat' dir='ltr'><strong>Sabinum</strong></span> <span class='ocrx_word' id='word_1_610' title='bbox 2115 1152 2154 1187; x_wconf 92' lang='lat' dir='ltr'><strong>Si</strong></span> <span class='ocrx_word' id='word_1_611' title='bbox 2177 1162 2314 1188; x_wconf 88' lang='lat' dir='ltr'><strong>servum</strong></span> 
     </span>
     <span class='ocr_line' id='line_1_77' title="bbox 1222 1196 2313 1244; baseline 0 -11"><span class='ocrx_word' id='word_1_612' title='bbox 1222 1198 1309 1233; x_wconf 91' lang='lat' dir='ltr'><strong>mihi</strong></span> <span class='ocrx_word' id='word_1_613' title='bbox 1331 1198 1520 1244; x_wconf 87' lang='lat' dir='ltr'><strong>ignoranti,</strong></span> <span class='ocrx_word' id='word_1_614' title='bbox 1544 1198 1662 1234; x_wconf 90' lang='lat' dir='ltr'><strong>sciens</strong></span> <span class='ocrx_word' id='word_1_615' title='bbox 1685 1196 1801 1232; x_wconf 86' lang='lat' dir='ltr'><strong>furem</strong></span> <span class='ocrx_word' id='word_1_616' title='bbox 1823 1197 1878 1232; x_wconf 92' lang='lat' dir='ltr'><strong>vel</strong></span> <span class='ocrx_word' id='word_1_617' title='bbox 1902 1197 2047 1232; x_wconf 87' lang='lat' dir='ltr'><strong>noxium</strong></span> <span class='ocrx_word' id='word_1_618' title='bbox 2071 1207 2168 1240; x_wconf 87' lang='lat' dir='ltr'><strong>esse,</strong></span> <span class='ocrx_word' id='word_1_619' title='bbox 2193 1198 2313 1233; x_wconf 90' lang='lat' dir='ltr'><strong>vendi-</strong></span> 
     </span>
     <span class='ocr_line' id='line_1_78' title="bbox 1223 1242 2317 1289; baseline 0 -10"><span class='ocrx_word' id='word_1_620' title='bbox 1223 1243 1335 1287; x_wconf 88' lang='lat' dir='ltr'><strong>deris,</strong></span> <span class='ocrx_word' id='word_1_621' title='bbox 1373 1243 1532 1289; x_wconf 90' lang='lat' dir='ltr'><strong>quamvis</strong></span> <span class='ocrx_word' id='word_1_622' title='bbox 1563 1242 1709 1288; x_wconf 90' lang='lat' dir='ltr'><strong>duplam</strong></span> <span class='ocrx_word' id='word_1_623' title='bbox 1739 1242 1961 1287; x_wconf 89' lang='lat' dir='ltr'><strong>promiseris,</strong></span> <span class='ocrx_word' id='word_1_624' title='bbox 1994 1242 2126 1278; x_wconf 90' lang='lat' dir='ltr'><strong>teneris</strong></span> <span class='ocrx_word' id='word_1_625' title='bbox 2157 1243 2243 1278; x_wconf 86' lang='lat' dir='ltr'><strong>mihi</strong></span> <span class='ocrx_word' id='word_1_626' title='bbox 2272 1254 2317 1279; x_wconf 85' lang='lat' dir='ltr'><strong>ex</strong></span> 
     </span>
     <span class='ocr_line' id='line_1_79' title="bbox 1224 1287 2315 1335; baseline 0 -11"><span class='ocrx_word' id='word_1_627' title='bbox 1224 1293 1354 1335; x_wconf 90' lang='lat' dir='ltr'><strong>empto,</strong></span> <span class='ocrx_word' id='word_1_628' title='bbox 1380 1288 1504 1334; x_wconf 88' lang='lat' dir='ltr'><strong>quanti</strong></span> <span class='ocrx_word' id='word_1_629' title='bbox 1527 1298 1607 1324; x_wconf 90' lang='lat' dir='ltr'><strong>mea</strong></span> <span class='ocrx_word' id='word_1_630' title='bbox 1629 1288 1791 1324; x_wconf 88' lang='lat' dir='ltr'><strong>intererit</strong></span> <span class='ocrx_word' id='word_1_631' title='bbox 1813 1288 1943 1330; x_wconf 91' lang='lat' dir='ltr'><strong>scisse,</strong></span> <span class='ocrx_word' id='word_1_632' title='bbox 1969 1287 2053 1333; x_wconf 90' lang='lat' dir='ltr'><strong>quia</strong></span> <span class='ocrx_word' id='word_1_633' title='bbox 2077 1298 2121 1323; x_wconf 83' lang='lat' dir='ltr'><strong>ex</strong></span> <span class='ocrx_word' id='word_1_634' title='bbox 2144 1288 2315 1334; x_wconf 91' lang='lat' dir='ltr'><strong>stipulatu</strong></span> 
     </span>
     <span class='ocr_line' id='line_1_80' title="bbox 1223 1333 2317 1386; baseline -0.002 -16"><span class='ocrx_word' id='word_1_635' title='bbox 1223 1345 1264 1370; x_wconf 89' lang='lat' dir='ltr'><strong>eo</strong></span> <span class='ocrx_word' id='word_1_636' title='bbox 1289 1335 1431 1370; x_wconf 88' lang='lat' dir='ltr'><strong>nomine</strong></span> <span class='ocrx_word' id='word_1_637' title='bbox 1455 1344 1560 1379; x_wconf 86' lang='lat' dir='ltr'><strong>agere</strong></span> <span class='ocrx_word' id='word_1_638' title='bbox 1582 1334 1701 1369; x_wconf 85' lang='lat' dir='ltr'><strong>tecum</strong></span> <span class='ocrx_word' id='word_1_639' title='bbox 1724 1343 1797 1368; x_wconf 91' lang='lat' dir='ltr'><strong>non</strong></span> <span class='ocrx_word' id='word_1_640' title='bbox 1827 1343 1974 1379; x_wconf 87' lang='lat' dir='ltr'><strong>possum</strong></span> <span class='ocrx_word' id='word_1_641' title='bbox 2006 1336 2199 1386; x_wconf 82' lang='lat' dir='ltr'><strong>antequam</strong></span> <span class='ocrx_word' id='word_1_642' title='bbox 2231 1333 2317 1368; x_wconf 92' lang='lat' dir='ltr'><strong>mihi</strong></span> 
     </span>
     <span class='ocr_line' id='line_1_81' title="bbox 1229 1378 2315 1432; baseline -0.001 -17"><span class='ocrx_word' id='word_1_643' title='bbox 1229 1384 1240 1414; x_wconf 84' lang='grc'>1</span> <span class='ocrx_word' id='word_1_644' title='bbox 1291 1379 1376 1425; x_wconf 93' lang='lat' dir='ltr'><strong>quid</strong></span> <span class='ocrx_word' id='word_1_645' title='bbox 1411 1380 1564 1432; x_wconf 78' lang='lat' dir='ltr'><strong>abesset.</strong></span> <span class='ocrx_word' id='word_1_646' title='bbox 1614 1378 1651 1413; x_wconf 93' lang='lat' dir='ltr'><strong>Si</strong></span> <span class='ocrx_word' id='word_1_647' title='bbox 1686 1378 1813 1413; x_wconf 91' lang='lat' dir='ltr'><strong>modus</strong></span> <span class='ocrx_word' id='word_1_648' title='bbox 1847 1378 1922 1430; x_wconf 82' lang='lat' dir='ltr'><strong>agri</strong></span> <span class='ocrx_word' id='word_1_649' title='bbox 1957 1378 2074 1414; x_wconf 90' lang='lat' dir='ltr'><strong>minor</strong></span> <span class='ocrx_word' id='word_1_650' title='bbox 2104 1379 2315 1431; x_wconf 65' lang='lat' dir='ltr'><strong>mveniatur,</strong></span> 
     </span>
     <span class='ocr_line' id='line_1_82' title="bbox 1221 1424 2316 1514; baseline -0.002 -8"><span class='ocrx_word' id='word_1_651' title='bbox 1221 1424 2316 1514; x_wconf 56' lang='lat' dir='ltr'><strong>{fssdssffi‘zffiffiffltz⁰532533¹¹3e33252331¹3521¹233</strong></span> 
     </span>
     <span class='ocr_line' id='line_1_83' title="bbox 1221 1513 2316 1562; baseline -0.002 -11"><span class='ocrx_word' id='word_1_652' title='bbox 1221 1516 1292 1551; x_wconf 88' lang='lat' dir='ltr'><strong>loci</strong></span> <span class='ocrx_word' id='word_1_653' title='bbox 1323 1516 1383 1562; x_wconf 92' lang='lat' dir='ltr'><strong>qui</strong></span> <span class='ocrx_word' id='word_1_654' title='bbox 1413 1526 1485 1551; x_wconf 90' lang='lat' dir='ltr'><strong>non</strong></span> <span class='ocrx_word' id='word_1_655' title='bbox 1517 1518 1647 1551; x_wconf 87' lang='lat' dir='ltr'><strong>exstat.</strong></span> <span class='ocrx_word' id='word_1_656' title='bbox 1683 1514 1747 1550; x_wconf 89' lang='lat' dir='ltr'><strong>sed</strong></span> <span class='ocrx_word' id='word_1_657' title='bbox 1770 1525 1843 1550; x_wconf 91' lang='lat' dir='ltr'><strong>non</strong></span> <span class='ocrx_word' id='word_1_658' title='bbox 1874 1514 1988 1550; x_wconf 90' lang='lat' dir='ltr'><strong>solum</strong></span> <span class='ocrx_word' id='word_1_659' title='bbox 2019 1514 2050 1549; x_wconf 92' lang='lat' dir='ltr'><strong>si</strong></span> <span class='ocrx_word' id='word_1_660' title='bbox 2080 1514 2208 1550; x_wconf 91' lang='lat' dir='ltr'><strong>modus</strong></span> <span class='ocrx_word' id='word_1_661' title='bbox 2240 1513 2316 1559; x_wconf 86' lang='lat' dir='ltr'><strong>agri</strong></span> 
     </span>
     <span class='ocr_line' id='line_1_84' title="bbox 1221 1559 2315 1605; baseline -0.001 -10"><span class='ocrx_word' id='word_1_662' title='bbox 1221 1561 1331 1597; x_wconf 91' lang='lat' dir='ltr'><strong>totius</strong></span> <span class='ocrx_word' id='word_1_663' title='bbox 1354 1561 1471 1596; x_wconf 88' lang='lat' dir='ltr'><strong>minor</strong></span> <span class='ocrx_word' id='word_1_664' title='bbox 1495 1563 1561 1602; x_wconf 89' lang='lat' dir='ltr'><strong>est,</strong></span> <span class='ocrx_word' id='word_1_665' title='bbox 1586 1560 1643 1605; x_wconf 87' lang='lat' dir='ltr'><strong>agi</strong></span> <span class='ocrx_word' id='word_1_666' title='bbox 1667 1570 1749 1595; x_wconf 88' lang='lat' dir='ltr'><strong>cum</strong></span> <span class='ocrx_word' id='word_1_667' title='bbox 1769 1559 1952 1595; x_wconf 90' lang='lat' dir='ltr'><strong>venditore</strong></span> <span class='ocrx_word' id='word_1_668' title='bbox 1971 1562 2102 1604; x_wconf 88' lang='lat' dir='ltr'><strong>potest,</strong></span> <span class='ocrx_word' id='word_1_669' title='bbox 2127 1559 2190 1595; x_wconf 91' lang='lat' dir='ltr'><strong>sed</strong></span> <span class='ocrx_word' id='word_1_670' title='bbox 2211 1559 2315 1595; x_wconf 89' lang='lat' dir='ltr'><strong>etiam</strong></span> 
     </span>
     <span class='ocr_line' id='line_1_85' title="bbox 1221 1604 2315 1652; baseline -0.001 -11"><span class='ocrx_word' id='word_1_671' title='bbox 1221 1606 1266 1642; x_wconf 89' lang='lat' dir='ltr'><strong>de</strong></span> <span class='ocrx_word' id='word_1_672' title='bbox 1288 1606 1451 1652; x_wconf 88' lang='lat' dir='ltr'><strong>partibus</strong></span> <span class='ocrx_word' id='word_1_673' title='bbox 1476 1606 1563 1648; x_wconf 90' lang='lat' dir='ltr'><strong>eius,</strong></span> <span class='ocrx_word' id='word_1_674' title='bbox 1588 1609 1630 1640; x_wconf 91' lang='lat' dir='ltr'><strong>ut</strong></span> <span class='ocrx_word' id='word_1_675' title='bbox 1652 1608 1741 1650; x_wconf 88' lang='lat' dir='ltr'><strong>puta</strong></span> <span class='ocrx_word' id='word_1_676' title='bbox 1764 1604 1795 1640; x_wconf 91' lang='lat' dir='ltr'><strong>si</strong></span> <span class='ocrx_word' id='word_1_677' title='bbox 1818 1605 1952 1640; x_wconf 88' lang='lat' dir='ltr'><strong>dictum</strong></span> <span class='ocrx_word' id='word_1_678' title='bbox 1975 1607 2032 1640; x_wconf 90' lang='lat' dir='ltr'><strong>est</strong></span> <span class='ocrx_word' id='word_1_679' title='bbox 2049 1604 2173 1640; x_wconf 87' lang='lat' dir='ltr'><strong>vineae</strong></span> <span class='ocrx_word' id='word_1_680' title='bbox 2191 1605 2315 1650; x_wconf 88' lang='lat' dir='ltr'><strong>iugera</strong></span> 
     </span>
     <span class='ocr_line' id='line_1_86' title="bbox 1220 1649 2314 1695; baseline -0.002 -8"><span class='ocrx_word' id='word_1_681' title='bbox 1220 1655 1276 1687; x_wconf 91' lang='lat' dir='ltr'><strong>tot</strong></span> <span class='ocrx_word' id='word_1_682' title='bbox 1299 1662 1378 1687; x_wconf 90' lang='lat' dir='ltr'><strong>esse</strong></span> <span class='ocrx_word' id='word_1_683' title='bbox 1401 1651 1456 1686; x_wconf 90' lang='lat' dir='ltr'><strong>vel</strong></span> <span class='ocrx_word' id='word_1_684' title='bbox 1480 1650 1598 1686; x_wconf 90' lang='lat' dir='ltr'><strong>oliveti</strong></span> <span class='ocrx_word' id='word_1_685' title='bbox 1622 1654 1657 1685; x_wconf 91' lang='lat' dir='ltr'><strong>et</strong></span> <span class='ocrx_word' id='word_1_686' title='bbox 1679 1650 1797 1685; x_wconf 90' lang='lat' dir='ltr'><strong>minus</strong></span> <span class='ocrx_word' id='word_1_687' title='bbox 1829 1649 2048 1685; x_wconf 89' lang='lat' dir='ltr'><strong>inveniatur:</strong></span> <span class='ocrx_word' id='word_1_688' title='bbox 2080 1649 2231 1695; x_wconf 89' lang='lat' dir='ltr'><strong>ideoque</strong></span> <span class='ocrx_word' id='word_1_689' title='bbox 2260 1649 2314 1685; x_wconf 86' lang='lat' dir='ltr'><strong>his</strong></span> 
     </span>
     <span class='ocr_line' id='line_1_87' title="bbox 1222 1694 2055 1742; baseline -0.004 -10"><span class='ocrx_word' id='word_1_690' title='bbox 1222 1697 1365 1732; x_wconf 90' lang='lat' dir='ltr'><strong>casibus</strong></span> <span class='ocrx_word' id='word_1_691' title='bbox 1388 1707 1455 1742; x_wconf 93' lang='lat' dir='ltr'><strong>pro</strong></span> <span class='ocrx_word' id='word_1_692' title='bbox 1479 1696 1641 1731; x_wconf 87' lang='lat' dir='ltr'><strong>bonitate</strong></span> <span class='ocrx_word' id='word_1_693' title='bbox 1663 1695 1734 1731; x_wconf 93' lang='lat' dir='ltr'><strong>loci</strong></span> <span class='ocrx_word' id='word_1_694' title='bbox 1756 1695 1819 1730; x_wconf 90' lang='lat' dir='ltr'><strong>fiet</strong></span> <span class='ocrx_word' id='word_1_695' title='bbox 1843 1694 2055 1730; x_wconf 89' lang='lat' dir='ltr'><strong>aestimatio.</strong></span> 
     </span>
    </p>

    <p class='ocr_par' dir='ltr' id='par_1_21' title="bbox 1220 1739 2315 2230">
     <span class='ocr_line' id='line_1_88' title="bbox 1267 1739 2315 1779; baseline -0.004 -1"><span class='ocrx_word' id='word_1_696' title='bbox 1267 1741 1292 1779; x_wconf 79' lang='lat'>5</span> <span class='ocrx_word' id='word_1_697' title='bbox 1317 1742 1424 1777; x_wconf 76' lang='lat' dir='ltr'><strong>IDEM</strong></span> <span class='ocrx_word' id='word_1_698' title='bbox 1444 1741 1536 1777; x_wconf 84' lang='lat' dir='ltr'><strong>libro</strong></span> <span class='ocrx_word' id='word_1_699' title='bbox 1569 1741 1674 1776; x_wconf 80' lang='lat' dir='ltr'><strong>tertio</strong></span> <span class='ocrx_word' id='word_1_700' title='bbox 1706 1740 1756 1775; x_wconf 86' lang='lat' dir='ltr'><strong>ad</strong></span> <span class='ocrx_word' id='word_1_701' title='bbox 1777 1739 1952 1777; x_wconf 81' lang='lat' dir='ltr'><strong>Sabinum</strong></span> <span class='ocrx_word' id='word_1_702' title='bbox 1999 1739 2038 1775; x_wconf 92' lang='lat' dir='ltr'><strong>Si</strong></span> <span class='ocrx_word' id='word_1_703' title='bbox 2068 1740 2171 1776; x_wconf 87' lang='lat' dir='ltr'><strong>heres</strong></span> <span class='ocrx_word' id='word_1_704' title='bbox 2203 1743 2315 1775; x_wconf 89' lang='lat' dir='ltr'><strong>testa-</strong></span> 
     </span>
     <span class='ocr_line' id='line_1_89' title="bbox 1221 1784 2315 1832; baseline -0.001 -10"><span class='ocrx_word' id='word_1_705' title='bbox 1221 1786 1339 1822; x_wconf 85' lang='lat' dir='ltr'><strong>mento</strong></span> <span class='ocrx_word' id='word_1_706' title='bbox 1365 1786 1450 1832; x_wconf 90' lang='lat' dir='ltr'><strong>quid</strong></span> <span class='ocrx_word' id='word_1_707' title='bbox 1472 1787 1625 1822; x_wconf 89' lang='lat' dir='ltr'><strong>vendere</strong></span> <span class='ocrx_word' id='word_1_708' title='bbox 1657 1785 1847 1821; x_wconf 88' lang='lat' dir='ltr'><strong>damnatus</strong></span> <span class='ocrx_word' id='word_1_709' title='bbox 1879 1785 1926 1820; x_wconf 90' lang='lat' dir='ltr'><strong>sit</strong></span> <span class='ocrx_word' id='word_1_710' title='bbox 1957 1788 1994 1820; x_wconf 87' lang='lat' dir='ltr'><strong>et</strong></span> <span class='ocrx_word' id='word_1_711' title='bbox 2023 1785 2239 1828; x_wconf 89' lang='lat' dir='ltr'><strong>vendiderit,</strong></span> <span class='ocrx_word' id='word_1_712' title='bbox 2272 1784 2315 1821; x_wconf 90' lang='lat' dir='ltr'><strong>de</strong></span> 
     </span>
     <span class='ocr_line' id='line_1_90' title="bbox 1221 1830 2315 1877; baseline -0.002 -10"><span class='ocrx_word' id='word_1_713' title='bbox 1221 1832 1385 1877; x_wconf 89' lang='lat' dir='ltr'><strong>reliquis,</strong></span> <span class='ocrx_word' id='word_1_714' title='bbox 1419 1841 1511 1877; x_wconf 87' lang='lat' dir='ltr'><strong>quae</strong></span> <span class='ocrx_word' id='word_1_715' title='bbox 1541 1841 1606 1876; x_wconf 91' lang='lat' dir='ltr'><strong>per</strong></span> <span class='ocrx_word' id='word_1_716' title='bbox 1637 1830 1913 1875; x_wconf 87' lang='lat' dir='ltr'><strong>consequentias</strong></span> <span class='ocrx_word' id='word_1_717' title='bbox 1949 1830 2137 1875; x_wconf 88' lang='lat' dir='ltr'><strong>emptionis</strong></span> <span class='ocrx_word' id='word_1_718' title='bbox 2168 1830 2315 1875; x_wconf 88' lang='lat' dir='ltr'><strong>propria</strong></span> 
     </span>
     <span class='ocr_line' id='line_1_91' title="bbox 1221 1875 2313 1928; baseline -0.001 -16"><span class='ocrx_word' id='word_1_719' title='bbox 1221 1881 1323 1920; x_wconf 87' lang='lat' dir='ltr'><strong>sunt,</strong></span> <span class='ocrx_word' id='word_1_720' title='bbox 1360 1877 1416 1911; x_wconf 89' lang='lat' dir='ltr'><strong>vel</strong></span> <span class='ocrx_word' id='word_1_721' title='bbox 1448 1887 1492 1912; x_wconf 88' lang='lat' dir='ltr'><strong>ex</strong></span> <span class='ocrx_word' id='word_1_722' title='bbox 1526 1879 1644 1928; x_wconf 85' lang='lat' dir='ltr'><strong>empto</strong></span> <span class='ocrx_word' id='word_1_723' title='bbox 1675 1875 1732 1910; x_wconf 92' lang='lat' dir='ltr'><strong>vel</strong></span> <span class='ocrx_word' id='word_1_724' title='bbox 1762 1885 1808 1911; x_wconf 85' lang='lat' dir='ltr'><strong>ex</strong></span> <span class='ocrx_word' id='word_1_725' title='bbox 1837 1878 2051 1911; x_wconf 90' lang='lat' dir='ltr'><strong>testamento</strong></span> <span class='ocrx_word' id='word_1_726' title='bbox 2085 1875 2142 1920; x_wconf 89' lang='lat' dir='ltr'><strong>agi</strong></span> <span class='ocrx_word' id='word_1_727' title='bbox 2166 1885 2247 1910; x_wconf 90' lang='lat' dir='ltr'><strong>cum</strong></span> <span class='ocrx_word' id='word_1_728' title='bbox 2271 1885 2313 1911; x_wconf 90' lang='lat' dir='ltr'><strong>eo</strong></span> 
     </span>
     <span class='ocr_line' id='line_1_92' title="bbox 1224 1920 2313 1968; baseline -0.002 -10"><span class='ocrx_word' id='word_1_729' title='bbox 1224 1925 1238 1958; x_wconf 89' lang='lat'>1</span> <span class='ocrx_word' id='word_1_730' title='bbox 1288 1922 1431 1968; x_wconf 87' lang='lat' dir='ltr'><strong>poterit.</strong></span> <span class='ocrx_word' id='word_1_731' title='bbox 1480 1921 1551 1957; x_wconf 90' lang='lat' dir='ltr'><strong>Sed</strong></span> <span class='ocrx_word' id='word_1_732' title='bbox 1571 1931 1602 1956; x_wconf 86' lang='lat' dir='ltr'><strong>si</strong></span> <span class='ocrx_word' id='word_1_733' title='bbox 1621 1920 1713 1955; x_wconf 87' lang='lat' dir='ltr'><strong>falso</strong></span> <span class='ocrx_word' id='word_1_734' title='bbox 1735 1920 1940 1956; x_wconf 90' lang='lat' dir='ltr'><strong>existimans</strong></span> <span class='ocrx_word' id='word_1_735' title='bbox 1961 1930 2000 1956; x_wconf 91' lang='lat' dir='ltr'><strong>se</strong></span> <span class='ocrx_word' id='word_1_736' title='bbox 2012 1920 2218 1955; x_wconf 87' lang='lat' dir='ltr'><strong>damnatum</strong></span> <span class='ocrx_word' id='word_1_737' title='bbox 2229 1930 2313 1956; x_wconf 87' lang='lat' dir='ltr'><strong>ven-</strong></span> 
     </span>
     <span class='ocr_line' id='line_1_93' title="bbox 1222 1965 2314 2010; baseline -0.003 -7"><span class='ocrx_word' id='word_1_738' title='bbox 1222 1967 1306 2003; x_wconf 87' lang='lat' dir='ltr'><strong>dere</strong></span> <span class='ocrx_word' id='word_1_739' title='bbox 1336 1967 1551 2009; x_wconf 89' lang='lat' dir='ltr'><strong>vendiderit,</strong></span> <span class='ocrx_word' id='word_1_740' title='bbox 1585 1965 1773 2001; x_wconf 83' lang='lat' dir='ltr'><strong>dicendum</strong></span> <span class='ocrx_word' id='word_1_741' title='bbox 1796 1969 1851 2001; x_wconf 88' lang='lat' dir='ltr'><strong>est</strong></span> <span class='ocrx_word' id='word_1_742' title='bbox 1874 1966 1931 2010; x_wconf 85' lang='lat' dir='ltr'><strong>agi</strong></span> <span class='ocrx_word' id='word_1_743' title='bbox 1955 1976 2036 2001; x_wconf 92' lang='lat' dir='ltr'><strong>cum</strong></span> <span class='ocrx_word' id='word_1_744' title='bbox 2061 1975 2102 2001; x_wconf 91' lang='lat' dir='ltr'><strong>eo</strong></span> <span class='ocrx_word' id='word_1_745' title='bbox 2127 1976 2172 2001; x_wconf 88' lang='lat' dir='ltr'><strong>ex</strong></span> <span class='ocrx_word' id='word_1_746' title='bbox 2195 1970 2314 2010; x_wconf 90' lang='lat' dir='ltr'><strong>empto</strong></span> 
     </span>
     <span class='ocr_line' id='line_1_94' title="bbox 1220 2010 2310 2058; baseline -0.004 -9"><span class='ocrx_word' id='word_1_747' title='bbox 1220 2023 1293 2049; x_wconf 90' lang='lat' dir='ltr'><strong>non</strong></span> <span class='ocrx_word' id='word_1_748' title='bbox 1316 2023 1434 2058; x_wconf 89' lang='lat' dir='ltr'><strong>posse,</strong></span> <span class='ocrx_word' id='word_1_749' title='bbox 1460 2011 1628 2057; x_wconf 89' lang='lat' dir='ltr'><strong>quoniam</strong></span> <span class='ocrx_word' id='word_1_750' title='bbox 1652 2011 1725 2047; x_wconf 91' lang='lat' dir='ltr'><strong>doli</strong></span> <span class='ocrx_word' id='word_1_751' title='bbox 1748 2010 1833 2046; x_wconf 88' lang='lat' dir='ltr'><strong>mali</strong></span> <span class='ocrx_word' id='word_1_752' title='bbox 1856 2021 1942 2046; x_wconf 85' lang='lat' dir='ltr'><strong>exce</strong></span> <span class='ocrx_word' id='word_1_753' title='bbox 1969 2010 2065 2046; x_wconf 88' lang='lat' dir='ltr'><strong>tione</strong></span> <span class='ocrx_word' id='word_1_754' title='bbox 2088 2014 2190 2046; x_wconf 88' lang='lat' dir='ltr'><strong>actor</strong></span> <span class='ocrx_word' id='word_1_755' title='bbox 2213 2021 2310 2046; x_wconf 90' lang='lat' dir='ltr'><strong>sum-</strong></span> 
     </span>
     <span class='ocr_line' id='line_1_95' title="bbox 1220 2055 2315 2103; baseline -0.002 -10"><span class='ocrx_word' id='word_1_756' title='bbox 1220 2058 1354 2094; x_wconf 89' lang='lat' dir='ltr'><strong>moveri</strong></span> <span class='ocrx_word' id='word_1_757' title='bbox 1376 2061 1507 2103; x_wconf 91' lang='lat' dir='ltr'><strong>potest,</strong></span> <span class='ocrx_word' id='word_1_758' title='bbox 1532 2055 1850 2103; x_wconf 85' lang='lat' dir='ltr'><strong>quemadmodum,</strong></span> <span class='ocrx_word' id='word_1_759' title='bbox 1875 2056 1906 2091; x_wconf 93' lang='lat' dir='ltr'><strong>si</strong></span> <span class='ocrx_word' id='word_1_760' title='bbox 1945 2056 2020 2091; x_wconf 89' lang='lat' dir='ltr'><strong>also</strong></span> <span class='ocrx_word' id='word_1_761' title='bbox 2046 2055 2252 2091; x_wconf 87' lang='lat' dir='ltr'><strong>existimans</strong></span> <span class='ocrx_word' id='word_1_762' title='bbox 2276 2065 2315 2092; x_wconf 90' lang='lat' dir='ltr'><strong>se</strong></span> 
     </span>
     <span class='ocr_line' id='line_1_96' title="bbox 1221 2100 2312 2148; baseline -0.004 -9"><span class='ocrx_word' id='word_1_763' title='bbox 1221 2103 1428 2139; x_wconf 88' lang='lat' dir='ltr'><strong>damnatum</strong></span> <span class='ocrx_word' id='word_1_764' title='bbox 1451 2102 1539 2138; x_wconf 90' lang='lat' dir='ltr'><strong>dare</strong></span> <span class='ocrx_word' id='word_1_765' title='bbox 1561 2101 1785 2148; x_wconf 87' lang='lat' dir='ltr'><strong>promisisset</strong></span> <span class='ocrx_word' id='word_1_766' title='bbox 1798 2102 1838 2145; x_wconf 86' lang='lat'><strong>¹¹,</strong></span> <span class='ocrx_word' id='word_1_767' title='bbox 1861 2104 2025 2147; x_wconf 83' lang='lat' dir='ltr'><strong>agentem</strong></span> <span class='ocrx_word' id='word_1_768' title='bbox 2050 2100 2122 2136; x_wconf 94' lang='lat' dir='ltr'><strong>doli</strong></span> <span class='ocrx_word' id='word_1_769' title='bbox 2144 2101 2229 2136; x_wconf 89' lang='lat' dir='ltr'><strong>mali</strong></span> <span class='ocrx_word' id='word_1_770' title='bbox 2252 2111 2312 2137; x_wconf 89' lang='lat' dir='ltr'><strong>ex-</strong></span> 
     </span>
     <span class='ocr_line' id='line_1_97' title="bbox 1220 2146 2313 2230; baseline -0.002 -47"><span class='ocrx_word' id='word_1_771' title='bbox 1220 2149 1386 2230; x_wconf 44' lang='lat' dir='ltr'><strong>gffptione</strong></span> <span class='ocrx_word' id='word_1_772' title='bbox 1409 2150 1658 2227; x_wconf 47' lang='lat' dir='ltr'><strong>summoveret.</strong></span> <span class='ocrx_word' id='word_1_773' title='bbox 1706 2146 1927 2227; x_wconf 52' lang='grc' dir='ltr'><strong>ξείιςιέροιῖὶιιε</strong></span> <span class='ocrx_word' id='word_1_774' title='bbox 1951 2146 2058 2182; x_wconf 86' lang='lat' dir='ltr'><strong>etiam</strong></span> <span class='ocrx_word' id='word_1_775' title='bbox 2080 2146 2209 2182; x_wconf 87' lang='lat' dir='ltr'><strong>incerti</strong></span> <span class='ocrx_word' id='word_1_776' title='bbox 2227 2157 2313 2182; x_wconf 89' lang='lat' dir='ltr'><strong>con-</strong></span> 
     </span>
    </p>

    <p class='ocr_par' dir='ltr' id='par_1_22' title="bbox 1258 2202 1927 2235">
     <span class='ocr_line' id='line_1_98' title="bbox 1258 2202 1927 2235; baseline -0.003 -6"><span class='ocrx_word' id='word_1_777' title='bbox 1258 2204 1339 2230; x_wconf 89' lang='lat' dir='ltr'><strong>cere</strong></span> <span class='ocrx_word' id='word_1_778' title='bbox 1363 2203 1444 2229; x_wconf 90' lang='lat' dir='ltr'><strong>eum</strong></span> <span class='ocrx_word' id='word_1_779' title='bbox 1493 2202 1574 2228; x_wconf 87' lang='lat' dir='ltr'><strong>osse</strong></span> <span class='ocrx_word' id='word_1_780' title='bbox 1597 2203 1633 2227; x_wconf 84' lang='lat' dir='ltr'><strong>al</strong></span> <span class='ocrx_word' id='word_1_781' title='bbox 1650 2219 1659 2235; x_wconf 91' lang='lat'><strong>,</strong></span> <span class='ocrx_word' id='word_1_782' title='bbox 1683 2204 1708 2227; x_wconf 93' lang='lat' dir='ltr'><strong>u</strong></span> <span class='ocrx_word' id='word_1_783' title='bbox 1799 2202 1857 2228; x_wconf 89' lang='lat' dir='ltr'><strong>ere</strong></span> <span class='ocrx_word' id='word_1_784' title='bbox 1874 2202 1927 2227; x_wconf 88' lang='lat' dir='ltr'><strong>ur.</strong></span> 
     </span>
    </p>

    <p class='ocr_par' dir='ltr' id='par_1_23' title="bbox 1216 2205 2314 3182">
     <span class='ocr_line' id='line_1_99' title="bbox 1265 2205 2314 2277; baseline -0.004 -2"><span class='ocrx_word' id='word_1_785' title='bbox 1265 2237 1291 2277; x_wconf 82' lang='lat'>6</span> <span class='ocrx_word' id='word_1_786' title='bbox 1315 2205 1546 2274; x_wconf 55' lang='lat' dir='ltr'><strong>Poupoznlr&#39;ms</strong></span> <span class='ocrx_word' id='word_1_787' title='bbox 1566 2238 1657 2274; x_wconf 81' lang='lat' dir='ltr'><strong>libre</strong></span> <span class='ocrx_word' id='word_1_788' title='bbox 1681 2248 1777 2273; x_wconf 81' lang='lat' dir='ltr'><strong>nono</strong></span> <span class='ocrx_word' id='word_1_789' title='bbox 1801 2237 1852 2272; x_wconf 88' lang='lat' dir='ltr'><strong>ad</strong></span> <span class='ocrx_word' id='word_1_790' title='bbox 1869 2236 2044 2273; x_wconf 80' lang='lat' dir='ltr'><strong>Sabinum</strong></span> <span class='ocrx_word' id='word_1_791' title='bbox 2091 2236 2251 2272; x_wconf 90' lang='lat' dir='ltr'><strong>Tenetur</strong></span> <span class='ocrx_word' id='word_1_792' title='bbox 2271 2247 2314 2272; x_wconf 87' lang='lat' dir='ltr'><strong>ex</strong></span> 
     </span>
     <span class='ocr_line' id='line_1_100' title="bbox 1219 2281 2313 2330; baseline -0.004 -10"><span class='ocrx_word' id='word_1_793' title='bbox 1219 2288 1337 2330; x_wconf 89' lang='lat' dir='ltr'><strong>empto</strong></span> <span class='ocrx_word' id='word_1_794' title='bbox 1361 2283 1542 2327; x_wconf 87' lang='lat' dir='ltr'><strong>venditor,</strong></span> <span class='ocrx_word' id='word_1_795' title='bbox 1577 2282 1715 2318; x_wconf 89' lang='lat' dir='ltr'><strong>etiamsi</strong></span> <span class='ocrx_word' id='word_1_796' title='bbox 1738 2282 1953 2327; x_wconf 85' lang='lat' dir='ltr'><strong>ignoraverit</strong></span> <span class='ocrx_word' id='word_1_797' title='bbox 1965 2282 1994 2303; x_wconf 80' lang='lat'><strong>¹2</strong></span> <span class='ocrx_word' id='word_1_798' title='bbox 2016 2281 2188 2317; x_wconf 91' lang='lat' dir='ltr'><strong>minorem</strong></span> <span class='ocrx_word' id='word_1_799' title='bbox 2211 2281 2313 2316; x_wconf 86' lang='lat' dir='ltr'><strong>fundi</strong></span> 
     </span>
     <span class='ocr_line' id='line_1_101' title="bbox 1221 2327 2311 2372; baseline -0.004 -7"><span class='ocrx_word' id='word_1_800' title='bbox 1221 2333 1234 2365; x_wconf 92' lang='lat'>1</span> <span class='ocrx_word' id='word_1_801' title='bbox 1286 2329 1431 2366; x_wconf 92' lang='lat' dir='ltr'><strong>modum</strong></span> <span class='ocrx_word' id='word_1_802' title='bbox 1454 2338 1543 2364; x_wconf 90' lang='lat' dir='ltr'><strong>esse.</strong></span> <span class='ocrx_word' id='word_1_803' title='bbox 1592 2328 1631 2363; x_wconf 91' lang='lat' dir='ltr'><strong>Si</strong></span> <span class='ocrx_word' id='word_1_804' title='bbox 1653 2327 1796 2363; x_wconf 87' lang='lat' dir='ltr'><strong>vendidi</strong></span> <span class='ocrx_word' id='word_1_805' title='bbox 1817 2327 1884 2362; x_wconf 90' lang='lat' dir='ltr'><strong>tibi</strong></span> <span class='ocrx_word' id='word_1_806' title='bbox 1906 2327 2060 2362; x_wconf 85' lang='lat' dir='ltr'><strong>insulam</strong></span> <span class='ocrx_word' id='word_1_807' title='bbox 2084 2330 2183 2362; x_wconf 87' lang='lat' dir='ltr'><strong>certa</strong></span> <span class='ocrx_word' id='word_1_808' title='bbox 2202 2337 2311 2372; x_wconf 89' lang='lat' dir='ltr'><strong>pecu-</strong></span> 
     </span>
     <span class='ocr_line' id='line_1_102' title="bbox 1218 2372 2313 2417; baseline -0.004 -7"><span class='ocrx_word' id='word_1_809' title='bbox 1218 2375 1279 2410; x_wconf 88' lang='lat' dir='ltr'><strong>nia</strong></span> <span class='ocrx_word' id='word_1_810' title='bbox 1302 2378 1339 2411; x_wconf 89' lang='lat' dir='ltr'><strong>et</strong></span> <span class='ocrx_word' id='word_1_811' title='bbox 1370 2378 1411 2410; x_wconf 90' lang='lat' dir='ltr'><strong>ut</strong></span> <span class='ocrx_word' id='word_1_812' title='bbox 1441 2373 1548 2409; x_wconf 90' lang='lat' dir='ltr'><strong>aliam</strong></span> <span class='ocrx_word' id='word_1_813' title='bbox 1579 2373 1733 2409; x_wconf 85' lang='lat' dir='ltr'><strong>insulam</strong></span> <span class='ocrx_word' id='word_1_814' title='bbox 1764 2382 1879 2408; x_wconf 90' lang='lat' dir='ltr'><strong>meam</strong></span> <span class='ocrx_word' id='word_1_815' title='bbox 1910 2372 2094 2414; x_wconf 87' lang='lat' dir='ltr'><strong>reficeres,</strong></span> <span class='ocrx_word' id='word_1_816' title='bbox 2131 2382 2234 2417; x_wconf 85' lang='lat' dir='ltr'><strong>agam</strong></span> <span class='ocrx_word' id='word_1_817' title='bbox 2269 2382 2313 2407; x_wconf 89' lang='lat' dir='ltr'><strong>ex</strong></span> 
     </span>
     <span class='ocr_line' id='line_1_103' title="bbox 1217 2416 2313 2462; baseline -0.005 -6"><span class='ocrx_word' id='word_1_818' title='bbox 1217 2420 1374 2462; x_wconf 89' lang='lat' dir='ltr'><strong>vendito,</strong></span> <span class='ocrx_word' id='word_1_819' title='bbox 1397 2423 1438 2454; x_wconf 91' lang='lat' dir='ltr'><strong>ut</strong></span> <span class='ocrx_word' id='word_1_820' title='bbox 1459 2418 1621 2455; x_wconf 88' lang='lat' dir='ltr'><strong>reficias:</strong></span> <span class='ocrx_word' id='word_1_821' title='bbox 1646 2418 1677 2453; x_wconf 92' lang='lat' dir='ltr'><strong>si</strong></span> <span class='ocrx_word' id='word_1_822' title='bbox 1701 2421 1821 2453; x_wconf 91' lang='lat' dir='ltr'><strong>autem</strong></span> <span class='ocrx_word' id='word_1_823' title='bbox 1844 2417 1913 2453; x_wconf 89' lang='lat' dir='ltr'><strong>hoc</strong></span> <span class='ocrx_word' id='word_1_824' title='bbox 1938 2417 2063 2459; x_wconf 90' lang='lat' dir='ltr'><strong>solum,</strong></span> <span class='ocrx_word' id='word_1_825' title='bbox 2087 2419 2129 2451; x_wconf 94' lang='lat' dir='ltr'><strong>ut</strong></span> <span class='ocrx_word' id='word_1_826' title='bbox 2147 2416 2313 2452; x_wconf 85' lang='lat' dir='ltr'><strong>reficeres</strong></span> 
     </span>
     <span class='ocr_line' id='line_1_104' title="bbox 1219 2461 2310 2508; baseline -0.005 -7"><span class='ocrx_word' id='word_1_827' title='bbox 1219 2476 1311 2508; x_wconf 89' lang='lat' dir='ltr'><strong>eam,</strong></span> <span class='ocrx_word' id='word_1_828' title='bbox 1336 2464 1581 2506; x_wconf 91' lang='lat' dir='ltr'><strong>convenisset,</strong></span> <span class='ocrx_word' id='word_1_829' title='bbox 1605 2473 1678 2499; x_wconf 89' lang='lat' dir='ltr'><strong>non</strong></span> <span class='ocrx_word' id='word_1_830' title='bbox 1701 2462 1917 2507; x_wconf 86' lang='lat' dir='ltr'><strong>intellegitur</strong></span> <span class='ocrx_word' id='word_1_831' title='bbox 1941 2462 2072 2507; x_wconf 79' lang='lat' dir='ltr'><strong>emptio</strong></span> <span class='ocrx_word' id='word_1_832' title='bbox 2097 2465 2133 2497; x_wconf 92' lang='lat' dir='ltr'><strong>et</strong></span> <span class='ocrx_word' id='word_1_833' title='bbox 2154 2461 2310 2497; x_wconf 90' lang='lat' dir='ltr'><strong>venditio</strong></span> 
     </span>
     <span class='ocr_line' id='line_1_105' title="bbox 1218 2506 2312 2553; baseline -0.005 -7"><span class='ocrx_word' id='word_1_834' title='bbox 1218 2513 1238 2546; x_wconf 85' lang='lat'>2</span> <span class='ocrx_word' id='word_1_835' title='bbox 1285 2509 1402 2553; x_wconf 86' lang='lat' dir='ltr'><strong>facta,</strong></span> <span class='ocrx_word' id='word_1_836' title='bbox 1435 2513 1476 2545; x_wconf 89' lang='lat' dir='ltr'><strong>ut</strong></span> <span class='ocrx_word' id='word_1_837' title='bbox 1500 2512 1536 2545; x_wconf 91' lang='lat' dir='ltr'><strong>et</strong></span> <span class='ocrx_word' id='word_1_838' title='bbox 1557 2508 1728 2544; x_wconf 85' lang='lat' dir='ltr'><strong>Neratius</strong></span> <span class='ocrx_word' id='word_1_839' title='bbox 1752 2508 1824 2544; x_wconf 89' lang='lat' dir='ltr'><strong>scri</strong></span> <span class='ocrx_word' id='word_1_840' title='bbox 1850 2507 1907 2543; x_wconf 92' lang='lat' dir='ltr'><strong>sit.</strong></span> <span class='ocrx_word' id='word_1_841' title='bbox 1955 2506 2027 2542; x_wconf 90' lang='lat' dir='ltr'><strong>Sed</strong></span> <span class='ocrx_word' id='word_1_842' title='bbox 2050 2506 2080 2542; x_wconf 89' lang='lat' dir='ltr'><strong>si</strong></span> <span class='ocrx_word' id='word_1_843' title='bbox 2104 2516 2224 2542; x_wconf 87' lang='lat' dir='ltr'><strong>aream</strong></span> <span class='ocrx_word' id='word_1_844' title='bbox 2246 2507 2312 2542; x_wconf 89' lang='lat' dir='ltr'><strong>tibi</strong></span> 
     </span>
     <span class='ocr_line' id='line_1_106' title="bbox 1217 2551 2311 2595; baseline -0.005 -3"><span class='ocrx_word' id='word_1_845' title='bbox 1217 2555 1360 2592; x_wconf 90' lang='lat' dir='ltr'><strong>vendidi</strong></span> <span class='ocrx_word' id='word_1_846' title='bbox 1383 2558 1482 2591; x_wconf 89' lang='lat' dir='ltr'><strong>certo</strong></span> <span class='ocrx_word' id='word_1_847' title='bbox 1538 2554 1628 2590; x_wconf 91' lang='lat' dir='ltr'><strong>retio</strong></span> <span class='ocrx_word' id='word_1_848' title='bbox 1663 2557 1699 2589; x_wconf 92' lang='lat' dir='ltr'><strong>et</strong></span> <span class='ocrx_word' id='word_1_849' title='bbox 1729 2553 1824 2588; x_wconf 88' lang='lat' dir='ltr'><strong>tradi</strong></span> <span class='ocrx_word' id='word_1_850' title='bbox 1849 2553 1880 2595; x_wconf 91' lang='lat' dir='ltr'><strong>i,</strong></span> <span class='ocrx_word' id='word_1_851' title='bbox 1912 2552 1964 2587; x_wconf 90' lang='lat' dir='ltr'><strong>ita</strong></span> <span class='ocrx_word' id='word_1_852' title='bbox 1994 2555 2036 2587; x_wconf 92' lang='lat' dir='ltr'><strong>ut</strong></span> <span class='ocrx_word' id='word_1_853' title='bbox 2066 2551 2184 2587; x_wconf 91' lang='lat' dir='ltr'><strong>insula</strong></span> <span class='ocrx_word' id='word_1_854' title='bbox 2215 2552 2311 2588; x_wconf 91' lang='lat' dir='ltr'><strong>aedi-</strong></span> 
     </span>
     <span class='ocr_line' id='line_1_107' title="bbox 1217 2597 2313 2640; baseline -0.005 -3"><span class='ocrx_word' id='word_1_855' title='bbox 1217 2601 1328 2637; x_wconf 90' lang='lat' dir='ltr'><strong>ficata</strong></span> <span class='ocrx_word' id='word_1_856' title='bbox 1375 2604 1490 2636; x_wconf 89' lang='lat' dir='ltr'><strong>artem</strong></span> <span class='ocrx_word' id='word_1_857' title='bbox 1538 2599 1546 2607; x_wconf 83' lang='lat'>’</span> <span class='ocrx_word' id='word_1_858' title='bbox 1586 2599 1692 2634; x_wconf 86' lang='lat' dir='ltr'><strong>‘diam</strong></span> <span class='ocrx_word' id='word_1_859' title='bbox 1715 2598 1802 2633; x_wconf 87' lang='lat' dir='ltr'><strong>mihi</strong></span> <span class='ocrx_word' id='word_1_860' title='bbox 1823 2597 2004 2640; x_wconf 75' lang='lat' dir='ltr'><strong>tetradas,</strong></span> <span class='ocrx_word' id='word_1_861' title='bbox 2036 2607 2158 2633; x_wconf 88' lang='lat' dir='ltr'><strong>verum</strong></span> <span class='ocrx_word' id='word_1_862' title='bbox 2188 2600 2244 2633; x_wconf 86' lang='lat' dir='ltr'><strong>est</strong></span> <span class='ocrx_word' id='word_1_863' title='bbox 2276 2600 2313 2632; x_wconf 87' lang='lat' dir='ltr'><strong>et</strong></span> 
     </span>
     <span class='ocr_line' id='line_1_108' title="bbox 1217 2641 2310 2690; baseline -0.004 -8"><span class='ocrx_word' id='word_1_864' title='bbox 1217 2650 1259 2682; x_wconf 89' lang='lat' dir='ltr'><strong>ut</strong></span> <span class='ocrx_word' id='word_1_865' title='bbox 1289 2656 1332 2682; x_wconf 87' lang='lat' dir='ltr'><strong>ae</strong></span> <span class='ocrx_word' id='word_1_866' title='bbox 1369 2645 1455 2681; x_wconf 87' lang='lat' dir='ltr'><strong>fices</strong></span> <span class='ocrx_word' id='word_1_867' title='bbox 1487 2655 1593 2690; x_wconf 85' lang='lat' dir='ltr'><strong>agere</strong></span> <span class='ocrx_word' id='word_1_868' title='bbox 1623 2654 1679 2681; x_wconf 88' lang='lat' dir='ltr'><strong>me</strong></span> <span class='ocrx_word' id='word_1_869' title='bbox 1710 2653 1818 2689; x_wconf 89' lang='lat' dir='ltr'><strong>posse</strong></span> <span class='ocrx_word' id='word_1_870' title='bbox 1848 2653 1894 2678; x_wconf 88' lang='lat' dir='ltr'><strong>ex</strong></span> <span class='ocrx_word' id='word_1_871' title='bbox 1923 2641 2066 2678; x_wconf 90' lang='lat' dir='ltr'><strong>vendito</strong></span> <span class='ocrx_word' id='word_1_872' title='bbox 2091 2646 2128 2679; x_wconf 91' lang='lat' dir='ltr'><strong>et</strong></span> <span class='ocrx_word' id='word_1_873' title='bbox 2149 2646 2191 2678; x_wconf 93' lang='lat' dir='ltr'><strong>ut</strong></span> <span class='ocrx_word' id='word_1_874' title='bbox 2214 2642 2310 2678; x_wconf 89' lang='lat' dir='ltr'><strong>aedi-</strong></span> 
     </span>
     <span class='ocr_line' id='line_1_109' title="bbox 1217 2687 2311 2733; baseline -0.005 -6"><span class='ocrx_word' id='word_1_875' title='bbox 1217 2691 1362 2727; x_wconf 87' lang='lat' dir='ltr'><strong>ficatam</strong></span> <span class='ocrx_word' id='word_1_876' title='bbox 1384 2690 1472 2725; x_wconf 85' lang='lat' dir='ltr'><strong>mihi</strong></span> <span class='ocrx_word' id='word_1_877' title='bbox 1494 2689 1658 2726; x_wconf 75' lang='lat' dir='ltr'><strong>tetradas</strong></span> <span class='ocrx_word' id='word_1_878' title='bbox 1673 2689 1717 2724; x_wconf 82' lang='lat'><strong>¹⁸:</strong></span> <span class='ocrx_word' id='word_1_879' title='bbox 1743 2687 1911 2733; x_wconf 90' lang='lat' dir='ltr'><strong>quamdiu</strong></span> <span class='ocrx_word' id='word_1_880' title='bbox 1934 2687 2028 2723; x_wconf 91' lang='lat' dir='ltr'><strong>enim</strong></span> <span class='ocrx_word' id='word_1_881' title='bbox 2051 2687 2186 2733; x_wconf 88' lang='lat' dir='ltr'><strong>aliquid</strong></span> <span class='ocrx_word' id='word_1_882' title='bbox 2207 2698 2251 2723; x_wconf 88' lang='lat' dir='ltr'><strong>ex</strong></span> <span class='ocrx_word' id='word_1_883' title='bbox 2271 2697 2311 2723; x_wconf 88' lang='lat' dir='ltr'><strong>re</strong></span> 
     </span>
     <span class='ocr_line' id='line_1_110' title="bbox 1217 2732 2312 2781; baseline -0.005 -8"><span class='ocrx_word' id='word_1_884' title='bbox 1217 2737 1362 2773; x_wconf 87' lang='lat' dir='ltr'><strong>vendita</strong></span> <span class='ocrx_word' id='word_1_885' title='bbox 1393 2735 1491 2781; x_wconf 89' lang='lat' dir='ltr'><strong>apud</strong></span> <span class='ocrx_word' id='word_1_886' title='bbox 1521 2739 1558 2770; x_wconf 90' lang='lat' dir='ltr'><strong>te</strong></span> <span class='ocrx_word' id='word_1_887' title='bbox 1589 2737 1811 2779; x_wconf 88' lang='lat' dir='ltr'><strong>superesset,</strong></span> <span class='ocrx_word' id='word_1_888' title='bbox 1844 2743 1889 2769; x_wconf 89' lang='lat' dir='ltr'><strong>ex</strong></span> <span class='ocrx_word' id='word_1_889' title='bbox 1918 2732 2061 2769; x_wconf 89' lang='lat' dir='ltr'><strong>vendito</strong></span> <span class='ocrx_word' id='word_1_890' title='bbox 2091 2743 2149 2768; x_wconf 91' lang='lat' dir='ltr'><strong>me</strong></span> <span class='ocrx_word' id='word_1_891' title='bbox 2178 2733 2312 2769; x_wconf 89' lang='lat' dir='ltr'><strong>habere</strong></span> 
     </span>
     <span class='ocr_line' id='line_1_111' title="bbox 1218 2778 2312 2824; baseline -0.005 -6"><span class='ocrx_word' id='word_1_892' title='bbox 1218 2785 1238 2818; x_wconf 87' lang='lat'><strong>3</strong></span> <span class='ocrx_word' id='word_1_893' title='bbox 1286 2781 1465 2818; x_wconf 90' lang='lat' dir='ltr'><strong>actionem</strong></span> <span class='ocrx_word' id='word_1_894' title='bbox 1497 2783 1650 2816; x_wconf 89' lang='lat' dir='ltr'><strong>constat.</strong></span> <span class='ocrx_word' id='word_1_895' title='bbox 1698 2778 1737 2814; x_wconf 92' lang='lat' dir='ltr'><strong>Si</strong></span> <span class='ocrx_word' id='word_1_896' title='bbox 1767 2778 1887 2814; x_wconf 93' lang='lat' dir='ltr'><strong>locum</strong></span> <span class='ocrx_word' id='word_1_897' title='bbox 1919 2778 2101 2824; x_wconf 87' lang='lat' dir='ltr'><strong>sepulchri</strong></span> <span class='ocrx_word' id='word_1_898' title='bbox 2124 2778 2251 2814; x_wconf 88' lang='lat' dir='ltr'><strong>emeris</strong></span> <span class='ocrx_word' id='word_1_899' title='bbox 2276 2782 2312 2814; x_wconf 91' lang='lat' dir='ltr'><strong>et</strong></span> 
     </span>
     <span class='ocr_line' id='line_1_112' title="bbox 1217 2823 2310 2873; baseline -0.005 -10"><span class='ocrx_word' id='word_1_900' title='bbox 1217 2827 1366 2873; x_wconf 91' lang='lat' dir='ltr'><strong>propius</strong></span> <span class='ocrx_word' id='word_1_901' title='bbox 1391 2836 1473 2862; x_wconf 92' lang='lat' dir='ltr'><strong>eum</strong></span> <span class='ocrx_word' id='word_1_902' title='bbox 1495 2826 1624 2867; x_wconf 90' lang='lat' dir='ltr'><strong>locum,</strong></span> <span class='ocrx_word' id='word_1_903' title='bbox 1650 2827 1841 2869; x_wconf 87' lang='lat' dir='ltr'><strong>antequam</strong></span> <span class='ocrx_word' id='word_1_904' title='bbox 1864 2827 2027 2860; x_wconf 86' lang='lat' dir='ltr'><strong>mortuus</strong></span> <span class='ocrx_word' id='word_1_905' title='bbox 2050 2823 2101 2858; x_wconf 94' lang='lat' dir='ltr'><strong>ibi</strong></span> <span class='ocrx_word' id='word_1_906' title='bbox 2122 2823 2310 2866; x_wconf 67' lang='lat' dir='ltr'><strong>inferatur,</strong></span> 
     </span>
     <span class='ocr_line' id='line_1_113' title="bbox 1218 2868 2308 2914; baseline -0.004 -6"><span class='ocrx_word' id='word_1_907' title='bbox 1218 2872 1445 2909; x_wconf 86' lang='lat' dir='ltr'><strong>aedificatum</strong></span> <span class='ocrx_word' id='word_1_908' title='bbox 1461 2881 1484 2906; x_wconf 90' lang='lat' dir='ltr'><strong>a</strong></span> <span class='ocrx_word' id='word_1_909' title='bbox 1497 2870 1681 2906; x_wconf 87' lang='lat' dir='ltr'><strong>venditore</strong></span> <span class='ocrx_word' id='word_1_910' title='bbox 1703 2868 1823 2911; x_wconf 87' lang='lat' dir='ltr'><strong>fuerit,</strong></span> <span class='ocrx_word' id='word_1_911' title='bbox 1847 2868 1981 2914; x_wconf 86' lang='lat' dir='ltr'><strong>poteris</strong></span> <span class='ocrx_word' id='word_1_912' title='bbox 2005 2868 2054 2904; x_wconf 91' lang='lat' dir='ltr'><strong>ad</strong></span> <span class='ocrx_word' id='word_1_913' title='bbox 2069 2878 2150 2904; x_wconf 90' lang='lat' dir='ltr'><strong>eum</strong></span> <span class='ocrx_word' id='word_1_914' title='bbox 2167 2868 2308 2904; x_wconf 87' lang='lat' dir='ltr'><strong>reverti.</strong></span> 
     </span>
     <span class='ocr_line' id='line_1_114' title="bbox 1218 2913 2309 2961; baseline -0.004 -8"><span class='ocrx_word' id='word_1_915' title='bbox 1218 2921 1240 2953; x_wconf 89' lang='grc'>4</span> <span class='ocrx_word' id='word_1_916' title='bbox 1286 2916 1324 2953; x_wconf 91' lang='lat' dir='ltr'><strong>Si</strong></span> <span class='ocrx_word' id='word_1_917' title='bbox 1346 2926 1410 2952; x_wconf 90' lang='lat' dir='ltr'><strong>vas</strong></span> <span class='ocrx_word' id='word_1_918' title='bbox 1434 2915 1579 2961; x_wconf 90' lang='lat' dir='ltr'><strong>aliquod</strong></span> <span class='ocrx_word' id='word_1_919' title='bbox 1601 2914 1687 2949; x_wconf 89' lang='lat' dir='ltr'><strong>mihi</strong></span> <span class='ocrx_word' id='word_1_920' title='bbox 1716 2913 1916 2950; x_wconf 87' lang='lat' dir='ltr'><strong>vendideris</strong></span> <span class='ocrx_word' id='word_1_921' title='bbox 1947 2917 1984 2950; x_wconf 89' lang='lat' dir='ltr'><strong>et</strong></span> <span class='ocrx_word' id='word_1_922' title='bbox 2013 2913 2144 2950; x_wconf 88' lang='lat' dir='ltr'><strong>dixeris</strong></span> <span class='ocrx_word' id='word_1_923' title='bbox 2176 2917 2309 2949; x_wconf 88' lang='lat' dir='ltr'><strong>certam</strong></span> 
     </span>
     <span class='ocr_line' id='line_1_115' title="bbox 1217 2959 2309 3006; baseline -0.005 -8"><span class='ocrx_word' id='word_1_924' title='bbox 1217 2972 1421 2998; x_wconf 79' lang='lat' dir='ltr'><strong>mensuram</strong></span> <span class='ocrx_word' id='word_1_925' title='bbox 1433 2970 1562 3006; x_wconf 87' lang='lat' dir='ltr'><strong>capere</strong></span> <span class='ocrx_word' id='word_1_926' title='bbox 1573 2960 1630 2996; x_wconf 92' lang='lat' dir='ltr'><strong>vel</strong></span> <span class='ocrx_word' id='word_1_927' title='bbox 1641 2962 1778 2995; x_wconf 86' lang='lat' dir='ltr'><strong>certum</strong></span> <span class='ocrx_word' id='word_1_928' title='bbox 1798 2959 1939 3005; x_wconf 90' lang='lat' dir='ltr'><strong>pondus</strong></span> <span class='ocrx_word' id='word_1_929' title='bbox 1958 2959 2103 3002; x_wconf 90' lang='lat' dir='ltr'><strong>habere,</strong></span> <span class='ocrx_word' id='word_1_930' title='bbox 2125 2969 2169 2994; x_wconf 89' lang='lat' dir='ltr'><strong>ex</strong></span> <span class='ocrx_word' id='word_1_931' title='bbox 2190 2962 2309 3004; x_wconf 89' lang='lat' dir='ltr'><strong>empto</strong></span> 
     </span>
     <span class='ocr_line' id='line_1_116' title="bbox 1217 3004 2308 3051; baseline -0.005 -8"><span class='ocrx_word' id='word_1_932' title='bbox 1217 3011 1335 3043; x_wconf 89' lang='lat' dir='ltr'><strong>tecum</strong></span> <span class='ocrx_word' id='word_1_933' title='bbox 1359 3016 1473 3051; x_wconf 86' lang='lat' dir='ltr'><strong>agam,</strong></span> <span class='ocrx_word' id='word_1_934' title='bbox 1497 3005 1529 3041; x_wconf 89' lang='lat' dir='ltr'><strong>si</strong></span> <span class='ocrx_word' id='word_1_935' title='bbox 1550 3005 1668 3040; x_wconf 90' lang='lat' dir='ltr'><strong>minus</strong></span> <span class='ocrx_word' id='word_1_936' title='bbox 1691 3008 1863 3050; x_wconf 88' lang='lat' dir='ltr'><strong>praestes.</strong></span> <span class='ocrx_word' id='word_1_937' title='bbox 1900 3004 1964 3040; x_wconf 89' lang='lat' dir='ltr'><strong>sed</strong></span> <span class='ocrx_word' id='word_1_938' title='bbox 1987 3004 2018 3040; x_wconf 89' lang='lat' dir='ltr'><strong>si</strong></span> <span class='ocrx_word' id='word_1_939' title='bbox 2037 3014 2100 3040; x_wconf 89' lang='lat' dir='ltr'><strong>vas</strong></span> <span class='ocrx_word' id='word_1_940' title='bbox 2119 3004 2206 3039; x_wconf 91' lang='lat' dir='ltr'><strong>mihi</strong></span> <span class='ocrx_word' id='word_1_941' title='bbox 2224 3014 2308 3039; x_wconf 92' lang='lat' dir='ltr'><strong>ven-</strong></span> 
     </span>
     <span class='ocr_line' id='line_1_117' title="bbox 1218 3049 2308 3095; baseline -0.005 -6"><span class='ocrx_word' id='word_1_942' title='bbox 1218 3052 1349 3089; x_wconf 88' lang='lat' dir='ltr'><strong>dideris</strong></span> <span class='ocrx_word' id='word_1_943' title='bbox 1380 3052 1451 3094; x_wconf 91' lang='lat' dir='ltr'><strong>ita,</strong></span> <span class='ocrx_word' id='word_1_944' title='bbox 1483 3054 1526 3086; x_wconf 92' lang='lat' dir='ltr'><strong>ut</strong></span> <span class='ocrx_word' id='word_1_945' title='bbox 1548 3050 1755 3086; x_wconf 88' lang='lat' dir='ltr'><strong>adfirmares</strong></span> <span class='ocrx_word' id='word_1_946' title='bbox 1777 3050 1973 3095; x_wconf 85' lang='lat' dir='ltr'><strong>integrum,</strong></span> <span class='ocrx_word' id='word_1_947' title='bbox 2006 3049 2037 3085; x_wconf 93' lang='lat' dir='ltr'><strong>si</strong></span> <span class='ocrx_word' id='word_1_948' title='bbox 2066 3049 2104 3084; x_wconf 90' lang='lat' dir='ltr'><strong>id</strong></span> <span class='ocrx_word' id='word_1_949' title='bbox 2133 3049 2308 3094; x_wconf 82' lang='lat' dir='ltr'><strong>integrum</strong></span> 
     </span>
     <span class='ocr_line' id='line_1_118' title="bbox 1216 3094 2307 3141; baseline -0.005 -7"><span class='ocrx_word' id='word_1_950' title='bbox 1216 3109 1289 3134; x_wconf 89' lang='lat' dir='ltr'><strong>non</strong></span> <span class='ocrx_word' id='word_1_951' title='bbox 1312 3097 1370 3140; x_wconf 92' lang='lat' dir='ltr'><strong>sit,</strong></span> <span class='ocrx_word' id='word_1_952' title='bbox 1396 3096 1502 3132; x_wconf 90' lang='lat' dir='ltr'><strong>etiam</strong></span> <span class='ocrx_word' id='word_1_953' title='bbox 1524 3095 1580 3138; x_wconf 90' lang='lat' dir='ltr'><strong>id,</strong></span> <span class='ocrx_word' id='word_1_954' title='bbox 1605 3095 1702 3140; x_wconf 87' lang='lat' dir='ltr'><strong>quod</strong></span> <span class='ocrx_word' id='word_1_955' title='bbox 1725 3105 1767 3131; x_wconf 90' lang='lat' dir='ltr'><strong>eo</strong></span> <span class='ocrx_word' id='word_1_956' title='bbox 1790 3095 1932 3131; x_wconf 91' lang='lat' dir='ltr'><strong>nomine</strong></span> <span class='ocrx_word' id='word_1_957' title='bbox 1954 3094 2181 3141; x_wconf 88' lang='lat' dir='ltr'><strong>perdiderim,</strong></span> <span class='ocrx_word' id='word_1_958' title='bbox 2204 3103 2307 3139; x_wconf 87' lang='lat' dir='ltr'><strong>prae-</strong></span> 
     </span>
     <span class='ocr_line' id='line_1_119' title="bbox 1217 3139 2306 3182; baseline -0.005 -3"><span class='ocrx_word' id='word_1_959' title='bbox 1217 3143 1331 3180; x_wconf 89' lang='lat' dir='ltr'><strong>stabis</strong></span> <span class='ocrx_word' id='word_1_960' title='bbox 1354 3141 1457 3177; x_wconf 91' lang='lat' dir='ltr'><strong>mihi:</strong></span> <span class='ocrx_word' id='word_1_961' title='bbox 1490 3141 1522 3176; x_wconf 89' lang='lat' dir='ltr'><strong>si</strong></span> <span class='ocrx_word' id='word_1_962' title='bbox 1551 3151 1634 3177; x_wconf 89' lang='lat' dir='ltr'><strong>vero</strong></span> <span class='ocrx_word' id='word_1_963' title='bbox 1666 3151 1739 3176; x_wconf 93' lang='lat' dir='ltr'><strong>non</strong></span> <span class='ocrx_word' id='word_1_964' title='bbox 1760 3139 1799 3176; x_wconf 84' lang='lat' dir='ltr'><strong>id</strong></span> <span class='ocrx_word' id='word_1_965' title='bbox 1821 3144 1942 3176; x_wconf 88' lang='lat' dir='ltr'><strong>actum</strong></span> <span class='ocrx_word' id='word_1_966' title='bbox 1966 3140 2032 3182; x_wconf 89' lang='lat' dir='ltr'><strong>sit,</strong></span> <span class='ocrx_word' id='word_1_967' title='bbox 2063 3143 2105 3175; x_wconf 91' lang='lat' dir='ltr'><strong>ut</strong></span> <span class='ocrx_word' id='word_1_968' title='bbox 2133 3139 2306 3182; x_wconf 85' lang='lat' dir='ltr'><strong>integrum</strong></span> 
     </span>
    </p>

    <p class='ocr_par' dir='ltr' id='par_1_24' title="bbox 1241 3184 2305 3231">
     <span class='ocr_line' id='line_1_120' title="bbox 1241 3184 2305 3231; baseline -0.006 -7"><span class='ocrx_word' id='word_1_969' title='bbox 1241 3191 1390 3230; x_wconf 87' lang='lat' dir='ltr'><strong>raestes‚</strong></span> <span class='ocrx_word' id='word_1_970' title='bbox 1415 3186 1535 3222; x_wconf 90' lang='lat' dir='ltr'><strong>dolum</strong></span> <span class='ocrx_word' id='word_1_971' title='bbox 1557 3186 1690 3221; x_wconf 90' lang='lat' dir='ltr'><strong>malum</strong></span> <span class='ocrx_word' id='word_1_972' title='bbox 1709 3185 1896 3221; x_wconf 87' lang='lat' dir='ltr'><strong>dumtaxat</strong></span> <span class='ocrx_word' id='word_1_973' title='bbox 1912 3188 2094 3231; x_wconf 86' lang='lat' dir='ltr'><strong>praestare</strong></span> <span class='ocrx_word' id='word_1_974' title='bbox 2111 3189 2148 3220; x_wconf 88' lang='lat' dir='ltr'><strong>te</strong></span> <span class='ocrx_word' id='word_1_975' title='bbox 2167 3184 2305 3219; x_wconf 89' lang='lat' dir='ltr'><strong>debere.</strong></span> 
     </span>
    </p>

    <p class='ocr_par' dir='ltr' id='par_1_25' title="bbox 1214 3229 2305 3502">
     <span class='ocr_line' id='line_1_121' title="bbox 1249 3229 2305 3276; baseline -0.006 -7"><span class='ocrx_word' id='word_1_976' title='bbox 1249 3234 1339 3269; x_wconf 88' lang='lat' dir='ltr'><strong>abeo</strong></span> <span class='ocrx_word' id='word_1_977' title='bbox 1364 3235 1491 3268; x_wconf 90' lang='lat' dir='ltr'><strong>contra</strong></span> <span class='ocrx_word' id='word_1_978' title='bbox 1513 3234 1619 3276; x_wconf 89' lang='lat' dir='ltr'><strong>putat</strong></span> <span class='ocrx_word' id='word_1_979' title='bbox 1642 3234 1678 3267; x_wconf 91' lang='lat' dir='ltr'><strong>et</strong></span> <span class='ocrx_word' id='word_1_980' title='bbox 1699 3230 1788 3266; x_wconf 88' lang='lat' dir='ltr'><strong>illud</strong></span> <span class='ocrx_word' id='word_1_981' title='bbox 1811 3231 1927 3267; x_wconf 92' lang='lat' dir='ltr'><strong>solum</strong></span> <span class='ocrx_word' id='word_1_982' title='bbox 1950 3229 2230 3270; x_wconf 86' lang='lat' dir='ltr'><strong>observandum,</strong></span> <span class='ocrx_word' id='word_1_983' title='bbox 2254 3231 2305 3269; x_wconf 91' lang='lat' dir='ltr'><strong>ut,</strong></span> 
     </span>
     <span class='ocr_line' id='line_1_122' title="bbox 1215 3274 2305 3319; baseline -0.006 -6"><span class='ocrx_word' id='word_1_984' title='bbox 1215 3279 1286 3314; x_wconf 88' lang='lat' dir='ltr'><strong>nisi</strong></span> <span class='ocrx_word' id='word_1_985' title='bbox 1303 3278 1342 3313; x_wconf 89' lang='lat' dir='ltr'><strong>in</strong></span> <span class='ocrx_word' id='word_1_986' title='bbox 1355 3276 1574 3313; x_wconf 87' lang='lat' dir='ltr'><strong>contrarium</strong></span> <span class='ocrx_word' id='word_1_987' title='bbox 1592 3275 1631 3311; x_wconf 88' lang='lat' dir='ltr'><strong>id</strong></span> <span class='ocrx_word' id='word_1_988' title='bbox 1642 3276 1671 3297; x_wconf 78' lang='lat'><strong>¹⁴</strong></span> <span class='ocrx_word' id='word_1_989' title='bbox 1692 3279 1813 3312; x_wconf 89' lang='lat' dir='ltr'><strong>actum</strong></span> <span class='ocrx_word' id='word_1_990' title='bbox 1829 3276 1887 3319; x_wconf 85' lang='lat' dir='ltr'><strong>sit,</strong></span> <span class='ocrx_word' id='word_1_991' title='bbox 1907 3274 2110 3312; x_wconf 90' lang='lat' dir='ltr'><strong>omnimodo</strong></span> <span class='ocrx_word' id='word_1_992' title='bbox 2131 3274 2305 3318; x_wconf 85' lang='lat' dir='ltr'><strong>integrum</strong></span> 
     </span>
     <span class='ocr_line' id='line_1_123' title="bbox 1214 3316 2305 3372; baseline -0.006 -14"><span class='ocrx_word' id='word_1_993' title='bbox 1214 3322 1393 3372; x_wconf 86' lang='lat' dir='ltr'><strong>praestari</strong></span> <span class='ocrx_word' id='word_1_994' title='bbox 1415 3321 1563 3357; x_wconf 87' lang='lat' dir='ltr'><strong>debeat:</strong></span> <span class='ocrx_word' id='word_1_995' title='bbox 1597 3324 1634 3357; x_wconf 91' lang='lat' dir='ltr'><strong>et</strong></span> <span class='ocrx_word' id='word_1_996' title='bbox 1663 3324 1718 3357; x_wconf 87' lang='lat' dir='ltr'><strong>est</strong></span> <span class='ocrx_word' id='word_1_997' title='bbox 1749 3330 1882 3357; x_wconf 89' lang='lat' dir='ltr'><strong>verum.</strong></span> <span class='ocrx_word' id='word_1_998' title='bbox 1920 3319 2017 3366; x_wconf 89' lang='lat' dir='ltr'><strong>quod</strong></span> <span class='ocrx_word' id='word_1_999' title='bbox 2047 3323 2083 3354; x_wconf 90' lang='lat' dir='ltr'><strong>et</strong></span> <span class='ocrx_word' id='word_1_1000' title='bbox 2111 3319 2148 3353; x_wconf 90' lang='lat' dir='ltr'><strong>in</strong></span> <span class='ocrx_word' id='word_1_1001' title='bbox 2178 3316 2305 3353; x_wconf 87' lang='lat' dir='ltr'><strong>locatis</strong></span> 
     </span>
     <span class='ocr_line' id='line_1_124' title="bbox 1216 3362 2304 3419; baseline -0.006 -16"><span class='ocrx_word' id='word_1_1002' title='bbox 1216 3369 1320 3404; x_wconf 90' lang='lat' dir='ltr'><strong>doliis</strong></span> <span class='ocrx_word' id='word_1_1003' title='bbox 1344 3366 1598 3413; x_wconf 87' lang='lat' dir='ltr'><strong>praestandum</strong></span> <span class='ocrx_word' id='word_1_1004' title='bbox 1621 3365 1795 3402; x_wconf 90' lang='lat' dir='ltr'><strong>Sabinum</strong></span> <span class='ocrx_word' id='word_1_1005' title='bbox 1816 3365 2044 3419; x_wconf 87' lang='lat' dir='ltr'><strong>respondisse</strong></span> <span class='ocrx_word' id='word_1_1006' title='bbox 2063 3362 2230 3399; x_wconf 89' lang='lat' dir='ltr'><strong>Minicius</strong></span> <span class='ocrx_word' id='word_1_1007' title='bbox 2248 3371 2304 3396; x_wconf 91' lang='lat' dir='ltr'><strong>re-</strong></span> 
     </span>
     <span class='ocr_line' id='line_1_125' title="bbox 1216 3410 2302 3458; baseline -0.006 -11"><span class='ocrx_word' id='word_1_1008' title='bbox 1216 3417 1235 3448; x_wconf 86' lang='lat'>5</span> <span class='ocrx_word' id='word_1_1009' title='bbox 1285 3413 1365 3448; x_wconf 83' lang='lat' dir='ltr'><strong>fert.</strong></span> <span class='ocrx_word' id='word_1_1010' title='bbox 1414 3411 1452 3446; x_wconf 91' lang='lat' dir='ltr'><strong>Si</strong></span> <span class='ocrx_word' id='word_1_1011' title='bbox 1474 3411 1540 3447; x_wconf 87' lang='lat' dir='ltr'><strong>tibi</strong></span> <span class='ocrx_word' id='word_1_1012' title='bbox 1561 3411 1631 3447; x_wconf 90' lang='lat' dir='ltr'><strong>iter</strong></span> <span class='ocrx_word' id='word_1_1013' title='bbox 1651 3411 1856 3454; x_wconf 88' lang='lat' dir='ltr'><strong>vendidero,</strong></span> <span class='ocrx_word' id='word_1_1014' title='bbox 1879 3414 1932 3446; x_wconf 80' lang='lat' dir='ltr'><strong>ita</strong></span> <span class='ocrx_word' id='word_1_1015' title='bbox 1955 3410 2096 3445; x_wconf 89' lang='lat' dir='ltr'><strong>demum</strong></span> <span class='ocrx_word' id='word_1_1016' title='bbox 2119 3410 2302 3458; x_wconf 78' lang='lat' dir='ltr'><strong>auctorem</strong></span> 
     </span>
     <span class='ocr_line' id='line_1_126' title="bbox 1214 3451 2304 3502; baseline -0.006 -9"><span class='ocrx_word' id='word_1_1017' title='bbox 1214 3468 1274 3494; x_wconf 90' lang='lat' dir='ltr'><strong>me</strong></span> <span class='ocrx_word' id='word_1_1018' title='bbox 1295 3457 1444 3493; x_wconf 87' lang='lat' dir='ltr'><strong>laudare</strong></span> <span class='ocrx_word' id='word_1_1019' title='bbox 1466 3456 1613 3502; x_wconf 87' lang='lat' dir='ltr'><strong>poteris,</strong></span> <span class='ocrx_word' id='word_1_1020' title='bbox 1637 3456 1670 3493; x_wconf 88' lang='lat' dir='ltr'><strong>si</strong></span> <span class='ocrx_word' id='word_1_1021' title='bbox 1691 3460 1777 3492; x_wconf 89' lang='lat' dir='ltr'><strong>tuus</strong></span> <span class='ocrx_word' id='word_1_1022' title='bbox 1798 3456 1908 3492; x_wconf 81' lang='lat' dir='ltr'><strong>fuerit</strong></span> <span class='ocrx_word' id='word_1_1023' title='bbox 1929 3454 2073 3496; x_wconf 77' lang='lat' dir='ltr'><strong>fundus,</strong></span> <span class='ocrx_word' id='word_1_1024' title='bbox 2098 3453 2156 3488; x_wconf 91' lang='lat' dir='ltr'><strong>cui</strong></span> <span class='ocrx_word' id='word_1_1025' title='bbox 2178 3451 2304 3496; x_wconf 82' lang='lat' dir='ltr'><strong>adqui-</strong></span> 
     </span>
    </p>
   </div>
   <div class='ocr_carea' id='block_1_16' title="bbox 1214 3564 2304 3703">
    <p class='ocr_par' dir='ltr' id='par_1_26' title="bbox 1214 3564 2304 3703">
     <span class='ocr_line' id='line_1_127' title="bbox 1215 3564 2301 3612; baseline -0.007 -8"><span class='ocrx_word' id='word_1_1026' title='bbox 1215 3573 1312 3604; x_wconf 87' lang='lat' dir='ltr'><strong>sione</strong></span> <span class='ocrx_word' id='word_1_1027' title='bbox 1326 3571 1387 3604; x_wconf 84' lang='lat' dir='ltr'><strong>del.</strong></span> <span class='ocrx_word' id='word_1_1028' title='bbox 1503 3571 1547 3612; x_wconf 88' lang='lat'><strong>(8)</strong></span> <span class='ocrx_word' id='word_1_1029' title='bbox 1572 3569 1713 3604; x_wconf 87' lang='lat' dir='ltr'><strong>traditio</strong></span> <span class='ocrx_word' id='word_1_1030' title='bbox 1729 3568 1885 3605; x_wconf 74' lang='lat' dir='ltr'><strong>Ouiacius</strong></span> <span class='ocrx_word' id='word_1_1031' title='bbox 2006 3566 2051 3608; x_wconf 83' lang='grc'><strong>(9)</strong></span> <span class='ocrx_word' id='word_1_1032' title='bbox 2076 3568 2230 3608; x_wconf 84' lang='lat' dir='ltr'><strong>oportere</strong></span> <span class='ocrx_word' id='word_1_1033' title='bbox 2241 3564 2301 3597; x_wconf 77' lang='lat' dir='ltr'><strong>del.</strong></span> 
     </span>
     <span class='ocr_line' id='line_1_128' title="bbox 1214 3609 2304 3660; baseline -0.007 -10"><span class='ocrx_word' id='word_1_1034' title='bbox 1214 3616 1409 3660; x_wconf 72' lang='lat' dir='ltr'><strong>Deqenkolb</strong></span> <span class='ocrx_word' id='word_1_1035' title='bbox 1491 3617 1550 3657; x_wconf 87' lang='grc'>(10)</span> <span class='ocrx_word' id='word_1_1036' title='bbox 1575 3615 1643 3648; x_wconf 81' lang='lat' dir='ltr'><strong>ista</strong></span> <span class='ocrx_word' id='word_1_1037' title='bbox 1656 3616 1717 3649; x_wconf 71' lang='lat' dir='ltr'><strong>ina.</strong></span> <span class='ocrx_word' id='word_1_1038' title='bbox 1803 3613 1858 3654; x_wconf 84' lang='grc'>(11)</span> <span class='ocrx_word' id='word_1_1039' title='bbox 1884 3612 2064 3654; x_wconf 67' lang='lat' dir='ltr'><strong>promissat</strong></span> <span class='ocrx_word' id='word_1_1040' title='bbox 2076 3611 2111 3643; x_wconf 93' lang='lat' dir='ltr'><em>F</em></span> <span class='ocrx_word' id='word_1_1041' title='bbox 2173 3611 2232 3651; x_wconf 76' lang='grc'>(12)</span> <span class='ocrx_word' id='word_1_1042' title='bbox 2256 3609 2304 3642; x_wconf 74' lang='grc' dir='ltr'><strong>εἰσ</strong></span> 
     </span>
     <span class='ocr_line' id='line_1_129' title="bbox 1215 3652 2303 3703; baseline -0.008 -9"><span class='ocrx_word' id='word_1_1043' title='bbox 1215 3660 1248 3694; x_wconf 87' lang='lat' dir='ltr'><strong>S</strong></span> <span class='ocrx_word' id='word_1_1044' title='bbox 1258 3673 1327 3694; x_wconf 80' lang='lat' dir='ltr'><strong>cum</strong></span> <span class='ocrx_word' id='word_1_1045' title='bbox 1339 3660 1385 3701; x_wconf 91' lang='lat' dir='ltr'><strong>B,</strong></span> <span class='ocrx_word' id='word_1_1046' title='bbox 1399 3661 1575 3703; x_wconf 77' lang='lat' dir='ltr'><strong>agnoverit</strong></span> <span class='ocrx_word' id='word_1_1047' title='bbox 1586 3660 1621 3693; x_wconf 82' lang='lat' dir='ltr'><em>F</em></span> <span class='ocrx_word' id='word_1_1048' title='bbox 1730 3662 1786 3700; x_wconf 83' lang='grc'>(13)</span> <span class='ocrx_word' id='word_1_1049' title='bbox 1813 3657 1965 3691; x_wconf 83' lang='lat' dir='ltr'><strong>detrades</strong></span> <span class='ocrx_word' id='word_1_1050' title='bbox 1976 3656 2011 3688; x_wconf 88' lang='lat' dir='ltr'><em>F</em></span> <span class='ocrx_word' id='word_1_1051' title='bbox 2133 3655 2191 3696; x_wconf 76' lang='grc'>(14)</span> <span class='ocrx_word' id='word_1_1052' title='bbox 2218 3655 2255 3686; x_wconf 88' lang='lat' dir='ltr'><strong>ut</strong></span> <span class='ocrx_word' id='word_1_1053' title='bbox 2268 3652 2303 3685; x_wconf 85' lang='lat' dir='ltr'><strong>id</strong></span> 
     </span>
    </p>
   </div>
   <div class='ocr_carea' id='block_1_17' title="bbox 1217 3705 1627 3738">
    <p class='ocr_par' dir='ltr' id='par_1_27' title="bbox 1217 3705 1627 3738">
     <span class='ocr_line' id='line_1_130' title="bbox 1217 3705 1627 3738; baseline -0.002 -1"><span class='ocrx_word' id='word_1_1054' title='bbox 1217 3705 1287 3737; x_wconf 86' lang='lat' dir='ltr'><strong>nisi</strong></span> <span class='ocrx_word' id='word_1_1055' title='bbox 1299 3705 1335 3737; x_wconf 91' lang='lat' dir='ltr'><strong>in</strong></span> <span class='ocrx_word' id='word_1_1056' title='bbox 1348 3705 1554 3738; x_wconf 84' lang='lat' dir='ltr'><strong>contrarium</strong></span> <span class='ocrx_word' id='word_1_1057' title='bbox 1566 3718 1627 3738; x_wconf 80' lang='lat' dir='ltr'><strong>scr.</strong></span> 
     </span>
    </p>
   </div>
   <div class='ocr_carea' id='block_1_18' title="bbox 1960 3799 2027 3833">
    <p class='ocr_par' dir='ltr' id='par_1_28' title="bbox 1960 3799 2027 3833">
     <span class='ocr_line' id='line_1_131' title="bbox 1960 3799 2027 3833; baseline 0 0"><span class='ocrx_word' id='word_1_1058' title='bbox 1960 3799 2027 3833; x_wconf 73' lang='lat'><strong>31*</strong></span> 
     </span>
    </p>
   </div>
  </div>
 </body>
</html>
