2528 3918
105 105 273 139 FINIUM

107 218 234 260 finium
257 214 481 257 regundorum
528 214 571 246 D.
600 214 651 255 10,
679 215 693 248 1
745 212 780 248 C.
806 216 837 255 3,
862 214 904 247 39

108 264 148 296 (16
171 261 349 303 fiscalibus
371 259 480 290 usuris
529 257 563 292 G.
592 261 643 300 10,
668 261 687 292 8

109 308 149 341 de
171 305 338 339 advocatis
361 304 439 345 fisci
487 302 522 336 C.
546 306 577 344 2,
603 306 622 337 8

110 353 149 385 de
172 352 245 383 iure
269 350 347 391 fisci
392 349 436 381 D.
460 350 514 389 49,
544 351 583 383 14
632 349 665 382 G.
693 351 744 390 10,
772 351 785 382 1

111 398 149 430 (16
173 395 350 439 privilegio
374 394 452 435 fisci
499 394 533 427 C.
559 397 590 436 7,
615 397 657 427 73

111 443 149 475 de
172 442 377 483 staminibus
407 450 447 471 ne
480 440 560 480 quid
592 440 628 471 in
658 439 796 471 flumine
823 438 958 481 publico
988 439 1102 481 ripave
1127 438 1198 471 cius

178 487 246 527 flat,
270 496 336 527 quo
358 484 453 527 peius
477 485 653 526 navigetur
698 484 744 517 D.
768 486 823 526 43,
853 485 890 517 12

112 532 151 564 (16
173 531 273 571 fonte
317 530 361 563 D.
385 532 439 570 43,
464 530 506 562 22

113 577 152 609 (16
175 575 341 617 formulis
364 576 396 607 61
420 574 654 616 impetratione
678 573 849 606 actionum
874 573 1014 606 sublatis
1062 572 1096 606 0.
1111 574 1141 613 2,
1155 574 1196 606 57

113 623 152 655 de
174 620 404 654 iurisdictione
428 619 576 652 omnium
600 619 751 652 iudicum
775 621 807 651 et
832 619 870 652 de
894 618 977 659 foro
999 619 1199 660 competenti

113 712 153 745 de
175 691 286 744 usuris
310 712 342 743 et
352 708 528 749 fructibus
553 710 584 741 et
607 710 714 742 causis
736 712 768 742 61
785 709 939 742 66161666
957 708 1199 741 accessionibus

158 758 191 790 61
213 766 306 788 mora
351 755 395 787 D.
420 756 474 795 22,
502 756 515 787 1

114 802 154 835 de
175 800 353 841 fructibus
376 801 409 832 61
431 799 501 831 litis
525 800 676 841 expensis
716 798 759 834 C.
784 802 815 840 7,
841 801 879 833 51

115 848 154 880 de
176 845 355 886 frumento
380 844 607 877 Alexandrino
656 843 689 877 C.
719 846 770 885 11,
796 846 837 878 28

115 892 154 925 de
176 891 355 931 frumento
380 889 473 922 urbis
497 889 887 932 Constantinopolitanae
936 888 970 922 C.
994 890 1046 930 11,
1066 890 1109 922 24

115 937 154 970 (16
175 936 249 979 lege
272 935 380 976 Fufia
406 934 549 967 Caninia
571 934 703 968 sublata
748 935 779 968 J.
809 937 837 976 1,
861 937 879 968 7
931 934 965 968 C.
991 936 1022 975 7,
1048 936 1066 967 3

115 982 155 1015 de
178 981 344 1024 fugitivis
388 980 432 1013 D.
462 981 511 1021 11,
536 982 557 1013 4

116 1028 155 1060 (16
177 1026 341 1069 fugitivis
364 1024 490 1057 colonis
512 1024 804 1067 patrimonialibus
828 1025 861 1057 61
885 1024 1139 1067 emphyteuticis
1170 1025 1203 1057 et

183 1070 406 1104 saltuensibus
453 1070 487 1103 C.
515 1072 566 1112 11,
592 1072 634 1103 64

117 1117 156 1150 (16
186 1116 351 1159 fugitivis
385 1115 487 1148 servis
522 1117 554 1148 et
588 1114 718 1147 libertis
751 1114 993 1156 mancipiisque
1028 1114 1202 1147 civitatum

182 1161 366 1195 artificibus
395 1163 428 1193 61
455 1160 497 1192 ad
521 1160 649 1192 diversa
673 1170 773 1202 opera
802 1159 970 1202 deputatis
998 1161 1031 1192 61
1059 1160 1101 1192 6(1
1133 1170 1202 1192 1616

181 1207 345 1250 privatam
369 1205 422 1238 vel
445 1205 644 1238 dominicam
668 1205 914 1247 pertinentibus
963 1204 997 1238 0.
1023 1207 1055 1246 6,
1083 1207 1097 1239 1

117 1252 156 1285 de
179 1252 301 1292 fundis
326 1253 359 1283 et
381 1250 521 1283 saltibus
544 1251 593 1283 rei
617 1250 802 1283 dominicae
850 1250 885 1284 C.
914 1251 964 1292 11,
990 1251 1029 1284 67

118 1297 157 1330 (16
181 1297 304 1336 fundis
326 1296 566 1338 limitotrophis
590 1298 623 1328 61
646 1296 744 1328 161116
769 1297 801 1328 61
822 1295 1002 1338 paludibus
1025 1297 1058 1328 61
1072 1295 1204 1338 pascuis

182 1342 365 1375 limitaneis
388 1341 440 1374 vel
464 1340 675 1373 castellorum
724 1339 758 1374 C.
785 1343 838 1382 11,
863 1343 906 1375 60

117 1387 157 1420 de
178 1386 302 1427 fundis
323 1386 614 1429 patrimonialibus
646 1388 679 1419 et
701 1385 924 1418 saltuensibus
954 1387 987 1419 61
1010 1386 1203 1428 emphyteu-

183 1433 259 1464 ticis
284 1434 316 1465 et
339 1443 453 1464 eorum
477 1431 735 1464 conductoribus
784 1431 818 1465 C.
845 1433 896 1472 11,
922 1433 965 1465 62

118 1477 157 1511 (16
177 1476 306 1523 fundis
338 1477 388 1510 rei
418 1477 569 1520 privatae
600 1479 632 1510 61
663 1475 803 1511 saltibus
835 1476 969 1509 divinae
1004 1475 1120 1509 domus
1168 1475 1203 1510 G.

191 1524 225 1556 11
266 1524 308 1555 66

118 1568 158 1600 de
180 1548 293 1607 1ηῆᾱο
318 1565 422 1598 dotali
468 1566 512 1599 D.
538 1568 591 1608 23,
617 1569 635 1600 5
686 1566 720 1600 G.
745 1568 777 1608 5,
802 1567 844 1601 23

118 1613 158 1646 de
181 1612 324 1652 furibus
347 1611 525 1644 balneariis
570 1612 615 1645 D.
638 1613 694 1653 47,
721 1614 760 1646 17

117 1657 211 1697 furti
231 1657 388 1690 adversus
410 1659 529 1689 nautas
551 1667 718 1699 caupones
741 1657 941 1690 stabularios

118 1704 158 1735 de
180 1702 290 1742 furtis
334 1702 378 1736 D.
403 1704 458 1744 47,
483 1703 502 1735 2

118 1748 159 1780 de
180 1748 289 1788 furtis
312 1749 345 1781 61
368 1747 408 1781 (16
430 1757 525 1781 servo
548 1749 706 1790 corrupto
754 1746 789 1781 G.
813 1749 846 1790 6,
869 1748 890 1782 2

638 1848 689 1892 G.

119 1929 158 1962 de
178 1927 344 1971 generali
366 1926 547 1960 abolitione
596 1926 630 1961 C.
656 1929 689 1968 9,
713 1929 756 1961 43

119 1974 158 2006 (16
178 1974 442 2016 gladiatoribus
464 1973 598 2014 penitus
621 1972 780 2005 tollendis
827 1970 862 2004 G.
889 1973 941 2014 11,
965 1974 1010 2007 44

114 2019 159 2052 7(16
178 2018 312 2060 glande
334 2017 476 2059 legenda
521 2017 565 2049 D.
591 2019 646 2058 43,
671 2019 713 2051 28

120 2065 159 2096 de
179 2063 354 2106 gradibus
377 2062 586 2103 cognationis
631 2062 663 2095 J.
688 2065 720 2104 3,
745 2064 765 2096 6

120 2109 159 2141 (16
178 2108 353 2151 gradibus
377 2109 410 2140 61
432 2107 596 2139 adfinibus
621 2108 654 2139 et
676 2108 870 2140 nominibus
890 2118 1003 2140 eorum
1039 2108 1083 2142 D.
1096 2109 1207 2149 38,10

121 2154 160 2187 (16
180 2163 292 2196 grege
315 2153 482 2186 dominico
530 2152 566 2186 0.
592 2154 645 2194 11,
670 2155 712 2187 76

635 2254 687 2298 H.

121 2334 161 2367 de
185 2343 247 2365 usu
271 2333 304 2365 61
327 2333 544 2365 habitatione
588 2332 620 2366 J.
646 2333 678 2374 2,
703 2335 723 2367 5
769 2333 814 2365 D.
839 2334 871 2374 7,
896 2334 916 2367 8

122 2380 162 2412 (16
185 2389 247 2410 666
271 2378 384 2410 fructu
408 2380 441 2410 61
464 2379 682 2410 habitatione
705 2379 738 2410 et
761 2379 947 2410 ministerio
964 2388 1135 2411 servorum
1174 2377 1209 2411 G.

191 2426 222 2465 3,
247 2424 288 2456 33

122 2469 162 2502 de
186 2469 372 2501 haereticis
396 2469 436 2500 61·
451 2468 658 2500 Manichaeis
681 2469 714 2501 et
737 2468 911 2500 Samaritis
960 2469 993 2502 C.
1022 2471 1051 2510 1,
1076 2472 1095 2503 5

123 2515 162 2547 de
187 2513 370 2546 heredibus
392 2513 607 2546 instituendis
653 2514 684 2547 J.
710 2515 741 2555 2,
770 2515 809 2547 14
855 2514 899 2546 D.
929 2515 982 2556 28,
1006 2516 1025 2547 5

123 2559 163 2592 de
186 2559 371 2591 heredibus
392 2558 607 2590 instituendis
636 2561 668 2591 et
698 2569 782 2599 quae
806 2569 966 2600 personae
994 2560 1125 2592 heredis
1156 2560 1208 2591 in—

189 2604 285 2636 stitui
309 2614 377 2636 non
399 2606 539 2646 possunt
587 2603 621 2637 G.
647 2605 678 2645 6,
703 2605 747 2637 24

123 2649 163 2682 de
187 2649 373 2681 heredibus
395 2651 546 2681 tutorum
594 2647 628 2682 C.
654 2651 686 2688 5,
710 2650 754 2682 54

123 2694 163 2727 de
186 2693 373 2726 actionibus
395 2694 620 2727 hereditariis
668 2694 701 2727 G.
727 2696 758 2735 4,
786 2696 827 2728 16

123 2739 163 2772 (16
187 2739 380 2771 hereditate
403 2738 456 2771 vel
479 2739 610 2771 actione
633 2739 768 2771 vendita
813 2739 857 2772 D.
885 2741 937 2781 18,
962 2741 981 2772 4
1031 2740 1067 2773 0.
1090 2742 1122 2782 4,
1144 2742 1186 2773 39

124 2784 164 2817 de
194 2784 445 2817 hereditatibus
484 2784 702 2817 decurionum
737 2784 1020 2817 naviculariorum
1058 2786 1210 2818 cohorta-

189 2828 274 2861 lium
296 2829 443 2861 militum
467 2831 500 2861 61
522 2830 759 2862 fabricensium
808 2829 842 2862 C.
867 2831 899 2871 6,
923 2832 965 2863 62

124 2874 164 2907 de
187 2874 440 2907 hereditatibus
464 2885 548 2916 quae
572 2875 613 2907 ab
636 2875 795 2907 intestato
819 2875 1015 2907 deferuntur
1060 2875 1092 2909 J.
1122 2877 1153 2917 3,
1181 2878 1195 2908 1

124 2919 164 2952 de
186 2919 348 2961 petitione
372 2920 577 2952 hereditatis
624 2920 658 2953 C.
684 2922 715 2962 3,
740 2922 780 2954 31

125 2965 165 2997 de
189 2965 393 2997 hereditatis
414 2965 577 3007 petitione
622 2965 666 2998 D.
691 2968 722 3007 5,
747 2968 766 2999 3

124 3010 164 3042 de
187 3009 488 3042 fideicommissaria
511 3011 715 3043 hereditatis
738 3010 900 3053 petitione
950 3010 992 3042 D.
1016 3013 1047 3052 5,
1073 3012 1093 3044 6

124 3055 163 3087 de
186 3055 383 3096 possessoris
406 3055 608 3088 hereditatis
629 3056 793 3098 petitione
838 3056 883 3088 D.
908 3058 939 3097 5,
965 3057 984 3089 5

123 3100 163 3132 (16
187 3100 355 3132 heredum
378 3100 539 3141 qualitate
563 3102 596 3133 61
619 3101 806 3134 differentia
850 3101 882 3134 J.
906 3103 938 3142 2,
966 3102 1006 3134 19

124 3145 163 3177 (16
187 3145 241 3177 his
262 3156 322 3187 per
345 3155 427 3187 quos
450 3156 548 3187 agere
570 3156 743 3189 possumus
764 3146 797 3180 J.
821 3147 854 3187 4,
881 3148 920 3179 10

124 3189 164 3222 (16
187 3190 241 3222 his
263 3200 347 3231 quae
371 3201 410 3223 ex
431 3191 569 3232 9661166
592 3191 771 3224 6611611666
794 3191 889 3223 111616
913 3192 992 3223 sunt
1021 3201 1088 3223 non
1113 3201 1209 3223 usur-

189 3235 308 3276 pandis
357 3235 391 3268 C.
419 3238 470 3277 10,
495 3239 538 3270 75

124 3279 164 3312 (16
188 3281 242 3312 his
273 3290 358 3321 (11166
380 3281 417 3313 in
440 3283 636 3314 testamento
659 3281 814 3314 delentur
842 3282 1051 3313 inducuntur
1082 3280 1133 3314 vel
1157 3281 1209 3313 in-

189 3325 383 3358 scribuntur
427 3326 471 3359 D.
497 3328 550 3367 28,
574 3329 596 3360 4

123 3369 164 3402 de
188 3370 241 3401 his
264 3380 348 3411 quae
370 3381 496 3412 poenae
519 3382 618 3404 causa
641 3372 882 3413 relinquuntur
928 3371 972 3405 D.
997 3373 1051 3412 34,
1077 3373 1096 3404 6

123 3414 162 3447 de
187 3416 242 3447 his
264 3425 348 3456 (1666
370 3426 495 3458 966666
517 3417 652 3450 nomine
675 3418 712 3449 in
736 3418 933 3449 testamento
962 3416 1015 3449 vel
1045 3416 1210 3450 codicillis

190 3459 429 3502 relinquuntur
477 3461 510 3495 G.
537 3464 569 3503 6,
592 3463 634 3495 41

124 3504 164 3536 (16
188 3506 241 3537 his
265 3515 348 3546 quae
370 3516 432 3548 pro
455 3517 524 3539 non
546 3507 680 3549 scriptis
703 3506 869 3539 habentur
915 3507 959 3540 D.
985 3509 1039 3548 34,
1064 3509 1083 3541 8

124 3549 164 3581 (16
188 3550 241 3581 his
272 3560 356 3591 quae
383 3551 444 3583 sub
472 3551 570 3584 modo
601 3552 711 3594 legata
744 3551 797 3584 vel
833 3552 1084 3585 fideicommissa
1106 3551 1208 3584 relin-

192 3598 342 3635 quuntur
390 3596 423 3630 C.
449 3598 480 3639 6,
505 3599 547 3630 45

124 3639 164 3671 de
189 3641 242 3671 his
266 3650 349 3682 quae
373 3641 407 3673 vi
429 3643 576 3674 metusve
600 3652 699 3674 causa
721 3644 813 3683 gesta
837 3643 916 3673 sunt
963 3641 996 3674 C.
1022 3642 1054 3683 2,
1082 3643 1121 3675 19

124 3684 164 3717 de
189 3686 241 3716 his
265 3695 349 3726 quae
375 3688 414 3718 ut
436 3687 585 3728 indignis
608 3687 808 3719 auferuntur
853 3687 898 3719 D.
923 3688 976 3721 34.
1000 3687 1021 3719 9

625 3785 644 3918 >

986 1656 1030 1690 D.
1060 1658 1115 1698 47,
1139 1658 1159 1690 5

1186 87 1271 130 VII

1210 1725 1216 1732 .
1275 1702 1315 1734 (16
1340 1703 1395 1734 his
1418 1701 1477 1743 qui
1500 1703 1619 1744 sponte
1641 1712 1781 1735 munera
1802 1706 2020 1746 susceperunt

2129 99 2351 134 INGENms

1261 211 1316 257 [de
1339 212 1393 245 his
1417 212 1476 253 qui
1500 222 1520 245 a
1544 222 1611 245 non
1637 213 1772 246 domino
1795 212 1988 245 manumissi
2013 214 2092 244 sunt
2141 212 2175 246 C.
2201 214 2232 253 7,
2260 210 2316 256 10]

1262 257 1302 290 (16
1326 258 1381 290 his
1405 257 1464 298 qui
1487 268 1506 289 a
1530 258 1681 300 principe
1706 258 1912 291 vacationem
1936 259 2137 299 acceperunt
2185 257 2219 290 C.
2242 259 2294 299 10,
2311 258 2354 292 45

1263 303 1303 335 (16
1328 303 1382 335 his
1405 302 1464 343 qui
1489 313 1642 335 accusare
1668 314 1735 335 non
1760 306 1899 346 possunt
1947 303 1982 336 C.
2006 304 2039 344 9,
2068 305 2082 336 1

1264 347 1304 380 de
1337 348 1391 380 his
1425 348 1483 388 qui
1513 348 1555 380 ad
1587 347 1741 381 ecclesias
1772 350 1975 391 confugiunt
2005 347 2059 381 vel
2092 347 2140 381 ibi
2172 346 2358 381 exclamant

1336 392 1371 425 C.
1400 394 1427 433 1,
1456 395 1494 426 12

1266 437 1306 470 de
1331 438 1386 469 his
1409 438 1468 479 qui
1493 437 1534 470 ad
1559 439 1684 469 statuas
1708 439 1910 478 confugiunt
1958 439 1992 473 0.
2020 440 2049 480 1,
2074 440 2116 472 25

1266 483 1306 515 (16
1331 483 1385 515 his
1409 483 1468 523 qui
1492 485 1568 515 ante
1592 484 1722 524 apertas
1748 483 1877 516 tabulas
1903 484 2104 518 hereditates
2126 482 2360 516 transmittunt

1340 527 1375 560 C.
1399 530 1431 568 6,
1456 529 1498 561 52

1267 573 1306 606 de
1331 573 1385 605 his
1408 572 1529 614 quibus
1552 574 1593 604 ut
1614 570 1765 614 indignis
1788 573 1988 607 auferuntur
2012 576 2045 607 et
2067 574 2110 607 ad
2135 575 2269 607 senatus
2281 582 2360 606 con-

1334 616 1460 650 sultum
1483 617 1695 650 Silanianum
1744 617 1778 651 C.
1803 620 1834 659 6,
1860 620 1900 652 35

1269 663 1307 695 de
1332 664 1386 695 his
1409 663 1469 704 qui
1493 662 1672 696 effuderint
1695 662 1748 696 vel
1772 662 1955 696 deiecerint
2000 665 2044 697 D.
2070 666 2101 706 9,
2127 666 2147 699 3

1269 709 1307 741 de
1333 709 1386 740 his
1409 708 1468 750 qui
1492 718 1532 741 ex
1556 708 1667 741 officio
1699 708 1789 750 quod
1813 708 2132 743 administraverunt
2156 709 2362 743 conveniun-

1336 755 1393 785 tur
1441 753 1476 786 0.
1503 755 1555 794 11,
1580 754 1622 787 39

1269 797 1308 831 de
1339 799 1393 830 his
1428 798 1488 840 qui
1524 808 1562 831 ex
1597 797 1743 841 publicis
1777 798 1966 831 rationibus
2000 802 2150 832 mutuam
2185 799 2363 843 pecuniam

1336 846 1537 885 acceperunt
1585 843 1620 877 G.
1649 845 1699 885 10,
1724 845 1744 877 6

1269 887 1309 921 (16
1335 889 1389 921 his
1412 888 1471 929 qui
1494 888 1531 921 in
1556 888 1702 921 ecclesiis
1724 889 2012 922 manumittuntur
2038 889 2071 924 G.
2102 892 2130 931 1,
2158 893 2197 925 13

1270 933 1310 966 de
1341 934 1395 966 his
1424 934 1484 975 qui
1512 934 1549 966 in
1579 933 1718 967 exilium
1751 934 1822 968 dati
1853 934 1906 967 vel
1939 935 2056 968 ordine
2088 936 2170 968 moti
2201 937 2281 968 sunt
2328 933 2364 969 G.

1344 980 1393 1020 10,
1418 980 1457 1012 61

1270 1024 1310 1057 (16
1334 1024 1388 1056 his
1411 1023 1470 1065 qui
1493 1023 1530 1056 in
1553 1023 1705 1066 priorum
1729 1024 1933 1058 creditorum
1963 1024 2074 1058 locum
2098 1025 2281 1058 succedunt
2329 1024 2364 1059 0.

1340 1070 1371 1110 8,
1398 1069 1439 1103 18
1500 1106 1503 1109 .

1271 1114 1311 1147 de
1335 1114 1390 1147 his
1413 1113 1473 1155 qui
1495 1113 1643 1146 latrones
1666 1113 1720 1147 vel
1743 1114 1780 1147 in
1803 1113 1880 1147 aliis
1903 1115 2101 1149 criminibus
2121 1126 2194 1149 reos
2217 1115 2365 1149 occulta-

1339 1159 1451 1192 verint
1498 1158 1533 1192 G.
1558 1160 1591 1200 9,
1617 1160 1659 1192 39

1271 1204 1312 1238 (16
1341 1205 1396 1237 his
1431 1203 1491 1246 qui
1519 1214 1589 1237 non
1625 1203 1773 1246 impletis
1810 1204 1987 1247 stipendiis
2020 1207 2226 1240 sacramento
2262 1205 2365 1239 soluti

1339 1251 1419 1282 sunt
1467 1249 1502 1283 C.
1530 1250 1581 1290 10,
1606 1251 1647 1282 55

1272 1295 1312 1328 de
1336 1296 1391 1327 his
1414 1294 1473 1336 qui
1497 1296 1659 1327 notantur
1681 1294 1821 1327 infamia
1866 1295 1911 1329 D.
1936 1297 1968 1337 3,
1992 1297 2012 1330 2

1272 1341 1312 1374 de
1344 1341 1398 1373 his
1433 1339 1492 1382 qui
1524 1350 1664 1372 numero
1697 1339 1881 1373 liberorum
1916 1341 1969 1374 vel
1999 1344 2196 1384 paupertate
2231 1353 2365 1376 excusa-

1340 1386 1466 1418 tionem
1489 1387 1686 1418 meruerunt
1734 1384 1768 1419 G.
1797 1387 1848 1427 10,
1874 1387 1915 1419 52

1273 1430 1313 1463 de
1338 1431 1392 1463 his
1415 1430 1476 1474 qui
1498 1432 1652 1473 parentes
1675 1430 1728 1463 vel
1750 1430 1874 1464 liberos
1898 1431 2094 1464 occiderunt
2142 1432 2177 1465 C.
2202 1434 2234 1474 9,
2266 1435 2300 1466 17

1273 1476 1313 1509 (16
1338 1477 1392 1508 his
1415 1475 1475 1517 qui
1496 1486 1556 1518 per
1579 1477 1705 1508 metum
1721 1476 1844 1509 iudicis
1857 1487 1925 1509 non
1940 1477 2193 1520 appellaverunt
2228 1478 2261 1512 C.
2277 1480 2308 1519 7,
2323 1481 2363 1513 67

1273 1521 1314 1555 (16
1338 1522 1393 1553 his
1416 1521 1475 1562 qui
1498 1521 1725 1563 potentiorum
1750 1522 1884 1555 nomine
1908 1522 2027 1556 titulos
2049 1524 2195 1565 praediis
2215 1524 2367 1566 adfigunt

1318 1566 1371 1599 vel
1395 1576 1510 1599 eorum
1533 1566 1670 1598 nomina
1693 1566 1729 1599 in
1752 1566 1813 1600 lite
1835 1568 2061 1610 praetendunt
2109 1569 2144 1603 C.
2171 1570 2202 1611 2,
2230 1571 2270 1603 14

1274 1611 1314 1644 (16
1338 1612 1393 1644 his
1417 1611 1477 1653 qui
1499 1622 1534 1644 se
1557 1611 1711 1644 deferunt
1760 1612 1795 1646 C.
1821 1614 1874 1654 10,
1901 1615 1942 1647 13

1275 1656 1315 1689 (16
1339 1657 1394 1689 his
1417 1656 1476 1698 qui
1500 1656 1565 1689 sibi
1587 1656 1783 1690 adscribunt
1805 1657 1843 1690 in
1867 1660 2064 1692 testamento
2112 1659 2146 1693 0.
2171 1661 2203 1701 9,
2227 1661 2269 1694 23

2067 1703 2102 1738 0.
2131 1707 2181 1746 10,
2207 1707 2251 1739 44

1274 1746 1315 1779 (16
1339 1748 1394 1780 his
1417 1747 1476 1789 qui
1498 1747 1551 1779 sui
1574 1746 1627 1779 vel
1650 1746 1754 1780 alieni
1778 1748 1862 1781 iuris
1885 1751 1965 1781 sunt
2010 1749 2042 1783 J.
2069 1753 2098 1792 1,
2124 1752 2144 1784 8
2190 1750 2234 1783 D.
2268 1752 2297 1792 1,
2323 1752 2344 1785 6

1275 1793 1315 1825 de
1339 1793 1393 1825 his
1415 1792 1475 1833 qui
1498 1792 1629 1824 veniam
1651 1793 1771 1826 aetatis
1793 1794 2056 1837 impetraverunt
2103 1795 2139 1830 C.
2163 1797 2194 1836 2,
2220 1797 2263 1830 44

1275 1837 1316 1870 (16
1340 1838 1482 1870 homine
1503 1836 1611 1870 libero
1635 1838 1821 1872 exhibendo
1868 1839 1912 1873 D.
1935 1841 1991 1882 43,
2017 1841 2059 1874 29

1275 1883 1316 1916 (16
1338 1882 1454 1915 1166116
1488 1882 1683 1916 exhibendis
1716 1894 1774 1916 seu
1809 1884 1850 1917 de
1884 1885 2045 1918 ducendis
2082 1887 2115 1919 et
2150 1886 2191 1918 (16
2227 1887 2368 1919 homine

1342 1927 1449 1961 libero
1473 1927 1660 1961 exhibendo
1707 1928 1742 1962 C.
1767 1931 1798 1971 8,
1824 1931 1844 1964 8

1276 1973 1316 2006 (16
1339 1975 1428 2005 statu
1452 1974 1634 2006 hominum
1683 1973 1724 2006 D.
1752 1976 1780 2016 1,
1805 1977 1825 2008 5

1275 2018 1315 2050 de
1340 2019 1597 2051 honoratorum
1619 2018 1783 2052 vehiculis
1831 2019 1866 2053 G.
1895 2022 1946 2062 11,
1970 2022 2014 2054 20

1276 2063 1316 2096 de
1342 2064 1538 2096 honoribus
1566 2066 1599 2097 61
1621 2064 1816 2097 muneribus
1839 2075 1908 2098 non
1931 2066 2170 2099 continuandis
2197 2067 2287 2100 inter
2308 2077 2367 2110 pa-

1343 2111 1427 2141 trem
1452 2111 1485 2141 et
1507 2108 1615 2141 filium
1639 2111 1673 2143 61
1695 2109 1735 2143 (16
1758 2110 1947 2143 intervallis
1995 2111 2030 2145 0.
2058 2113 2110 2154 10,
2135 2114 2173 2146 41

1277 2153 1316 2186 de
1338 2153 1595 2205 pignoribus—et
1618 2155 1824 2198 hypothecis
1848 2158 1881 2189 et
1903 2155 2048 2198 qualiter
2065 2168 2104 2190 ea
2124 2158 2367 2190 contrahantur

1344 2201 1378 2232 et
1400 2199 1442 2232 de
1465 2201 1572 2242 pactis
1596 2210 1710 2233 eorum
1756 2200 1802 2235 D.
1826 2203 1881 2244 20,
1908 2204 1921 2235 1

1807 2304 1840 2347 I.

1277 2379 1317 2411 (16
1340 2377 1413 2420 lege
1437 2378 1568 2411 Rhodia
1591 2379 1632 2412 de
1654 2381 1752 2413 iactu
1797 2381 1840 2415 D.
1869 2383 1921 2423 14,
1946 2383 1967 2416 2

1278 2424 1318 2457 (16
1341 2424 1425 2456 iuris
1449 2426 1483 2456 et
1504 2424 1586 2457 facti
1609 2427 1820 2467 ignorantia
1865 2427 1910 2460 D.
1935 2429 1989 2469 22,
2015 2430 2034 2462 6
2083 2427 2118 2461 G.
2146 2430 2175 2470 1,
2203 2428 2244 2463 18

1278 2469 1318 2502 de
1340 2470 1388 2501 iis
1410 2479 1471 2511 per
1494 2479 1577 2511 quos
1601 2480 1699 2512 agere
1721 2482 1895 2514 possumus
1940 2473 1971 2506 J.
1996 2475 2028 2514 4,
2057 2474 2096 2506 10

1278 2514 1319 2547 de
1341 2515 1387 2546 iis
1410 2513 1470 2556 qui
1492 2515 1546 2546 sui
1568 2514 1622 2547 vel
1645 2515 1748 2548 alieni
1772 2517 1856 2549 iuris
1880 2520 1960 2549 sunt
2005 2518 2036 2551 J.
2066 2521 2094 2560 1,
2119 2520 2139 2553 8
2186 2518 2231 2552 D.
2258 2521 2288 2561 1,
2312 2519 2334 2554 6

1278 2559 1318 2592 de
1341 2561 1563 2592 immunitate
1586 2560 1714 2593 nemini
1737 2562 1948 2595 concedenda
1995 2562 2029 2597 0.
2058 2564 2110 2605 10,
2134 2565 2178 2597 25

1278 2605 1318 2638 de
1341 2604 1415 2637 iure
1439 2606 1673 2638 immunitatis
1720 2605 1756 2640 G.
1780 2609 1834 2648 50,
1860 2610 1880 2642 6

1278 2650 1318 2683 dc
1340 2651 1507 2692 impensis
1529 2650 1566 2682 in
1590 2661 1642 2683 res
1665 2651 1791 2684 dotales
1813 2652 1911 2685 factis
1956 2653 2000 2686 D.
2025 2655 2080 2695 25,
2109 2656 2122 2687 1

1278 2695 1319 2728 (16
1342 2695 1556 2737 imponenda
1579 2695 1753 2729 lucrativis
1776 2697 1999 2741 descriptione
2048 2698 2082 2732 C.
2112 2701 2162 2741 10,
2188 2700 2231 2733 36

1279 2740 1319 2773 de
1341 2741 1563 2782 impuberum
1587 2743 1620 2773 61
1643 2741 1720 2774 aliis
1741 2742 2037 2776 substitutionibus
2086 2743 2119 2778 G.
2146 2746 2178 2786 6,
2202 2745 2246 2778 26

1278 2785 1318 2818 (16
1341 2786 1505 2818 incendio
1537 2786 1636 2818 ruina
1665 2787 1843 2830 naufragio
1874 2791 1946 2822 rate
1974 2800 2058 2822 nave
2088 2791 2279 2832 expugnata
2323 2789 2368 2824 D.

1278 2875 1319 2907 de
1341 2831 1487 2908 digeri-’tis
1508 2877 1658 2918 personis
1706 2877 1740 2911 G.
1766 2880 1797 2919 6,
1821 2879 1865 2912 48

1278 2920 1317 2952 de
1340 2922 1483 2953 incestis
1507 2923 1540 2953 61
1562 2921 1743 2955 1661111666
1766 2924 1895 2966 6691116
1943 2923 1978 2957 C.
2004 2927 2035 2966 5,
2059 2926 2078 2957 5

1277 2965 1319 2997 ad
1342 2966 1576 3008 municipalem
1603 2969 1636 3001 61
1658 2967 1698 3000 (16
1721 2969 1847 3001 incolis
1893 2969 1937 3002 D.
1963 2971 2016 3010 50,
2044 2971 2057 3002 1

1278 3011 1318 3043 (16
1341 3010 1468 3043 incolis
1490 3013 1523 3044 et
1547 3012 1606 3045 ubi
1629 3013 1705 3055 quis
1729 3014 1936 3047 domicilium
1960 3015 2082 3047 habere
2106 3014 2240 3048 videtur
2271 3015 2305 3047 61
2327 3014 2368 3047 (16

1345 3056 1398 3088 his
1421 3056 1481 3098 qui
1503 3057 1690 3091 studiorum
1714 3069 1813 3092 causa
1844 3060 1881 3092 in
1905 3060 1973 3092 alia
1996 3060 2132 3092 civitate
2156 3060 2284 3103 degunt
2331 3059 2365 3093 0.

1278 3146 1317 3178 de
1341 3103 1553 3180 613111ῗοῖ1666
1575 3148 1727 3182 indebiti
1770 3149 1814 3183 D.
1843 3151 1894 3192 12,
1918 3152 1938 3183 6
1988 3149 2079 3192 G..4‚
2103 3153 2122 3184 5

1277 3191 1318 3223 de
1341 3192 1668 3271 ἰέάιὲοίἶονίᾱιιὶωω
1699 3195 1733 3227 61
1761 3194 1802 3228 (16
1829 3194 1904 3237 lege
1926 3195 2016 3228 Iulia
2040 3194 2190 3228 Miscella
2219 3193 2366 3226 tollenda

1374 3262 1382 3269 ·
1430 3263 1438 3279 ι

1278 3281 1317 3313 (16
1342 3282 1597 3316 indictionibus
1645 3283 1680 3318 C.
1707 3286 1759 3326 10,
1785 3287 1824 3319 17

1278 3327 1317 3359 (16
1340 3328 1379 3359 in
1402 3327 1489 3360 diem
1513 3328 1703 3362 addictione
1748 3330 1792 3365 D.
1820 3331 1872 3372 18,
1897 3332 1917 3364 2

1278 3372 1317 3404 de
1341 3372 1552 3415 praescriptis
1574 3374 1683 3407 verbis
1707 3376 1740 3407 61
1762 3377 1801 3408 in
1824 3376 1949 3408 factum
1973 3374 2161 3408 actionibus
2206 3374 2249 3407 D.
2281 3375 2330 3416 19,
2344 3376 2364 3408 5

1278 3417 1317 3449 de
1340 3416 1535 3456 infamibus
1583 3419 1617 3452 0.
1644 3422 1697 3461 10,
1722 3422 1765 3454 59

1278 3461 1318 3495 (16
1340 3461 1541 3502 infantibus
1568 3466 1725 3507 expositis
1755 3465 1870 3498 liberis
1901 3466 1934 3497 et
1962 3465 2064 3496 servis
2097 3465 2129 3496 et
2158 3463 2197 3495 de
2222 3463 2274 3495 his
2305 3463 2365 3505 qui

1344 3508 1618 3550 sanguinolentos
1641 3512 1766 3553 emptos
1788 3509 1841 3543 vel
1864 3509 2061 3542 nutriendos
2083 3510 2280 3550 acceperunt
2329 3508 2363 3541 0.

1346 3554 1378 3595 8,
1401 3555 1442 3587 51

1277 3597 1317 3630 (16
1339 3598 1567 3639 infirmandis
1587 3600 1704 3641 poenis
1727 3599 1909 3632 caelibatus
1932 3601 1964 3631 61
1987 3598 2139 3631 orbitatis
2163 3599 2196 3630 et
2218 3598 2258 3631 (16
2276 3597 2361 3631 deci-

1344 3643 1460 3676 mariis
1481 3643 1620 3676 sublatis
1668 3644 1703 3677 C.
1727 3647 1760 3686 8,
1785 3647 1825 3678 57

1277 3687 1316 3721 de
1339 3690 1506 3731 ingenuis
1552 3689 1583 3721 J.
1612 3691 1639 3729 1,
1664 3691 1685 3722 4
