2528 3918
123 133 302 166 Donni!

124 252 185 279 eas
206 242 371 285 retineat,
395 245 459 278 aut
481 241 528 277 ad
551 240 800 285 exhibendum,
825 240 856 276 si
874 250 948 276 non
967 250 1130 277 amovere
1150 250 1211 276 eas

125 287 293 324 connisus
317 290 382 322 est.

171 330 223 370 10
245 330 355 367 IDEM
393 330 484 366 libro
535 330 717 375 triqesimo
761 331 892 375 quarto
945 329 995 365 ad
1035 329 1211 366 Sabinum

122 377 334 422 Plerumque
364 375 514 411 interest
543 374 610 410 viri
640 384 698 410 res
729 383 802 409 non
826 383 904 409 esse
926 375 1132 410 aestimatas
1155 373 1209 410 id-

123 422 232 464 circo,
255 431 302 456 ne
324 420 522 466 periculum
543 429 662 455 rerum
685 418 732 454 ad
753 428 833 454 eum
851 419 1040 464 pertineat,
1060 419 1211 455 maxime

122 467 154 502 si
177 465 344 501 animalia
365 465 403 501 in
423 465 543 500 dotem
562 464 742 509 acceperit
758 463 815 499 vel
833 466 977 506 vestem,
997 473 1068 509 qua
1086 464 1212 499 mulier

123 511 253 546 utitur:
279 510 416 547 eveniet
438 509 543 552 enim,
566 509 597 545 si
620 509 807 545 aestimata
830 508 877 543 sit
899 512 935 544 et
959 510 1060 544 eam¹
1086 509 1211 544 mulier

123 555 277 598 adtrivit,
301 558 343 591 ut
354 554 464 590 nihilo
483 554 600 589 minus
620 554 768 589 maritus
789 553 1069 589 aestimationem
1089 564 1211 589 eorum

121 603 290 651 praestet.
315 600 479 646 quotiens
502 599 610 644 igitur
632 609 705 634 non
724 598 931 633 aestimatae
950 608 1007 633 res
1031 598 1068 633 in
1092 598 1211 634 dotem

124 649 141 681 1
191 645 332 688 dantur,
357 648 393 681 et
415 644 576 680 meliores
600 647 637 679 et
660 643 851 679 deteriores
872 643 1010 679 mulieri
1032 642 1135 678 fiunt.
1173 642 1211 678 Si

122 689 277 736 praediis
306 689 540 726 inaestimatis
573 688 705 734 aliquid
745 688 914 731 accessit,
946 688 1016 724 hoc
1041 687 1088 723 ad
1113 698 1208 723 com-

121 734 289 781 pendium
308 734 464 771 mulieris
483 734 654 779 pertinet:
680 733 711 769 si
729 733 862 778 aliquid
881 733 1042 775 decessit,
1054 732 1210 768 mulieris

122 784 142 816 2
190 780 358 816 damnum
381 783 446 815 est.
494 778 533 814 Si
563 779 655 815 servi
686 778 847 814 subolem
870 778 1067 820 ediderunt,
1091 778 1211 812 mariti

123 828 142 860 3
188 825 329 861 lucrum
351 835 425 860 non
448 827 512 860 est.
561 823 631 859 Sed
652 822 748 858 fetus
772 823 945 858 dotalium
967 833 1139 868 pecorum
1163 822 1210 857 ad

121 870 287 906 maritum
316 870 514 915 pertinent,
548 869 631 914 quia
660 868 838 903 fructibus
871 871 1133 913 computantur,
1159 867 1210 903 sic

120 919 260 958 tamen,
293 919 335 950 ut
368 914 527 960 suppleri
560 914 815 959 proprietatem
848 913 947 958 prius
979 916 1144 958 oporteat
1173 915 1211 948 et

121 959 316 996 summissis
338 959 378 995 in
400 959 518 995 locum
535 959 779 995 mortuorum2
803 958 961 1003 capitum
981 968 1026 993 ex
1045 957 1209 1003 adgnatis

120 1005 301 1041 residuum
330 1004 369 1040 in
397 1004 555 1040 fructum
593 1004 740 1040 maritus
770 1003 921 1046 habeat,
955 1003 1039 1048 quia
1068 1002 1208 1038 fructus

122 1053 143 1085 4
188 1049 284 1085 dotis
318 1049 366 1085 ad
400 1059 481 1085 eum
514 1048 702 1094 pertineat.
761 1047 800 1084 Si
833 1052 917 1084 ante
947 1047 1210 1084 matrimonium

121 1095 329 1131 aestimatae
360 1104 417 1130 res
449 1094 587 1130 dotales
618 1097 720 1136 sunt,
751 1093 842 1129 haec
874 1093 1073 1129 aestimatio
1106 1092 1210 1138 quasi

121 1141 189 1176 sub
214 1139 422 1176 condicione
446 1143 517 1175 est:
540 1149 693 1184 namque
712 1138 807 1174 hanc
829 1138 940 1174 habet
965 1137 1209 1174 condicionem

123 1185 165 1222 ‘si
187 1184 450 1221 matrimonium
469 1183 579 1220 fuerit
598 1183 781 1219 secutum’.
803 1183 936 1219 secutis
955 1183 1063 1228 igitur
1074 1194 1124 1218 nu
1150 1183 1208 1218 tiis

123 1233 142 1266 5
190 1230 390 1266 aestimatio
402 1239 520 1266 rerum
531 1228 716 1274 perficitur
728 1231 763 1264 et
773 1227 816 1264 fit
826 1239 910 1264 vera
922 1228 1088 1264 venditio.
1165 1227 1209 1263 de

145 1275 246 1311 uaeri
275 1278 414 1327 potest,
444 1274 476 1310 si
506 1278 590 1309 ante
630 1273 774 1319 nuptias
808 1274 987 1318 mancipia
1021 1273 1209 1309 aestimata

122 1287 355 1366 deperierint,
390 1330 437 1355 an
471 1318 626 1355 mulieris
662 1318 830 1354 damnum
864 1319 929 1360 sit,
962 1322 998 1353 et
1028 1319 1097 1354 hoc
1122 1329 1207 1354 con-

121 1374 272 1417 sequens
297 1367 352 1400 est
374 1364 509 1400 dicere:
550 1374 634 1399 nam
658 1374 739 1399 cum
770 1363 816 1400 sit
840 1363 1093 1400 condicionalis
1123 1373 1208 1399 ven-

121 1410 227 1453 ditio,
257 1409 434 1455 pendente
466 1413 585 1444 autem
623 1408 834 1445 condicione
867 1419 963 1445 mors
999 1409 1120 1444 contin
1146 1418 1208 1443 ens

122 1454 324 1500 exstinguat
345 1454 592 1497 venditionem,
614 1464 834 1506 consequens
859 1457 914 1490 est
937 1453 1055 1489 dicere
1071 1465 1130 1488 mu
1147 1453 1210 1488 'eri

122 1499 277 1546 perisse,
313 1499 396 1545 quia
429 1499 588 1535 nondum
623 1502 700 1535 erat
733 1499 880 1544 impleta
914 1498 1088 1541 venditio,
1126 1499 1210 1544 quia

122 1549 142 1581 6
189 1544 387 1580 aestimatio
421 1544 576 1580 venditio
609 1547 664 1580 est
673 1545 699 1579 ³.
748 1543 786 1579 Si
819 1554 876 1580 res
899 1544 937 1579 in
961 1544 1081 1579 dotem
1105 1543 1209 1579 datae

120 1589 254 1631 fuerint
276 1590 458 1642 quamvis⁴
481 1589 700 1632 aestimatae,
720 1599 843 1624 verum
861 1589 1077 1632 convenerit,
1093 1593 1134 1624 ut
1146 1593 1210 1624 aut

121 1635 320 1670 aestimatio
361 1638 425 1670 aut
468 1644 526 1671 res
592 1637 817 1677 raestentur,
861 1634 892 1670 si
950 1634 1068 1669 uidem
1101 1634 1210 1670 fuerit

121 1679 300 1715 adiectum
336 1682 466 1715 ‘utrum
507 1690 543 1714 m
583 1679 634 1715 ‘er
667 1679 772 1722 velit',
813 1679 894 1725 ipsa
927 1690 945 1714 e
961 1680 1052 1724 'get,
1088 1683 1210 1715 utrum

121 1724 222 1760 malit
243 1728 364 1770 petere
387 1735 461 1760 rem
479 1724 803 1760 aestimationem⁵z
827 1734 950 1760 verum
973 1725 1003 1760 si
1026 1724 1078 1759 ita
1100 1723 1209 1759 fuerit

121 1769 297 1805 adiectum
328 1773 458 1805 ‘utrum
488 1770 635 1805 maritus
673 1769 788 1812 velit’,
822 1769 935 1815 ipsius
970 1769 1037 1805 erit
1084 1769 1209 1805 electio

121 1818 185 1850 aut
207 1815 238 1851 si
259 1814 347 1850 nihil
371 1815 414 1850 de
438 1815 609 1850 electione
628 1814 815 1857 adiciatur,
836 1815 1045 1850 electionem
1063 1814 1211 1850 habebit

121 1860 281 1903 maritus,
306 1863 426 1896 utrum
449 1860 549 1895 malit
571 1870 628 1895 res
653 1859 780 1895 offerre
811 1869 859 1895 an
889 1860 1043 1905 pretinm
1067 1869 1207 1895 earum:

121 1915 204 1941 nam
227 1908 263 1940 et
286 1915 367 1941 cum
389 1905 451 1940 illa
474 1908 537 1940 aut
559 1904 621 1940 illa
643 1915 701 1940 res
734 1904 970 1950 promittitur,
999 1904 1052 1940 rei
1084 1904 1208 1940 electio

122 1953 187 1993 est,
211 1953 329 1986 utram
358 1953 526 2002 praestet.
560 1949 623 1985 sed
653 1950 684 1984 si
714 1959 771 1985 res
795 1960 868 1985 non
892 1953 1018 1993 exstet,
1043 1949 1208 1985 aestima-

122 1995 254 2030 tionem
278 1995 478 2031 omnimodo
503 1995 651 2030 maritus
675 1995 882 2040 praestabit.

170 2038 217 2077 11
246 2039 406 2076 Pavws
434 2040 525 2075 libro
556 2051 596 2075 se
623 2040 707 2075 timo
739 2039 789 2075 ad
819 2039 993 2076 Sabinum
1047 2039 1142 2076 Sane
1174 2043 1210 2075 et

122 2085 332 2121 deteriorem
354 2084 489 2120 factam
511 2084 575 2120 red
601 2094 659 2120 ere
681 2084 824 2129 poterit.

170 2128 222 2167 12
253 2128 449 2166 ULPIANUS
477 2130 567 2165 libro
601 2130 782 2176 triqesz’mo
807 2132 938 2175 quarto
962 2128 1012 2164 ad
1034 2127 1209 2164 Sabinum

121 2174 160 2211 Si
181 2185 239 2211 res
263 2175 451 2211 aestimata
473 2178 556 2220 post
577 2178 801 2210 contractum
820 2173 1083 2210 matrimonium
1096 2173 1208 2209 dona-

121 2219 228 2256 tionis
260 2230 371 2256 causa
400 2219 636 2265 adprobetur,
668 2219 766 2255 nulla
797 2223 852 2255 est
883 2218 1101 2261 aestimatio,
1150 2218 1210 2253 uia

121 2275 187 2301 nec
210 2275 268 2301 res
291 2264 441 2300 distrahi
464 2264 665 2300 donationis
685 2274 796 2300 causa
818 2268 937 2309 potest
946 2265 971 2307 ⁶,
997 2274 1078 2299 cuin
1103 2273 1121 2298 e
1150 2273 1208 2299 ec-

121 2314 198 2345 tum
219 2310 313 2345 inter
342 2309 457 2345 virum
487 2313 524 2345 et
553 2320 699 2345 uxorem
729 2320 801 2344 non
831 2310 981 2345 habeat:
1012 2319 1071 2344 res
1102 2308 1210 2353 igitur

120 2355 159 2390 in
182 2354 265 2391 dote
287 2354 495 2390 remanebit.
528 2355 615 2390 sed⁷
640 2355 670 2390 si
693 2358 776 2390 ante
799 2354 1072 2396 matrimonium,
1097 2353 1209 2398 magis

122 2403 186 2443 est,
208 2403 248 2435 ut
266 2399 304 2435 in
323 2399 538 2435 matrimonii
554 2403 694 2445 tempus
715 2399 846 2435 collata
865 2399 1008 2435 donatio
1029 2398 1207 2434 videatur:

123 2448 138 2479 1
189 2449 298 2490 atque
319 2444 399 2481 ideo
423 2455 496 2480 non
518 2444 623 2480 valet.
662 2444 700 2479 Si
722 2444 848 2479 mulier
871 2454 910 2480 se
934 2444 1032 2479 dicat
1056 2443 1206 2479 circum-

120 2493 262 2525 ventam
292 2489 438 2525 minoris
466 2499 542 2525 rem
572 2489 796 2532 aestimasse,
827 2492 869 2524 ut
917 2494 981 2524 uta
1004 2499 1154 2531 servum,
1179 2488 1209 2523 si

121 2534 262 2580 quidem
285 2534 322 2570 in
344 2535 416 2570 hoc
440 2534 680 2570 circumventa
709 2537 782 2576 est,
815 2545 884 2579 quo
936 2544 1075 2569 servum
1099 2533 1207 2575 dedit,

121 2590 194 2615 non
216 2583 356 2615 tantum
378 2579 416 2615 in
438 2580 526 2622 hoc,
583 2579 655 2615 uod
685 2579 830 2614 minoris
855 2579 1071 2615 aestimavit:
1103 2579 1141 2613 in
1166 2588 1207 2613 eo

121 2627 301 2667 acturam,
325 2628 366 2660 ut
388 2634 510 2660 servus
540 2625 571 2659 si
595 2625 608 2659 i
630 2624 839 2660 restituatur
848 2625 885 2660 ⁷⁸.
918 2623 1093 2660 enimvero
1118 2622 1149 2659 si
1171 2623 1208 2657 in

123 2669 378 2705 aestimationis
409 2669 515 2706 modo
548 2669 787 2704 circumventa
819 2672 891 2712 est,
924 2669 991 2704 erit
1021 2668 1208 2704 arbitrium

121 2714 256 2757 mariti,
287 2718 408 2750 utrum
436 2714 568 2750 iustam
599 2714 879 2750 aestimationem
910 2725 958 2749 an
988 2713 1108 2759 potius
1133 2723 1207 2748 ser-

121 2770 203 2794 vum
225 2763 392 2804 praestet.
427 2763 462 2795 et
483 2759 592 2802 haee,
625 2759 654 2795 si
686 2769 808 2795 servus
840 2759 933 2794 vivit.
971 2758 1068 2804 quod
1091 2758 1122 2793 si
1146 2757 1206 2792 de-

123 2804 239 2846 cessit,
252 2804 445 2840 Marcellus
466 2804 517 2839 ait
528 2804 637 2849 magis
650 2804 932 2840 aestimationem
944 2802 1206 2849 praestandam,

122 2848 185 2884 sed
208 2859 280 2884 non
303 2849 445 2892 iustam,
470 2849 534 2884 sed
558 2860 635 2884 eam
659 2859 750 2894 quae
773 2849 873 2885 facta
904 2853 975 2884 est:
1009 2848 1093 2894 quia
1126 2847 1208 2882 boni

123 2894 309 2929 consulere
329 2894 455 2929 mulier
467 2894 584 2936 debet,
598 2894 694 2940 quod
704 2893 774 2929 fuit
786 2894 1011 2930 aestimatus:
1038 2897 1206 2934 ceterum,

122 2938 153 2974 si
187 2938 394 2983 simpliciter
428 2938 603 2981 dedisset,
638 2939 765 2984 procul
797 2938 905 2974 dubio
941 2938 1098 2983 periculo
1131 2937 1207 2971 eius

121 2987 329 3027 moreretur,
352 2994 425 3019 non
447 2984 574 3019 mariti.
599 2983 760 3028 idemque
783 2988 819 3019 et
841 2984 879 3019 in
898 2984 1033 3018 minore
1057 2983 1206 3017 circum-

121 3031 227 3063 venta
255 3028 448 3064 Marcellus
479 3029 619 3074 probat.
651 3029 758 3074 plane
796 3028 827 3064 si
858 3032 1053 3073 emptorem
1083 3026 1208 3061 habuit

121 3073 247 3108 mulier
256 3073 341 3108 iusti
355 3073 469 3118 pretii,
482 3077 569 3108 tunc
582 3073 771 3108 dicendum
782 3074 912 3109 iustam
925 3071 1207 3107 aestimationem

121 3118 373 3162 praestandam
414 3118 521 3163 idque
563 3118 749 3153 dumtaxat
791 3118 895 3153 uxori
935 3117 1063 3151 minori
1105 3115 1208 3150 annis

121 3162 373 3207 praestandum
403 3163 595 3198 Marcellus
627 3163 767 3198 scribit:
811 3162 983 3198 Scaevola
1021 3165 1139 3196 autem
1170 3160 1207 3194 in

121 3207 248 3243 marito
268 3210 380 3248 notat,
401 3207 432 3243 si
444 3207 546 3243 dolus
559 3208 634 3242 eius
646 3207 772 3250 adfuit,
784 3208 915 3242 iustam
927 3205 1208 3241 aestimationem

122 3254 143 3286 2
189 3251 459 3300 praestandam:
482 3255 517 3287 et
535 3255 621 3297 puto
633 3253 761 3295 verius,
782 3252 878 3297 quod
891 3251 1062 3286 Scaevola
1074 3250 1135 3284 ait.
1173 3248 1210 3283 Si

124 3306 204 3331 cum
236 3297 363 3332 marito
399 3297 557 3332 debitore
587 3297 712 3332 mulier
741 3300 850 3341 pacta
879 3296 944 3337 sit,
975 3298 1016 3329 ut
1046 3294 1083 3329 id
1115 3292 1210 3338 quod

123 3340 251 3376 debeat
266 3341 430 3376 indotem
437 3342 579 3384 habeat,
590 3341 682 3377 dotis
699 3342 839 3376 actione
859 3340 995 3376 scilicet
1011 3349 1089 3374 eam
1105 3347 1210 3390 agere

121 3395 229 3430 posse
248 3386 427 3421 existimo:
451 3387 534 3422 licet
557 3386 649 3421 enim
660 3386 738 3431 ipso
750 3386 827 3420 iure
839 3385 957 3430 priore
980 3383 1099 3419 debito
1122 3383 1209 3417 libe-

121 3432 223 3465 ratus
238 3441 311 3466 non
328 3430 385 3473 sit,
409 3431 472 3466 sed
483 3431 497 3452 ⁸
514 3434 634 3465 tamen
652 3430 895 3476 exceptionem
924 3429 1056 3464 habere
1079 3430 1208 3472 potest.

1196 118 1282 167 301

2170 128 2321 171 XXIII
2336 132 2360 171 3
2420 96 2423 100 A

1309 285 1317 293 ο
1330 238 1380 278 13
1406 239 1660 293 ΜουΕεΤιΝᾳς
1676 242 1765 278 libro
1784 244 1966 290 sz'nyulari
1982 245 2026 282 de
2045 246 2250 293 differentia
2270 248 2362 284 dotis

1281 284 1319 320 Si
1342 286 1469 321 mulier
1490 288 1573 331 post
1597 285 1800 330 divortium,
1834 293 2022 335 antequam
2056 302 2099 326 ex
2122 292 2294 338 stipulatu
2318 293 2362 329 de

1281 329 1365 366 dote
1379 334 1494 383 ‘agat3
1529 329 1577 365 ad
1609 331 1765 383 eundem·
1795 333 1906 369 virum
1940 334 2049 370 fuerit
2081 347 2240 379 reversa,
2277 348 2361 373 con-

1280 378 1433 411 stantius
1455 375 1594 411 dicetur
1611 385 1676 420 per
1697 375 1768 411 doli
1788 379 2028 423 exceptionem
2047 381 2267 417 inefficacem
2286 382 2362 419 fieri

1280 429 1326 455 ex
1350 420 1523 465 stipulatu
1542 420 1729 463 actionem,
1749 431 1860 466 usque
1879 434 1946 467 quo
1968 426 2225 461 matrimonium
2245 426 2360 462 durat.

1329 463 1380 501 14
1411 464 1606 501 ΠιΡΙΑΝσδ
1627 464 1716 500 libro
1749 467 1928 512 triqesimo
1953 474 2081 513 quarto
2113 471 2162 505 ad
2184 471 2363 507 edictum·

1280 508 1319 544 Si
1341 520 1415 545 rem
1439 510 1662 545 aestimatam
1693 510 1820 545 mulier
1849 511 1885 545 in
1917 512 2034 548 dotem
2067 514 2211 558 dederit,
2236 516 2363 551 deinde

1279 563 1323 589 ea
1357 565 1493 590 moram
1526 554 1682 590 faciente
1715 555 1754 589 in
1788 556 1977 592 traditione
2010 559 2047 592 in
2081 570 2198 595 rerum
2233 565 2362 596 natura

1280 608 1359 634 esse
1382 599 1537 642 desierit,
1563 599 1741 635 actionem
1766 609 1843 635 eam
1866 601 1996 636 habere
2020 614 2090 638 non
2114 609 2212 649 puto.

1328 642 1378 680 15
1403 644 1632 680 POMPONIUS
1660 644 1752 680 libro
1787 649 1917 690 quarto
1949 647 2083 683 decimo
2116 650 2164 684 ad
2186 649 2361 686 Sabinum

1279 688 1383 733 Quod
1424 689 1455 724 si
1495 700 1561 734 per
1602 698 1681 724 eam
1715 699 1787 724 non
1823 690 1988 732 stetisset,
2024 693 2169 736 perinde
2210 695 2359 739 pretium

1279 733 1414 813 auferlt11
1432 744 1476 769 ac
1499 734 1531 813 {i
1553 733 1767 776 tradidisset,
1792 735 1875 779 quia
1899 736 1993 780 quod
2017 738 2129 772 evenit
2141 739 2169 759 ¹⁰
2193 740 2359 785 emptoris

1278 789 1375 823 peric
1416 789 1436 813 ο
1461 788 1499 814 es
1518 806 1526 813 .

1328 821 1378 860 16
1410 822 1604 859 [limnas
1629 823 1719 859 libro
1752 824 1934 876 triqesimo
1959 830 2088 870 quarto
2120 826 2168 861 ad
2189 825 2360 863 Sabinum

1280 867 1452 911 Quotiens
1487 878 1544 903 res
1580 868 1768 903 aestimata
1801 879 1838 904 in
1873 868 1989 904 dotem
2025 870 2148 913 datur,
2184 872 2296 907 evicta
2320 883 2362 907 ea

1278 913 1390 965 virum
1415 923 1459 948 ex
1483 916 1600 958 empto
1626 917 1752 948 cont-ra
1772 924 1918 949 uxorem
1942 924 2047 959 agere
2070 919 2104 950 et
2151 916 2297 961 uidquid
2321 927 2362 952 eo

1278 968 1420 993 nomine
1442 957 1550 993 fuerit
1574 961 1798 1001 consecutus,
1824 958 1915 994 dotis
1940 959 2079 995 actione
2103 970 2141 995 so
2158 964 2217 996 uto
2242 962 2362 996 matri-

1278 1003 1396 1038 monio
1421 1002 1453 1038 ei
1475 1006 1660 1048 praestare
1684 1006 1835 1055 oportet.
1861 1014 1972 1048 quare
1995 1008 2031 1040 et
2053 1005 2084 1039 si
2105 1005 2248 1049 duplum
2270 1006 2364 1041 forte

1278 1047 1325 1083 ad
1342 1048 1456 1082 virum
1474 1047 1685 1093 pervenerit,
1705 1047 1743 1083 id
1764 1059 1904 1093 quoque
1925 1049 1972 1084 ad
1983 1049 2163 1084 mulierem
2174 1050 2362 1095 redigetur.

1276 1092 1951 1174 &gffitssssntsiiffiaseiaffiefftsse‘tistussiem
1959 1094 2187 1175 ὶωέώὲθιξὲέῗ
2217 1095 2366 1175 ἓξῒὲἒῧξ

1276 1182 1410 1218 lucrari
1440 1194 1485 1219 ex
1517 1164 1645 1218 damno
1680 1183 1854 1218 mulieris:
1898 1165 2033 1220 s'ufficit
2071 1184 2163 1219 enim
2202 1184 2366 1219 maritum

1276 1228 1476 1263 indemnem
1498 1228 1687 1274 praestari,
1711 1238 1784 1264 non
1807 1229 1914 1264 etiam
1937 1229 2078 1265 lucrum
2100 1229 2242 1264 sentire.

1326 1270 1376 1310 17
1403 1272 1563 1309 PAULUS
1590 1273 1681 1309 libro
1704 1274 1856 1319 septimo
1887 1273 1938 1309 ad
1958 1272 2133 1310 Sabinum
2186 1274 2229 1309 In
2259 1273 2366 1309 rebus

1278 1318 1457 1354 dotalibus
1488 1318 1602 1353 virum
1632 1322 1818 1363 praestare
1849 1322 1991 1364 oportet
2020 1322 2094 1354 tam
2117 1318 2238 1354 dolum
2262 1328 2367 1364 quam

1279 1363 1440 1415 culpam,
1474 1363 1557 1408 quia
1590 1373 1701 1398 causa
1732 1373 1799 1399 sua
1833 1363 1952 1399 dotem
1983 1364 2132 1409 accipit:
2174 1363 2237 1399 sed
2260 1363 2367 1399 etiam

1278 1408 1339 1444 dili
1364 1408 1495 1443 entiam
1524 1409 1738 1453 praestabit,
1773 1419 1879 1454 quam
1909 1409 1947 1444 in
1979 1409 2053 1444 suis
2076 1409 2184 1444 rebus
2209 1408 2364 1443 exhibet.
2416 1433 2419 1436 -

1281 1457 1296 1488 1
1371 1454 1384 1488 i
1412 1463 1453 1489 re
1484 1454 1671 1488 aestimata
1703 1453 1787 1488 data
1818 1453 1963 1499 nuptiae
1994 1457 2138 1489 secutae
2179 1463 2251 1489 non
2283 1452 2366 1495 sint,

1277 1498 1468 1534 videndum
1503 1501 1575 1540 est,
1613 1498 1698 1543 quid
1732 1499 1846 1543 repeti
1889 1498 2036 1541 debeat,
2072 1502 2192 1533 utrum
2227 1508 2283 1534 res
2320 1508 2366 1533 an

1278 1543 1489 1579 aestimatio.
1524 1543 1587 1578 sed
1621 1544 1658 1578 id
1689 1544 1745 1588 agi
1775 1543 1932 1586 videtur,
1956 1547 1997 1578 ut
2019 1543 2070 1578 ita
2094 1543 2234 1578 demum
2258 1543 2365 1578 aesti-

1278 1589 1386 1624 matio
1410 1592 1491 1624 rata
1522 1589 1587 1631 sit,
1620 1589 1650 1624 si
1683 1589 1827 1633 nuptiae
1859 1591 2072 1633 sequantur,
2099 1588 2182 1633 quia
2205 1598 2270 1623 nec
2294 1587 2366 1622 alia

1280 1644 1390 1670 causa
1425 1633 1658 1669 contrahendi
1691 1633 1816 1676 fuerit,
1849 1643 1906 1669 res
1944 1633 2051 1678 igitur
2079 1633 2194 1678 repeti
2226 1632 2364 1675 debeat,

1281 1690 1354 1715 non
1402 1679 1540 1714 retium.

1328 1690 1632 1761 18PP0MP0N1US
1653 1723 1744 1758 libro
1769 1725 1899 1768 quarto
1924 1722 2059 1758 decimo
2084 1721 2133 1757 ad
2151 1720 2323 1758 Sabinum
2337 1722 2363 1742 ¹¹

1280 1769 1317 1804 Si
1340 1769 1518 1814 mancipia
1539 1768 1577 1802 in
1601 1767 1719 1803 dotem
1742 1768 1928 1802 aestimata
1951 1766 2122 1812 accepisti
2161 1770 2196 1801 et
2244 1769 2361 1802 actum

1280 1817 1492 1850 conventum
1515 1812 1652 1848 factum
1672 1815 1735 1855 est,
1757 1815 1797 1847 ut
1816 1812 1986 1847 tantidem
2006 1812 2193 1847 aestimata
2239 1810 2362 1846 ‘vortio

1277 1859 1375 1895 facto
1399 1858 1575 1899 redderes,
1600 1867 1743 1892 manere
1762 1860 1907 1902 partum
1931 1867 2053 1892 eorum
2072 1855 2168 1901 apud
2186 1859 2222 1891 te
2241 1855 2362 1890 Labeo

1279 1905 1340 1946 ait,
1366 1903 1450 1948 quia
1474 1907 1509 1939 et
1532 1903 1648 1938 manci
1674 1903 1709 1937 ia
1732 1905 1794 1938 tuo
1817 1902 1975 1947 periculo
1999 1901 2141 1937 fuerint.

1326 1946 1377 1987 19
1410 1948 1605 1984 [samm
1624 1914 1715 1983 ῑὶἳνο
1741 1948 1922 1993 triqesimo
1980 1950 2086 1982 uarto
2119 1945 2169 1981 ad
2191 1944 2363 1982 Sabinum

1277 1994 1430 2029 Etiamsi
1465 1993 1526 2028 alii
1559 1993 1660 2028 iussu
1694 1991 1812 2027 mariti
1847 1991 1910 2027 dos
1973 1995 2069 2033 etur,
2105 1990 2213 2026 nihilo
2248 1990 2363 2024 minus

1279 2039 1428 2074 maritus
1453 2038 1498 2073 de
1522 2037 1605 2073 dote
1629 2037 1817 2082 obligatur.

1325 2081 1377 2121 20
1405 2082 1563 2118 Pinus
1591 2083 1682 2118 libro
1713 2082 1863 2127 septimo
1895 2080 1945 2115 ad
1966 2079 2139 2116 Sabinum
2207 2079 2364 2114 Iulianus

1279 2129 1404 2164 scribit
1437 2128 1553 2163 valere
1587 2127 1695 2162 talem
1730 2125 2012 2171 stipulationem&
2058 2128 2150 2160 ‘cum
2192 2124 2363 2165 morieris,

1279 2174 1372 2209 dotis
1397 2173 1539 2208 nomine
1562 2175 1617 2207 tot
1640 2171 1754 2206 dari'?
1779 2171 1862 2216 quia
1886 2173 1921 2205 et
1943 2169 2079 2215 pacisci
2102 2169 2250 2211 soleant,
2275 2178 2320 2203 ne
2341 2178 2364 2202 a

1278 2219 1357 2254 viva
1381 2218 1634 2253 exhibeatur¹².
1660 2216 1756 2262 quod
1775 2226 1848 2251 non
1873 2225 1950 2251 esse
1970 2214 2081 2250 simile
2101 2213 2242 2258 accepi:
2268 2212 2365 2264 aliud

1279 2267 1334 2299 est
1366 2263 1458 2299 enim
1490 2262 1631 2298 differre
1662 2261 1901 2303 exactionem,
1933 2259 2029 2295 aliud
2061 2259 2105 2294 ab
2136 2258 2236 2292 initio
2267 2258 2304 2292 in
2327 2257 2364 2292 id

1277 2312 1417 2354 tempus
1443 2307 1616 2352 stipulari,
1642 2317 1710 2352 quo
1735 2305 1997 2341 matrimonium
2019 2303 2179 2338 futurum
2209 2312 2281 2337 non
2304 2302 2360 2337 sit.

1277 2353 1315 2389 id
1339 2364 1385 2389 ue
1409 2356 1445 2388 et
1466 2352 1627 2387 Aristoni
1651 2355 1686 2387 et
1708 2350 1855 2386 Neratio
1881 2353 1915 2385 et
1937 2347 2132 2393 Pomponio
2182 2347 2287 2381 lacet.

1316 2364 1374 2436 31
1410 2397 1604 2434 ULPIANUS
1635 2397 1725 2432 libro
1757 2395 1937 2441 triqesz'mo
1969 2394 2093 2438 quinto
2110 2358 2179 2443 ’af
2188 2390 2361 2426 Sabinum

1277 2443 1559 2489 stipulationem,
1585 2451 1676 2487 quae
1699 2443 1845 2486 propter
1870 2448 2014 2474 causam
2046 2436 2137 2471 dotis
2168 2435 2249 2487 fiat,
2275 2445 2359 2470 con-

1277 2492 1350 2524 stat
1372 2488 1505 2523 habere
1527 2487 1564 2521 in
1588 2497 1626 2521 se
1651 2485 1893 2521 condicionem
1916 2483 2009 2517 hanc
2042 2481 2083 2532 ‘si
2114 2485 2260 2524 nuptiae
2282 2479 2359 2514 fue-

1276 2533 1349 2568 rint
1372 2532 1541 2571 secutae’‚
1567 2534 1602 2566 et
1625 2531 1676 2566 ita
1700 2530 1839 2564 demum
1875 2538 1918 2563 ex
1949 2536 1991 2562 ea
2013 2536 2070 2570 agi
2091 2534 2197 2569 posse
2222 2527 2357 2568 (quam-

1277 2579 1328 2614 vis
1352 2588 1425 2613 non
1449 2577 1495 2612 sit
1520 2585 1688 2621 expressa
1712 2573 1897 2614 condicio),
1923 2571 1953 2606 si
1977 2570 2122 2615 nuptiae
2137 2570 2174 2610 ¹³,
2199 2573 2353 2604 constat:

1277 2633 1387 2669 quare
1411 2622 1442 2657 si
1465 2622 1611 2656 nuntius
1634 2619 1845 2659 remittatur,
1871 2615 2041 2651 defecisse
2062 2613 2222 2650 condicio
2246 2613 2355 2658 stipu-

1275 2667 1418 2704 lationis
1441 2666 1580 2702 videtur

1322 2710 1376 2750 22
1402 2711 1560 2747 Panes
1587 2709 1676 2745 libro
1707 2707 1856 2754 septimo
1897 2705 1946 2740 ad
1976 2703 2148 2740 Sabinum
2206 2705 2242 2737 et
2274 2702 2359 2737 licet

1275 2761 1402 2804 postea
1426 2755 1538 2792 eidem
1561 2753 1731 2799 nupserit,
1756 2762 1829 2787 non
1853 2749 2068 2786 convalescit
2092 2747 2282 2799 stipulatio..

1322 2800 1374 2839 23
1407 2800 1601 2837 ULPJANUS
1621 2798 1710 2834 libro
1742 2795 1923 2842 triqesz‘mo
1957 2795 2081 2839 quinto
2115 2793 2163 2827 ad
2186 2791 2358 2827 Sabmum

1277 2847 1366 2892 Quia
1390 2848 1507 2881 autem
1530 2845 1567 2879 in
1590 2841 1818 2887 stipulatione
1841 2843 1978 2875 nonest
2001 2837 2202 2873 necessaria
2226 2835 2317 2871 dotis
2332 2837 2358 2856 ¹⁴

1276 2891 1438 2932 adiectio,
1464 2889 1569 2925 etiam
1592 2888 1630 2922 in
1654 2886 1796 2921 datione
1819 2883 2026 2919 tantundem
2050 2882 2210 2917 ducimus
2223 2882 2277 2932 ¹⁵..

1321 2934 1375 2973 24
1400 2934 1627 2970 POMPONIUS
1652 2931 1743 2966 libro
1779 2930 1903 2975 quinto
1935 2928 2070 2963 decimo
2109 2926 2158 2961 ad
2187 2925 2358 2960 Sabmum

1277 2981 1314 3016 Si
1336 2979 1410 3015 filia
1432 2978 1583 3013 familias
1603 2979 1758 3020 nuptura
1779 2984 1822 3009 ex
1869 2972 1993 3014 eculio,
2015 2972 2115 3007 cuius
2135 2970 2356 3005 administra-

1275 3026 1407 3060 tionem
1427 3023 1545 3064 habet,
1567 3021 1685 3056 dotem
1705 3020 1779 3054 viro
1802 3018 1844 3054 de
1872 3018 1907 3059 't,
1929 3017 2066 3058 deinde,
2089 3015 2224 3066 cum-in
2237 3013 2356 3063 eadem

1277 3079 1387 3106 causa
1409 3067 1587 3112 peculium
1619 3065 1693 3100 eius
1725 3066 1836 3104 esset,
1869 3061 2056 3097 divortium
2078 3060 2213 3111 fecerit,
2239 3058 2301 3092 dos
2326 3067 2357 3091 ei

1276 3117 1372 3150 recte
1396 3112 1542 3147 solvitur
1565 3109 1667 3155 quasi
1690 3118 1713 3144 a
1736 3107 1892 3153 quolibet
1914 3106 2085 3152 peculiari
2110 3104 2286 3152 debitore„
2345 3144 2353 3151 ·

1324 3156 1375 3195 25
1414 3156 1571 3191 Panos
1609 3154 1700 3190 libro
1742 3153 1892 3205 septimo
1928 3151 1977 3186 ad
2010 3149 2183 3199 Sabinam
2251 3145 2288 3180 Si
2324 3154 2355 3179 ei

1276 3206 1432 3248 nuptura
1463 3200 1606 3241 mulier,
1639 3198 1699 3250 qui
1731 3197 1891 3232 Stichum
1922 3195 2091 3234 debebat,
2122 3196 2172 3226 ita
2203 3200 2281 3225 cum
2307 3198 2353 3239 'eo

1302 3251 1384 3282 acta
1407 3248 1478 3281 est:
1512 3247 1588 3289 ‘pro
1613 3242 1746 3285 Sticho,
1795 3252 1876 3276 uem
1898 3240 1982 3274 mihi
2006 3239 2123 3289 debes,
2148 3236 2265 3270 decem
2290 3232 2354 3266 tibi

1276 3259 1350 3327 goti
1382 3289 1508 3331 erunt',
1541 3287 1735 3323 secundum
1765 3253 1802 3321 id
1832 3285 1928 3337 quod
1958 3284 2093 3328 placuit
2122 3290 2195 3330 reni
2228 3287 2291 3322 pro
2314 3285 2354 3310 re

1277 3336 1364 3372 solvi
1386 3343 1491 3380 posse
1515 3336 1550 3368 et
1571 3332 1733 3368 liberatio
1759 3329 1931 3374 contingit
1964 3331 1999 3363 et
2029 3327 2146 3361 decem
2170 3334 2214 3374 ,in
2237 3321 2354 3373 dotem

1278 3383 1399 3421 erunt,
1431 3378 1515 3423 quia
1545 3381 1581 3412 et
1608 3375 1821 3422 permutatio
1854 3373 1987 3410 dotium
2020 3371 2247 3405 conventione
2278 3365 2354 3398 lieri

1277 3427 1405 3470 potest.

127 3482 2346 3512 M

124 3543 164 3584 (1)
190 3552 228 3574 ea
240 3542 275 3574 F
360 3543 403 3582 (2)
427 3543 675 3576 demortuorum
687 3542 740 3575 F2
861 3543 904 3583 (3)
929 3541 1010 3582 quia
1020 3538 1209 3572 aestimatio

123 3587 275 3619 venditio
288 3588 338 3619 est
350 3587 410 3620 del.
424 3587 576 3630 Krueyer
656 3592 699 3628 (4)
725 3587 876 3628 quamvis
889 3586 952 3619 del.
1042 3586 1084 3624 (5)
1109 3583 1209 3616 aesti-

123 3631 345 3664 mationemw
357 3631 509 3664 Breuem.
546 3632 590 3674 (6)
604 3641 664 3664 nec
675 3631 810 3664 admitti
822 3631 898 3673 ipsa
909 3629 1102 3662 donationis
1111 3637 1212 3660 causa

128 3678 241 3718 potest
251 3677 311 3709 ins.
383 3679 424 3715 (Ἰ)
450 3678 483 3707 et
495 3677 553 3708 ins.
626 3677 680 3718 (τ’)
692 3675 890 3708 restituetur
902 3674 937 3707 F
1009 3675 1053 3715 (8)
1078 3672 1135 3705 sed
1149 3672 1210 3705 del.

133 3721 206 3754 edd.
301 3722 345 3762 (9)
370 3720 412 3752 ad
426 3720 586 3752 Sabinum
601 3720 729 3754 Blume.
823 3720 881 3759 (1ο)
907 3719 1031 3758 evenit]
1045 3718 1138 3749 venit
1149 3728 1212 3749 scr.

1279 3538 1332 3578 (11)
1354 3537 1396 3578 qf.
1416 3534 1589 3568 Iavolenus
1602 3531 1798 3567 exLabeone
1810 3531 1854 3563 D.
1869 3530 1922 3568 24,
1936 3534 1962 3566 3,
1977 3533 2023 3565 66,
2037 3532 2053 3558 3
2128 3523 2184 3561 (12)
2199 3520 2352 3572 exigatur

1281 3593 1348 3614 cum
1368 3580 1405 3613 B
1429 3579 1582 3613 Cuiaciue
1765 3576 1822 3615 (13)
1848 3572 1972 3605 fuerint
1996 3571 2127 3601 secutae
2148 3578 2208 3599 sec.
2230 3565 2274 3598 Β.
2291 3575 2351 3596 ins.

1282 3626 1339 3666 (14)
1364 3634 1433 3656 non
1445 3626 1495 3656 est
1506 3621 1694 3655 necessaria
1706 3621 1742 3653 in
1756 3617 1973 3660 stipulatione
1998 3612 2084 3645 dotis
2103 3623 2163 3645 sec.
2176 3610 2212 3643 B
2222 3610 2299 3653 sere
2318 3613 2353 3641 ιιε

1287 3669 1439 3704 Οαίασίτω
1531 3668 1589 3709 (15)
1614 3666 1756 3699 dicimus
1769 3675 1828 3696 sec.
1841 3660 1872 3693 B
1888 3673 1949 3693 scr.
