<?xml version="1.0" encoding="UTF-8"?>
<!DOCTYPE html PUBLIC "-//W3C//DTD XHTML 1.0 Transitional//EN"
    "http://www.w3.org/TR/xhtml1/DTD/xhtml1-transitional.dtd">
<html xmlns="http://www.w3.org/1999/xhtml" xml:lang="en" lang="en">
 <head>
  <title>
</title>
<meta http-equiv="Content-Type" content="text/html;charset=utf-8" />
  <meta name='ocr-system' content='tesseract 3.04.00' />
  <meta name='ocr-capabilities' content='ocr_page ocr_carea ocr_par ocr_line ocrx_word'/>
</head>
<body>
  <div class='ocr_page' id='page_1' title='image "./corpusjuriscivil01krueuoft_0226.png"; bbox 0 0 2528 3918; ppageno 0'>
   <div class='ocr_carea' id='block_1_1' title="bbox 202 124 389 166">
    <p class='ocr_par' dir='ltr' id='par_1_1' title="bbox 202 124 389 166">
     <span class='ocr_line' id='line_1_1' title="bbox 202 124 389 166; baseline 0.005 -1"><span class='ocrx_word' id='word_1_1' title='bbox 202 124 281 166; x_wconf 85' lang='lat' dir='ltr'>VII</span> <span class='ocrx_word' id='word_1_2' title='bbox 311 126 349 166; x_wconf 86' lang='lat'>8.</span> <span class='ocrx_word' id='word_1_3' title='bbox 364 125 389 165; x_wconf 88' lang='grc'>9</span> 
     </span>
    </p>
   </div>
   <div class='ocr_carea' id='block_1_2' title="bbox 193 243 1281 3427">
    <p class='ocr_par' dir='ltr' id='par_1_2' title="bbox 197 243 1281 917">
     <span class='ocr_line' id='line_1_2' title="bbox 202 243 1279 288; baseline -0.004 -6"><span class='ocrx_word' id='word_1_4' title='bbox 202 258 271 282; x_wconf 91' lang='lat' dir='ltr'>non</span> <span class='ocrx_word' id='word_1_5' title='bbox 295 245 427 281; x_wconf 80' lang='lat' dir='ltr'>locabit</span> <span class='ocrx_word' id='word_1_6' title='bbox 452 254 565 288; x_wconf 89' lang='lat' dir='ltr'>neque</span> <span class='ocrx_word' id='word_1_7' title='bbox 588 244 648 278; x_wconf 90' lang='lat' dir='ltr'>alii</span> <span class='ocrx_word' id='word_1_8' title='bbox 678 243 810 279; x_wconf 89' lang='lat' dir='ltr'>utendo</span> <span class='ocrx_word' id='word_1_9' title='bbox 845 243 1034 286; x_wconf 86' lang='lat' dir='ltr'>concedet,</span> <span class='ocrx_word' id='word_1_10' title='bbox 1068 249 1103 279; x_wconf 88' lang='lat' dir='ltr'>et</span> <span class='ocrx_word' id='word_1_11' title='bbox 1133 244 1184 278; x_wconf 90' lang='lat' dir='ltr'>ita</span> <span class='ocrx_word' id='word_1_12' title='bbox 1207 243 1279 279; x_wconf 90' lang='lat' dir='ltr'>La-</span> 
     </span>
     <span class='ocr_line' id='line_1_3' title="bbox 201 288 1280 334; baseline -0.003 -8"><span class='ocrx_word' id='word_1_13' title='bbox 201 292 286 327; x_wconf 85' lang='lat' dir='ltr'>beo:</span> <span class='ocrx_word' id='word_1_14' title='bbox 310 288 606 334; x_wconf 80' lang='lat' dir='ltr'><strong>quemadmodum</strong></span> <span class='ocrx_word' id='word_1_15' title='bbox 629 289 723 323; x_wconf 90' lang='lat' dir='ltr'>enim</span> <span class='ocrx_word' id='word_1_16' title='bbox 747 289 942 324; x_wconf 84' lang='lat' dir='ltr'>concedere</span> <span class='ocrx_word' id='word_1_17' title='bbox 965 289 1026 323; x_wconf 89' lang='lat' dir='ltr'>alii</span> <span class='ocrx_word' id='word_1_18' title='bbox 1049 299 1069 324; x_wconf 96' lang='lat' dir='ltr'>o</span> <span class='ocrx_word' id='word_1_19' title='bbox 1097 298 1176 324; x_wconf 85' lang='lat' dir='ltr'>eras</span> <span class='ocrx_word' id='word_1_20' title='bbox 1215 298 1280 332; x_wconf 88' lang='lat' dir='ltr'>po-</span> 
     </span>
     <span class='ocr_line' id='line_1_4' title="bbox 199 333 1279 378; baseline -0.003 -7"><span class='ocrx_word' id='word_1_21' title='bbox 199 335 307 377; x_wconf 83' lang='lat' dir='ltr'>terit¹,</span> <span class='ocrx_word' id='word_1_22' title='bbox 334 345 414 370; x_wconf 93' lang='lat' dir='ltr'>cum</span> <span class='ocrx_word' id='word_1_23' title='bbox 444 334 522 378; x_wconf 90' lang='lat' dir='ltr'>ipse</span> <span class='ocrx_word' id='word_1_24' title='bbox 545 333 597 368; x_wconf 92' lang='lat' dir='ltr'>uti</span> <span class='ocrx_word' id='word_1_25' title='bbox 621 333 774 369; x_wconf 83' lang='lat' dir='ltr'>debeat?</span> <span class='ocrx_word' id='word_1_26' title='bbox 809 333 902 368; x_wconf 91' lang='lat' dir='ltr'>idem</span> <span class='ocrx_word' id='word_1_27' title='bbox 925 337 1044 368; x_wconf 89' lang='lat' dir='ltr'>tamen</span> <span class='ocrx_word' id='word_1_28' title='bbox 1100 333 1188 368; x_wconf 91' lang='lat' dir='ltr'>abeo</span> <span class='ocrx_word' id='word_1_29' title='bbox 1213 343 1279 378; x_wconf 92' lang='lat' dir='ltr'>pu-</span> 
     </span>
     <span class='ocr_line' id='line_1_5' title="bbox 200 378 1280 430; baseline -0.004 -15"><span class='ocrx_word' id='word_1_30' title='bbox 200 385 271 421; x_wconf 89' lang='lat' dir='ltr'>tat,</span> <span class='ocrx_word' id='word_1_31' title='bbox 303 380 333 414; x_wconf 92' lang='lat' dir='ltr'>si</span> <span class='ocrx_word' id='word_1_32' title='bbox 363 379 511 414; x_wconf 89' lang='lat' dir='ltr'>fundum</span> <span class='ocrx_word' id='word_1_33' title='bbox 542 378 775 414; x_wconf 82' lang='lat' dir='ltr'>conduxerit²</span> <span class='ocrx_word' id='word_1_34' title='bbox 799 379 895 430; x_wconf 85' lang='lat' dir='ltr'>quis,</span> <span class='ocrx_word' id='word_1_35' title='bbox 927 378 1110 414; x_wconf 87' lang='lat' dir='ltr'>usuarium</span> <span class='ocrx_word' id='word_1_36' title='bbox 1141 387 1280 413; x_wconf 86' lang='lat' dir='ltr'>servum</span> 
     </span>
     <span class='ocr_line' id='line_1_6' title="bbox 200 422 1281 503; baseline -0.003 -44"><span class='ocrx_word' id='word_1_37' title='bbox 200 435 305 470; x_wconf 88' lang='lat' dir='ltr'>posse</span> <span class='ocrx_word' id='word_1_38' title='bbox 328 424 376 458; x_wconf 90' lang='lat' dir='ltr'>ibi</span> <span class='ocrx_word' id='word_1_39' title='bbox 399 423 556 503; x_wconf 61' lang='lat' dir='ltr'>operari:</span> <span class='ocrx_word' id='word_1_40' title='bbox 582 423 666 469; x_wconf 90' lang='lat' dir='ltr'>quid</span> <span class='ocrx_word' id='word_1_41' title='bbox 690 424 784 459; x_wconf 89' lang='lat' dir='ltr'>enim</span> <span class='ocrx_word' id='word_1_42' title='bbox 808 426 964 464; x_wconf 85' lang='lat' dir='ltr'>interest,</span> <span class='ocrx_word' id='word_1_43' title='bbox 989 422 1025 457; x_wconf 93' lang='lat' dir='ltr'>in</span> <span class='ocrx_word' id='word_1_44' title='bbox 1038 433 1159 475; x_wconf 81' lang='lat' dir='ltr'>quare</span> <span class='ocrx_word' id='word_1_45' title='bbox 1172 432 1281 466; x_wconf 88' lang='lat' dir='ltr'>opera</span> 
     </span>
     <span class='ocr_line' id='line_1_7' title="bbox 200 467 1279 513; baseline -0.003 -8"><span class='ocrx_word' id='word_1_46' title='bbox 200 470 275 505; x_wconf 89' lang='lat' dir='ltr'>eius</span> <span class='ocrx_word' id='word_1_47' title='bbox 298 472 435 503; x_wconf 80' lang='lat' dir='ltr'>utatur·</span> <span class='ocrx_word' id='word_1_48' title='bbox 480 478 589 513; x_wconf 90' lang='lat' dir='ltr'>quare</span> <span class='ocrx_word' id='word_1_49' title='bbox 613 473 648 503; x_wconf 91' lang='lat' dir='ltr'>et</span> <span class='ocrx_word' id='word_1_50' title='bbox 671 469 702 504; x_wconf 91' lang='lat' dir='ltr'>si</span> <span class='ocrx_word' id='word_1_51' title='bbox 725 469 843 504; x_wconf 89' lang='lat' dir='ltr'>lanam</span> <span class='ocrx_word' id='word_1_52' title='bbox 873 467 1083 503; x_wconf 88' lang='lat' dir='ltr'>conduxerit</span> <span class='ocrx_word' id='word_1_53' title='bbox 1113 467 1279 503; x_wconf 87' lang='lat' dir='ltr'>usuarius</span> 
     </span>
     <span class='ocr_line' id='line_1_8' title="bbox 200 512 1280 565; baseline -0.003 -15"><span class='ocrx_word' id='word_1_54' title='bbox 200 513 466 558; x_wconf 87' lang='lat' dir='ltr'>expediendam,</span> <span class='ocrx_word' id='word_1_55' title='bbox 490 513 621 558; x_wconf 86' lang='lat' dir='ltr'>poterit</span> <span class='ocrx_word' id='word_1_56' title='bbox 639 514 746 550; x_wconf 91' lang='lat' dir='ltr'>etiam</span> <span class='ocrx_word' id='word_1_57' title='bbox 764 524 827 565; x_wconf 86' lang='lat' dir='ltr'>per</span> <span class='ocrx_word' id='word_1_58' title='bbox 846 513 1009 548; x_wconf 90' lang='lat' dir='ltr'>usuarias</span> <span class='ocrx_word' id='word_1_59' title='bbox 1030 512 1177 547; x_wconf 80' lang='lat' dir='ltr'><strong>ancillas</strong></span> <span class='ocrx_word' id='word_1_60' title='bbox 1191 522 1280 557; x_wconf 91' lang='lat' dir='ltr'>opus</span> 
     </span>
     <span class='ocr_line' id='line_1_9' title="bbox 199 557 1281 604; baseline -0.002 -10"><span class='ocrx_word' id='word_1_61' title='bbox 199 558 387 604; x_wconf 86' lang='lat' dir='ltr'>perficere,</span> <span class='ocrx_word' id='word_1_62' title='bbox 419 558 601 603; x_wconf 88' lang='lat' dir='ltr'>idemque,</span> <span class='ocrx_word' id='word_1_63' title='bbox 633 559 663 594; x_wconf 92' lang='lat' dir='ltr'>si</span> <span class='ocrx_word' id='word_1_64' title='bbox 687 562 895 594; x_wconf 88' lang='lat' dir='ltr'>vestimenta</span> <span class='ocrx_word' id='word_1_65' title='bbox 918 557 1070 592; x_wconf 85' lang='lat' dir='ltr'>texenda</span> <span class='ocrx_word' id='word_1_66' title='bbox 1093 557 1281 593; x_wconf 88' lang='lat' dir='ltr'>redemerit</span> 
     </span>
     <span class='ocr_line' id='line_1_10' title="bbox 199 602 1280 646; baseline 0 -8"><span class='ocrx_word' id='word_1_67' title='bbox 199 604 253 638; x_wconf 90' lang='lat' dir='ltr'>vel</span> <span class='ocrx_word' id='word_1_68' title='bbox 276 603 428 638; x_wconf 87' lang='lat' dir='ltr'>insulam</span> <span class='ocrx_word' id='word_1_69' title='bbox 451 603 504 638; x_wconf 91' lang='lat' dir='ltr'>vel</span> <span class='ocrx_word' id='word_1_70' title='bbox 528 613 652 638; x_wconf 89' lang='lat' dir='ltr'>navem</span> <span class='ocrx_word' id='word_1_71' title='bbox 674 603 937 644; x_wconf 76' lang='lat' dir='ltr'>fabricandam,</span> <span class='ocrx_word' id='word_1_72' title='bbox 969 602 1100 646; x_wconf 89' lang='lat' dir='ltr'>poterit</span> <span class='ocrx_word' id='word_1_73' title='bbox 1122 602 1168 637; x_wconf 90' lang='lat' dir='ltr'>ad</span> <span class='ocrx_word' id='word_1_74' title='bbox 1190 602 1280 638; x_wconf 88' lang='lat' dir='ltr'>haec</span> 
     </span>
     <span class='ocr_line' id='line_1_11' title="bbox 198 647 1277 693; baseline -0.001 -10"><span class='ocrx_word' id='word_1_75' title='bbox 198 648 316 693; x_wconf 88' lang='lat' dir='ltr'>operis</span> <span class='ocrx_word' id='word_1_76' title='bbox 340 648 391 682; x_wconf 91' lang='lat' dir='ltr'>uti</span> <span class='ocrx_word' id='word_1_77' title='bbox 415 647 567 683; x_wconf 87' lang='lat' dir='ltr'>usuarii:</span> <span class='ocrx_word' id='word_1_78' title='bbox 593 658 658 684; x_wconf 90' lang='lat' dir='ltr'>nec</span> <span class='ocrx_word' id='word_1_79' title='bbox 682 647 881 684; x_wconf 87' lang='lat' dir='ltr'>offendetur</span> <span class='ocrx_word' id='word_1_80' title='bbox 904 648 964 682; x_wconf 86' lang='lat' dir='ltr'>illa</span> <span class='ocrx_word' id='word_1_81' title='bbox 988 647 1111 682; x_wconf 89' lang='lat' dir='ltr'>Sabini</span> <span class='ocrx_word' id='word_1_82' title='bbox 1134 651 1277 683; x_wconf 89' lang='lat' dir='ltr'>senten-</span> 
     </span>
     <span class='ocr_line' id='line_1_12' title="bbox 200 692 1281 728; baseline -0.001 -1"><span class='ocrx_word' id='word_1_83' title='bbox 200 693 251 728; x_wconf 90' lang='lat' dir='ltr'>tia</span> <span class='ocrx_word' id='word_1_84' title='bbox 283 693 434 728; x_wconf 90' lang='lat' dir='ltr'>ancillae</span> <span class='ocrx_word' id='word_1_85' title='bbox 465 703 533 728; x_wconf 91' lang='lat' dir='ltr'>usu</span> <span class='ocrx_word' id='word_1_86' title='bbox 564 692 648 728; x_wconf 89' lang='lat' dir='ltr'>dato</span> <span class='ocrx_word' id='word_1_87' title='bbox 679 693 725 727; x_wconf 90' lang='lat' dir='ltr'>ad</span> <span class='ocrx_word' id='word_1_88' title='bbox 742 692 947 728; x_wconf 90' lang='lat' dir='ltr'>-lanificium</span> <span class='ocrx_word' id='word_1_89' title='bbox 978 702 1056 726; x_wconf 89' lang='lat' dir='ltr'>eam</span> <span class='ocrx_word' id='word_1_90' title='bbox 1086 702 1158 727; x_wconf 93' lang='lat' dir='ltr'>non</span> <span class='ocrx_word' id='word_1_91' title='bbox 1189 692 1281 727; x_wconf 90' lang='lat' dir='ltr'>mitti</span> 
     </span>
     <span class='ocr_line' id='line_1_13' title="bbox 198 736 1280 783; baseline -0.001 -10"><span class='ocrx_word' id='word_1_92' title='bbox 198 748 264 773; x_wconf 89' lang='lat' dir='ltr'>nec</span> <span class='ocrx_word' id='word_1_93' title='bbox 288 747 332 772; x_wconf 89' lang='lat' dir='ltr'>ex</span> <span class='ocrx_word' id='word_1_94' title='bbox 354 738 471 783; x_wconf 90' lang='lat' dir='ltr'>operis</span> <span class='ocrx_word' id='word_1_95' title='bbox 495 738 691 773; x_wconf 88' lang='lat' dir='ltr'>mercedem</span> <span class='ocrx_word' id='word_1_96' title='bbox 715 738 812 783; x_wconf 91' lang='lat' dir='ltr'>capi,</span> <span class='ocrx_word' id='word_1_97' title='bbox 844 737 906 772; x_wconf 92' lang='lat' dir='ltr'>sed</span> <span class='ocrx_word' id='word_1_98' title='bbox 929 736 997 772; x_wconf 86' lang='lat' dir='ltr'>sibi</span> <span class='ocrx_word' id='word_1_99' title='bbox 1019 737 1138 771; x_wconf 87' lang='lat' dir='ltr'>lanam</span> <span class='ocrx_word' id='word_1_100' title='bbox 1160 736 1280 772; x_wconf 86' lang='lat' dir='ltr'>facere</span> 
     </span>
     <span class='ocr_line' id='line_1_14' title="bbox 198 781 1279 828; baseline 0 -10"><span class='ocrx_word' id='word_1_101' title='bbox 198 783 274 818; x_wconf 89' lang='lat' dir='ltr'>iure</span> <span class='ocrx_word' id='word_1_102' title='bbox 294 783 460 828; x_wconf 85' lang='lat' dir='ltr'>cogere³:</span> <span class='ocrx_word' id='word_1_103' title='bbox 486 783 554 818; x_wconf 88' lang='lat' dir='ltr'>sibi</span> <span class='ocrx_word' id='word_1_104' title='bbox 566 783 657 818; x_wconf 89' lang='lat' dir='ltr'>enim</span> <span class='ocrx_word' id='word_1_105' title='bbox 669 782 788 818; x_wconf 82' lang='lat' dir='ltr'>facere</span> <span class='ocrx_word' id='word_1_106' title='bbox 806 782 955 823; x_wconf 88' lang='lat' dir='ltr'>videtur,</span> <span class='ocrx_word' id='word_1_107' title='bbox 980 781 1041 826; x_wconf 93' lang='lat' dir='ltr'>qui</span> <span class='ocrx_word' id='word_1_108' title='bbox 1060 792 1132 817; x_wconf 90' lang='lat' dir='ltr'>non</span> <span class='ocrx_word' id='word_1_109' title='bbox 1151 792 1279 827; x_wconf 79' lang='lat' dir='ltr'>operas</span> 
     </span>
     <span class='ocr_line' id='line_1_15' title="bbox 198 826 1280 873; baseline 0 -11"><span class='ocrx_word' id='word_1_110' title='bbox 198 827 273 862; x_wconf 91' lang='lat' dir='ltr'>eius</span> <span class='ocrx_word' id='word_1_111' title='bbox 297 827 447 868; x_wconf 83' lang='lat' dir='ltr'>locavit,</span> <span class='ocrx_word' id='word_1_112' title='bbox 471 827 534 863; x_wconf 89' lang='lat' dir='ltr'>sed</span> <span class='ocrx_word' id='word_1_113' title='bbox 558 838 648 873; x_wconf 91' lang='lat' dir='ltr'>opus</span> <span class='ocrx_word' id='word_1_114' title='bbox 672 827 767 872; x_wconf 90' lang='lat' dir='ltr'>quod</span> <span class='ocrx_word' id='word_1_115' title='bbox 792 826 962 862; x_wconf 85' lang='lat' dir='ltr'>conduxit</span> <span class='ocrx_word' id='word_1_116' title='bbox 986 826 1152 871; x_wconf 82' lang='lat' dir='ltr'>expediit.</span> <span class='ocrx_word' id='word_1_117' title='bbox 1188 826 1280 862; x_wconf 92' lang='lat' dir='ltr'>idem</span> 
     </span>
     <span class='ocr_line' id='line_1_16' title="bbox 197 872 624 917; baseline 0 -10"><span class='ocrx_word' id='word_1_118' title='bbox 197 876 234 908; x_wconf 86' lang='lat' dir='ltr'>ct</span> <span class='ocrx_word' id='word_1_119' title='bbox 258 872 460 908; x_wconf 86' lang='lat' dir='ltr'>Octavenus</span> <span class='ocrx_word' id='word_1_120' title='bbox 484 873 624 917; x_wconf 88' lang='lat' dir='ltr'>probat.</span> 
     </span>
    </p>

    <p class='ocr_par' dir='ltr' id='par_1_3' title="bbox 198 915 1280 1052">
     <span class='ocr_line' id='line_1_17' title="bbox 249 915 1280 963; baseline -0.001 -10"><span class='ocrx_word' id='word_1_121' title='bbox 249 915 298 954; x_wconf 87' lang='grc'>13</span> <span class='ocrx_word' id='word_1_122' title='bbox 334 916 457 953; x_wconf 69' lang='grc' dir='ltr'><em>θᾼισε</em></span> <span class='ocrx_word' id='word_1_123' title='bbox 491 917 582 953; x_wconf 78' lang='lat' dir='ltr'>libro</span> <span class='ocrx_word' id='word_1_124' title='bbox 613 918 762 963; x_wconf 78' lang='lat' dir='ltr'>septimo</span> <span class='ocrx_word' id='word_1_125' title='bbox 794 917 843 952; x_wconf 77' lang='lat' dir='ltr'>acl</span> <span class='ocrx_word' id='word_1_126' title='bbox 873 917 1026 952; x_wconf 84' lang='lat' dir='ltr'>edictum</span> <span class='ocrx_word' id='word_1_127' title='bbox 1083 917 1280 952; x_wconf 79' lang='lat' dir='ltr'>rovz‘nciale</span> 
     </span>
     <span class='ocr_line' id='line_1_18' title="bbox 198 961 1280 1007; baseline 0 -10"><span class='ocrx_word' id='word_1_128' title='bbox 198 961 269 998; x_wconf 85' lang='lat' dir='ltr'>Sed</span> <span class='ocrx_word' id='word_1_129' title='bbox 290 962 360 1007; x_wconf 88' lang='lat' dir='ltr'>ipsi</span> <span class='ocrx_word' id='word_1_130' title='bbox 382 973 481 997; x_wconf 90' lang='lat' dir='ltr'>servo</span> <span class='ocrx_word' id='word_1_131' title='bbox 507 962 698 997; x_wconf 88' lang='lat' dir='ltr'>ancillaeve</span> <span class='ocrx_word' id='word_1_132' title='bbox 717 972 782 1007; x_wconf 90' lang='lat' dir='ltr'>pro</span> <span class='ocrx_word' id='word_1_133' title='bbox 803 971 913 1006; x_wconf 90' lang='lat' dir='ltr'>opera</span> <span class='ocrx_word' id='word_1_134' title='bbox 931 971 1047 997; x_wconf 89' lang='lat' dir='ltr'>merce</span> <span class='ocrx_word' id='word_1_135' title='bbox 1074 972 1128 997; x_wconf 89' lang='lat' dir='ltr'>em</span> <span class='ocrx_word' id='word_1_136' title='bbox 1146 962 1280 1007; x_wconf 88' lang='lat' dir='ltr'>imponi</span> 
     </span>
     <span class='ocr_line' id='line_1_19' title="bbox 198 1007 634 1052; baseline -0.002 -10"><span class='ocrx_word' id='word_1_137' title='bbox 198 1016 303 1052; x_wconf 88' lang='lat' dir='ltr'>posse</span> <span class='ocrx_word' id='word_1_138' title='bbox 325 1007 485 1043; x_wconf 87' lang='lat' dir='ltr'>Labeoni</span> <span class='ocrx_word' id='word_1_139' title='bbox 508 1008 634 1052; x_wconf 88' lang='lat' dir='ltr'>placet.</span> 
     </span>
    </p>

    <p class='ocr_par' dir='ltr' id='par_1_4' title="bbox 194 1050 1281 2208">
     <span class='ocr_line' id='line_1_20' title="bbox 248 1050 1279 1097; baseline -0.001 -9"><span class='ocrx_word' id='word_1_140' title='bbox 248 1050 298 1089; x_wconf 85' lang='lat'>14</span> <span class='ocrx_word' id='word_1_141' title='bbox 329 1051 522 1088; x_wconf 76' lang='lat' dir='ltr'><em>ULPIANUS</em></span> <span class='ocrx_word' id='word_1_142' title='bbox 559 1052 649 1087; x_wconf 83' lang='lat' dir='ltr'>libro</span> <span class='ocrx_word' id='word_1_143' title='bbox 680 1052 828 1097; x_wconf 78' lang='lat' dir='ltr'>septimo</span> <span class='ocrx_word' id='word_1_144' title='bbox 860 1051 995 1087; x_wconf 80' lang='lat' dir='ltr'>decimo</span> <span class='ocrx_word' id='word_1_145' title='bbox 1027 1051 1077 1087; x_wconf 86' lang='lat' dir='ltr'>ad</span> <span class='ocrx_word' id='word_1_146' title='bbox 1106 1051 1279 1087; x_wconf 75' lang='lat' dir='ltr'>Sabinum</span> 
     </span>
     <span class='ocr_line' id='line_1_21' title="bbox 199 1096 1279 1162; baseline 0 -30"><span class='ocrx_word' id='word_1_147' title='bbox 199 1097 268 1132; x_wconf 89' lang='lat' dir='ltr'>Per</span> <span class='ocrx_word' id='word_1_148' title='bbox 299 1107 439 1132; x_wconf 89' lang='lat' dir='ltr'>servum</span> <span class='ocrx_word' id='word_1_149' title='bbox 463 1097 643 1132; x_wconf 88' lang='lat' dir='ltr'>usuarium</span> <span class='ocrx_word' id='word_1_150' title='bbox 667 1096 697 1131; x_wconf 91' lang='lat' dir='ltr'>si</span> <span class='ocrx_word' id='word_1_151' title='bbox 720 1096 868 1140; x_wconf 84' lang='lat' dir='ltr'>stipuler</span> <span class='ocrx_word' id='word_1_152' title='bbox 890 1096 944 1131; x_wconf 92' lang='lat' dir='ltr'>vel</span> <span class='ocrx_word' id='word_1_153' title='bbox 960 1106 1031 1162; x_wconf 64' lang='lat' dir='ltr'>Per</span> <span class='ocrx_word' id='word_1_154' title='bbox 1052 1096 1279 1132; x_wconf 83' lang='lat' dir='ltr'>traditionem</span> 
     </span>
     <span class='ocr_line' id='line_1_22' title="bbox 198 1141 1280 1187; baseline -0.001 -10"><span class='ocrx_word' id='word_1_155' title='bbox 198 1141 383 1187; x_wconf 84' lang='lat' dir='ltr'>accipiam,</span> <span class='ocrx_word' id='word_1_156' title='bbox 408 1151 454 1176; x_wconf 91' lang='lat' dir='ltr'>aii</span> <span class='ocrx_word' id='word_1_157' title='bbox 478 1142 671 1186; x_wconf 88' lang='lat' dir='ltr'>adquiram,</span> <span class='ocrx_word' id='word_1_158' title='bbox 697 1141 894 1185; x_wconf 87' lang='lat' dir='ltr'>quaeritur,</span> <span class='ocrx_word' id='word_1_159' title='bbox 919 1141 950 1176; x_wconf 91' lang='lat' dir='ltr'>si</span> <span class='ocrx_word' id='word_1_160' title='bbox 997 1151 1041 1176; x_wconf 90' lang='lat' dir='ltr'>ex</span> <span class='ocrx_word' id='word_1_161' title='bbox 1063 1151 1102 1177; x_wconf 91' lang='lat' dir='ltr'>re</span> <span class='ocrx_word' id='word_1_162' title='bbox 1124 1151 1202 1176; x_wconf 89' lang='lat' dir='ltr'>mea</span> <span class='ocrx_word' id='word_1_163' title='bbox 1225 1142 1280 1176; x_wconf 88' lang='lat' dir='ltr'>vel</span> 
     </span>
     <span class='ocr_line' id='line_1_23' title="bbox 198 1185 1278 1239; baseline -0.001 -17"><span class='ocrx_word' id='word_1_164' title='bbox 198 1197 242 1222; x_wconf 91' lang='lat' dir='ltr'>ex</span> <span class='ocrx_word' id='word_1_165' title='bbox 262 1187 379 1239; x_wconf 85' lang='lat' dir='ltr'>operis</span> <span class='ocrx_word' id='word_1_166' title='bbox 401 1187 487 1222; x_wconf 89' lang='lat' dir='ltr'>eius.</span> <span class='ocrx_word' id='word_1_167' title='bbox 524 1190 559 1222; x_wconf 89' lang='lat' dir='ltr'>et</span> <span class='ocrx_word' id='word_1_168' title='bbox 571 1187 599 1221; x_wconf 92' lang='lat' dir='ltr'>si</span> <span class='ocrx_word' id='word_1_169' title='bbox 612 1186 751 1230; x_wconf 90' lang='lat' dir='ltr'>quidem</span> <span class='ocrx_word' id='word_1_170' title='bbox 765 1196 807 1221; x_wconf 88' lang='lat' dir='ltr'>ex</span> <span class='ocrx_word' id='word_1_171' title='bbox 819 1186 936 1230; x_wconf 92' lang='lat' dir='ltr'>operis</span> <span class='ocrx_word' id='word_1_172' title='bbox 949 1185 1035 1228; x_wconf 91' lang='lat' dir='ltr'>eius,</span> <span class='ocrx_word' id='word_1_173' title='bbox 1054 1197 1125 1222; x_wconf 82' lang='lat' dir='ltr'>iic-n</span> <span class='ocrx_word' id='word_1_174' title='bbox 1137 1187 1278 1229; x_wconf 89' lang='lat' dir='ltr'>valebit,</span> 
     </span>
     <span class='ocr_line' id='line_1_24' title="bbox 197 1231 1280 1276; baseline 0 -10"><span class='ocrx_word' id='word_1_175' title='bbox 197 1241 365 1276; x_wconf 90' lang='lat' dir='ltr'>quomam</span> <span class='ocrx_word' id='word_1_176' title='bbox 387 1242 454 1267; x_wconf 90' lang='lat' dir='ltr'>nec</span> <span class='ocrx_word' id='word_1_177' title='bbox 477 1232 595 1267; x_wconf 91' lang='lat' dir='ltr'>locare</span> <span class='ocrx_word' id='word_1_178' title='bbox 618 1241 745 1275; x_wconf 85' lang='lat' dir='ltr'>operas</span> <span class='ocrx_word' id='word_1_179' title='bbox 770 1231 844 1266; x_wconf 91' lang='lat' dir='ltr'>eius</span> <span class='ocrx_word' id='word_1_180' title='bbox 868 1241 1076 1276; x_wconf 88' lang='lat' dir='ltr'>possumus:</span> <span class='ocrx_word' id='word_1_181' title='bbox 1102 1231 1165 1266; x_wconf 92' lang='lat' dir='ltr'>sed</span> <span class='ocrx_word' id='word_1_182' title='bbox 1185 1232 1215 1266; x_wconf 93' lang='lat' dir='ltr'>si</span> <span class='ocrx_word' id='word_1_183' title='bbox 1236 1242 1280 1267; x_wconf 89' lang='lat' dir='ltr'>ex</span> 
     </span>
     <span class='ocr_line' id='line_1_25' title="bbox 197 1276 1281 1321; baseline 0 -10"><span class='ocrx_word' id='word_1_184' title='bbox 197 1286 236 1311; x_wconf 91' lang='lat' dir='ltr'>re</span> <span class='ocrx_word' id='word_1_185' title='bbox 259 1287 347 1318; x_wconf 90' lang='lat' dir='ltr'>mea,</span> <span class='ocrx_word' id='word_1_186' title='bbox 372 1276 519 1311; x_wconf 87' lang='lat' dir='ltr'>dicimus</span> <span class='ocrx_word' id='word_1_187' title='bbox 537 1286 675 1310; x_wconf 90' lang='lat' dir='ltr'>servum</span> <span class='ocrx_word' id='word_1_188' title='bbox 695 1276 876 1311; x_wconf 89' lang='lat' dir='ltr'>usuarium</span> <span class='ocrx_word' id='word_1_189' title='bbox 896 1276 1124 1321; x_wconf 88' lang='lat' dir='ltr'>stipulantem</span> <span class='ocrx_word' id='word_1_190' title='bbox 1141 1277 1197 1311; x_wconf 91' lang='lat' dir='ltr'>vel</span> <span class='ocrx_word' id='word_1_191' title='bbox 1216 1286 1281 1321; x_wconf 90' lang='lat' dir='ltr'>per</span> 
     </span>
     <span class='ocr_line' id='line_1_26' title="bbox 198 1320 1280 1366; baseline 0.001 -11"><span class='ocrx_word' id='word_1_192' title='bbox 198 1321 422 1356; x_wconf 85' lang='lat' dir='ltr'>traditionem</span> <span class='ocrx_word' id='word_1_193' title='bbox 435 1321 511 1356; x_wconf 90' lang='lat' dir='ltr'>acci</span> <span class='ocrx_word' id='word_1_194' title='bbox 538 1321 665 1355; x_wconf 89' lang='lat' dir='ltr'>ientem</span> <span class='ocrx_word' id='word_1_195' title='bbox 677 1320 761 1355; x_wconf 91' lang='lat' dir='ltr'>mihi</span> <span class='ocrx_word' id='word_1_196' title='bbox 773 1320 969 1365; x_wconf 86' lang='lat' dir='ltr'>adquirere,</span> <span class='ocrx_word' id='word_1_197' title='bbox 995 1331 1076 1356; x_wconf 91' lang='lat' dir='ltr'>cum</span> <span class='ocrx_word' id='word_1_198' title='bbox 1088 1321 1157 1356; x_wconf 91' lang='lat' dir='ltr'>hac</span> <span class='ocrx_word' id='word_1_199' title='bbox 1169 1331 1280 1366; x_wconf 89' lang='lat' dir='ltr'>opera</span> 
     </span>
     <span class='ocr_line' id='line_1_27' title="bbox 202 1332 1280 1409; baseline 0 -8"><span class='ocrx_word' id='word_1_200' title='bbox 202 1370 215 1401; x_wconf 82' lang='lat'>1</span> <span class='ocrx_word' id='word_1_201' title='bbox 265 1366 340 1401; x_wconf 91' lang='lat' dir='ltr'>eius</span> <span class='ocrx_word' id='word_1_202' title='bbox 367 1369 459 1400; x_wconf 87' lang='lat' dir='ltr'>utar.</span> <span class='ocrx_word' id='word_1_203' title='bbox 508 1332 601 1400; x_wconf 52' lang='lat' dir='ltr'>{isus</span> <span class='ocrx_word' id='word_1_204' title='bbox 628 1365 767 1400; x_wconf 87' lang='lat' dir='ltr'>fructus</span> <span class='ocrx_word' id='word_1_205' title='bbox 796 1375 843 1400; x_wconf 89' lang='lat' dir='ltr'>aii</span> <span class='ocrx_word' id='word_1_206' title='bbox 862 1365 1003 1401; x_wconf 88' lang='lat' dir='ltr'>fructus</span> <span class='ocrx_word' id='word_1_207' title='bbox 1024 1366 1036 1400; x_wconf 96' lang='lat' dir='ltr'>l</span> <span class='ocrx_word' id='word_1_208' title='bbox 1081 1369 1172 1409; x_wconf 88' lang='lat' dir='ltr'>etur,</span> <span class='ocrx_word' id='word_1_209' title='bbox 1191 1365 1280 1401; x_wconf 88' lang='lat' dir='ltr'>nibil</span> 
     </span>
     <span class='ocr_line' id='line_1_28' title="bbox 196 1410 1278 1453; baseline 0.001 -8"><span class='ocrx_word' id='word_1_210' title='bbox 196 1411 359 1452; x_wconf 89' lang='lat' dir='ltr'>interest,</span> <span class='ocrx_word' id='word_1_211' title='bbox 383 1421 465 1445; x_wconf 91' lang='lat' dir='ltr'>nam</span> <span class='ocrx_word' id='word_1_212' title='bbox 488 1410 621 1445; x_wconf 88' lang='lat' dir='ltr'>fructui</span> <span class='ocrx_word' id='word_1_213' title='bbox 644 1414 680 1445; x_wconf 91' lang='lat' dir='ltr'>et</span> <span class='ocrx_word' id='word_1_214' title='bbox 702 1421 788 1445; x_wconf 92' lang='lat' dir='ltr'>usus</span> <span class='ocrx_word' id='word_1_215' title='bbox 811 1411 923 1453; x_wconf 89' lang='lat' dir='ltr'>inest,</span> <span class='ocrx_word' id='word_1_216' title='bbox 948 1411 1030 1446; x_wconf 91' lang='lat' dir='ltr'>usui</span> <span class='ocrx_word' id='word_1_217' title='bbox 1069 1415 1192 1446; x_wconf 85' lang='lat' dir='ltr'>ructus</span> <span class='ocrx_word' id='word_1_218' title='bbox 1217 1411 1278 1446; x_wconf 89' lang='lat' dir='ltr'>de·</span> 
     </span>
     <span class='ocr_line' id='line_1_29' title="bbox 196 1455 1279 1500; baseline 0 -9"><span class='ocrx_word' id='word_1_219' title='bbox 196 1460 269 1491; x_wconf 87' lang='lat' dir='ltr'>est:</span> <span class='ocrx_word' id='word_1_220' title='bbox 295 1459 330 1490; x_wconf 88' lang='lat' dir='ltr'>et</span> <span class='ocrx_word' id='word_1_221' title='bbox 349 1455 486 1490; x_wconf 88' lang='lat' dir='ltr'>fructus</span> <span class='ocrx_word' id='word_1_222' title='bbox 507 1455 647 1500; x_wconf 89' lang='lat' dir='ltr'>quidem</span> <span class='ocrx_word' id='word_1_223' title='bbox 666 1455 741 1490; x_wconf 90' lang='lat' dir='ltr'>sine</span> <span class='ocrx_word' id='word_1_224' title='bbox 760 1465 829 1490; x_wconf 90' lang='lat' dir='ltr'>usu</span> <span class='ocrx_word' id='word_1_225' title='bbox 848 1465 926 1491; x_wconf 90' lang='lat' dir='ltr'>esse</span> <span class='ocrx_word' id='word_1_226' title='bbox 945 1466 1018 1491; x_wconf 92' lang='lat' dir='ltr'>noii</span> <span class='ocrx_word' id='word_1_227' title='bbox 1037 1459 1168 1500; x_wconf 87' lang='lat' dir='ltr'>potest,</span> <span class='ocrx_word' id='word_1_228' title='bbox 1192 1466 1279 1491; x_wconf 89' lang='lat' dir='ltr'>usus</span> 
     </span>
     <span class='ocr_line' id='line_1_30' title="bbox 196 1499 1278 1545; baseline 0.001 -10"><span class='ocrx_word' id='word_1_229' title='bbox 196 1501 272 1535; x_wconf 88' lang='lat' dir='ltr'>sine</span> <span class='ocrx_word' id='word_1_230' title='bbox 303 1499 424 1535; x_wconf 85' lang='lat' dir='ltr'>fructu</span> <span class='ocrx_word' id='word_1_231' title='bbox 454 1504 583 1544; x_wconf 89' lang='lat' dir='ltr'>potest.</span> <span class='ocrx_word' id='word_1_232' title='bbox 619 1500 770 1545; x_wconf 90' lang='lat' dir='ltr'>denique</span> <span class='ocrx_word' id='word_1_233' title='bbox 800 1500 830 1535; x_wconf 92' lang='lat' dir='ltr'>si</span> <span class='ocrx_word' id='word_1_234' title='bbox 861 1500 926 1535; x_wconf 91' lang='lat' dir='ltr'>tibi</span> <span class='ocrx_word' id='word_1_235' title='bbox 956 1500 1095 1536; x_wconf 88' lang='lat' dir='ltr'>fructus</span> <span class='ocrx_word' id='word_1_236' title='bbox 1126 1501 1278 1536; x_wconf 90' lang='lat' dir='ltr'>deducto</span> 
     </span>
     <span class='ocr_line' id='line_1_31' title="bbox 196 1545 1278 1590; baseline 0.001 -10"><span class='ocrx_word' id='word_1_237' title='bbox 196 1556 263 1580; x_wconf 90' lang='lat' dir='ltr'>usu</span> <span class='ocrx_word' id='word_1_238' title='bbox 286 1545 421 1590; x_wconf 85' lang='lat' dir='ltr'>legatus</span> <span class='ocrx_word' id='word_1_239' title='bbox 446 1545 502 1586; x_wconf 91' lang='lat' dir='ltr'>sit,</span> <span class='ocrx_word' id='word_1_240' title='bbox 526 1545 649 1580; x_wconf 89' lang='lat' dir='ltr'>inutile</span> <span class='ocrx_word' id='word_1_241' title='bbox 672 1555 750 1580; x_wconf 90' lang='lat' dir='ltr'>esse</span> <span class='ocrx_word' id='word_1_242' title='bbox 773 1545 927 1589; x_wconf 87' lang='lat' dir='ltr'>legatum</span> <span class='ocrx_word' id='word_1_243' title='bbox 949 1545 1166 1590; x_wconf 82' lang='lat' dir='ltr'>Pomponius</span> <span class='ocrx_word' id='word_1_244' title='bbox 1189 1546 1278 1581; x_wconf 90' lang='lat' dir='ltr'>libro</span> 
     </span>
     <span class='ocr_line' id='line_1_32' title="bbox 195 1589 1279 1634; baseline 0.001 -10"><span class='ocrx_word' id='word_1_245' title='bbox 195 1590 319 1634; x_wconf 90' lang='lat' dir='ltr'>quinto</span> <span class='ocrx_word' id='word_1_246' title='bbox 353 1589 399 1624; x_wconf 88' lang='lat' dir='ltr'>ad</span> <span class='ocrx_word' id='word_1_247' title='bbox 431 1589 603 1624; x_wconf 90' lang='lat' dir='ltr'>Sabinum</span> <span class='ocrx_word' id='word_1_248' title='bbox 634 1590 775 1625; x_wconf 87' lang='lat' dir='ltr'>scribit:</span> <span class='ocrx_word' id='word_1_249' title='bbox 809 1594 844 1624; x_wconf 92' lang='lat' dir='ltr'>et</span> <span class='ocrx_word' id='word_1_250' title='bbox 874 1590 905 1625; x_wconf 90' lang='lat' dir='ltr'>si</span> <span class='ocrx_word' id='word_1_251' title='bbox 934 1589 1028 1626; x_wconf 84' lang='lat' dir='ltr'>forte</span> <span class='ocrx_word' id='word_1_252' title='bbox 1060 1601 1128 1625; x_wconf 89' lang='lat' dir='ltr'>usu</span> <span class='ocrx_word' id='word_1_253' title='bbox 1158 1590 1279 1626; x_wconf 83' lang='lat' dir='ltr'>fructu</span> 
     </span>
     <span class='ocr_line' id='line_1_33' title="bbox 196 1633 1278 1687; baseline 0.002 -18"><span class='ocrx_word' id='word_1_254' title='bbox 196 1635 309 1679; x_wconf 85' lang='lat' dir='ltr'>legato</span> <span class='ocrx_word' id='word_1_255' title='bbox 330 1633 468 1669; x_wconf 83' lang='lat' dir='ltr'>fructus</span> <span class='ocrx_word' id='word_1_256' title='bbox 490 1634 677 1676; x_wconf 83' lang='lat' dir='ltr'>adimatur,</span> <span class='ocrx_word' id='word_1_257' title='bbox 702 1638 816 1669; x_wconf 87' lang='lat' dir='ltr'>totum</span> <span class='ocrx_word' id='word_1_258' title='bbox 836 1635 947 1670; x_wconf 89' lang='lat' dir='ltr'>videri</span> <span class='ocrx_word' id='word_1_259' title='bbox 967 1635 1171 1687; x_wconf 83' lang='lat' dir='ltr'>ademptum</span> <span class='ocrx_word' id='word_1_260' title='bbox 1190 1636 1278 1671; x_wconf 87' lang='lat' dir='ltr'>scri-</span> 
     </span>
     <span class='ocr_line' id='line_1_34' title="bbox 196 1679 1278 1722; baseline 0.002 -9"><span class='ocrx_word' id='word_1_261' title='bbox 196 1679 265 1714; x_wconf 90' lang='lat' dir='ltr'>bit:</span> <span class='ocrx_word' id='word_1_262' title='bbox 299 1679 362 1714; x_wconf 93' lang='lat' dir='ltr'>sed</span> <span class='ocrx_word' id='word_1_263' title='bbox 386 1679 415 1714; x_wconf 92' lang='lat' dir='ltr'>si</span> <span class='ocrx_word' id='word_1_264' title='bbox 438 1679 576 1714; x_wconf 86' lang='lat' dir='ltr'>fructus</span> <span class='ocrx_word' id='word_1_265' title='bbox 601 1680 676 1714; x_wconf 91' lang='lat' dir='ltr'>sine</span> <span class='ocrx_word' id='word_1_266' title='bbox 700 1690 786 1722; x_wconf 90' lang='lat' dir='ltr'>usu,</span> <span class='ocrx_word' id='word_1_267' title='bbox 818 1682 949 1715; x_wconf 84' lang='lat' dir='ltr'>usum⁵</span> <span class='ocrx_word' id='word_1_268' title='bbox 971 1681 1082 1715; x_wconf 89' lang='lat' dir='ltr'>videri</span> <span class='ocrx_word' id='word_1_269' title='bbox 1105 1681 1278 1716; x_wconf 87' lang='lat' dir='ltr'>constitu·</span> 
     </span>
     <span class='ocr_line' id='line_1_35' title="bbox 195 1724 1279 1770; baseline 0.002 -12"><span class='ocrx_word' id='word_1_270' title='bbox 195 1728 289 1766; x_wconf 89' lang='lat' dir='ltr'>tum,</span> <span class='ocrx_word' id='word_1_271' title='bbox 320 1724 380 1769; x_wconf 91' lang='lat' dir='ltr'>qui</span> <span class='ocrx_word' id='word_1_272' title='bbox 412 1728 448 1759; x_wconf 90' lang='lat' dir='ltr'>et</span> <span class='ocrx_word' id='word_1_273' title='bbox 478 1725 524 1759; x_wconf 89' lang='lat' dir='ltr'>ab</span> <span class='ocrx_word' id='word_1_274' title='bbox 547 1724 647 1760; x_wconf 92' lang='lat' dir='ltr'>initio</span> <span class='ocrx_word' id='word_1_275' title='bbox 673 1724 842 1759; x_wconf 89' lang='lat' dir='ltr'>constitui</span> <span class='ocrx_word' id='word_1_276' title='bbox 864 1728 994 1770; x_wconf 87' lang='lat' dir='ltr'>potest.</span> <span class='ocrx_word' id='word_1_277' title='bbox 1032 1725 1096 1760; x_wconf 87' lang='lat' dir='ltr'>sed</span> <span class='ocrx_word' id='word_1_278' title='bbox 1126 1726 1157 1760; x_wconf 92' lang='lat' dir='ltr'>si</span> <span class='ocrx_word' id='word_1_279' title='bbox 1188 1726 1279 1760; x_wconf 82' lang='lat' dir='ltr'>usu⁶</span> 
     </span>
     <span class='ocr_line' id='line_1_36' title="bbox 195 1768 1279 1812; baseline 0.002 -9"><span class='ocrx_word' id='word_1_280' title='bbox 195 1768 315 1804; x_wconf 81' lang='lat' dir='ltr'>fructu</span> <span class='ocrx_word' id='word_1_281' title='bbox 345 1769 378 1804; x_wconf 91' lang='lat' dir='ltr'>le</span> <span class='ocrx_word' id='word_1_282' title='bbox 401 1772 461 1804; x_wconf 88' lang='lat' dir='ltr'>ato</span> <span class='ocrx_word' id='word_1_283' title='bbox 494 1779 581 1804; x_wconf 90' lang='lat' dir='ltr'>usus</span> <span class='ocrx_word' id='word_1_284' title='bbox 611 1769 805 1812; x_wconf 86' lang='lat' dir='ltr'>adimatur,</span> <span class='ocrx_word' id='word_1_285' title='bbox 838 1770 959 1805; x_wconf 85' lang='lat' dir='ltr'>Aristo</span> <span class='ocrx_word' id='word_1_286' title='bbox 992 1770 1116 1805; x_wconf 89' lang='lat' dir='ltr'>scribit</span> <span class='ocrx_word' id='word_1_287' title='bbox 1146 1770 1279 1805; x_wconf 89' lang='lat' dir='ltr'>nullam</span> 
     </span>
     <span class='ocr_line' id='line_1_37' title="bbox 195 1814 1279 1860; baseline 0.002 -12"><span class='ocrx_word' id='word_1_288' title='bbox 195 1816 215 1848; x_wconf 86' lang='lat'>2</span> <span class='ocrx_word' id='word_1_289' title='bbox 263 1824 372 1849; x_wconf 88' lang='lat' dir='ltr'>essea</span> <span class='ocrx_word' id='word_1_290' title='bbox 398 1814 625 1858; x_wconf 86' lang='lat' dir='ltr'>emptionem:</span> <span class='ocrx_word' id='word_1_291' title='bbox 640 1825 731 1859; x_wconf 87' lang='lat' dir='ltr'>quae</span> <span class='ocrx_word' id='word_1_292' title='bbox 741 1815 918 1850; x_wconf 89' lang='lat' dir='ltr'>sententia</span> <span class='ocrx_word' id='word_1_293' title='bbox 929 1814 1113 1860; x_wconf 81' lang='lat' dir='ltr'>benignior</span> <span class='ocrx_word' id='word_1_294' title='bbox 1125 1818 1189 1850; x_wconf 89' lang='lat' dir='ltr'>est.</span> <span class='ocrx_word' id='word_1_295' title='bbox 1202 1814 1279 1850; x_wconf 92' lang='lat' dir='ltr'>Usu</span> 
     </span>
     <span class='ocr_line' id='line_1_38' title="bbox 194 1858 1278 1904; baseline 0.001 -10"><span class='ocrx_word' id='word_1_296' title='bbox 194 1858 309 1903; x_wconf 79' lang='lat' dir='ltr'>legato</span> <span class='ocrx_word' id='word_1_297' title='bbox 334 1859 363 1893; x_wconf 94' lang='lat' dir='ltr'>si</span> <span class='ocrx_word' id='word_1_298' title='bbox 386 1858 499 1894; x_wconf 90' lang='lat' dir='ltr'>eidem</span> <span class='ocrx_word' id='word_1_299' title='bbox 522 1858 662 1894; x_wconf 90' lang='lat' dir='ltr'>fructus</span> <span class='ocrx_word' id='word_1_300' title='bbox 686 1859 839 1904; x_wconf 87' lang='lat' dir='ltr'>legetur,</span> <span class='ocrx_word' id='word_1_301' title='bbox 870 1860 1087 1904; x_wconf 86' lang='lat' dir='ltr'>Pomponius</span> <span class='ocrx_word' id='word_1_302' title='bbox 1119 1860 1170 1895; x_wconf 92' lang='lat' dir='ltr'>ait</span> <span class='ocrx_word' id='word_1_303' title='bbox 1194 1870 1278 1895; x_wconf 90' lang='lat' dir='ltr'>coii-</span> 
     </span>
     <span class='ocr_line' id='line_1_39' title="bbox 194 1903 1279 1947; baseline 0.001 -9"><span class='ocrx_word' id='word_1_304' title='bbox 194 1903 297 1938; x_wconf 81' lang='lat' dir='ltr'>fundi</span> <span class='ocrx_word' id='word_1_305' title='bbox 320 1914 399 1938; x_wconf 90' lang='lat' dir='ltr'>eum</span> <span class='ocrx_word' id='word_1_306' title='bbox 423 1914 504 1938; x_wconf 91' lang='lat' dir='ltr'>cuin</span> <span class='ocrx_word' id='word_1_307' title='bbox 526 1914 605 1939; x_wconf 89' lang='lat' dir='ltr'>usu.</span> <span class='ocrx_word' id='word_1_308' title='bbox 640 1903 733 1939; x_wconf 90' lang='lat' dir='ltr'>idem</span> <span class='ocrx_word' id='word_1_309' title='bbox 763 1904 814 1939; x_wconf 89' lang='lat' dir='ltr'>ait</span> <span class='ocrx_word' id='word_1_310' title='bbox 845 1907 883 1940; x_wconf 91' lang='lat' dir='ltr'>et</span> <span class='ocrx_word' id='word_1_311' title='bbox 914 1905 944 1940; x_wconf 94' lang='lat' dir='ltr'>si</span> <span class='ocrx_word' id='word_1_312' title='bbox 966 1905 1033 1940; x_wconf 86' lang='lat' dir='ltr'>tibi</span> <span class='ocrx_word' id='word_1_313' title='bbox 1055 1915 1161 1947; x_wconf 88' lang='lat' dir='ltr'>usus,</span> <span class='ocrx_word' id='word_1_314' title='bbox 1193 1905 1279 1940; x_wconf 90' lang='lat' dir='ltr'>inihi</span> 
     </span>
     <span class='ocr_line' id='line_1_40' title="bbox 194 1947 1278 1993; baseline 0.002 -10"><span class='ocrx_word' id='word_1_315' title='bbox 194 1947 333 1983; x_wconf 84' lang='lat' dir='ltr'>fructus</span> <span class='ocrx_word' id='word_1_316' title='bbox 363 1948 516 1993; x_wconf 87' lang='lat' dir='ltr'>legetur,</span> <span class='ocrx_word' id='word_1_317' title='bbox 551 1959 762 1984; x_wconf 89' lang='lat' dir='ltr'>concurrere</span> <span class='ocrx_word' id='word_1_318' title='bbox 791 1959 858 1984; x_wconf 88' lang='lat' dir='ltr'>nos</span> <span class='ocrx_word' id='word_1_319' title='bbox 888 1949 926 1984; x_wconf 92' lang='lat' dir='ltr'>iii</span> <span class='ocrx_word' id='word_1_320' title='bbox 957 1960 1044 1992; x_wconf 89' lang='lat' dir='ltr'>usu,</span> <span class='ocrx_word' id='word_1_321' title='bbox 1075 1960 1132 1985; x_wconf 90' lang='lat' dir='ltr'>me</span> <span class='ocrx_word' id='word_1_322' title='bbox 1164 1950 1278 1985; x_wconf 91' lang='lat' dir='ltr'>solum</span> 
     </span>
     <span class='ocr_line' id='line_1_41' title="bbox 195 1992 1278 2039; baseline 0.002 -12"><span class='ocrx_word' id='word_1_323' title='bbox 195 1996 215 2028; x_wconf 88' lang='grc'>3</span> <span class='ocrx_word' id='word_1_324' title='bbox 262 1992 418 2028; x_wconf 83' lang='lat' dir='ltr'>fructum</span> <span class='ocrx_word' id='word_1_325' title='bbox 450 1993 666 2029; x_wconf 83' lang='lat' dir='ltr'>habiturum.</span> <span class='ocrx_word' id='word_1_326' title='bbox 712 1994 850 2029; x_wconf 88' lang='lat' dir='ltr'>Poterit</span> <span class='ocrx_word' id='word_1_327' title='bbox 883 1997 1003 2029; x_wconf 88' lang='lat' dir='ltr'>autem</span> <span class='ocrx_word' id='word_1_328' title='bbox 1036 1994 1134 2039; x_wconf 86' lang='lat' dir='ltr'>apud</span> <span class='ocrx_word' id='word_1_329' title='bbox 1169 1995 1278 2030; x_wconf 85' lang='lat' dir='ltr'>alium</span> 
     </span>
     <span class='ocr_line' id='line_1_42' title="bbox 195 2038 1277 2084; baseline 0.002 -12"><span class='ocrx_word' id='word_1_330' title='bbox 195 2048 273 2073; x_wconf 87' lang='lat' dir='ltr'>esse</span> <span class='ocrx_word' id='word_1_331' title='bbox 295 2048 400 2080; x_wconf 88' lang='lat' dir='ltr'>usus,</span> <span class='ocrx_word' id='word_1_332' title='bbox 425 2038 521 2083; x_wconf 87' lang='lat' dir='ltr'>apud</span> <span class='ocrx_word' id='word_1_333' title='bbox 544 2038 652 2072; x_wconf 91' lang='lat' dir='ltr'>alium</span> <span class='ocrx_word' id='word_1_334' title='bbox 674 2038 812 2074; x_wconf 86' lang='lat' dir='ltr'>fructus</span> <span class='ocrx_word' id='word_1_335' title='bbox 836 2038 913 2074; x_wconf 85' lang='lat' dir='ltr'>sine</span> <span class='ocrx_word' id='word_1_336' title='bbox 935 2050 1023 2081; x_wconf 91' lang='lat' dir='ltr'>usu,</span> <span class='ocrx_word' id='word_1_337' title='bbox 1049 2039 1146 2084; x_wconf 88' lang='lat' dir='ltr'>apud</span> <span class='ocrx_word' id='word_1_338' title='bbox 1169 2040 1277 2074; x_wconf 92' lang='lat' dir='ltr'>alium</span> 
     </span>
     <span class='ocr_line' id='line_1_43' title="bbox 195 2083 1275 2129; baseline 0.002 -12"><span class='ocrx_word' id='word_1_339' title='bbox 195 2083 411 2128; x_wconf 77' lang='lat' dir='ltr'>proprietas:</span> <span class='ocrx_word' id='word_1_340' title='bbox 437 2083 543 2118; x_wconf 91' lang='lat' dir='ltr'>veluti</span> <span class='ocrx_word' id='word_1_341' title='bbox 563 2083 592 2118; x_wconf 90' lang='lat' dir='ltr'>si</span> <span class='ocrx_word' id='word_1_342' title='bbox 613 2083 672 2127; x_wconf 88' lang='lat' dir='ltr'>qui</span> <span class='ocrx_word' id='word_1_343' title='bbox 691 2083 800 2118; x_wconf 88' lang='lat' dir='ltr'>habet</span> <span class='ocrx_word' id='word_1_344' title='bbox 818 2083 980 2126; x_wconf 86' lang='lat' dir='ltr'>fundum,</span> <span class='ocrx_word' id='word_1_345' title='bbox 1003 2084 1171 2129; x_wconf 85' lang='lat' dir='ltr'>legaverit</span> <span class='ocrx_word' id='word_1_346' title='bbox 1181 2084 1275 2120; x_wconf 89' lang='lat' dir='ltr'>Titio</span> 
     </span>
     <span class='ocr_line' id='line_1_44' title="bbox 195 2128 1275 2174; baseline 0.002 -12"><span class='ocrx_word' id='word_1_347' title='bbox 195 2138 318 2170; x_wconf 86' lang='lat' dir='ltr'>usum,</span> <span class='ocrx_word' id='word_1_348' title='bbox 342 2138 424 2163; x_wconf 90' lang='lat' dir='ltr'>mox</span> <span class='ocrx_word' id='word_1_349' title='bbox 447 2128 548 2163; x_wconf 89' lang='lat' dir='ltr'>heres</span> <span class='ocrx_word' id='word_1_350' title='bbox 573 2128 646 2162; x_wconf 91' lang='lat' dir='ltr'>eius</span> <span class='ocrx_word' id='word_1_351' title='bbox 671 2128 737 2163; x_wconf 89' lang='lat' dir='ltr'>tibi</span> <span class='ocrx_word' id='word_1_352' title='bbox 759 2128 915 2163; x_wconf 84' lang='lat' dir='ltr'>fructum</span> <span class='ocrx_word' id='word_1_353' title='bbox 938 2129 1106 2174; x_wconf 86' lang='lat' dir='ltr'>legaverit</span> <span class='ocrx_word' id='word_1_354' title='bbox 1128 2129 1183 2164; x_wconf 91' lang='lat' dir='ltr'>vel</span> <span class='ocrx_word' id='word_1_355' title='bbox 1206 2129 1275 2165; x_wconf 90' lang='lat' dir='ltr'>alio</span> 
     </span>
     <span class='ocr_line' id='line_1_45' title="bbox 195 2172 555 2208; baseline 0 -1"><span class='ocrx_word' id='word_1_356' title='bbox 195 2172 298 2207; x_wconf 89' lang='lat' dir='ltr'>modo</span> <span class='ocrx_word' id='word_1_357' title='bbox 324 2173 555 2208; x_wconf 90' lang='lat' dir='ltr'>constituerit.</span> 
     </span>
    </p>

    <p class='ocr_par' dir='ltr' id='par_1_5' title="bbox 193 2216 1276 2700">
     <span class='ocr_line' id='line_1_46' title="bbox 245 2216 1276 2254; baseline 0 0"><span class='ocrx_word' id='word_1_358' title='bbox 245 2216 293 2254; x_wconf 90' lang='lat'>15</span> <span class='ocrx_word' id='word_1_359' title='bbox 320 2216 374 2252; x_wconf 68' lang='grc' dir='ltr'>ΡΑ</span> <span class='ocrx_word' id='word_1_360' title='bbox 382 2227 425 2252; x_wconf 74' lang='grc' dir='ltr'>σι,</span> <span class='ocrx_word' id='word_1_361' title='bbox 433 2227 477 2253; x_wconf 74' lang='lat' dir='ltr'>os</span> <span class='ocrx_word' id='word_1_362' title='bbox 503 2218 593 2253; x_wconf 78' lang='lat' dir='ltr'>libro</span> <span class='ocrx_word' id='word_1_363' title='bbox 626 2219 730 2254; x_wconf 77' lang='lat' dir='ltr'>tertio</span> <span class='ocrx_word' id='word_1_364' title='bbox 761 2218 812 2254; x_wconf 88' lang='lat' dir='ltr'>ad</span> <span class='ocrx_word' id='word_1_365' title='bbox 840 2217 1014 2254; x_wconf 78' lang='lat' dir='ltr'>Sabinum</span> <span class='ocrx_word' id='word_1_366' title='bbox 1060 2218 1177 2254; x_wconf 86' lang='lat' dir='ltr'>Fundi</span> <span class='ocrx_word' id='word_1_367' title='bbox 1208 2229 1276 2254; x_wconf 89' lang='lat' dir='ltr'>usu</span> 
     </span>
     <span class='ocr_line' id='line_1_47' title="bbox 194 2262 1275 2308; baseline 0.001 -11"><span class='ocrx_word' id='word_1_368' title='bbox 194 2262 310 2307; x_wconf 81' lang='lat' dir='ltr'>legato</span> <span class='ocrx_word' id='word_1_369' title='bbox 345 2262 467 2298; x_wconf 89' lang='lat' dir='ltr'>licebit</span> <span class='ocrx_word' id='word_1_370' title='bbox 500 2263 643 2298; x_wconf 86' lang='lat' dir='ltr'>usuario</span> <span class='ocrx_word' id='word_1_371' title='bbox 679 2267 715 2298; x_wconf 92' lang='lat' dir='ltr'>et</span> <span class='ocrx_word' id='word_1_372' title='bbox 745 2273 789 2298; x_wconf 90' lang='lat' dir='ltr'>ex</span> <span class='ocrx_word' id='word_1_373' title='bbox 818 2274 913 2308; x_wconf 88' lang='lat' dir='ltr'>penu</span> <span class='ocrx_word' id='word_1_374' title='bbox 945 2263 1040 2308; x_wconf 88' lang='lat' dir='ltr'>quod</span> <span class='ocrx_word' id='word_1_375' title='bbox 1072 2263 1110 2298; x_wconf 91' lang='lat' dir='ltr'>in</span> <span class='ocrx_word' id='word_1_376' title='bbox 1141 2274 1275 2298; x_wconf 89' lang='lat' dir='ltr'>annum</span> 
     </span>
     <span class='ocr_line' id='line_1_48' title="bbox 194 2307 1273 2352; baseline 0.002 -11"><span class='ocrx_word' id='word_1_377' title='bbox 194 2307 381 2342; x_wconf 86' lang='lat' dir='ltr'>dumtaxat</span> <span class='ocrx_word' id='word_1_378' title='bbox 403 2307 558 2342; x_wconf 79' lang='lat' dir='ltr'>sufficiat</span> <span class='ocrx_word' id='word_1_379' title='bbox 581 2318 726 2352; x_wconf 86' lang='lat' dir='ltr'>capere,</span> <span class='ocrx_word' id='word_1_380' title='bbox 758 2308 841 2343; x_wconf 91' lang='lat' dir='ltr'>licet</span> <span class='ocrx_word' id='word_1_381' title='bbox 862 2307 1049 2343; x_wconf 89' lang='lat' dir='ltr'>mediocris</span> <span class='ocrx_word' id='word_1_382' title='bbox 1073 2308 1209 2352; x_wconf 89' lang='lat' dir='ltr'>praedii</span> <span class='ocrx_word' id='word_1_383' title='bbox 1232 2318 1273 2344; x_wconf 91' lang='lat' dir='ltr'>eo</span> 
     </span>
     <span class='ocr_line' id='line_1_49' title="bbox 194 2351 1273 2397; baseline 0.002 -11"><span class='ocrx_word' id='word_1_384' title='bbox 194 2351 299 2387; x_wconf 89' lang='lat' dir='ltr'>modo</span> <span class='ocrx_word' id='word_1_385' title='bbox 323 2351 461 2387; x_wconf 87' lang='lat' dir='ltr'>fructus</span> <span class='ocrx_word' id='word_1_386' title='bbox 486 2356 757 2387; x_wconf 86' lang='lat' dir='ltr'>consumantur:</span> <span class='ocrx_word' id='word_1_387' title='bbox 780 2353 879 2397; x_wconf 73' lang='lat' dir='ltr'>,quia</span> <span class='ocrx_word' id='word_1_388' title='bbox 910 2356 946 2388; x_wconf 92' lang='lat' dir='ltr'>et</span> <span class='ocrx_word' id='word_1_389' title='bbox 976 2353 1080 2388; x_wconf 89' lang='lat' dir='ltr'>domo</span> <span class='ocrx_word' id='word_1_390' title='bbox 1113 2357 1150 2388; x_wconf 92' lang='lat' dir='ltr'>et</span> <span class='ocrx_word' id='word_1_391' title='bbox 1172 2363 1273 2388; x_wconf 91' lang='lat' dir='ltr'>servo</span> 
     </span>
     <span class='ocr_line' id='line_1_50' title="bbox 194 2397 1271 2442; baseline 0.002 -11"><span class='ocrx_word' id='word_1_392' title='bbox 194 2397 244 2431; x_wconf 91' lang='lat' dir='ltr'>ita</span> <span class='ocrx_word' id='word_1_393' title='bbox 263 2401 433 2439; x_wconf 90' lang='lat' dir='ltr'>uteretur,</span> <span class='ocrx_word' id='word_1_394' title='bbox 457 2401 497 2432; x_wconf 90' lang='lat' dir='ltr'>ut</span> <span class='ocrx_word' id='word_1_395' title='bbox 515 2397 602 2432; x_wconf 87' lang='lat' dir='ltr'>nihil</span> <span class='ocrx_word' id='word_1_396' title='bbox 620 2397 680 2432; x_wconf 91' lang='lat' dir='ltr'>alii</span> <span class='ocrx_word' id='word_1_397' title='bbox 697 2397 879 2433; x_wconf 84' lang='lat' dir='ltr'>fructuum</span> <span class='ocrx_word' id='word_1_398' title='bbox 898 2397 1040 2433; x_wconf 89' lang='lat' dir='ltr'>nomine</span> <span class='ocrx_word' id='word_1_399' title='bbox 1059 2402 1271 2442; x_wconf 87' lang='lat' dir='ltr'>superesset.</span> 
     </span>
     <span class='ocr_line' id='line_1_51' title="bbox 200 2441 1274 2487; baseline 0.001 -11"><span class='ocrx_word' id='word_1_400' title='bbox 200 2446 212 2476; x_wconf 86' lang='lat'><em>1</em></span> <span class='ocrx_word' id='word_1_401' title='bbox 261 2441 373 2476; x_wconf 91' lang='lat' dir='ltr'>Sicuti</span> <span class='ocrx_word' id='word_1_402' title='bbox 397 2442 444 2481; x_wconf 87' lang='lat' dir='ltr'>is,</span> <span class='ocrx_word' id='word_1_403' title='bbox 477 2442 534 2477; x_wconf 91' lang='lat' dir='ltr'>cui</span> <span class='ocrx_word' id='word_1_404' title='bbox 557 2452 643 2478; x_wconf 90' lang='lat' dir='ltr'>usus</span> <span class='ocrx_word' id='word_1_405' title='bbox 666 2442 768 2477; x_wconf 85' lang='lat' dir='ltr'>fundi</span> <span class='ocrx_word' id='word_1_406' title='bbox 791 2443 927 2487; x_wconf 86' lang='lat' dir='ltr'>legatus</span> <span class='ocrx_word' id='word_1_407' title='bbox 951 2446 1023 2485; x_wconf 90' lang='lat' dir='ltr'>est,</span> <span class='ocrx_word' id='word_1_408' title='bbox 1056 2453 1127 2487; x_wconf 92' lang='lat' dir='ltr'>quo</span> <span class='ocrx_word' id='word_1_409' title='bbox 1158 2443 1274 2478; x_wconf 89' lang='lat' dir='ltr'>minus</span> 
     </span>
     <span class='ocr_line' id='line_1_52' title="bbox 193 2486 1274 2531; baseline 0.002 -10"><span class='ocrx_word' id='word_1_410' title='bbox 193 2486 356 2522; x_wconf 87' lang='lat' dir='ltr'>dominus</span> <span class='ocrx_word' id='word_1_411' title='bbox 381 2487 455 2531; x_wconf 86' lang='lat' dir='ltr'>agri</span> <span class='ocrx_word' id='word_1_412' title='bbox 486 2487 625 2522; x_wconf 90' lang='lat' dir='ltr'>colendi</span> <span class='ocrx_word' id='word_1_413' title='bbox 656 2497 766 2522; x_wconf 90' lang='lat' dir='ltr'>causa</span> <span class='ocrx_word' id='word_1_414' title='bbox 797 2488 846 2522; x_wconf 92' lang='lat' dir='ltr'>ibi</span> <span class='ocrx_word' id='word_1_415' title='bbox 875 2490 1052 2529; x_wconf 86' lang='lat' dir='ltr'>versetur,</span> <span class='ocrx_word' id='word_1_416' title='bbox 1109 2487 1274 2523; x_wconf 89' lang='lat' dir='ltr'>rohibere</span> 
     </span>
     <span class='ocr_line' id='line_1_53' title="bbox 195 2532 1275 2578; baseline 0.003 -13"><span class='ocrx_word' id='word_1_417' title='bbox 195 2541 265 2565; x_wconf 89' lang='lat' dir='ltr'>non</span> <span class='ocrx_word' id='word_1_418' title='bbox 289 2535 406 2575; x_wconf 91' lang='lat' dir='ltr'>potest</span> <span class='ocrx_word' id='word_1_419' title='bbox 428 2532 595 2576; x_wconf 82' lang='lat' dir='ltr'>(alioquin</span> <span class='ocrx_word' id='word_1_420' title='bbox 619 2535 655 2567; x_wconf 91' lang='lat' dir='ltr'>et</span> <span class='ocrx_word' id='word_1_421' title='bbox 676 2532 748 2567; x_wconf 84' lang='lat' dir='ltr'>frui</span> <span class='ocrx_word' id='word_1_422' title='bbox 771 2532 951 2567; x_wconf 91' lang='lat' dir='ltr'>dominum</span> <span class='ocrx_word' id='word_1_423' title='bbox 974 2532 1079 2578; x_wconf 87' lang='lat' dir='ltr'>prohi</span> <span class='ocrx_word' id='word_1_424' title='bbox 1105 2532 1200 2575; x_wconf 88' lang='lat' dir='ltr'>ebit),</span> <span class='ocrx_word' id='word_1_425' title='bbox 1224 2533 1275 2568; x_wconf 88' lang='lat' dir='ltr'>ita</span> 
     </span>
     <span class='ocr_line' id='line_1_54' title="bbox 195 2576 1275 2622; baseline 0.002 -12"><span class='ocrx_word' id='word_1_426' title='bbox 195 2586 260 2610; x_wconf 89' lang='lat' dir='ltr'>nec</span> <span class='ocrx_word' id='word_1_427' title='bbox 284 2576 384 2611; x_wconf 87' lang='lat' dir='ltr'>lieres</span> <span class='ocrx_word' id='word_1_428' title='bbox 409 2578 598 2621; x_wconf 89' lang='lat' dir='ltr'>quicquam</span> <span class='ocrx_word' id='word_1_429' title='bbox 622 2577 740 2612; x_wconf 87' lang='lat' dir='ltr'>facere</span> <span class='ocrx_word' id='word_1_430' title='bbox 764 2577 887 2620; x_wconf 90' lang='lat' dir='ltr'>debet,</span> <span class='ocrx_word' id='word_1_431' title='bbox 920 2588 990 2622; x_wconf 91' lang='lat' dir='ltr'>quo</span> <span class='ocrx_word' id='word_1_432' title='bbox 1023 2576 1138 2612; x_wconf 88' lang='lat' dir='ltr'>minus</span> <span class='ocrx_word' id='word_1_433' title='bbox 1161 2577 1192 2612; x_wconf 85' lang='lat' dir='ltr'>is</span> <span class='ocrx_word' id='word_1_434' title='bbox 1217 2577 1275 2612; x_wconf 91' lang='lat' dir='ltr'>cui</span> 
     </span>
     <span class='ocr_line' id='line_1_55' title="bbox 194 2620 1274 2700; baseline 0.002 -45"><span class='ocrx_word' id='word_1_435' title='bbox 194 2631 279 2700; x_wconf 56' lang='grc' dir='ltr'>ἓεὲε</span> <span class='ocrx_word' id='word_1_436' title='bbox 303 2620 438 2665; x_wconf 83' lang='lat' dir='ltr'>legatus</span> <span class='ocrx_word' id='word_1_437' title='bbox 464 2627 517 2656; x_wconf 90' lang='lat' dir='ltr'>est</span> <span class='ocrx_word' id='word_1_438' title='bbox 540 2625 681 2664; x_wconf 88' lang='lat' dir='ltr'>utatur,</span> <span class='ocrx_word' id='word_1_439' title='bbox 712 2626 752 2657; x_wconf 91' lang='lat' dir='ltr'>ut</span> <span class='ocrx_word' id='word_1_440' title='bbox 782 2622 898 2658; x_wconf 89' lang='lat' dir='ltr'>bonus</span> <span class='ocrx_word' id='word_1_441' title='bbox 921 2625 1025 2668; x_wconf 90' lang='lat' dir='ltr'>pater</span> <span class='ocrx_word' id='word_1_442' title='bbox 1046 2622 1198 2657; x_wconf 85' lang='lat' dir='ltr'>familias</span> <span class='ocrx_word' id='word_1_443' title='bbox 1222 2623 1274 2657; x_wconf 90' lang='lat' dir='ltr'>uti</span> 
     </span>
    </p>

    <p class='ocr_par' dir='ltr' id='par_1_6' title="bbox 220 2669 310 2699">
     <span class='ocr_line' id='line_1_56' title="bbox 220 2669 310 2699; baseline 0 0"><span class='ocrx_word' id='word_1_444' title='bbox 220 2675 238 2699; x_wconf 90' lang='lat' dir='ltr'>e</span> <span class='ocrx_word' id='word_1_445' title='bbox 265 2669 310 2699; x_wconf 91' lang='lat' dir='ltr'>et.</span> 
     </span>
    </p>

    <p class='ocr_par' dir='ltr' id='par_1_7' title="bbox 193 2707 1274 3294">
     <span class='ocr_line' id='line_1_57' title="bbox 245 2707 1274 2757; baseline 0.002 -12"><span class='ocrx_word' id='word_1_446' title='bbox 245 2707 293 2746; x_wconf 88' lang='grc'>16</span> <span class='ocrx_word' id='word_1_447' title='bbox 328 2709 553 2745; x_wconf 75' lang='lat' dir='ltr'>Poupomvs</span> <span class='ocrx_word' id='word_1_448' title='bbox 581 2710 671 2746; x_wconf 83' lang='lat' dir='ltr'>libro</span> <span class='ocrx_word' id='word_1_449' title='bbox 702 2712 827 2757; x_wconf 77' lang='lat' dir='ltr'>quinto</span> <span class='ocrx_word' id='word_1_450' title='bbox 858 2711 909 2747; x_wconf 84' lang='lat' dir='ltr'>ad</span> <span class='ocrx_word' id='word_1_451' title='bbox 937 2711 1109 2748; x_wconf 80' lang='lat' dir='ltr'>Sabinum</span> <span class='ocrx_word' id='word_1_452' title='bbox 1156 2711 1194 2747; x_wconf 90' lang='lat' dir='ltr'>Si</span> <span class='ocrx_word' id='word_1_453' title='bbox 1223 2712 1274 2747; x_wconf 87' lang='lat' dir='ltr'>ita</span> 
     </span>
     <span class='ocr_line' id='line_1_58' title="bbox 194 2753 1272 2799; baseline 0.002 -10"><span class='ocrx_word' id='word_1_454' title='bbox 194 2753 330 2798; x_wconf 82' lang='lat' dir='ltr'>legatus</span> <span class='ocrx_word' id='word_1_455' title='bbox 356 2758 448 2789; x_wconf 91' lang='lat' dir='ltr'>esset</span> <span class='ocrx_word' id='word_1_456' title='bbox 471 2765 556 2789; x_wconf 91' lang='lat' dir='ltr'>usus</span> <span class='ocrx_word' id='word_1_457' title='bbox 580 2755 698 2798; x_wconf 86' lang='lat' dir='ltr'>fundi,</span> <span class='ocrx_word' id='word_1_458' title='bbox 731 2760 771 2791; x_wconf 91' lang='lat' dir='ltr'>ut</span> <span class='ocrx_word' id='word_1_459' title='bbox 794 2757 989 2792; x_wconf 87' lang='lat' dir='ltr'>instructus</span> <span class='ocrx_word' id='word_1_460' title='bbox 1013 2760 1126 2799; x_wconf 87' lang='lat' dir='ltr'>esset,</span> <span class='ocrx_word' id='word_1_461' title='bbox 1150 2767 1272 2792; x_wconf 90' lang='lat' dir='ltr'>earum</span> 
     </span>
     <span class='ocr_line' id='line_1_59' title="bbox 195 2799 1271 2849; baseline 0.004 -17"><span class='ocrx_word' id='word_1_462' title='bbox 195 2809 322 2849; x_wconf 86' lang='lat' dir='ltr'>rerum,</span> <span class='ocrx_word' id='word_1_463' title='bbox 347 2809 436 2843; x_wconf 90' lang='lat' dir='ltr'>quae</span> <span class='ocrx_word' id='word_1_464' title='bbox 459 2799 690 2836; x_wconf 86' lang='lat' dir='ltr'>instrumento</span> <span class='ocrx_word' id='word_1_465' title='bbox 715 2801 816 2836; x_wconf 82' lang='lat' dir='ltr'>fundi</span> <span class='ocrx_word' id='word_1_466' title='bbox 840 2804 969 2844; x_wconf 90' lang='lat' dir='ltr'>essent,</span> <span class='ocrx_word' id='word_1_467' title='bbox 993 2801 1138 2846; x_wconf 90' lang='lat' dir='ltr'>perinde</span> <span class='ocrx_word' id='word_1_468' title='bbox 1158 2801 1204 2836; x_wconf 90' lang='lat' dir='ltr'>ad</span> <span class='ocrx_word' id='word_1_469' title='bbox 1223 2802 1271 2836; x_wconf 91' lang='lat' dir='ltr'>le-</span> 
     </span>
     <span class='ocr_line' id='line_1_60' title="bbox 193 2845 1273 2888; baseline 0.006 -12"><span class='ocrx_word' id='word_1_470' title='bbox 193 2847 368 2888; x_wconf 75' lang='lat' dir='ltr'>gatanum</span> <span class='ocrx_word' id='word_1_471' title='bbox 403 2854 487 2878; x_wconf 89' lang='lat' dir='ltr'>usus</span> <span class='ocrx_word' id='word_1_472' title='bbox 523 2845 676 2888; x_wconf 82' lang='lat' dir='ltr'>pertinet</span> <span class='ocrx_word' id='word_1_473' title='bbox 710 2856 752 2881; x_wconf 92' lang='lat' dir='ltr'>ac</span> <span class='ocrx_word' id='word_1_474' title='bbox 785 2847 816 2881; x_wconf 91' lang='lat' dir='ltr'>si</span> <span class='ocrx_word' id='word_1_475' title='bbox 847 2846 1053 2881; x_wconf 88' lang='lat' dir='ltr'>nominatim</span> <span class='ocrx_word' id='word_1_476' title='bbox 1088 2847 1120 2882; x_wconf 89' lang='lat' dir='ltr'>ei</span> <span class='ocrx_word' id='word_1_477' title='bbox 1151 2856 1273 2882; x_wconf 87' lang='lat' dir='ltr'>earum</span> 
     </span>
     <span class='ocr_line' id='line_1_61' title="bbox 200 2889 1273 2927; baseline 0.005 -6"><span class='ocrx_word' id='word_1_478' title='bbox 200 2891 212 2922; x_wconf 85' lang='lat'>1</span> <span class='ocrx_word' id='word_1_479' title='bbox 262 2898 379 2922; x_wconf 90' lang='lat' dir='ltr'>rerum</span> <span class='ocrx_word' id='word_1_480' title='bbox 403 2889 523 2923; x_wconf 90' lang='lat' dir='ltr'>ususl</span> <span class='ocrx_word' id='word_1_481' title='bbox 566 2894 645 2924; x_wconf 88' lang='lat' dir='ltr'>atus</span> <span class='ocrx_word' id='word_1_482' title='bbox 668 2890 805 2926; x_wconf 88' lang='lat' dir='ltr'>fuisset.</span> <span class='ocrx_word' id='word_1_483' title='bbox 852 2891 1025 2926; x_wconf 90' lang='lat' dir='ltr'>Dominus</span> <span class='ocrx_word' id='word_1_484' title='bbox 1071 2902 1110 2927; x_wconf 92' lang='lat' dir='ltr'>ro</span> <span class='ocrx_word' id='word_1_485' title='bbox 1137 2891 1273 2926; x_wconf 88' lang='lat' dir='ltr'>rietatis</span> 
     </span>
     <span class='ocr_line' id='line_1_62' title="bbox 194 2932 1273 2971; baseline 0.004 -4"><span class='ocrx_word' id='word_1_486' title='bbox 194 2932 301 2967; x_wconf 89' lang='lat' dir='ltr'>etiam</span> <span class='ocrx_word' id='word_1_487' title='bbox 332 2932 439 2966; x_wconf 87' lang='lat' dir='ltr'>invito</span> <span class='ocrx_word' id='word_1_488' title='bbox 473 2944 537 2967; x_wconf 92' lang='lat' dir='ltr'>usu</span> <span class='ocrx_word' id='word_1_489' title='bbox 556 2935 734 2970; x_wconf 88' lang='lat' dir='ltr'>ructuario</span> <span class='ocrx_word' id='word_1_490' title='bbox 769 2936 823 2971; x_wconf 92' lang='lat' dir='ltr'>vel</span> <span class='ocrx_word' id='word_1_491' title='bbox 857 2936 1000 2971; x_wconf 89' lang='lat' dir='ltr'>usuario</span> <span class='ocrx_word' id='word_1_492' title='bbox 1052 2947 1099 2971; x_wconf 89' lang='lat' dir='ltr'>un</span> <span class='ocrx_word' id='word_1_493' title='bbox 1126 2947 1186 2971; x_wconf 91' lang='lat' dir='ltr'>um</span> <span class='ocrx_word' id='word_1_494' title='bbox 1218 2936 1273 2971; x_wconf 87' lang='lat' dir='ltr'>vel</span> 
     </span>
     <span class='ocr_line' id='line_1_63' title="bbox 194 2976 1271 3027; baseline 0.004 -16"><span class='ocrx_word' id='word_1_495' title='bbox 194 2976 300 3012; x_wconf 85' lang='lat' dir='ltr'>aedes</span> <span class='ocrx_word' id='word_1_496' title='bbox 324 2987 387 3021; x_wconf 89' lang='lat' dir='ltr'>per</span> <span class='ocrx_word' id='word_1_497' title='bbox 410 2977 614 3027; x_wconf 75' lang='lat' dir='ltr'>saltuarium</span> <span class='ocrx_word' id='word_1_498' title='bbox 638 2980 691 3014; x_wconf 90' lang='lat' dir='ltr'>vel</span> <span class='ocrx_word' id='word_1_499' title='bbox 710 2980 918 3015; x_wconf 87' lang='lat' dir='ltr'>insularium</span> <span class='ocrx_word' id='word_1_500' title='bbox 939 2981 1118 3017; x_wconf 86' lang='lat' dir='ltr'>custodire</span> <span class='ocrx_word' id='word_1_501' title='bbox 1135 2985 1271 3026; x_wconf 87' lang='lat' dir='ltr'>potest:</span> 
     </span>
     <span class='ocr_line' id='line_1_64' title="bbox 194 3022 1273 3071; baseline 0.004 -14"><span class='ocrx_word' id='word_1_502' title='bbox 194 3022 341 3057; x_wconf 83' lang='lat' dir='ltr'>interest</span> <span class='ocrx_word' id='word_1_503' title='bbox 364 3032 455 3056; x_wconf 86' lang='lat' dir='ltr'>enim</span> <span class='ocrx_word' id='word_1_504' title='bbox 479 3022 554 3057; x_wconf 90' lang='lat' dir='ltr'>eius</span> <span class='ocrx_word' id='word_1_505' title='bbox 586 3024 672 3059; x_wconf 85' lang='lat' dir='ltr'>fines</span> <span class='ocrx_word' id='word_1_506' title='bbox 705 3025 840 3069; x_wconf 88' lang='lat' dir='ltr'>praedii</span> <span class='ocrx_word' id='word_1_507' title='bbox 871 3026 974 3061; x_wconf 90' lang='lat' dir='ltr'>tueri.</span> <span class='ocrx_word' id='word_1_508' title='bbox 1011 3036 1123 3071; x_wconf 90' lang='lat' dir='ltr'>eaque</span> <span class='ocrx_word' id='word_1_509' title='bbox 1154 3026 1273 3061; x_wconf 91' lang='lat' dir='ltr'>omnia</span> 
     </span>
     <span class='ocr_line' id='line_1_65' title="bbox 193 3066 1271 3111; baseline 0.005 -9"><span class='ocrx_word' id='word_1_510' title='bbox 193 3066 344 3102; x_wconf 87' lang='lat' dir='ltr'>dicenda</span> <span class='ocrx_word' id='word_1_511' title='bbox 369 3071 470 3107; x_wconf 88' lang='lat' dir='ltr'>sunt,</span> <span class='ocrx_word' id='word_1_512' title='bbox 495 3068 675 3111; x_wconf 87' lang='lat' dir='ltr'>quolibet⁷</span> <span class='ocrx_word' id='word_1_513' title='bbox 699 3070 803 3104; x_wconf 92' lang='lat' dir='ltr'>modo</span> <span class='ocrx_word' id='word_1_514' title='bbox 829 3071 1042 3106; x_wconf 90' lang='lat' dir='ltr'>constitutus</span> <span class='ocrx_word' id='word_1_515' title='bbox 1066 3081 1152 3106; x_wconf 89' lang='lat' dir='ltr'>usus</span> <span class='ocrx_word' id='word_1_516' title='bbox 1175 3070 1271 3106; x_wconf 86' lang='lat' dir='ltr'>fruc-</span> 
     </span>
     <span class='ocr_line' id='line_1_66' title="bbox 196 3111 1271 3156; baseline 0.004 -9"><span class='ocrx_word' id='word_1_517' title='bbox 196 3114 216 3147; x_wconf 90' lang='lat'><strong>2</strong></span> <span class='ocrx_word' id='word_1_518' title='bbox 262 3115 321 3146; x_wconf 82' lang='lat' dir='ltr'>tus</span> <span class='ocrx_word' id='word_1_519' title='bbox 341 3111 394 3146; x_wconf 90' lang='lat' dir='ltr'>vel</span> <span class='ocrx_word' id='word_1_520' title='bbox 415 3121 499 3145; x_wconf 89' lang='lat' dir='ltr'>usus</span> <span class='ocrx_word' id='word_1_521' title='bbox 519 3112 636 3146; x_wconf 86' lang='lat' dir='ltr'>fuerit.</span> <span class='ocrx_word' id='word_1_522' title='bbox 685 3113 804 3156; x_wconf 87' lang='lat' dir='ltr'>Servo,</span> <span class='ocrx_word' id='word_1_523' title='bbox 830 3116 929 3150; x_wconf 90' lang='lat' dir='ltr'>cuius</span> <span class='ocrx_word' id='word_1_524' title='bbox 954 3126 1057 3150; x_wconf 88' lang='lat' dir='ltr'>usum</span> <span class='ocrx_word' id='word_1_525' title='bbox 1076 3115 1271 3156; x_wconf 80' lang='lat' dir='ltr'>dumtaxat,</span> 
     </span>
     <span class='ocr_line' id='line_1_67' title="bbox 195 3155 1273 3205; baseline 0.005 -14"><span class='ocrx_word' id='word_1_526' title='bbox 195 3166 267 3191; x_wconf 90' lang='lat' dir='ltr'>non</span> <span class='ocrx_word' id='word_1_527' title='bbox 290 3156 396 3190; x_wconf 88' lang='lat' dir='ltr'>etiam</span> <span class='ocrx_word' id='word_1_528' title='bbox 419 3155 573 3190; x_wconf 82' lang='lat' dir='ltr'>fructum</span> <span class='ocrx_word' id='word_1_529' title='bbox 598 3157 785 3199; x_wconf 81' lang='lat' dir='ltr'>habemns,</span> <span class='ocrx_word' id='word_1_530' title='bbox 819 3164 936 3203; x_wconf 87' lang='lat' dir='ltr'>potest</span> <span class='ocrx_word' id='word_1_531' title='bbox 959 3163 995 3195; x_wconf 92' lang='lat' dir='ltr'>et</span> <span class='ocrx_word' id='word_1_532' title='bbox 1017 3170 1040 3195; x_wconf 88' lang='lat' dir='ltr'>a</span> <span class='ocrx_word' id='word_1_533' title='bbox 1062 3160 1164 3196; x_wconf 91' lang='lat' dir='ltr'>nobis</span> <span class='ocrx_word' id='word_1_534' title='bbox 1188 3160 1273 3205; x_wconf 89' lang='lat' dir='ltr'>quid</span> 
     </span>
     <span class='ocr_line' id='line_1_68' title="bbox 194 3200 1271 3250; baseline 0.004 -14"><span class='ocrx_word' id='word_1_535' title='bbox 194 3200 321 3236; x_wconf 87' lang='lat' dir='ltr'>donari</span> <span class='ocrx_word' id='word_1_536' title='bbox 343 3200 397 3235; x_wconf 89' lang='lat' dir='ltr'>vel</span> <span class='ocrx_word' id='word_1_537' title='bbox 422 3200 526 3234; x_wconf 83' lang='lat' dir='ltr'>etiam</span> <span class='ocrx_word' id='word_1_538' title='bbox 550 3212 593 3235; x_wconf 85' lang='lat' dir='ltr'>ex</span> <span class='ocrx_word' id='word_1_539' title='bbox 618 3204 766 3245; x_wconf 84' lang='lat' dir='ltr'>pecunia</span> <span class='ocrx_word' id='word_1_540' title='bbox 790 3209 911 3239; x_wconf 90' lang='lat' dir='ltr'>nostra</span> <span class='ocrx_word' id='word_1_541' title='bbox 935 3205 1151 3250; x_wconf 81' lang='lat' dir='ltr'>negotiatum</span> <span class='ocrx_word' id='word_1_542' title='bbox 1183 3215 1271 3247; x_wconf 88' lang='lat' dir='ltr'>esse,</span> 
     </span>
     <span class='ocr_line' id='line_1_69' title="bbox 195 3244 1270 3294; baseline 0.003 -13"><span class='ocrx_word' id='word_1_543' title='bbox 195 3249 236 3281; x_wconf 87' lang='lat' dir='ltr'>ut</span> <span class='ocrx_word' id='word_1_544' title='bbox 282 3244 428 3289; x_wconf 90' lang='lat' dir='ltr'>uidquid</span> <span class='ocrx_word' id='word_1_545' title='bbox 452 3255 492 3279; x_wconf 92' lang='lat' dir='ltr'>eo</span> <span class='ocrx_word' id='word_1_546' title='bbox 517 3246 620 3280; x_wconf 89' lang='lat' dir='ltr'>modo</span> <span class='ocrx_word' id='word_1_547' title='bbox 644 3247 857 3291; x_wconf 84' lang='lat' dir='ltr'>adquisierit,</span> <span class='ocrx_word' id='word_1_548' title='bbox 881 3250 1066 3294; x_wconf 90' lang='lat' dir='ltr'>inpeculio</span> <span class='ocrx_word' id='word_1_549' title='bbox 1080 3253 1201 3285; x_wconf 87' lang='lat' dir='ltr'>nostro</span> <span class='ocrx_word' id='word_1_550' title='bbox 1214 3250 1270 3284; x_wconf 92' lang='lat' dir='ltr'>sit.</span> 
     </span>
    </p>

    <p class='ocr_par' dir='ltr' id='par_1_8' title="bbox 193 3255 1271 3427">
     <span class='ocr_line' id='line_1_70' title="bbox 246 3255 1271 3341; baseline 0.003 -15"><span class='ocrx_word' id='word_1_551' title='bbox 246 3255 292 3326; x_wconf 61' lang='lat' dir='ltr'>lql</span> <span class='ocrx_word' id='word_1_552' title='bbox 318 3292 542 3325; x_wconf 72' lang='lat' dir='ltr'><em>AFRICANUS</em></span> <span class='ocrx_word' id='word_1_553' title='bbox 562 3290 651 3341; x_wconf 37' lang='lat' dir='ltr'>lib-ro</span> <span class='ocrx_word' id='word_1_554' title='bbox 676 3293 798 3335; x_wconf 74' lang='lat' dir='ltr'>quinto</span> <span class='ocrx_word' id='word_1_555' title='bbox 822 3295 1069 3338; x_wconf 75' lang='lat' dir='ltr'>quaestionum</span> <span class='ocrx_word' id='word_1_556' title='bbox 1115 3294 1204 3329; x_wconf 84' lang='lat' dir='ltr'>Filio</span> <span class='ocrx_word' id='word_1_557' title='bbox 1217 3294 1271 3329; x_wconf 85' lang='lat' dir='ltr'>fa·</span> 
     </span>
     <span class='ocr_line' id='line_1_71' title="bbox 195 3334 1271 3384; baseline 0.004 -14"><span class='ocrx_word' id='word_1_558' title='bbox 195 3334 309 3370; x_wconf 75' lang='lat' dir='ltr'>miliae</span> <span class='ocrx_word' id='word_1_559' title='bbox 333 3334 387 3370; x_wconf 87' lang='lat' dir='ltr'>vel</span> <span class='ocrx_word' id='word_1_560' title='bbox 410 3344 511 3370; x_wconf 84' lang='lat' dir='ltr'>servo</span> <span class='ocrx_word' id='word_1_561' title='bbox 536 3335 674 3369; x_wconf 89' lang='lat' dir='ltr'>aedium</span> <span class='ocrx_word' id='word_1_562' title='bbox 701 3347 765 3370; x_wconf 92' lang='lat' dir='ltr'>usu</span> <span class='ocrx_word' id='word_1_563' title='bbox 790 3337 902 3381; x_wconf 82' lang='lat' dir='ltr'>legato</span> <span class='ocrx_word' id='word_1_564' title='bbox 936 3343 972 3374; x_wconf 87' lang='lat' dir='ltr'>et</span> <span class='ocrx_word' id='word_1_565' title='bbox 1001 3339 1086 3374; x_wconf 89' lang='lat' dir='ltr'>utile</span> <span class='ocrx_word' id='word_1_566' title='bbox 1117 3339 1271 3384; x_wconf 79' lang='lat' dir='ltr'>legatum</span> 
     </span>
     <span class='ocr_line' id='line_1_72' title="bbox 193 3379 1271 3427; baseline 0.004 -12"><span class='ocrx_word' id='word_1_567' title='bbox 193 3389 273 3415; x_wconf 81' lang='lat' dir='ltr'>ease</span> <span class='ocrx_word' id='word_1_568' title='bbox 307 3379 468 3415; x_wconf 83' lang='lat' dir='ltr'>existimo</span> <span class='ocrx_word' id='word_1_569' title='bbox 503 3383 539 3414; x_wconf 89' lang='lat' dir='ltr'>et</span> <span class='ocrx_word' id='word_1_570' title='bbox 573 3379 693 3414; x_wconf 89' lang='lat' dir='ltr'>eodem</span> <span class='ocrx_word' id='word_1_571' title='bbox 731 3382 832 3416; x_wconf 86' lang='lat' dir='ltr'>modo</span> <span class='ocrx_word' id='word_1_572' title='bbox 876 3384 1155 3427; x_wconf 86' lang='lat' dir='ltr'>persecutionem</span> <span class='ocrx_word' id='word_1_573' title='bbox 1197 3384 1271 3419; x_wconf 90' lang='lat' dir='ltr'>eius</span> 
     </span>
    </p>
   </div>
   <div class='ocr_carea' id='block_1_3' title="bbox 194 3489 451 3533">
    <p class='ocr_par' dir='ltr' id='par_1_9' title="bbox 194 3489 451 3533">
     <span class='ocr_line' id='line_1_73' title="bbox 194 3489 451 3533; baseline -0.016 -7"><span class='ocrx_word' id='word_1_574' title='bbox 194 3496 234 3526; x_wconf 76' lang='lat'>‹1›</span> <span class='ocrx_word' id='word_1_575' title='bbox 260 3494 391 3533; x_wconf 77' lang='lat' dir='ltr'>poterat</span> <span class='ocrx_word' id='word_1_576' title='bbox 399 3489 451 3524; x_wconf 67' lang='grc' dir='ltr'>Γ*</span> 
     </span>
    </p>
   </div>
   <div class='ocr_carea' id='block_1_4' title="bbox 194 3491 1269 3576">
    <p class='ocr_par' dir='ltr' id='par_1_10' title="bbox 194 3491 1269 3576">
     <span class='ocr_line' id='line_1_74' title="bbox 526 3491 1269 3537; baseline 0.005 -12"><span class='ocrx_word' id='word_1_577' title='bbox 526 3492 570 3532; x_wconf 81' lang='grc'>(2)</span> <span class='ocrx_word' id='word_1_578' title='bbox 594 3491 816 3525; x_wconf 81' lang='lat' dir='ltr'>onduxeritF</span> <span class='ocrx_word' id='word_1_579' title='bbox 889 3498 930 3534; x_wconf 79' lang='lat'>(3)</span> <span class='ocrx_word' id='word_1_580' title='bbox 956 3498 1085 3537; x_wconf 78' lang='lat' dir='ltr'>cogere]</span> <span class='ocrx_word' id='word_1_581' title='bbox 1096 3495 1255 3529; x_wconf 81' lang='lat' dir='ltr'>vocareF</span> <span class='ocrx_word' id='word_1_582' title='bbox 1259 3494 1269 3516; x_wconf 92' lang='lat'><strong>¹</strong></span> 
     </span>
     <span class='ocr_line' id='line_1_75' title="bbox 194 3535 513 3576; baseline 0 -7"><span class='ocrx_word' id='word_1_583' title='bbox 194 3538 239 3576; x_wconf 83' lang='grc'>(4)</span> <span class='ocrx_word' id='word_1_584' title='bbox 263 3535 513 3576; x_wconf 76' lang='lat' dir='ltr'>silscilicetecr.</span> 
     </span>
    </p>
   </div>
   <div class='ocr_carea' id='block_1_5' title="bbox 192 3537 1270 3713">
    <p class='ocr_par' dir='ltr' id='par_1_11' title="bbox 194 3537 1270 3667">
     <span class='ocr_line' id='line_1_76' title="bbox 630 3537 1269 3580; baseline 0.008 -12"><span class='ocrx_word' id='word_1_585' title='bbox 630 3538 671 3576; x_wconf 76' lang='lat'>(5)</span> <span class='ocrx_word' id='word_1_586' title='bbox 696 3537 724 3568; x_wconf 85' lang='lat' dir='ltr'>si</span> <span class='ocrx_word' id='word_1_587' title='bbox 735 3537 863 3569; x_wconf 80' lang='lat' dir='ltr'>fruetus</span> <span class='ocrx_word' id='word_1_588' title='bbox 872 3539 943 3570; x_wconf 83' lang='lat' dir='ltr'>sine</span> <span class='ocrx_word' id='word_1_589' title='bbox 955 3550 1014 3571; x_wconf 83' lang='lat' dir='ltr'>usu</span> <span class='ocrx_word' id='word_1_590' title='bbox 1024 3541 1132 3580; x_wconf 86' lang='lat' dir='ltr'>usum]</span> <span class='ocrx_word' id='word_1_591' title='bbox 1142 3541 1172 3572; x_wconf 80' lang='lat' dir='ltr'>si</span> <span class='ocrx_word' id='word_1_592' title='bbox 1179 3539 1269 3572; x_wconf 79' lang='lat' dir='ltr'>fruo-</span> 
     </span>
     <span class='ocr_line' id='line_1_77' title="bbox 195 3579 1270 3622; baseline 0.006 -10"><span class='ocrx_word' id='word_1_593' title='bbox 195 3583 249 3612; x_wconf 77' lang='lat' dir='ltr'>tus</span> <span class='ocrx_word' id='word_1_594' title='bbox 265 3581 339 3612; x_wconf 78' lang='lat' dir='ltr'>sine</span> <span class='ocrx_word' id='word_1_595' title='bbox 349 3590 443 3612; x_wconf 79' lang='lat' dir='ltr'>usum</span> <span class='ocrx_word' id='word_1_596' title='bbox 454 3579 527 3620; x_wconf 56' lang='grc' dir='ltr'>ΡΜ,</span> <span class='ocrx_word' id='word_1_597' title='bbox 544 3580 574 3613; x_wconf 77' lang='lat' dir='ltr'>si</span> <span class='ocrx_word' id='word_1_598' title='bbox 582 3580 710 3613; x_wconf 74' lang='lat' dir='ltr'>fruetus</span> <span class='ocrx_word' id='word_1_599' title='bbox 719 3581 792 3613; x_wconf 84' lang='lat' dir='ltr'>sine</span> <span class='ocrx_word' id='word_1_600' title='bbox 801 3592 862 3613; x_wconf 85' lang='lat' dir='ltr'>usu</span> <span class='ocrx_word' id='word_1_601' title='bbox 874 3583 951 3622; x_wconf 64' lang='grc' dir='ltr'>Μ,</span> <span class='ocrx_word' id='word_1_602' title='bbox 968 3585 996 3615; x_wconf 86' lang='lat' dir='ltr'>si</span> <span class='ocrx_word' id='word_1_603' title='bbox 1014 3584 1054 3617; x_wconf 84' lang='lat' dir='ltr'>de</span> <span class='ocrx_word' id='word_1_604' title='bbox 1073 3585 1183 3617; x_wconf 82' lang='lat' dir='ltr'>fructu</span> <span class='ocrx_word' id='word_1_605' title='bbox 1199 3584 1270 3617; x_wconf 75' lang='lat' dir='ltr'>sino</span> 
     </span>
     <span class='ocr_line' id='line_1_78' title="bbox 194 3625 1098 3667; baseline 0.006 -10"><span class='ocrx_word' id='word_1_606' title='bbox 194 3635 257 3657; x_wconf 80' lang='lat' dir='ltr'>usu</span> <span class='ocrx_word' id='word_1_607' title='bbox 273 3625 450 3658; x_wconf 83' lang='lat' dir='ltr'>adimendo</span> <span class='ocrx_word' id='word_1_608' title='bbox 466 3625 572 3658; x_wconf 75' lang='lat' dir='ltr'>sensit</span> <span class='ocrx_word' id='word_1_609' title='bbox 587 3635 689 3667; x_wconf 82' lang='lat' dir='ltr'>quare</span> <span class='ocrx_word' id='word_1_610' title='bbox 706 3636 773 3658; x_wconf 90' lang='lat' dir='ltr'>non</span> <span class='ocrx_word' id='word_1_611' title='bbox 790 3626 939 3659; x_wconf 80' lang='lat' dir='ltr'>dicamus</span> <span class='ocrx_word' id='word_1_612' title='bbox 957 3639 1050 3660; x_wconf 85' lang='lat' dir='ltr'>usum</span> <span class='ocrx_word' id='word_1_613' title='bbox 1069 3629 1098 3663; x_wconf 88' lang='lat' dir='ltr'><strong><em>S</em></strong></span> 
     </span>
    </p>

    <p class='ocr_par' dir='ltr' id='par_1_12' title="bbox 192 3668 906 3713">
     <span class='ocr_line' id='line_1_79' title="bbox 192 3668 906 3713; baseline 0.003 -11"><span class='ocrx_word' id='word_1_614' title='bbox 192 3669 238 3711; x_wconf 74' lang='grc'>(6)</span> <span class='ocrx_word' id='word_1_615' title='bbox 265 3680 325 3701; x_wconf 75' lang='lat' dir='ltr'>usn</span> <span class='ocrx_word' id='word_1_616' title='bbox 334 3668 495 3713; x_wconf 64' lang='lat' dir='ltr'>suppl-1³</span> <span class='ocrx_word' id='word_1_617' title='bbox 622 3673 666 3711; x_wconf 78' lang='grc' dir='ltr'>(ἵ)</span> <span class='ocrx_word' id='word_1_618' title='bbox 691 3669 906 3712; x_wconf 63' lang='lat' dir='ltr'>quodlibet?</span> 
     </span>
    </p>
   </div>
   <div class='ocr_carea' id='block_1_6' title="bbox 194 3714 1269 3760">
    <p class='ocr_par' dir='ltr' id='par_1_13' title="bbox 194 3714 1269 3760">
     <span class='ocr_line' id='line_1_80' title="bbox 194 3714 1269 3760; baseline 0.006 -14"><span class='ocrx_word' id='word_1_619' title='bbox 194 3719 238 3749; x_wconf 69' lang='lat'>(⁹1</span> <span class='ocrx_word' id='word_1_620' title='bbox 267 3714 458 3756; x_wconf 76' lang='lat' dir='ltr'>refugereF</span> <span class='ocrx_word' id='word_1_621' title='bbox 521 3717 580 3754; x_wconf 82' lang='lat'><strong>(10)</strong></span> <span class='ocrx_word' id='word_1_622' title='bbox 605 3715 814 3758; x_wconf 77' lang='lat' dir='ltr'>relegatusF</span> <span class='ocrx_word' id='word_1_623' title='bbox 870 3719 924 3755; x_wconf 93' lang='grc'><strong>(11)</strong></span> <span class='ocrx_word' id='word_1_624' title='bbox 949 3717 1063 3750; x_wconf 74' lang='lat' dir='ltr'>sitscr.</span> <span class='ocrx_word' id='word_1_625' title='bbox 1127 3720 1185 3760; x_wconf 82' lang='lat'><strong>(12)</strong></span> <span class='ocrx_word' id='word_1_626' title='bbox 1211 3719 1269 3751; x_wconf 71' lang='lat' dir='ltr'>hn-</span> 
     </span>
    </p>
   </div>
   <div class='ocr_carea' id='block_1_7' title="bbox 1273 119 1346 166">
    <p class='ocr_par' dir='ltr' id='par_1_14' title="bbox 1273 119 1346 166">
     <span class='ocr_line' id='line_1_81' title="bbox 1273 119 1346 166; baseline 0 0"><span class='ocrx_word' id='word_1_627' title='bbox 1273 119 1346 166; x_wconf 85' lang='lat'>110</span> 
     </span>
    </p>
   </div>
   <div class='ocr_carea' id='block_1_8' title="bbox 1029 3670 1988 3716">
    <p class='ocr_par' dir='ltr' id='par_1_15' title="bbox 1029 3670 1988 3716">
     <span class='ocr_line' id='line_1_82' title="bbox 1029 3670 1988 3716; baseline -0.004 -9"><span class='ocrx_word' id='word_1_628' title='bbox 1029 3675 1072 3713; x_wconf 84' lang='grc'>(8)</span> <span class='ocrx_word' id='word_1_629' title='bbox 1099 3675 1179 3715; x_wconf 88' lang='lat' dir='ltr'>non]</span> <span class='ocrx_word' id='word_1_630' title='bbox 1188 3672 1275 3706; x_wconf 82' lang='lat' dir='ltr'>noF</span> <span class='ocrx_word' id='word_1_631' title='bbox 1338 3674 1396 3715; x_wconf 79' lang='lat'><em>(1¹1)</em></span> <span class='ocrx_word' id='word_1_632' title='bbox 1420 3674 1552 3716; x_wconf 82' lang='lat' dir='ltr'>legatur</span> <span class='ocrx_word' id='word_1_633' title='bbox 1567 3678 1639 3706; x_wconf 84' lang='lat' dir='ltr'>tum</span> <span class='ocrx_word' id='word_1_634' title='bbox 1651 3673 1686 3705; x_wconf 79' lang='lat' dir='ltr'><em>F</em></span> <span class='ocrx_word' id='word_1_635' title='bbox 1694 3673 1714 3713; x_wconf 89' lang='lat'>¹,</span> <span class='ocrx_word' id='word_1_636' title='bbox 1723 3671 1925 3714; x_wconf 68' lang='lat' dir='ltr'>legatarium</span> <span class='ocrx_word' id='word_1_637' title='bbox 1933 3672 1968 3704; x_wconf 86' lang='lat' dir='ltr'><em>F</em></span> <span class='ocrx_word' id='word_1_638' title='bbox 1973 3670 1988 3691; x_wconf 80' lang='lat'>²</span> 
     </span>
    </p>
   </div>
   <div class='ocr_carea' id='block_1_9' title="bbox 2398 0 2473 19">
    <p class='ocr_par' dir='ltr' id='par_1_16' title="bbox 2398 0 2473 19">
     <span class='ocr_line' id='line_1_83' title="bbox 2398 0 2473 19; baseline 0 -4"><span class='ocrx_word' id='word_1_639' title='bbox 2398 0 2399 3; x_wconf 56' lang='lat'>¹</span> <span class='ocrx_word' id='word_1_640' title='bbox 2423 0 2473 19; x_wconf 65' lang='lat' dir='ltr'>:rr</span> 
     </span>
    </p>
   </div>
   <div class='ocr_carea' id='block_1_10' title="bbox 2451 0 2528 13">
    <p class='ocr_par' dir='ltr' id='par_1_17' title="bbox 2451 0 2528 13">
     <span class='ocr_line' id='line_1_84' title="bbox 2451 0 2528 13; baseline 0 3905"><span class='ocrx_word' id='word_1_641' title='bbox 2451 0 2528 13; x_wconf 95' lang='lat' dir='ltr'> </span> 
     </span>
    </p>
   </div>
   <div class='ocr_carea' id='block_1_11' title="bbox 2046 138 2494 184">
    <p class='ocr_par' dir='ltr' id='par_1_18' title="bbox 2046 138 2494 184">
     <span class='ocr_line' id='line_1_85' title="bbox 2046 138 2494 184; baseline 0.004 -15"><span class='ocrx_word' id='word_1_642' title='bbox 2046 138 2431 176; x_wconf 67' lang='lat' dir='ltr'>usuranc&#39;ruanms</span> <span class='ocrx_word' id='word_1_643' title='bbox 2478 142 2494 184; x_wconf 65' lang='grc' dir='ltr'>ς</span> 
     </span>
    </p>
   </div>
   <div class='ocr_carea' id='block_1_12' title="bbox 1350 243 2524 297">
    <p class='ocr_par' dir='ltr' id='par_1_19' title="bbox 1350 243 2524 297">
     <span class='ocr_line' id='line_1_86' title="bbox 1350 243 2524 297; baseline 0.009 -20"><span class='ocrx_word' id='word_1_644' title='bbox 1350 243 1631 287; x_wconf 85' lang='lat' dir='ltr'>competituram,</span> <span class='ocrx_word' id='word_1_645' title='bbox 1657 255 1726 289; x_wconf 91' lang='lat' dir='ltr'>quo</span> <span class='ocrx_word' id='word_1_646' title='bbox 1752 250 1978 291; x_wconf 89' lang='lat' dir='ltr'>competeret,</span> <span class='ocrx_word' id='word_1_647' title='bbox 2003 248 2034 282; x_wconf 90' lang='lat' dir='ltr'>si</span> <span class='ocrx_word' id='word_1_648' title='bbox 2057 247 2196 284; x_wconf 85' lang='lat' dir='ltr'>fructus</span> <span class='ocrx_word' id='word_1_649' title='bbox 2220 259 2360 295; x_wconf 87' lang='lat' dir='ltr'>quoque</span> <span class='ocrx_word' id='word_1_650' title='bbox 2382 251 2431 287; x_wconf 86' lang='lat' dir='ltr'>le·</span> <span class='ocrx_word' id='word_1_651' title='bbox 2495 273 2524 297; x_wconf 33' lang='lat' dir='ltr'>-s</span> 
     </span>
    </p>
   </div>
   <div class='ocr_carea' id='block_1_13' title="bbox 1348 289 2430 346">
    <p class='ocr_par' dir='ltr' id='par_1_20' title="bbox 1348 289 2430 346">
     <span class='ocr_line' id='line_1_87' title="bbox 1348 289 2430 346; baseline 0.009 -25"><span class='ocrx_word' id='word_1_652' title='bbox 1348 292 1451 332; x_wconf 88' lang='lat' dir='ltr'>gatus</span> <span class='ocrx_word' id='word_1_653' title='bbox 1476 292 1579 324; x_wconf 90' lang='lat' dir='ltr'>esset.</span> <span class='ocrx_word' id='word_1_654' title='bbox 1624 289 1744 334; x_wconf 89' lang='lat' dir='ltr'>itaque</span> <span class='ocrx_word' id='word_1_655' title='bbox 1767 291 1863 326; x_wconf 80' lang='lat' dir='ltr'>non⁸</span> <span class='ocrx_word' id='word_1_656' title='bbox 1886 291 2001 327; x_wconf 88' lang='lat' dir='ltr'>minus</span> <span class='ocrx_word' id='word_1_657' title='bbox 2027 293 2175 329; x_wconf 89' lang='lat' dir='ltr'>absente</span> <span class='ocrx_word' id='word_1_658' title='bbox 2198 304 2305 346; x_wconf 74' lang='lat' dir='ltr'>quam</span> <span class='ocrx_word' id='word_1_659' title='bbox 2351 305 2430 332; x_wconf 86' lang='lat' dir='ltr'>rae-</span> 
     </span>
    </p>
   </div>
   <div class='ocr_carea' id='block_1_14' title="bbox 1349 333 2431 381">
    <p class='ocr_par' dir='ltr' id='par_1_21' title="bbox 1349 326 2518 389">
     <span class='ocr_line' id='line_1_88' title="bbox 1349 333 2431 381; baseline 0.009 -15"><span class='ocrx_word' id='word_1_660' title='bbox 1349 337 1450 367; x_wconf 84' lang='lat' dir='ltr'>sente</span> <span class='ocrx_word' id='word_1_661' title='bbox 1480 333 1551 368; x_wconf 80' lang='lat' dir='ltr'>filio</span> <span class='ocrx_word' id='word_1_662' title='bbox 1584 343 1729 370; x_wconf 87' lang='lat' dir='ltr'>servove</span> <span class='ocrx_word' id='word_1_663' title='bbox 1761 339 1863 381; x_wconf 88' lang='lat' dir='ltr'>pater</span> <span class='ocrx_word' id='word_1_664' title='bbox 1894 336 2099 373; x_wconf 88' lang='lat' dir='ltr'>dominusve</span> <span class='ocrx_word' id='word_1_665' title='bbox 2130 337 2167 373; x_wconf 87' lang='lat' dir='ltr'>iii</span> <span class='ocrx_word' id='word_1_666' title='bbox 2198 338 2253 374; x_wconf 88' lang='lat' dir='ltr'>his</span> <span class='ocrx_word' id='word_1_667' title='bbox 2285 349 2327 374; x_wconf 88' lang='lat' dir='ltr'>ae</span> <span class='ocrx_word' id='word_1_668' title='bbox 2353 339 2431 377; x_wconf 79' lang='lat' dir='ltr'>‘bus</span> 
     </span>
    </p>
   </div>
   <div class='ocr_carea' id='block_1_15' title="bbox 1348 377 1535 413">
    <p class='ocr_par' dir='ltr' id='par_1_22' title="bbox 1348 377 1535 413">
     <span class='ocr_line' id='line_1_89' title="bbox 1348 377 1535 413; baseline 0.005 -1"><span class='ocrx_word' id='word_1_669' title='bbox 1348 377 1535 413; x_wconf 88' lang='lat' dir='ltr'>habitabit.</span> 
     </span>
    </p>
   </div>
   <div class='ocr_carea' id='block_1_16' title="bbox 1398 419 2432 466">
    <p class='ocr_par' dir='ltr' id='par_1_23' title="bbox 1398 401 2525 469">
     <span class='ocr_line' id='line_1_90' title="bbox 1398 419 2432 466; baseline 0.01 -8"><span class='ocrx_word' id='word_1_670' title='bbox 1398 419 1447 459; x_wconf 89' lang='lat'>18</span> <span class='ocrx_word' id='word_1_671' title='bbox 1481 422 1638 459; x_wconf 61' lang='lat' dir='ltr'>Panos</span> <span class='ocrx_word' id='word_1_672' title='bbox 1669 423 1759 460; x_wconf 74' lang='lat' dir='ltr'>libro</span> <span class='ocrx_word' id='word_1_673' title='bbox 1794 436 1890 461; x_wconf 83' lang='lat' dir='ltr'>nono</span> <span class='ocrx_word' id='word_1_674' title='bbox 1925 426 1975 462; x_wconf 86' lang='lat' dir='ltr'>ad</span> <span class='ocrx_word' id='word_1_675' title='bbox 2003 426 2188 463; x_wconf 77' lang='lat' dir='ltr'>Plautium</span> <span class='ocrx_word' id='word_1_676' title='bbox 2235 428 2273 464; x_wconf 83' lang='lat' dir='ltr'>Si</span> <span class='ocrx_word' id='word_1_677' title='bbox 2308 428 2432 466; x_wconf 87' lang='lat' dir='ltr'>domus</span> 
     </span>
    </p>
   </div>
   <div class='ocr_carea' id='block_1_17' title="bbox 1348 467 2524 562">
    <p class='ocr_par' dir='ltr' id='par_1_24' title="bbox 1348 467 2526 562">
     <span class='ocr_line' id='line_1_91' title="bbox 1348 467 2524 520; baseline 0.008 -19"><span class='ocrx_word' id='word_1_678' title='bbox 1348 477 1434 519; x_wconf 75' lang='lat' dir='ltr'>usus</span> <span class='ocrx_word' id='word_1_679' title='bbox 1458 467 1595 520; x_wconf 77' lang='lat' dir='ltr'>legatus</span> <span class='ocrx_word' id='word_1_680' title='bbox 1619 468 1666 503; x_wconf 84' lang='lat' dir='ltr'>sit</span> <span class='ocrx_word' id='word_1_681' title='bbox 1687 469 1772 520; x_wconf 35' lang='lat' dir='ltr'>‘sine</span> <span class='ocrx_word' id='word_1_682' title='bbox 1801 469 1938 514; x_wconf 88' lang='lat' dir='ltr'>fructu,</span> <span class='ocrx_word' id='word_1_683' title='bbox 1971 473 2164 508; x_wconf 82' lang='lat' dir='ltr'>communis</span> <span class='ocrx_word' id='word_1_684' title='bbox 2199 473 2347 509; x_wconf 84' lang='lat' dir='ltr'>refectio</span> <span class='ocrx_word' id='word_1_685' title='bbox 2379 479 2433 510; x_wconf 85' lang='lat' dir='ltr'>est</span> <span class='ocrx_word' id='word_1_686' title='bbox 2500 472 2524 519; x_wconf 64' lang='lat'>..2</span> 
     </span>
     <span class='ocr_line' id='line_1_92' title="bbox 1349 515 2431 562; baseline 0.007 -16"><span class='ocrx_word' id='word_1_687' title='bbox 1349 522 1400 547; x_wconf 90' lang='lat' dir='ltr'>rei</span> <span class='ocrx_word' id='word_1_688' title='bbox 1423 523 1459 547; x_wconf 94' lang='lat' dir='ltr'>in</span> <span class='ocrx_word' id='word_1_689' title='bbox 1483 517 1588 548; x_wconf 88' lang='lat' dir='ltr'>sartis</span> <span class='ocrx_word' id='word_1_690' title='bbox 1611 517 1715 549; x_wconf 90' lang='lat' dir='ltr'>tectis</span> <span class='ocrx_word' id='word_1_691' title='bbox 1738 518 1811 549; x_wconf 89' lang='lat' dir='ltr'>tam</span> <span class='ocrx_word' id='word_1_692' title='bbox 1834 515 1973 551; x_wconf 88' lang='lat' dir='ltr'>heredis</span> <span class='ocrx_word' id='word_1_693' title='bbox 1997 527 2102 562; x_wconf 90' lang='lat' dir='ltr'>quam</span> <span class='ocrx_word' id='word_1_694' title='bbox 2133 518 2279 553; x_wconf 89' lang='lat' dir='ltr'>usuarii.</span> <span class='ocrx_word' id='word_1_695' title='bbox 2314 518 2431 554; x_wconf 86' lang='lat' dir='ltr'>videa·</span> 
     </span>
    </p>
   </div>
   <div class='ocr_carea' id='block_1_18' title="bbox 1349 558 2430 615">
    <p class='ocr_par' dir='ltr' id='par_1_25' title="bbox 1349 558 2430 615">
     <span class='ocr_line' id='line_1_93' title="bbox 1349 558 2430 615; baseline 0.008 -25"><span class='ocrx_word' id='word_1_696' title='bbox 1349 567 1427 598; x_wconf 82' lang='lat' dir='ltr'>mus</span> <span class='ocrx_word' id='word_1_697' title='bbox 1450 561 1580 600; x_wconf 89' lang='lat' dir='ltr'>tamen,</span> <span class='ocrx_word' id='word_1_698' title='bbox 1605 567 1669 601; x_wconf 90' lang='lat' dir='ltr'>ne,</span> <span class='ocrx_word' id='word_1_699' title='bbox 1693 559 1724 594; x_wconf 88' lang='lat' dir='ltr'>si</span> <span class='ocrx_word' id='word_1_700' title='bbox 1745 558 1902 595; x_wconf 88' lang='lat' dir='ltr'>fructum</span> <span class='ocrx_word' id='word_1_701' title='bbox 1925 561 2026 597; x_wconf 90' lang='lat' dir='ltr'>heres</span> <span class='ocrx_word' id='word_1_702' title='bbox 2051 562 2224 615; x_wconf 79' lang='lat' dir='ltr'>accipiat,</span> <span class='ocrx_word' id='word_1_703' title='bbox 2250 563 2326 608; x_wconf 89' lang='lat' dir='ltr'>ipse</span> <span class='ocrx_word' id='word_1_704' title='bbox 2350 563 2430 598; x_wconf 88' lang='lat' dir='ltr'>refi-</span> 
     </span>
    </p>
   </div>
   <div class='ocr_carea' id='block_1_19' title="bbox 1350 602 2431 688">
    <p class='ocr_par' dir='ltr' id='par_1_26' title="bbox 1350 594 2522 688">
     <span class='ocr_line' id='line_1_94' title="bbox 1350 602 2431 688; baseline 0.004 -52"><span class='ocrx_word' id='word_1_705' title='bbox 1350 602 1455 642; x_wconf 85' lang='lat' dir='ltr'>cere⁹</span> <span class='ocrx_word' id='word_1_706' title='bbox 1487 602 1633 644; x_wconf 87' lang='lat' dir='ltr'>debeat,</span> <span class='ocrx_word' id='word_1_707' title='bbox 1666 603 1697 638; x_wconf 89' lang='lat' dir='ltr'>si</span> <span class='ocrx_word' id='word_1_708' title='bbox 1718 614 1801 640; x_wconf 87' lang='lat' dir='ltr'>vero</span> <span class='ocrx_word' id='word_1_709' title='bbox 1825 605 1907 641; x_wconf 89' lang='lat' dir='ltr'>talis</span> <span class='ocrx_word' id='word_1_710' title='bbox 1931 606 1978 641; x_wconf 89' lang='lat' dir='ltr'>sit</span> <span class='ocrx_word' id='word_1_711' title='bbox 2001 617 2076 649; x_wconf 90' lang='lat' dir='ltr'>res,</span> <span class='ocrx_word' id='word_1_712' title='bbox 2109 617 2208 643; x_wconf 87' lang='lat' dir='ltr'>cuius</span> <span class='ocrx_word' id='word_1_713' title='bbox 2231 618 2315 643; x_wconf 88' lang='lat' dir='ltr'>usus</span> <span class='ocrx_word' id='word_1_714' title='bbox 2338 607 2431 688; x_wconf 49' lang='lat' dir='ltr'>leqa-</span> 
     </span>
    </p>
   </div>
   <div class='ocr_carea' id='block_1_20' title="bbox 1349 647 2429 704">
    <p class='ocr_par' dir='ltr' id='par_1_27' title="bbox 1349 647 2429 704">
     <span class='ocr_line' id='line_1_95' title="bbox 1349 647 2429 704; baseline 0.007 -24"><span class='ocrx_word' id='word_1_715' title='bbox 1349 650 1407 681; x_wconf 90' lang='lat' dir='ltr'>tus</span> <span class='ocrx_word' id='word_1_716' title='bbox 1422 648 1449 667; x_wconf 87' lang='lat'>¹⁰</span> <span class='ocrx_word' id='word_1_717' title='bbox 1472 650 1537 689; x_wconf 91' lang='lat' dir='ltr'>est,</span> <span class='ocrx_word' id='word_1_718' title='bbox 1561 650 1603 682; x_wconf 89' lang='lat' dir='ltr'>ut</span> <span class='ocrx_word' id='word_1_719' title='bbox 1625 647 1727 684; x_wconf 89' lang='lat' dir='ltr'>heres</span> <span class='ocrx_word' id='word_1_720' title='bbox 1749 648 1907 685; x_wconf 85' lang='lat' dir='ltr'>fructum</span> <span class='ocrx_word' id='word_1_721' title='bbox 1930 651 2113 696; x_wconf 88' lang='lat' dir='ltr'>percipere</span> <span class='ocrx_word' id='word_1_722' title='bbox 2137 662 2209 687; x_wconf 90' lang='lat' dir='ltr'>non</span> <span class='ocrx_word' id='word_1_723' title='bbox 2233 653 2356 704; x_wconf 81' lang='lat' dir='ltr'>possit,</span> <span class='ocrx_word' id='word_1_724' title='bbox 2395 664 2429 688; x_wconf 92' lang='lat' dir='ltr'>e-</span> 
     </span>
    </p>
   </div>
   <div class='ocr_carea' id='block_1_21' title="bbox 1347 675 2523 741">
    <p class='ocr_par' dir='ltr' id='par_1_28' title="bbox 1347 675 2523 741">
     <span class='ocr_line' id='line_1_96' title="bbox 1347 675 2523 741; baseline 0.008 -16"><span class='ocrx_word' id='word_1_725' title='bbox 1347 691 1504 735; x_wconf 88' lang='lat' dir='ltr'>gatarius</span> <span class='ocrx_word' id='word_1_726' title='bbox 1527 691 1674 728; x_wconf 86' lang='lat' dir='ltr'>reficere</span> <span class='ocrx_word' id='word_1_727' title='bbox 1698 694 1876 739; x_wconf 85' lang='lat' dir='ltr'>cogendus</span> <span class='ocrx_word' id='word_1_728' title='bbox 1900 699 1956 730; x_wconf 89' lang='lat' dir='ltr'>est</span> <span class='ocrx_word' id='word_1_729' title='bbox 1969 697 2014 730; x_wconf 89' lang='lat'>¹¹:</span> <span class='ocrx_word' id='word_1_730' title='bbox 2047 706 2138 741; x_wconf 90' lang='lat' dir='ltr'>quae</span> <span class='ocrx_word' id='word_1_731' title='bbox 2171 696 2350 733; x_wconf 86' lang='lat' dir='ltr'>distinctio</span> <span class='ocrx_word' id='word_1_732' title='bbox 2374 708 2431 733; x_wconf 90' lang='lat' dir='ltr'>ra·</span> <span class='ocrx_word' id='word_1_733' title='bbox 2495 675 2523 734; x_wconf 29' lang='grc' dir='ltr'>ᾗ(</span> 
     </span>
    </p>
   </div>
   <div class='ocr_carea' id='block_1_22' title="bbox 1348 736 2431 831">
    <p class='ocr_par' dir='ltr' id='par_1_29' title="bbox 1348 736 2431 831">
     <span class='ocr_line' id='line_1_97' title="bbox 1348 736 1623 772; baseline 0.007 -2"><span class='ocrx_word' id='word_1_734' title='bbox 1348 736 1481 771; x_wconf 88' lang='lat' dir='ltr'>tionem</span> <span class='ocrx_word' id='word_1_735' title='bbox 1504 737 1623 772; x_wconf 89' lang='lat' dir='ltr'>habet.</span> 
     </span>
     <span class='ocr_line' id='line_1_98' title="bbox 1399 779 2431 831; baseline 0.004 -13"><span class='ocrx_word' id='word_1_736' title='bbox 1399 779 1448 818; x_wconf 88' lang='grc'>19</span> <span class='ocrx_word' id='word_1_737' title='bbox 1474 781 1579 816; x_wconf 69' lang='lat' dir='ltr'>Imm</span> <span class='ocrx_word' id='word_1_738' title='bbox 1600 782 1691 818; x_wconf 81' lang='lat' dir='ltr'>libro</span> <span class='ocrx_word' id='word_1_739' title='bbox 1716 784 1820 819; x_wconf 79' lang='lat' dir='ltr'>tertio</span> <span class='ocrx_word' id='word_1_740' title='bbox 1844 784 1894 819; x_wconf 84' lang='lat' dir='ltr'>ad</span> <span class='ocrx_word' id='word_1_741' title='bbox 1918 784 2096 820; x_wconf 55' lang='lat' dir='ltr'>Vitelliam</span> <span class='ocrx_word' id='word_1_742' title='bbox 2142 785 2236 822; x_wconf 91' lang='lat' dir='ltr'>Usus</span> <span class='ocrx_word' id='word_1_743' title='bbox 2268 796 2351 831; x_wconf 87' lang='lat' dir='ltr'>pars</span> <span class='ocrx_word' id='word_1_744' title='bbox 2383 787 2431 822; x_wconf 91' lang='lat' dir='ltr'>le·</span> 
     </span>
    </p>
   </div>
   <div class='ocr_carea' id='block_1_23' title="bbox 1348 826 2430 877">
    <p class='ocr_par' dir='ltr' id='par_1_30' title="bbox 1348 826 2506 886">
     <span class='ocr_line' id='line_1_99' title="bbox 1348 826 2430 877; baseline 0.007 -17"><span class='ocrx_word' id='word_1_745' title='bbox 1348 826 1425 871; x_wconf 84' lang='lat' dir='ltr'>gari</span> <span class='ocrx_word' id='word_1_746' title='bbox 1448 837 1520 862; x_wconf 93' lang='lat' dir='ltr'>non</span> <span class='ocrx_word' id='word_1_747' title='bbox 1543 830 1678 871; x_wconf 87' lang='lat' dir='ltr'>potest:</span> <span class='ocrx_word' id='word_1_748' title='bbox 1711 838 1793 863; x_wconf 92' lang='lat' dir='ltr'>nam</span> <span class='ocrx_word' id='word_1_749' title='bbox 1823 828 1895 864; x_wconf 86' lang='lat' dir='ltr'>frui</span> <span class='ocrx_word' id='word_1_750' title='bbox 1927 829 2068 874; x_wconf 89' lang='lat' dir='ltr'>quidem</span> <span class='ocrx_word' id='word_1_751' title='bbox 2091 841 2156 876; x_wconf 88' lang='lat' dir='ltr'>pro</span> <span class='ocrx_word' id='word_1_752' title='bbox 2180 835 2282 877; x_wconf 89' lang='lat' dir='ltr'>parte</span> <span class='ocrx_word' id='word_1_753' title='bbox 2305 842 2430 876; x_wconf 86' lang='lat' dir='ltr'>possu-</span> 
     </span>
    </p>
   </div>
   <div class='ocr_carea' id='block_1_24' title="bbox 1348 871 2048 919">
    <p class='ocr_par' dir='ltr' id='par_1_31' title="bbox 1348 871 2048 919">
     <span class='ocr_line' id='line_1_100' title="bbox 1348 871 2048 919; baseline 0.007 -14"><span class='ocrx_word' id='word_1_754' title='bbox 1348 881 1438 913; x_wconf 90' lang='lat' dir='ltr'>mus,</span> <span class='ocrx_word' id='word_1_755' title='bbox 1464 871 1516 906; x_wconf 91' lang='lat' dir='ltr'>uti</span> <span class='ocrx_word' id='word_1_756' title='bbox 1539 882 1603 917; x_wconf 91' lang='lat' dir='ltr'>pro</span> <span class='ocrx_word' id='word_1_757' title='bbox 1628 876 1731 917; x_wconf 91' lang='lat' dir='ltr'>parte</span> <span class='ocrx_word' id='word_1_758' title='bbox 1754 884 1826 908; x_wconf 90' lang='lat' dir='ltr'>non</span> <span class='ocrx_word' id='word_1_759' title='bbox 1849 884 2048 919; x_wconf 83' lang='lat' dir='ltr'>possumus.</span> 
     </span>
    </p>
   </div>
   <div class='ocr_carea' id='block_1_25' title="bbox 1349 907 2509 1009">
    <p class='ocr_par' dir='ltr' id='par_1_32' title="bbox 1349 907 2509 1009">
     <span class='ocr_line' id='line_1_101' title="bbox 1396 907 2509 973; baseline 0.005 -21"><span class='ocrx_word' id='word_1_760' title='bbox 1396 914 1448 954; x_wconf 87' lang='grc'>20</span> <span class='ocrx_word' id='word_1_761' title='bbox 1473 915 1713 969; x_wconf 35' lang='lat' dir='ltr'>Manca-‘Laus</span> <span class='ocrx_word' id='word_1_762' title='bbox 1728 917 1818 953; x_wconf 81' lang='lat' dir='ltr'>libro</span> <span class='ocrx_word' id='word_1_763' title='bbox 1832 919 1936 954; x_wconf 83' lang='lat' dir='ltr'>tertio</span> <span class='ocrx_word' id='word_1_764' title='bbox 1948 919 2083 955; x_wconf 76' lang='lat' dir='ltr'>decimo</span> <span class='ocrx_word' id='word_1_765' title='bbox 2096 919 2316 973; x_wconf 62' lang='lat' dir='ltr'>diqqstorfupi</span> <span class='ocrx_word' id='word_1_766' title='bbox 2348 921 2431 973; x_wconf 61' lang='lat' dir='ltr'>§er—</span> <span class='ocrx_word' id='word_1_767' title='bbox 2490 907 2509 958; x_wconf 39' lang='lat' dir='ltr'>s</span> 
     </span>
     <span class='ocr_line' id='line_1_102' title="bbox 1349 962 2499 1009; baseline 0.006 -14"><span class='ocrx_word' id='word_1_768' title='bbox 1349 971 1424 1003; x_wconf 89' lang='lat' dir='ltr'>vus,</span> <span class='ocrx_word' id='word_1_769' title='bbox 1450 971 1551 996; x_wconf 87' lang='lat' dir='ltr'>cuius</span> <span class='ocrx_word' id='word_1_770' title='bbox 1575 962 1660 997; x_wconf 89' lang='lat' dir='ltr'>mihi</span> <span class='ocrx_word' id='word_1_771' title='bbox 1683 972 1769 997; x_wconf 90' lang='lat' dir='ltr'>usus</span> <span class='ocrx_word' id='word_1_772' title='bbox 1792 963 1930 1008; x_wconf 87' lang='lat' dir='ltr'>legatus</span> <span class='ocrx_word' id='word_1_773' title='bbox 1947 967 2010 1007; x_wconf 91' lang='lat' dir='ltr'>est,</span> <span class='ocrx_word' id='word_1_774' title='bbox 2035 964 2189 1009; x_wconf 81' lang='lat' dir='ltr'>adquirit</span> <span class='ocrx_word' id='word_1_775' title='bbox 2207 966 2303 1009; x_wconf 89' lang='lat' dir='ltr'>mihi,</span> <span class='ocrx_word' id='word_1_776' title='bbox 2328 977 2358 1001; x_wconf 93' lang='lat' dir='ltr'>si</span> <span class='ocrx_word' id='word_1_777' title='bbox 2378 967 2431 1002; x_wconf 90' lang='lat' dir='ltr'>iii·</span> <span class='ocrx_word' id='word_1_778' title='bbox 2495 989 2499 992; x_wconf 88' lang='lat'><em>-</em></span> 
     </span>
    </p>
   </div>
   <div class='ocr_carea' id='block_1_26' title="bbox 1348 1006 2433 1143">
    <p class='ocr_par' dir='ltr' id='par_1_33' title="bbox 1348 1006 2433 1143">
     <span class='ocr_line' id='line_1_103' title="bbox 1349 1006 2431 1052; baseline 0.006 -12"><span class='ocrx_word' id='word_1_779' title='bbox 1349 1006 1453 1041; x_wconf 88' lang='lat' dir='ltr'>stitor</span> <span class='ocrx_word' id='word_1_780' title='bbox 1476 1006 1544 1041; x_wconf 90' lang='lat' dir='ltr'>erit</span> <span class='ocrx_word' id='word_1_781' title='bbox 1566 1010 1602 1042; x_wconf 88' lang='lat' dir='ltr'>et</span> <span class='ocrx_word' id='word_1_782' title='bbox 1625 1007 1744 1052; x_wconf 88' lang='lat' dir='ltr'>operis</span> <span class='ocrx_word' id='word_1_783' title='bbox 1767 1007 1843 1043; x_wconf 89' lang='lat' dir='ltr'>eius</span> <span class='ocrx_word' id='word_1_784' title='bbox 1868 1011 1951 1044; x_wconf 88' lang='lat' dir='ltr'>utar</span> <span class='ocrx_word' id='word_1_785' title='bbox 1972 1009 2010 1044; x_wconf 92' lang='lat' dir='ltr'>iii</span> <span class='ocrx_word' id='word_1_786' title='bbox 2032 1010 2202 1045; x_wconf 88' lang='lat' dir='ltr'>taberna:</span> <span class='ocrx_word' id='word_1_787' title='bbox 2235 1021 2318 1046; x_wconf 89' lang='lat' dir='ltr'>nam</span> <span class='ocrx_word' id='word_1_788' title='bbox 2341 1021 2431 1046; x_wconf 89' lang='lat' dir='ltr'>mer-</span> 
     </span>
     <span class='ocr_line' id='line_1_104' title="bbox 1350 1051 2433 1099; baseline 0.006 -14"><span class='ocrx_word' id='word_1_789' title='bbox 1350 1051 1450 1086; x_wconf 90' lang='lat' dir='ltr'>cibus</span> <span class='ocrx_word' id='word_1_790' title='bbox 1474 1051 1670 1087; x_wconf 88' lang='lat' dir='ltr'>vendundis</span> <span class='ocrx_word' id='word_1_791' title='bbox 1694 1052 1918 1098; x_wconf 90' lang='lat' dir='ltr'>emendisque</span> <span class='ocrx_word' id='word_1_792' title='bbox 1940 1053 2094 1099; x_wconf 89' lang='lat' dir='ltr'>adquirit</span> <span class='ocrx_word' id='word_1_793' title='bbox 2116 1055 2218 1090; x_wconf 90' lang='lat' dir='ltr'>mihi:</span> <span class='ocrx_word' id='word_1_794' title='bbox 2251 1055 2314 1091; x_wconf 88' lang='lat' dir='ltr'>sed</span> <span class='ocrx_word' id='word_1_795' title='bbox 2343 1059 2380 1091; x_wconf 90' lang='lat' dir='ltr'>et</span> <span class='ocrx_word' id='word_1_796' title='bbox 2403 1056 2433 1091; x_wconf 91' lang='lat' dir='ltr'>si</span> 
     </span>
     <span class='ocr_line' id='line_1_105' title="bbox 1348 1096 2070 1143; baseline 0.006 -13"><span class='ocrx_word' id='word_1_797' title='bbox 1348 1097 1446 1131; x_wconf 90' lang='lat' dir='ltr'>iussu</span> <span class='ocrx_word' id='word_1_798' title='bbox 1469 1106 1547 1132; x_wconf 90' lang='lat' dir='ltr'>meo</span> <span class='ocrx_word' id='word_1_799' title='bbox 1572 1106 1636 1141; x_wconf 87' lang='lat' dir='ltr'>per</span> <span class='ocrx_word' id='word_1_800' title='bbox 1658 1096 1884 1133; x_wconf 86' lang='lat' dir='ltr'>traditionem</span> <span class='ocrx_word' id='word_1_801' title='bbox 1908 1098 2070 1143; x_wconf 87' lang='lat' dir='ltr'>accipiet.</span> 
     </span>
    </p>
   </div>
   <div class='ocr_carea' id='block_1_27' title="bbox 1396 1139 2502 1198">
    <p class='ocr_par' dir='ltr' id='par_1_34' title="bbox 1396 1139 2502 1198">
     <span class='ocr_line' id='line_1_106' title="bbox 1396 1139 2502 1198; baseline 0.004 -21"><span class='ocrx_word' id='word_1_802' title='bbox 1396 1139 1446 1178; x_wconf 88' lang='lat'>21</span> <span class='ocrx_word' id='word_1_803' title='bbox 1482 1140 1736 1177; x_wconf 72' lang='lat' dir='ltr'>Monsssmws</span> <span class='ocrx_word' id='word_1_804' title='bbox 1767 1142 1859 1178; x_wconf 81' lang='lat' dir='ltr'>libro</span> <span class='ocrx_word' id='word_1_805' title='bbox 1893 1143 2049 1179; x_wconf 83' lang='lat' dir='ltr'>secundo</span> <span class='ocrx_word' id='word_1_806' title='bbox 2084 1144 2293 1190; x_wconf 60' lang='lat' dir='ltr'>regularum</span> <span class='ocrx_word' id='word_1_807' title='bbox 2340 1145 2431 1198; x_wconf 73' lang='lat' dir='ltr'>Usus</span> <span class='ocrx_word' id='word_1_808' title='bbox 2499 1159 2502 1164; x_wconf 59' lang='lat'><strong>⁴</strong></span> 
     </span>
    </p>
   </div>
   <div class='ocr_carea' id='block_1_28' title="bbox 1348 1187 2433 1277">
    <p class='ocr_par' dir='ltr' id='par_1_35' title="bbox 1348 1187 2433 1277">
     <span class='ocr_line' id='line_1_107' title="bbox 1348 1187 2433 1231; baseline 0.006 -11"><span class='ocrx_word' id='word_1_809' title='bbox 1348 1196 1463 1231; x_wconf 91' lang='lat' dir='ltr'>aquae</span> <span class='ocrx_word' id='word_1_810' title='bbox 1493 1187 1690 1230; x_wconf 90' lang='lat' dir='ltr'>personalis</span> <span class='ocrx_word' id='word_1_811' title='bbox 1722 1190 1777 1222; x_wconf 89' lang='lat' dir='ltr'>est</span> <span class='ocrx_word' id='word_1_812' title='bbox 1807 1191 1843 1223; x_wconf 90' lang='lat' dir='ltr'>et</span> <span class='ocrx_word' id='word_1_813' title='bbox 1871 1187 1951 1223; x_wconf 91' lang='lat' dir='ltr'>ideo</span> <span class='ocrx_word' id='word_1_814' title='bbox 1984 1188 2031 1223; x_wconf 91' lang='lat' dir='ltr'>ad</span> <span class='ocrx_word' id='word_1_815' title='bbox 2061 1189 2226 1225; x_wconf 88' lang='lat' dir='ltr'>heredem</span> <span class='ocrx_word' id='word_1_816' title='bbox 2239 1190 2269 1211; x_wconf 86' lang='lat'>¹²</span> <span class='ocrx_word' id='word_1_817' title='bbox 2299 1191 2433 1226; x_wconf 90' lang='lat' dir='ltr'>usuarii</span> 
     </span>
     <span class='ocr_line' id='line_1_108' title="bbox 1349 1231 1791 1277; baseline 0.005 -12"><span class='ocrx_word' id='word_1_818' title='bbox 1349 1231 1543 1266; x_wconf 87' lang='lat' dir='ltr'>transmitti</span> <span class='ocrx_word' id='word_1_819' title='bbox 1566 1242 1638 1266; x_wconf 90' lang='lat' dir='ltr'>non</span> <span class='ocrx_word' id='word_1_820' title='bbox 1660 1235 1791 1277; x_wconf 91' lang='lat' dir='ltr'>potest.</span> 
     </span>
    </p>
   </div>
   <div class='ocr_carea' id='block_1_29' title="bbox 1349 1274 2507 1414">
    <p class='ocr_par' dir='ltr' id='par_1_36' title="bbox 1349 1274 2507 1414">
     <span class='ocr_line' id='line_1_109' title="bbox 1395 1274 2507 1322; baseline 0.003 -10"><span class='ocrx_word' id='word_1_821' title='bbox 1395 1274 1449 1312; x_wconf 85' lang='lat'>22</span> <span class='ocrx_word' id='word_1_822' title='bbox 1473 1275 1702 1312; x_wconf 70' lang='lat' dir='ltr'>Poueomvs</span> <span class='ocrx_word' id='word_1_823' title='bbox 1721 1277 1812 1313; x_wconf 83' lang='lat' dir='ltr'>libro</span> <span class='ocrx_word' id='word_1_824' title='bbox 1832 1278 1957 1322; x_wconf 75' lang='lat' dir='ltr'>quinto</span> <span class='ocrx_word' id='word_1_825' title='bbox 1977 1278 2028 1313; x_wconf 82' lang='lat' dir='ltr'>ad</span> <span class='ocrx_word' id='word_1_826' title='bbox 2044 1277 2214 1321; x_wconf 80' lang='lat' dir='ltr'>Quintum</span> <span class='ocrx_word' id='word_1_827' title='bbox 2227 1279 2255 1301; x_wconf 81' lang='lat'>¹³</span> <span class='ocrx_word' id='word_1_828' title='bbox 2274 1278 2431 1315; x_wconf 82' lang='lat' dir='ltr'>Mucium</span> <span class='ocrx_word' id='word_1_829' title='bbox 2495 1302 2507 1322; x_wconf 60' lang='grc' dir='ltr'>ς</span> 
     </span>
     <span class='ocr_line' id='line_1_110' title="bbox 1349 1320 2498 1369; baseline 0.005 -15"><span class='ocrx_word' id='word_1_830' title='bbox 1349 1320 1459 1356; x_wconf 91' lang='lat' dir='ltr'>Divus</span> <span class='ocrx_word' id='word_1_831' title='bbox 1482 1321 1698 1364; x_wconf 88' lang='lat' dir='ltr'>Hadrianus,</span> <span class='ocrx_word' id='word_1_832' title='bbox 1723 1330 1801 1357; x_wconf 86' lang='lat' dir='ltr'>cum</span> <span class='ocrx_word' id='word_1_833' title='bbox 1826 1322 2034 1367; x_wconf 90' lang='lat' dir='ltr'>quibusdam</span> <span class='ocrx_word' id='word_1_834' title='bbox 2057 1333 2143 1358; x_wconf 89' lang='lat' dir='ltr'>usus</span> <span class='ocrx_word' id='word_1_835' title='bbox 2165 1324 2274 1359; x_wconf 87' lang='lat' dir='ltr'>silvae</span> <span class='ocrx_word' id='word_1_836' title='bbox 2297 1324 2432 1369; x_wconf 86' lang='lat' dir='ltr'>legatus</span> <span class='ocrx_word' id='word_1_837' title='bbox 2492 1338 2498 1346; x_wconf 54' lang='lat'>³</span> 
     </span>
     <span class='ocr_line' id='line_1_111' title="bbox 1349 1366 2505 1414; baseline 0.001 -13"><span class='ocrx_word' id='word_1_838' title='bbox 1349 1369 1454 1408; x_wconf 89' lang='lat' dir='ltr'>esset,</span> <span class='ocrx_word' id='word_1_839' title='bbox 1478 1366 1604 1402; x_wconf 89' lang='lat' dir='ltr'>statuit</span> <span class='ocrx_word' id='word_1_840' title='bbox 1626 1366 1781 1401; x_wconf 81' lang='lat' dir='ltr'>fructum</span> <span class='ocrx_word' id='word_1_841' title='bbox 1805 1378 1944 1412; x_wconf 91' lang='lat' dir='ltr'>quoque</span> <span class='ocrx_word' id='word_1_842' title='bbox 1963 1368 2013 1403; x_wconf 91' lang='lat' dir='ltr'>eis</span> <span class='ocrx_word' id='word_1_843' title='bbox 2032 1367 2186 1413; x_wconf 85' lang='lat' dir='ltr'>legatum</span> <span class='ocrx_word' id='word_1_844' title='bbox 2205 1368 2325 1411; x_wconf 90' lang='lat' dir='ltr'>videri,</span> <span class='ocrx_word' id='word_1_845' title='bbox 2350 1370 2432 1414; x_wconf 88' lang='lat' dir='ltr'>quia</span> <span class='ocrx_word' id='word_1_846' title='bbox 2498 1371 2505 1402; x_wconf 60' lang='lat' dir='ltr'>&#39;s</span> 
     </span>
    </p>
   </div>
   <div class='ocr_carea' id='block_1_30' title="bbox 1348 1411 2432 1500">
    <p class='ocr_par' dir='ltr' id='par_1_37' title="bbox 1348 1411 2432 1500">
     <span class='ocr_line' id='line_1_112' title="bbox 1348 1411 2431 1459; baseline 0.004 -14"><span class='ocrx_word' id='word_1_847' title='bbox 1348 1411 1416 1445; x_wconf 92' lang='lat' dir='ltr'>nisi</span> <span class='ocrx_word' id='word_1_848' title='bbox 1428 1411 1550 1447; x_wconf 91' lang='lat' dir='ltr'>liceret</span> <span class='ocrx_word' id='word_1_849' title='bbox 1561 1411 1740 1456; x_wconf 87' lang='lat' dir='ltr'>legatariis</span> <span class='ocrx_word' id='word_1_850' title='bbox 1761 1411 1910 1447; x_wconf 88' lang='lat' dir='ltr'>caedere</span> <span class='ocrx_word' id='word_1_851' title='bbox 1929 1412 2053 1447; x_wconf 90' lang='lat' dir='ltr'>silvam</span> <span class='ocrx_word' id='word_1_852' title='bbox 2073 1417 2108 1448; x_wconf 89' lang='lat' dir='ltr'>et</span> <span class='ocrx_word' id='word_1_853' title='bbox 2126 1413 2287 1455; x_wconf 91' lang='lat' dir='ltr'>vendere,</span> <span class='ocrx_word' id='word_1_854' title='bbox 2311 1425 2431 1459; x_wconf 91' lang='lat' dir='ltr'>quem-</span> 
     </span>
     <span class='ocr_line' id='line_1_113' title="bbox 1348 1455 2432 1500; baseline 0.004 -10"><span class='ocrx_word' id='word_1_855' title='bbox 1348 1455 1540 1491; x_wconf 90' lang='lat' dir='ltr'>admodum</span> <span class='ocrx_word' id='word_1_856' title='bbox 1570 1455 1845 1491; x_wconf 87' lang='lat' dir='ltr'>usufructuariis</span> <span class='ocrx_word' id='word_1_857' title='bbox 1876 1457 1978 1500; x_wconf 88' lang='lat' dir='ltr'>licet,</span> <span class='ocrx_word' id='word_1_858' title='bbox 2009 1457 2098 1492; x_wconf 88' lang='lat' dir='ltr'>nihil</span> <span class='ocrx_word' id='word_1_859' title='bbox 2127 1457 2284 1493; x_wconf 88' lang='lat' dir='ltr'>habituri</span> <span class='ocrx_word' id='word_1_860' title='bbox 2315 1462 2432 1494; x_wconf 91' lang='lat' dir='ltr'>essent</span> 
     </span>
    </p>
   </div>
   <div class='ocr_carea' id='block_1_31' title="bbox 1349 1500 2500 1593">
    <p class='ocr_par' dir='ltr' id='par_1_38' title="bbox 1349 1500 2504 1593">
     <span class='ocr_line' id='line_1_114' title="bbox 1352 1500 2500 1547; baseline 0.003 -12"><span class='ocrx_word' id='word_1_861' title='bbox 1352 1503 1367 1535; x_wconf 88' lang='lat' dir='ltr'>l</span> <span class='ocrx_word' id='word_1_862' title='bbox 1417 1511 1461 1536; x_wconf 90' lang='lat' dir='ltr'>ex</span> <span class='ocrx_word' id='word_1_863' title='bbox 1472 1510 1515 1536; x_wconf 91' lang='lat' dir='ltr'>eo</span> <span class='ocrx_word' id='word_1_864' title='bbox 1527 1500 1655 1546; x_wconf 83' lang='lat' dir='ltr'>legato.</span> <span class='ocrx_word' id='word_1_865' title='bbox 1691 1501 1794 1536; x_wconf 88' lang='lat' dir='ltr'>Licet</span> <span class='ocrx_word' id='word_1_866' title='bbox 1816 1506 1890 1536; x_wconf 90' lang='lat' dir='ltr'>tam</span> <span class='ocrx_word' id='word_1_867' title='bbox 1914 1506 2087 1547; x_wconf 86' lang='lat' dir='ltr'>angustus</span> <span class='ocrx_word' id='word_1_868' title='bbox 2112 1506 2167 1538; x_wconf 88' lang='lat' dir='ltr'>est</span> <span class='ocrx_word' id='word_1_869' title='bbox 2188 1503 2379 1547; x_wconf 84' lang='lat' dir='ltr'>legatarius</span> <span class='ocrx_word' id='word_1_870' title='bbox 2392 1504 2431 1546; x_wconf 74' lang='lat'>¹⁴,</span> <span class='ocrx_word' id='word_1_871' title='bbox 2492 1512 2500 1543; x_wconf 64' lang='lat'><em>1</em></span> 
     </span>
     <span class='ocr_line' id='line_1_115' title="bbox 1349 1545 2498 1593; baseline 0.003 -13"><span class='ocrx_word' id='word_1_872' title='bbox 1349 1545 1407 1580; x_wconf 90' lang='lat' dir='ltr'>cui</span> <span class='ocrx_word' id='word_1_873' title='bbox 1430 1545 1552 1581; x_wconf 90' lang='lat' dir='ltr'>domus</span> <span class='ocrx_word' id='word_1_874' title='bbox 1576 1556 1663 1580; x_wconf 88' lang='lat' dir='ltr'>usus</span> <span class='ocrx_word' id='word_1_875' title='bbox 1685 1545 1824 1591; x_wconf 88' lang='lat' dir='ltr'>legatus</span> <span class='ocrx_word' id='word_1_876' title='bbox 1848 1551 1920 1589; x_wconf 91' lang='lat' dir='ltr'>est,</span> <span class='ocrx_word' id='word_1_877' title='bbox 1952 1550 1994 1582; x_wconf 92' lang='lat' dir='ltr'>ut</span> <span class='ocrx_word' id='word_1_878' title='bbox 2023 1557 2096 1582; x_wconf 92' lang='lat' dir='ltr'>non</span> <span class='ocrx_word' id='word_1_879' title='bbox 2119 1547 2234 1592; x_wconf 87' lang='lat' dir='ltr'>possit</span> <span class='ocrx_word' id='word_1_880' title='bbox 2256 1558 2432 1593; x_wconf 91' lang='lat' dir='ltr'>occupare</span> <span class='ocrx_word' id='word_1_881' title='bbox 2497 1573 2498 1576; x_wconf 53' lang='lat'><em>=</em></span> 
     </span>
    </p>
   </div>
   <div class='ocr_carea' id='block_1_32' title="bbox 1347 1589 2432 1681">
    <p class='ocr_par' dir='ltr' id='par_1_39' title="bbox 1347 1589 2432 1681">
     <span class='ocr_line' id='line_1_116' title="bbox 1347 1589 2430 1638; baseline 0.004 -14"><span class='ocrx_word' id='word_1_882' title='bbox 1347 1589 1457 1625; x_wconf 86' lang='lat' dir='ltr'>totius</span> <span class='ocrx_word' id='word_1_883' title='bbox 1481 1590 1606 1625; x_wconf 92' lang='lat' dir='ltr'>domus</span> <span class='ocrx_word' id='word_1_884' title='bbox 1630 1601 1751 1633; x_wconf 89' lang='lat' dir='ltr'>usum,</span> <span class='ocrx_word' id='word_1_885' title='bbox 1783 1595 1901 1626; x_wconf 87' lang='lat' dir='ltr'>tamen</span> <span class='ocrx_word' id='word_1_886' title='bbox 1934 1591 1984 1626; x_wconf 86' lang='lat' dir='ltr'>eis</span> <span class='ocrx_word' id='word_1_887' title='bbox 2038 1602 2107 1627; x_wconf 89' lang='lat' dir='ltr'>uae</span> <span class='ocrx_word' id='word_1_888' title='bbox 2138 1593 2318 1628; x_wconf 80' lang='lat' dir='ltr'>vacabunt</span> <span class='ocrx_word' id='word_1_889' title='bbox 2348 1604 2430 1638; x_wconf 90' lang='lat' dir='ltr'>pro-</span> 
     </span>
     <span class='ocr_line' id='line_1_117' title="bbox 1347 1635 2432 1681; baseline 0.004 -12"><span class='ocrx_word' id='word_1_890' title='bbox 1347 1635 1535 1679; x_wconf 86' lang='lat' dir='ltr'>prietarius</span> <span class='ocrx_word' id='word_1_891' title='bbox 1566 1646 1639 1670; x_wconf 89' lang='lat' dir='ltr'>non</span> <span class='ocrx_word' id='word_1_892' title='bbox 1669 1639 1807 1678; x_wconf 88' lang='lat' dir='ltr'>utetur,</span> <span class='ocrx_word' id='word_1_893' title='bbox 1846 1636 1930 1681; x_wconf 86' lang='lat' dir='ltr'>quia</span> <span class='ocrx_word' id='word_1_894' title='bbox 1961 1636 2028 1672; x_wconf 91' lang='lat' dir='ltr'>lice</span> <span class='ocrx_word' id='word_1_895' title='bbox 2053 1637 2082 1671; x_wconf 88' lang='lat' dir='ltr'>it</span> <span class='ocrx_word' id='word_1_896' title='bbox 2111 1638 2255 1672; x_wconf 86' lang='lat' dir='ltr'>usuario</span> <span class='ocrx_word' id='word_1_897' title='bbox 2286 1637 2363 1673; x_wconf 89' lang='lat' dir='ltr'>aliis</span> <span class='ocrx_word' id='word_1_898' title='bbox 2396 1643 2432 1673; x_wconf 88' lang='lat' dir='ltr'>et</span> 
     </span>
    </p>
   </div>
   <div class='ocr_carea' id='block_1_33' title="bbox 1347 1673 2526 1725">
    <p class='ocr_par' dir='ltr' id='par_1_40' title="bbox 1347 1673 2526 1725">
     <span class='ocr_line' id='line_1_118' title="bbox 1347 1673 2526 1725; baseline 0.003 -11"><span class='ocrx_word' id='word_1_899' title='bbox 1347 1680 1425 1715; x_wconf 86' lang='lat' dir='ltr'>aliis</span> <span class='ocrx_word' id='word_1_900' title='bbox 1448 1680 1665 1725; x_wconf 89' lang='lat' dir='ltr'>temporibus</span> <span class='ocrx_word' id='word_1_901' title='bbox 1690 1685 1767 1715; x_wconf 90' lang='lat' dir='ltr'>tota</span> <span class='ocrx_word' id='word_1_902' title='bbox 1791 1680 1895 1716; x_wconf 89' lang='lat' dir='ltr'>domo</span> <span class='ocrx_word' id='word_1_903' title='bbox 1918 1682 1981 1723; x_wconf 89' lang='lat' dir='ltr'>uti,</span> <span class='ocrx_word' id='word_1_904' title='bbox 2007 1692 2087 1717; x_wconf 92' lang='lat' dir='ltr'>cum</span> <span class='ocrx_word' id='word_1_905' title='bbox 2104 1682 2280 1717; x_wconf 89' lang='lat' dir='ltr'>interdum</span> <span class='ocrx_word' id='word_1_906' title='bbox 2299 1682 2431 1717; x_wconf 90' lang='lat' dir='ltr'>domini</span> <span class='ocrx_word' id='word_1_907' title='bbox 2495 1687 2498 1689; x_wconf 74' lang='grc'><strong>’</strong></span> <span class='ocrx_word' id='word_1_908' title='bbox 2525 1673 2526 1676; x_wconf 26' lang='grc'><strong>“</strong></span> 
     </span>
    </p>
   </div>
   <div class='ocr_carea' id='block_1_34' title="bbox 1348 1725 2429 1771">
    <p class='ocr_par' dir='ltr' id='par_1_41' title="bbox 1348 1725 2429 1771">
     <span class='ocr_line' id='line_1_119' title="bbox 1348 1725 2429 1771; baseline 0.003 -12"><span class='ocrx_word' id='word_1_909' title='bbox 1348 1733 1486 1768; x_wconf 88' lang='lat' dir='ltr'>quoque</span> <span class='ocrx_word' id='word_1_910' title='bbox 1510 1725 1666 1767; x_wconf 89' lang='lat' dir='ltr'>aedium,</span> <span class='ocrx_word' id='word_1_911' title='bbox 1691 1730 1799 1770; x_wconf 90' lang='lat' dir='ltr'>prout</span> <span class='ocrx_word' id='word_1_912' title='bbox 1822 1726 1991 1770; x_wconf 90' lang='lat' dir='ltr'>temporis</span> <span class='ocrx_word' id='word_1_913' title='bbox 2016 1726 2176 1762; x_wconf 90' lang='lat' dir='ltr'>condicio</span> <span class='ocrx_word' id='word_1_914' title='bbox 2202 1727 2327 1771; x_wconf 85' lang='lat' dir='ltr'>exigit,</span> <span class='ocrx_word' id='word_1_915' title='bbox 2377 1728 2429 1762; x_wconf 93' lang='lat' dir='ltr'>ui-</span> 
     </span>
    </p>
   </div>
   <div class='ocr_carea' id='block_1_35' title="bbox 1347 1755 2526 1815">
    <p class='ocr_par' dir='ltr' id='par_1_42' title="bbox 1347 1755 2526 1815">
     <span class='ocr_line' id='line_1_120' title="bbox 1347 1755 2526 1815; baseline 0.004 -12"><span class='ocrx_word' id='word_1_916' title='bbox 1347 1772 1367 1804; x_wconf 87' lang='lat'><strong>2</strong></span> <span class='ocrx_word' id='word_1_917' title='bbox 1414 1769 1564 1804; x_wconf 90' lang='lat' dir='ltr'>busdam</span> <span class='ocrx_word' id='word_1_918' title='bbox 1595 1774 1759 1812; x_wconf 83' lang='lat' dir='ltr'>utantur,</span> <span class='ocrx_word' id='word_1_919' title='bbox 1799 1770 2011 1815; x_wconf 91' lang='lat' dir='ltr'>quibusdam</span> <span class='ocrx_word' id='word_1_920' title='bbox 2046 1782 2118 1806; x_wconf 93' lang='lat' dir='ltr'>non</span> <span class='ocrx_word' id='word_1_921' title='bbox 2153 1775 2310 1807; x_wconf 88' lang='lat' dir='ltr'>utantur.</span> <span class='ocrx_word' id='word_1_922' title='bbox 2390 1779 2431 1808; x_wconf 88' lang='lat' dir='ltr'>su</span> <span class='ocrx_word' id='word_1_923' title='bbox 2497 1755 2526 1785; x_wconf 14' lang='grc' dir='ltr'>’ν’</span> 
     </span>
    </p>
   </div>
   <div class='ocr_carea' id='block_1_36' title="bbox 1346 1813 2429 1866">
    <p class='ocr_par' dir='ltr' id='par_1_43' title="bbox 1346 1813 2429 1866">
     <span class='ocr_line' id='line_1_121' title="bbox 1346 1813 2429 1866; baseline 0.004 -18"><span class='ocrx_word' id='word_1_924' title='bbox 1346 1813 1461 1866; x_wconf 78' lang='lat' dir='ltr'>legato</span> <span class='ocrx_word' id='word_1_925' title='bbox 1485 1815 1517 1849; x_wconf 87' lang='lat' dir='ltr'>si</span> <span class='ocrx_word' id='word_1_926' title='bbox 1538 1814 1619 1859; x_wconf 92' lang='lat' dir='ltr'>plus</span> <span class='ocrx_word' id='word_1_927' title='bbox 1644 1825 1728 1866; x_wconf 78' lang='lat' dir='ltr'>usus</span> <span class='ocrx_word' id='word_1_928' title='bbox 1752 1815 1799 1850; x_wconf 90' lang='lat' dir='ltr'>sit</span> <span class='ocrx_word' id='word_1_929' title='bbox 1821 1815 2011 1859; x_wconf 89' lang='lat' dir='ltr'>legatarius</span> <span class='ocrx_word' id='word_1_930' title='bbox 2036 1827 2140 1861; x_wconf 89' lang='lat' dir='ltr'>quam</span> <span class='ocrx_word' id='word_1_931' title='bbox 2164 1820 2324 1861; x_wconf 88' lang='lat' dir='ltr'>oportet,</span> <span class='ocrx_word' id='word_1_932' title='bbox 2349 1816 2429 1852; x_wconf 83' lang='lat' dir='ltr'>offi-</span> 
     </span>
    </p>
   </div>
   <div class='ocr_carea' id='block_1_37' title="bbox 1348 1859 2430 1907">
    <p class='ocr_par' dir='ltr' id='par_1_44' title="bbox 1348 1851 2526 1907">
     <span class='ocr_line' id='line_1_122' title="bbox 1348 1859 2430 1907; baseline 0.003 -13"><span class='ocrx_word' id='word_1_933' title='bbox 1348 1869 1403 1894; x_wconf 90' lang='lat' dir='ltr'>cio</span> <span class='ocrx_word' id='word_1_934' title='bbox 1427 1859 1571 1902; x_wconf 90' lang='lat' dir='ltr'>iudicis,</span> <span class='ocrx_word' id='word_1_935' title='bbox 1604 1871 1664 1904; x_wconf 87' lang='lat' dir='ltr'>qui</span> <span class='ocrx_word' id='word_1_936' title='bbox 1694 1860 1828 1895; x_wconf 89' lang='lat' dir='ltr'>iudicat</span> <span class='ocrx_word' id='word_1_937' title='bbox 1852 1860 2144 1905; x_wconf 89' lang='lat' dir='ltr'>quemadmodum</span> <span class='ocrx_word' id='word_1_938' title='bbox 2175 1865 2314 1904; x_wconf 89' lang='lat' dir='ltr'>utatur,</span> <span class='ocrx_word' id='word_1_939' title='bbox 2347 1861 2430 1907; x_wconf 91' lang='lat' dir='ltr'>quid</span> 
     </span>
    </p>
   </div>
   <div class='ocr_carea' id='block_1_38' title="bbox 1344 1904 2428 2166">
    <p class='ocr_par' dir='ltr' id='par_1_45' title="bbox 1348 1904 2187 1949">
     <span class='ocr_line' id='line_1_123' title="bbox 1348 1904 2187 1949; baseline 0.004 -11"><span class='ocrx_word' id='word_1_940' title='bbox 1348 1904 1576 1939; x_wconf 77' lang='lat' dir='ltr'>continetur?</span> <span class='ocrx_word' id='word_1_941' title='bbox 1599 1915 1644 1939; x_wconf 92' lang='lat' dir='ltr'>ne</span> <span class='ocrx_word' id='word_1_942' title='bbox 1667 1904 1770 1940; x_wconf 88' lang='lat' dir='ltr'>aliter</span> <span class='ocrx_word' id='word_1_943' title='bbox 1793 1915 1899 1949; x_wconf 91' lang='lat' dir='ltr'>quam</span> <span class='ocrx_word' id='word_1_944' title='bbox 1922 1905 2028 1940; x_wconf 90' lang='lat' dir='ltr'>debet</span> <span class='ocrx_word' id='word_1_945' title='bbox 2049 1908 2187 1941; x_wconf 89' lang='lat' dir='ltr'>utatur.</span> 
     </span>
    </p>

    <p class='ocr_par' dir='ltr' id='par_1_46' title="bbox 1344 1946 2428 2166">
     <span class='ocr_line' id='line_1_124' title="bbox 1393 1946 2425 1996; baseline 0.002 -11"><span class='ocrx_word' id='word_1_946' title='bbox 1393 1946 1445 1986; x_wconf 86' lang='lat'>23</span> <span class='ocrx_word' id='word_1_947' title='bbox 1472 1948 1630 1984; x_wconf 55' lang='lat' dir='ltr'>Panos</span> <span class='ocrx_word' id='word_1_948' title='bbox 1650 1949 1740 1985; x_wconf 80' lang='lat' dir='ltr'>libro</span> <span class='ocrx_word' id='word_1_949' title='bbox 1759 1951 1882 1996; x_wconf 81' lang='lat' dir='ltr'>primo</span> <span class='ocrx_word' id='word_1_950' title='bbox 1906 1950 1955 1985; x_wconf 88' lang='lat' dir='ltr'>ad</span> <span class='ocrx_word' id='word_1_951' title='bbox 1979 1950 2166 1985; x_wconf 78' lang='lat' dir='ltr'>Neratium</span> <span class='ocrx_word' id='word_1_952' title='bbox 2209 1950 2425 1987; x_wconf 61' lang='lat' dir='ltr'>Nestum-s.</span> 
     </span>
     <span class='ocr_line' id='line_1_125' title="bbox 1349 1993 2428 2040; baseline 0.003 -11"><span class='ocrx_word' id='word_1_953' title='bbox 1349 1993 1522 2029; x_wconf 86' lang='lat' dir='ltr'>Usuariae</span> <span class='ocrx_word' id='word_1_954' title='bbox 1546 1994 1598 2029; x_wconf 88' lang='lat' dir='ltr'>rei</span> <span class='ocrx_word' id='word_1_955' title='bbox 1628 1995 1783 2039; x_wconf 90' lang='lat' dir='ltr'>speciem</span> <span class='ocrx_word' id='word_1_956' title='bbox 1813 1994 1844 2029; x_wconf 90' lang='lat' dir='ltr'>is</span> <span class='ocrx_word' id='word_1_957' title='bbox 1876 1995 1976 2030; x_wconf 90' lang='lat' dir='ltr'>cuius</span> <span class='ocrx_word' id='word_1_958' title='bbox 2008 1995 2207 2040; x_wconf 85' lang='lat' dir='ltr'>proprietas</span> <span class='ocrx_word' id='word_1_959' title='bbox 2243 2000 2297 2031; x_wconf 90' lang='lat' dir='ltr'>est</span> <span class='ocrx_word' id='word_1_960' title='bbox 2331 1997 2428 2032; x_wconf 89' lang='lat' dir='ltr'>nullo</span> 
     </span>
     <span class='ocr_line' id='line_1_126' title="bbox 1346 2039 2428 2084; baseline 0.004 -11"><span class='ocrx_word' id='word_1_961' title='bbox 1346 2039 1450 2074; x_wconf 90' lang='lat' dir='ltr'>modo</span> <span class='ocrx_word' id='word_1_962' title='bbox 1475 2043 1693 2074; x_wconf 82' lang='lat' dir='ltr'>commutare</span> <span class='ocrx_word' id='word_1_963' title='bbox 1715 2042 1843 2084; x_wconf 89' lang='lat' dir='ltr'>potest.</span> <span class='ocrx_word' id='word_1_964' title='bbox 1891 2039 1947 2074; x_wconf 73' lang='grc' dir='ltr'>ΡΑ</span> <span class='ocrx_word' id='word_1_965' title='bbox 1955 2049 2065 2074; x_wconf 63' lang='lat' dir='ltr'>Ubus:</span> <span class='ocrx_word' id='word_1_966' title='bbox 2096 2040 2305 2076; x_wconf 88' lang='lat' dir='ltr'>deteriorem</span> <span class='ocrx_word' id='word_1_967' title='bbox 2336 2042 2428 2077; x_wconf 89' lang='lat' dir='ltr'>enim</span> 
     </span>
     <span class='ocr_line' id='line_1_127' title="bbox 1346 2084 2427 2128; baseline 0.003 -10"><span class='ocrx_word' id='word_1_968' title='bbox 1346 2094 1491 2119; x_wconf 88' lang='lat' dir='ltr'>causam</span> <span class='ocrx_word' id='word_1_969' title='bbox 1513 2084 1647 2119; x_wconf 88' lang='lat' dir='ltr'>usuarii</span> <span class='ocrx_word' id='word_1_970' title='bbox 1678 2084 1797 2119; x_wconf 88' lang='lat' dir='ltr'>facere</span> <span class='ocrx_word' id='word_1_971' title='bbox 1827 2094 1900 2119; x_wconf 88' lang='lat' dir='ltr'>non</span> <span class='ocrx_word' id='word_1_972' title='bbox 1931 2087 2067 2128; x_wconf 89' lang='lat' dir='ltr'>potest:</span> <span class='ocrx_word' id='word_1_973' title='bbox 2100 2084 2188 2120; x_wconf 88' lang='lat' dir='ltr'>facit</span> <span class='ocrx_word' id='word_1_974' title='bbox 2218 2090 2337 2121; x_wconf 90' lang='lat' dir='ltr'>autem</span> <span class='ocrx_word' id='word_1_975' title='bbox 2368 2086 2427 2121; x_wconf 88' lang='lat' dir='ltr'>de-</span> 
     </span>
     <span class='ocr_line' id='line_1_128' title="bbox 1344 2129 2345 2166; baseline 0.003 -3"><span class='ocrx_word' id='word_1_976' title='bbox 1344 2129 1509 2164; x_wconf 88' lang='lat' dir='ltr'>teriorem</span> <span class='ocrx_word' id='word_1_977' title='bbox 1532 2129 1637 2164; x_wconf 89' lang='lat' dir='ltr'>etiam</span> <span class='ocrx_word' id='word_1_978' title='bbox 1660 2129 1697 2164; x_wconf 90' lang='lat' dir='ltr'>in</span> <span class='ocrx_word' id='word_1_979' title='bbox 1721 2129 1899 2164; x_wconf 90' lang='lat' dir='ltr'>meliorem</span> <span class='ocrx_word' id='word_1_980' title='bbox 1922 2133 2054 2164; x_wconf 91' lang='lat' dir='ltr'>statum</span> <span class='ocrx_word' id='word_1_981' title='bbox 2078 2133 2294 2165; x_wconf 86' lang='lat' dir='ltr'>commutata</span> <span class='ocrx_word' id='word_1_982' title='bbox 2307 2132 2345 2166; x_wconf 81' lang='lat'>¹⁵.</span> 
     </span>
    </p>
   </div>
   <div class='ocr_carea' id='block_1_39' title="bbox 1389 2220 2382 2323">
    <p class='ocr_par' dir='ltr' id='par_1_47' title="bbox 1389 2220 2382 2323">
     <span class='ocr_line' id='line_1_129' title="bbox 1808 2220 1971 2259; baseline 0 0"><span class='ocrx_word' id='word_1_983' title='bbox 1808 2221 1921 2259; x_wconf 91' lang='lat' dir='ltr'><strong>VIIII</strong></span> <span class='ocrx_word' id='word_1_984' title='bbox 1932 2220 1971 2259; x_wconf 80' lang='lat'>¹⁶.</span> 
     </span>
     <span class='ocr_line' id='line_1_130' title="bbox 1389 2284 2382 2323; baseline -0.002 -5"><span class='ocrx_word' id='word_1_985' title='bbox 1389 2285 1789 2318; x_wconf 87' lang='lat' dir='ltr'><strong>USUFRUCTUARIUS</strong></span> <span class='ocrx_word' id='word_1_986' title='bbox 1814 2286 2171 2323; x_wconf 76' lang='lat' dir='ltr'>QUEMADMODUM</span> <span class='ocrx_word' id='word_1_987' title='bbox 2196 2284 2382 2317; x_wconf 79' lang='lat' dir='ltr'>CAVEAT.</span> 
     </span>
    </p>
   </div>
   <div class='ocr_carea' id='block_1_40' title="bbox 1342 2350 2428 2673">
    <p class='ocr_par' dir='ltr' id='par_1_48' title="bbox 1342 2350 2428 2673">
     <span class='ocr_line' id='line_1_131' title="bbox 1394 2350 2426 2402; baseline -0.001 -15"><span class='ocrx_word' id='word_1_988' title='bbox 1394 2350 1410 2388; x_wconf 94' lang='lat'>1</span> <span class='ocrx_word' id='word_1_989' title='bbox 1446 2351 1640 2388; x_wconf 66' lang='lat' dir='ltr'>Urmws</span> <span class='ocrx_word' id='word_1_990' title='bbox 1659 2353 1749 2388; x_wconf 86' lang='lat' dir='ltr'>libro</span> <span class='ocrx_word' id='word_1_991' title='bbox 1773 2353 2061 2398; x_wconf 79' lang='lat' dir='ltr'>septuaqensimo</span> <span class='ocrx_word' id='word_1_992' title='bbox 2085 2363 2180 2387; x_wconf 81' lang='lat' dir='ltr'>nono</span> <span class='ocrx_word' id='word_1_993' title='bbox 2204 2351 2254 2387; x_wconf 84' lang='lat' dir='ltr'>ad</span> <span class='ocrx_word' id='word_1_994' title='bbox 2271 2351 2426 2402; x_wconf 53' lang='lat' dir='ltr'>edictum</span> 
     </span>
     <span class='ocr_line' id='line_1_132' title="bbox 1343 2396 2428 2442; baseline -0.002 -10"><span class='ocrx_word' id='word_1_995' title='bbox 1343 2396 1382 2432; x_wconf 89' lang='lat' dir='ltr'>Si</span> <span class='ocrx_word' id='word_1_996' title='bbox 1413 2396 1513 2432; x_wconf 90' lang='lat' dir='ltr'>cuius</span> <span class='ocrx_word' id='word_1_997' title='bbox 1543 2396 1596 2432; x_wconf 89' lang='lat' dir='ltr'>rei</span> <span class='ocrx_word' id='word_1_998' title='bbox 1625 2407 1711 2432; x_wconf 90' lang='lat' dir='ltr'>usus</span> <span class='ocrx_word' id='word_1_999' title='bbox 1741 2396 1880 2432; x_wconf 88' lang='lat' dir='ltr'>fructus</span> <span class='ocrx_word' id='word_1_1000' title='bbox 1912 2397 2048 2442; x_wconf 83' lang='lat' dir='ltr'>legatus</span> <span class='ocrx_word' id='word_1_1001' title='bbox 2080 2397 2144 2439; x_wconf 90' lang='lat' dir='ltr'>sit,</span> <span class='ocrx_word' id='word_1_1002' title='bbox 2181 2396 2428 2441; x_wconf 88' lang='lat' dir='ltr'>aequissimum</span> 
     </span>
     <span class='ocr_line' id='line_1_133' title="bbox 1342 2441 2425 2487; baseline -0.002 -10"><span class='ocrx_word' id='word_1_1003' title='bbox 1342 2442 1500 2486; x_wconf 89' lang='lat' dir='ltr'>praetori</span> <span class='ocrx_word' id='word_1_1004' title='bbox 1529 2441 1644 2477; x_wconf 89' lang='lat' dir='ltr'>visum</span> <span class='ocrx_word' id='word_1_1005' title='bbox 1674 2445 1729 2477; x_wconf 90' lang='lat' dir='ltr'>est</span> <span class='ocrx_word' id='word_1_1006' title='bbox 1760 2442 1804 2476; x_wconf 92' lang='lat' dir='ltr'>de</span> <span class='ocrx_word' id='word_1_1007' title='bbox 1835 2445 1986 2486; x_wconf 90' lang='lat' dir='ltr'>utroque</span> <span class='ocrx_word' id='word_1_1008' title='bbox 2010 2442 2219 2487; x_wconf 84' lang='lat' dir='ltr'>legatarium</span> <span class='ocrx_word' id='word_1_1009' title='bbox 2232 2443 2258 2463; x_wconf 92' lang='lat'>¹⁷</span> <span class='ocrx_word' id='word_1_1010' title='bbox 2283 2451 2425 2476; x_wconf 87' lang='lat' dir='ltr'>cavere:</span> 
     </span>
     <span class='ocr_line' id='line_1_134' title="bbox 1343 2485 2426 2529; baseline -0.002 -7"><span class='ocrx_word' id='word_1_1011' title='bbox 1343 2490 1380 2522; x_wconf 88' lang='lat' dir='ltr'>et</span> <span class='ocrx_word' id='word_1_1012' title='bbox 1402 2497 1549 2522; x_wconf 86' lang='lat' dir='ltr'>usurum</span> <span class='ocrx_word' id='word_1_1013' title='bbox 1571 2497 1611 2522; x_wconf 89' lang='lat' dir='ltr'>se</span> <span class='ocrx_word' id='word_1_1014' title='bbox 1634 2486 1719 2522; x_wconf 91' lang='lat' dir='ltr'>boni</span> <span class='ocrx_word' id='word_1_1015' title='bbox 1741 2487 1807 2522; x_wconf 87' lang='lat' dir='ltr'>viri</span> <span class='ocrx_word' id='word_1_1016' title='bbox 1829 2486 2005 2522; x_wconf 88' lang='lat' dir='ltr'>arbitratu</span> <span class='ocrx_word' id='word_1_1017' title='bbox 2028 2492 2082 2529; x_wconf 88' lang='lat' dir='ltr'>et,</span> <span class='ocrx_word' id='word_1_1018' title='bbox 2115 2497 2196 2522; x_wconf 90' lang='lat' dir='ltr'>cum</span> <span class='ocrx_word' id='word_1_1019' title='bbox 2219 2496 2305 2521; x_wconf 91' lang='lat' dir='ltr'>usus</span> <span class='ocrx_word' id='word_1_1020' title='bbox 2328 2485 2426 2521; x_wconf 83' lang='lat' dir='ltr'>fruc·</span> 
     </span>
     <span class='ocr_line' id='line_1_135' title="bbox 1342 2530 2427 2577; baseline -0.002 -11"><span class='ocrx_word' id='word_1_1021' title='bbox 1342 2534 1400 2566; x_wconf 91' lang='lat' dir='ltr'>tus</span> <span class='ocrx_word' id='word_1_1022' title='bbox 1424 2531 1471 2567; x_wconf 91' lang='lat' dir='ltr'>ad</span> <span class='ocrx_word' id='word_1_1023' title='bbox 1494 2542 1575 2567; x_wconf 89' lang='lat' dir='ltr'>eum</span> <span class='ocrx_word' id='word_1_1024' title='bbox 1598 2531 1775 2577; x_wconf 87' lang='lat' dir='ltr'>pertinere</span> <span class='ocrx_word' id='word_1_1025' title='bbox 1794 2531 1942 2574; x_wconf 89' lang='lat' dir='ltr'>desinet,</span> <span class='ocrx_word' id='word_1_1026' title='bbox 1965 2531 2211 2566; x_wconf 90' lang='lat' dir='ltr'>restituturum</span> <span class='ocrx_word' id='word_1_1027' title='bbox 2231 2530 2326 2575; x_wconf 90' lang='lat' dir='ltr'>quod</span> <span class='ocrx_word' id='word_1_1028' title='bbox 2344 2530 2427 2565; x_wconf 90' lang='lat' dir='ltr'>inde</span> 
     </span>
     <span class='ocr_line' id='line_1_136' title="bbox 1347 2575 2427 2621; baseline -0.001 -10"><span class='ocrx_word' id='word_1_1029' title='bbox 1347 2580 1361 2611; x_wconf 87' lang='lat'>1</span> <span class='ocrx_word' id='word_1_1030' title='bbox 1411 2576 1576 2612; x_wconf 89' lang='lat' dir='ltr'>exstabit.</span> <span class='ocrx_word' id='word_1_1031' title='bbox 1622 2576 1722 2611; x_wconf 88' lang='lat' dir='ltr'>Haec</span> <span class='ocrx_word' id='word_1_1032' title='bbox 1746 2576 1940 2621; x_wconf 87' lang='lat' dir='ltr'>stipulatio,</span> <span class='ocrx_word' id='word_1_1033' title='bbox 1965 2576 2037 2612; x_wconf 90' lang='lat' dir='ltr'>sive</span> <span class='ocrx_word' id='word_1_1034' title='bbox 2056 2576 2195 2611; x_wconf 88' lang='lat' dir='ltr'>mobilis</span> <span class='ocrx_word' id='word_1_1035' title='bbox 2213 2585 2270 2610; x_wconf 94' lang='lat' dir='ltr'>res</span> <span class='ocrx_word' id='word_1_1036' title='bbox 2289 2575 2336 2609; x_wconf 90' lang='lat' dir='ltr'>sit</span> <span class='ocrx_word' id='word_1_1037' title='bbox 2355 2575 2427 2610; x_wconf 90' lang='lat' dir='ltr'>sive</span> 
     </span>
     <span class='ocr_line' id='line_1_137' title="bbox 1343 2619 2425 2673; baseline -0.004 -16"><span class='ocrx_word' id='word_1_1038' title='bbox 1343 2624 1363 2656; x_wconf 86' lang='lat'><strong>2</strong></span> <span class='ocrx_word' id='word_1_1039' title='bbox 1410 2621 1488 2664; x_wconf 90' lang='lat' dir='ltr'>soli,</span> <span class='ocrx_word' id='word_1_1040' title='bbox 1510 2621 1688 2673; x_wconf 87' lang='lat' dir='ltr'>interponi</span> <span class='ocrx_word' id='word_1_1041' title='bbox 1706 2621 1822 2657; x_wconf 89' lang='lat' dir='ltr'>debet.</span> <span class='ocrx_word' id='word_1_1042' title='bbox 1857 2621 1950 2656; x_wconf 94' lang='lat' dir='ltr'>Illud</span> <span class='ocrx_word' id='word_1_1043' title='bbox 1973 2620 2155 2656; x_wconf 79' lang='lat' dir='ltr'>sciendum</span> <span class='ocrx_word' id='word_1_1044' title='bbox 2179 2623 2233 2656; x_wconf 91' lang='lat' dir='ltr'>est</span> <span class='ocrx_word' id='word_1_1045' title='bbox 2256 2619 2303 2654; x_wconf 88' lang='lat' dir='ltr'>ad</span> <span class='ocrx_word' id='word_1_1046' title='bbox 2325 2619 2425 2654; x_wconf 84' lang='lat' dir='ltr'>fidei·</span> 
     </span>
    </p>
   </div>
   <div class='ocr_carea' id='block_1_41' title="bbox 1342 2659 2518 2711">
    <p class='ocr_par' dir='ltr' id='par_1_49' title="bbox 1342 2659 2518 2711">
     <span class='ocr_line' id='line_1_138' title="bbox 1342 2659 2518 2711; baseline -0.003 -10"><span class='ocrx_word' id='word_1_1047' title='bbox 1342 2666 1532 2702; x_wconf 87' lang='lat' dir='ltr'>commissa</span> <span class='ocrx_word' id='word_1_1048' title='bbox 1561 2670 1668 2701; x_wconf 89' lang='lat' dir='ltr'>etiam</span> <span class='ocrx_word' id='word_1_1049' title='bbox 1699 2666 1817 2711; x_wconf 90' lang='lat' dir='ltr'>aptari</span> <span class='ocrx_word' id='word_1_1050' title='bbox 1841 2676 1919 2701; x_wconf 89' lang='lat' dir='ltr'>eam</span> <span class='ocrx_word' id='word_1_1051' title='bbox 1943 2665 2081 2701; x_wconf 88' lang='lat' dir='ltr'>debere.</span> <span class='ocrx_word' id='word_1_1052' title='bbox 2116 2665 2223 2710; x_wconf 89' lang='lat' dir='ltr'>plane</span> <span class='ocrx_word' id='word_1_1053' title='bbox 2253 2668 2289 2699; x_wconf 89' lang='lat' dir='ltr'>et</span> <span class='ocrx_word' id='word_1_1054' title='bbox 2319 2664 2350 2698; x_wconf 93' lang='lat' dir='ltr'>si</span> <span class='ocrx_word' id='word_1_1055' title='bbox 2380 2674 2427 2699; x_wconf 85' lang='lat' dir='ltr'>ex</span> <span class='ocrx_word' id='word_1_1056' title='bbox 2495 2659 2518 2682; x_wconf 54' lang='lat'>‘¹</span> 
     </span>
    </p>
   </div>
   <div class='ocr_carea' id='block_1_42' title="bbox 1339 2708 2426 3427">
    <p class='ocr_par' dir='ltr' id='par_1_50' title="bbox 1339 2708 2426 3427">
     <span class='ocr_line' id='line_1_139' title="bbox 1341 2708 2425 2750; baseline -0.004 -3"><span class='ocrx_word' id='word_1_1057' title='bbox 1341 2711 1466 2747; x_wconf 89' lang='lat' dir='ltr'>mortis</span> <span class='ocrx_word' id='word_1_1058' title='bbox 1479 2721 1587 2746; x_wconf 89' lang='lat' dir='ltr'>causa</span> <span class='ocrx_word' id='word_1_1059' title='bbox 1600 2711 1789 2746; x_wconf 90' lang='lat' dir='ltr'>donatione</span> <span class='ocrx_word' id='word_1_1060' title='bbox 1800 2721 1886 2746; x_wconf 86' lang='lat' dir='ltr'>usus</span> <span class='ocrx_word' id='word_1_1061' title='bbox 1898 2710 2036 2746; x_wconf 86' lang='lat' dir='ltr'>fructus</span> <span class='ocrx_word' id='word_1_1062' title='bbox 2049 2708 2290 2750; x_wconf 87' lang='lat' dir='ltr'>constituatur,</span> <span class='ocrx_word' id='word_1_1063' title='bbox 2308 2718 2425 2744; x_wconf 87' lang='lat' dir='ltr'>exem-</span> 
     </span>
     <span class='ocr_line' id='line_1_140' title="bbox 1340 2753 2426 2807; baseline -0.003 -16"><span class='ocrx_word' id='word_1_1064' title='bbox 1340 2756 1399 2802; x_wconf 90' lang='lat' dir='ltr'>plo</span> <span class='ocrx_word' id='word_1_1065' title='bbox 1425 2756 1621 2801; x_wconf 85' lang='lat' dir='ltr'>legatorum</span> <span class='ocrx_word' id='word_1_1066' title='bbox 1645 2756 1786 2791; x_wconf 87' lang='lat' dir='ltr'>debebit</span> <span class='ocrx_word' id='word_1_1067' title='bbox 1808 2756 1898 2790; x_wconf 90' lang='lat' dir='ltr'>haec</span> <span class='ocrx_word' id='word_1_1068' title='bbox 1922 2755 2039 2790; x_wconf 90' lang='lat' dir='ltr'>cautio</span> <span class='ocrx_word' id='word_1_1069' title='bbox 2070 2753 2263 2807; x_wconf 81' lang='lat' dir='ltr'>praestari:</span> <span class='ocrx_word' id='word_1_1070' title='bbox 2290 2753 2360 2805; x_wconf 34' lang='lat' dir='ltr'>‘sed</span> <span class='ocrx_word' id='word_1_1071' title='bbox 2390 2757 2426 2788; x_wconf 84' lang='lat' dir='ltr'>et</span> 
     </span>
     <span class='ocr_line' id='line_1_141' title="bbox 1340 2799 2425 2846; baseline -0.002 -10"><span class='ocrx_word' id='word_1_1072' title='bbox 1340 2802 1371 2836; x_wconf 87' lang='lat' dir='ltr'>si</span> <span class='ocrx_word' id='word_1_1073' title='bbox 1402 2811 1449 2836; x_wconf 87' lang='lat' dir='ltr'>ex</span> <span class='ocrx_word' id='word_1_1074' title='bbox 1479 2801 1550 2836; x_wconf 87' lang='lat' dir='ltr'>alia</span> <span class='ocrx_word' id='word_1_1075' title='bbox 1581 2810 1802 2846; x_wconf 88' lang='lat' dir='ltr'>quacumque</span> <span class='ocrx_word' id='word_1_1076' title='bbox 1833 2810 1941 2835; x_wconf 88' lang='lat' dir='ltr'>causa</span> <span class='ocrx_word' id='word_1_1077' title='bbox 1972 2803 2186 2835; x_wconf 89' lang='lat' dir='ltr'>constitutus</span> <span class='ocrx_word' id='word_1_1078' title='bbox 2209 2799 2316 2834; x_wconf 81' lang='lat' dir='ltr'>fuerit</span> <span class='ocrx_word' id='word_1_1079' title='bbox 2338 2808 2425 2834; x_wconf 88' lang='lat' dir='ltr'>usus</span> 
     </span>
     <span class='ocr_line' id='line_1_142' title="bbox 1341 2842 2426 2888; baseline -0.003 -7"><span class='ocrx_word' id='word_1_1080' title='bbox 1341 2849 1360 2881; x_wconf 85' lang='lat'><strong>3</strong></span> <span class='ocrx_word' id='word_1_1081' title='bbox 1407 2845 1559 2888; x_wconf 86' lang='lat' dir='ltr'>fructus,</span> <span class='ocrx_word' id='word_1_1082' title='bbox 1584 2845 1675 2880; x_wconf 87' lang='lat' dir='ltr'>idem</span> <span class='ocrx_word' id='word_1_1083' title='bbox 1699 2845 1885 2880; x_wconf 89' lang='lat' dir='ltr'>dicendum</span> <span class='ocrx_word' id='word_1_1084' title='bbox 1909 2848 1974 2880; x_wconf 87' lang='lat' dir='ltr'>est.</span> <span class='ocrx_word' id='word_1_1085' title='bbox 2023 2844 2155 2880; x_wconf 79' lang='lat' dir='ltr'>Cavete</span> <span class='ocrx_word' id='word_1_1086' title='bbox 2177 2848 2296 2879; x_wconf 88' lang='lat' dir='ltr'>autem</span> <span class='ocrx_word' id='word_1_1087' title='bbox 2319 2842 2426 2878; x_wconf 88' lang='lat' dir='ltr'>debet</span> 
     </span>
     <span class='ocr_line' id='line_1_143' title="bbox 1339 2887 2424 2934; baseline -0.002 -8"><span class='ocrx_word' id='word_1_1088' title='bbox 1339 2891 1407 2926; x_wconf 85' lang='lat' dir='ltr'>viri</span> <span class='ocrx_word' id='word_1_1089' title='bbox 1431 2891 1514 2926; x_wconf 91' lang='lat' dir='ltr'>boni</span> <span class='ocrx_word' id='word_1_1090' title='bbox 1538 2891 1713 2925; x_wconf 89' lang='lat' dir='ltr'>arbitratu</span> <span class='ocrx_word' id='word_1_1091' title='bbox 1741 2893 1912 2934; x_wconf 90' lang='lat' dir='ltr'>perceptu</span> <span class='ocrx_word' id='word_1_1092' title='bbox 1942 2889 1986 2924; x_wconf 90' lang='lat' dir='ltr'>iri</span> <span class='ocrx_word' id='word_1_1093' title='bbox 2016 2900 2119 2924; x_wconf 89' lang='lat' dir='ltr'>usum</span> <span class='ocrx_word' id='word_1_1094' title='bbox 2149 2888 2323 2929; x_wconf 83' lang='lat' dir='ltr'>fmctum,</span> <span class='ocrx_word' id='word_1_1095' title='bbox 2355 2887 2424 2924; x_wconf 87' lang='lat' dir='ltr'>hoc</span> 
     </span>
     <span class='ocr_line' id='line_1_144' title="bbox 1341 2932 2424 2971; baseline -0.003 -1"><span class='ocrx_word' id='word_1_1096' title='bbox 1341 2939 1395 2971; x_wconf 91' lang='lat' dir='ltr'>est</span> <span class='ocrx_word' id='word_1_1097' title='bbox 1419 2946 1492 2970; x_wconf 90' lang='lat' dir='ltr'>non</span> <span class='ocrx_word' id='word_1_1098' title='bbox 1516 2935 1722 2970; x_wconf 84' lang='lat' dir='ltr'>deteriorem</span> <span class='ocrx_word' id='word_1_1099' title='bbox 1745 2944 1785 2969; x_wconf 88' lang='lat' dir='ltr'>se</span> <span class='ocrx_word' id='word_1_1100' title='bbox 1808 2944 1953 2970; x_wconf 88' lang='lat' dir='ltr'>causam</span> <span class='ocrx_word' id='word_1_1101' title='bbox 1975 2945 2061 2969; x_wconf 88' lang='lat' dir='ltr'>usus</span> <span class='ocrx_word' id='word_1_1102' title='bbox 2084 2933 2222 2969; x_wconf 85' lang='lat' dir='ltr'>fructus</span> <span class='ocrx_word' id='word_1_1103' title='bbox 2244 2932 2424 2969; x_wconf 82' lang='lat' dir='ltr'>facturum</span> 
     </span>
     <span class='ocr_line' id='line_1_145' title="bbox 1340 2977 2424 3032; baseline -0.003 -17"><span class='ocrx_word' id='word_1_1104' title='bbox 1340 2983 1361 3015; x_wconf 91' lang='lat'>4</span> <span class='ocrx_word' id='word_1_1105' title='bbox 1411 2986 1598 3032; x_wconf 84' lang='lat' dir='ltr'>ceteraque</span> <span class='ocrx_word' id='word_1_1106' title='bbox 1610 2979 1800 3021; x_wconf 88' lang='lat' dir='ltr'>facturum,</span> <span class='ocrx_word' id='word_1_1107' title='bbox 1820 2990 1911 3024; x_wconf 91' lang='lat' dir='ltr'>quae</span> <span class='ocrx_word' id='word_1_1108' title='bbox 1928 2979 1966 3014; x_wconf 89' lang='lat' dir='ltr'>iii</span> <span class='ocrx_word' id='word_1_1109' title='bbox 1983 2989 2022 3014; x_wconf 91' lang='lat' dir='ltr'>re</span> <span class='ocrx_word' id='word_1_1110' title='bbox 2042 2989 2109 3014; x_wconf 90' lang='lat' dir='ltr'>sua</span> <span class='ocrx_word' id='word_1_1111' title='bbox 2125 2978 2271 3014; x_wconf 80' lang='lat' dir='ltr'>faceret.</span> <span class='ocrx_word' id='word_1_1112' title='bbox 2311 2977 2424 3013; x_wconf 86' lang='lat' dir='ltr'>Recte</span> 
     </span>
     <span class='ocr_line' id='line_1_146' title="bbox 1340 3022 2422 3076; baseline -0.002 -16"><span class='ocrx_word' id='word_1_1113' title='bbox 1340 3029 1459 3060; x_wconf 86' lang='lat' dir='ltr'>autem</span> <span class='ocrx_word' id='word_1_1114' title='bbox 1484 3025 1617 3059; x_wconf 82' lang='lat' dir='ltr'>facient</span> <span class='ocrx_word' id='word_1_1115' title='bbox 1640 3029 1675 3058; x_wconf 92' lang='lat' dir='ltr'>et</span> <span class='ocrx_word' id='word_1_1116' title='bbox 1697 3025 1800 3059; x_wconf 87' lang='lat' dir='ltr'>heres</span> <span class='ocrx_word' id='word_1_1117' title='bbox 1824 3027 1861 3058; x_wconf 91' lang='lat' dir='ltr'>et</span> <span class='ocrx_word' id='word_1_1118' title='bbox 1889 3024 2099 3076; x_wconf 81' lang='lat' dir='ltr'>legatarius,</span> <span class='ocrx_word' id='word_1_1119' title='bbox 2132 3023 2246 3068; x_wconf 88' lang='lat' dir='ltr'>qualis</span> <span class='ocrx_word' id='word_1_1120' title='bbox 2276 3033 2334 3058; x_wconf 85' lang='lat' dir='ltr'>res</span> <span class='ocrx_word' id='word_1_1121' title='bbox 2365 3022 2422 3064; x_wconf 85' lang='lat' dir='ltr'>sit,</span> 
     </span>
     <span class='ocr_line' id='line_1_147' title="bbox 1340 3066 2422 3113; baseline -0.004 -8"><span class='ocrx_word' id='word_1_1122' title='bbox 1340 3081 1419 3105; x_wconf 91' lang='lat' dir='ltr'>cum</span> <span class='ocrx_word' id='word_1_1123' title='bbox 1443 3068 1515 3104; x_wconf 82' lang='lat' dir='ltr'>frui</span> <span class='ocrx_word' id='word_1_1124' title='bbox 1539 3068 1661 3113; x_wconf 88' lang='lat' dir='ltr'>incipit</span> <span class='ocrx_word' id='word_1_1125' title='bbox 1684 3068 1885 3113; x_wconf 86' lang='lat' dir='ltr'>legatarius,</span> <span class='ocrx_word' id='word_1_1126' title='bbox 1909 3079 1940 3104; x_wconf 90' lang='lat' dir='ltr'>si</span> <span class='ocrx_word' id='word_1_1127' title='bbox 1962 3069 1999 3104; x_wconf 88' lang='lat' dir='ltr'>iii</span> <span class='ocrx_word' id='word_1_1128' title='bbox 2018 3071 2188 3104; x_wconf 87' lang='lat' dir='ltr'>testatum</span> <span class='ocrx_word' id='word_1_1129' title='bbox 2206 3066 2422 3111; x_wconf 84' lang='lat' dir='ltr'>redegerint:</span> 
     </span>
     <span class='ocr_line' id='line_1_148' title="bbox 1340 3112 2423 3158; baseline -0.002 -9"><span class='ocrx_word' id='word_1_1130' title='bbox 1340 3118 1380 3149; x_wconf 90' lang='lat' dir='ltr'>ut</span> <span class='ocrx_word' id='word_1_1131' title='bbox 1390 3114 1472 3149; x_wconf 90' lang='lat' dir='ltr'>inde</span> <span class='ocrx_word' id='word_1_1132' title='bbox 1490 3113 1602 3158; x_wconf 89' lang='lat' dir='ltr'>possit</span> <span class='ocrx_word' id='word_1_1133' title='bbox 1614 3114 1642 3134; x_wconf 85' lang='lat'>¹⁸</span> <span class='ocrx_word' id='word_1_1134' title='bbox 1653 3123 1836 3158; x_wconf 89' lang='lat' dir='ltr'>apparere,</span> <span class='ocrx_word' id='word_1_1135' title='bbox 1857 3123 1904 3148; x_wconf 90' lang='lat' dir='ltr'>an</span> <span class='ocrx_word' id='word_1_1136' title='bbox 1925 3116 1962 3148; x_wconf 88' lang='lat' dir='ltr'>et</span> <span class='ocrx_word' id='word_1_1137' title='bbox 1980 3117 2155 3158; x_wconf 90' lang='lat' dir='ltr'>quatenus</span> <span class='ocrx_word' id='word_1_1138' title='bbox 2174 3122 2248 3147; x_wconf 91' lang='lat' dir='ltr'>rem</span> <span class='ocrx_word' id='word_1_1139' title='bbox 2267 3112 2423 3157; x_wconf 89' lang='lat' dir='ltr'>peiorem</span> 
     </span>
     <span class='ocr_line' id='line_1_149' title="bbox 1340 3156 2421 3204; baseline -0.003 -10"><span class='ocrx_word' id='word_1_1140' title='bbox 1340 3162 1360 3194; x_wconf 87' lang='grc'><strong>5</strong></span> <span class='ocrx_word' id='word_1_1141' title='bbox 1408 3158 1598 3204; x_wconf 81' lang='lat' dir='ltr'>legatarius</span> <span class='ocrx_word' id='word_1_1142' title='bbox 1620 3157 1754 3192; x_wconf 86' lang='lat' dir='ltr'>fecerit.</span> <span class='ocrx_word' id='word_1_1143' title='bbox 1803 3157 1931 3193; x_wconf 87' lang='lat' dir='ltr'>Utilius</span> <span class='ocrx_word' id='word_1_1144' title='bbox 1955 3162 2073 3193; x_wconf 88' lang='lat' dir='ltr'>autem</span> <span class='ocrx_word' id='word_1_1145' title='bbox 2095 3157 2208 3192; x_wconf 89' lang='lat' dir='ltr'>visum</span> <span class='ocrx_word' id='word_1_1146' title='bbox 2232 3160 2288 3192; x_wconf 89' lang='lat' dir='ltr'>est</span> <span class='ocrx_word' id='word_1_1147' title='bbox 2309 3156 2421 3201; x_wconf 83' lang='lat' dir='ltr'>stipu-</span> 
     </span>
     <span class='ocr_line' id='line_1_150' title="bbox 1340 3201 2422 3255; baseline -0.004 -16"><span class='ocrx_word' id='word_1_1148' title='bbox 1340 3204 1470 3239; x_wconf 89' lang='lat' dir='ltr'>latione</span> <span class='ocrx_word' id='word_1_1149' title='bbox 1499 3203 1541 3239; x_wconf 86' lang='lat' dir='ltr'>de</span> <span class='ocrx_word' id='word_1_1150' title='bbox 1563 3203 1633 3238; x_wconf 88' lang='lat' dir='ltr'>hoc</span> <span class='ocrx_word' id='word_1_1151' title='bbox 1657 3202 1784 3244; x_wconf 86' lang='lat' dir='ltr'>caveri,</span> <span class='ocrx_word' id='word_1_1152' title='bbox 1808 3206 1859 3244; x_wconf 91' lang='lat' dir='ltr'>ut,</span> <span class='ocrx_word' id='word_1_1153' title='bbox 1884 3203 1915 3238; x_wconf 88' lang='lat' dir='ltr'>si</span> <span class='ocrx_word' id='word_1_1154' title='bbox 1938 3203 2016 3255; x_wconf 86' lang='lat' dir='ltr'>quis</span> <span class='ocrx_word' id='word_1_1155' title='bbox 2041 3213 2112 3237; x_wconf 92' lang='lat' dir='ltr'>non</span> <span class='ocrx_word' id='word_1_1156' title='bbox 2137 3201 2201 3236; x_wconf 89' lang='lat' dir='ltr'>viri</span> <span class='ocrx_word' id='word_1_1157' title='bbox 2224 3201 2310 3237; x_wconf 92' lang='lat' dir='ltr'>boni</span> <span class='ocrx_word' id='word_1_1158' title='bbox 2327 3201 2422 3236; x_wconf 87' lang='lat' dir='ltr'>arbi-</span> 
     </span>
     <span class='ocr_line' id='line_1_151' title="bbox 1340 3246 2421 3292; baseline -0.003 -9"><span class='ocrx_word' id='word_1_1159' title='bbox 1340 3253 1436 3283; x_wconf 90' lang='lat' dir='ltr'>tratu</span> <span class='ocrx_word' id='word_1_1160' title='bbox 1454 3252 1585 3289; x_wconf 90' lang='lat' dir='ltr'>utatur,</span> <span class='ocrx_word' id='word_1_1161' title='bbox 1615 3247 1854 3283; x_wconf 89' lang='lat' dir='ltr'>committatur</span> <span class='ocrx_word' id='word_1_1162' title='bbox 1867 3247 1895 3269; x_wconf 86' lang='lat'>¹⁹</span> <span class='ocrx_word' id='word_1_1163' title='bbox 1917 3247 2098 3292; x_wconf 77' lang='lat' dir='ltr'>stipulatio</span> <span class='ocrx_word' id='word_1_1164' title='bbox 2121 3246 2251 3288; x_wconf 87' lang='lat' dir='ltr'>statim,</span> <span class='ocrx_word' id='word_1_1165' title='bbox 2276 3256 2341 3281; x_wconf 92' lang='lat' dir='ltr'>nec</span> <span class='ocrx_word' id='word_1_1166' title='bbox 2361 3255 2421 3280; x_wconf 86' lang='lat' dir='ltr'>ex-</span> 
     </span>
     <span class='ocr_line' id='line_1_152' title="bbox 1341 3291 2422 3338; baseline -0.004 -9"><span class='ocrx_word' id='word_1_1167' title='bbox 1341 3297 1361 3329; x_wconf 85' lang='grc'><strong>6</strong></span> <span class='ocrx_word' id='word_1_1168' title='bbox 1408 3293 1643 3338; x_wconf 84' lang='lat' dir='ltr'>pectabimus,</span> <span class='ocrx_word' id='word_1_1169' title='bbox 1654 3295 1696 3327; x_wconf 94' lang='lat' dir='ltr'>ut</span> <span class='ocrx_word' id='word_1_1170' title='bbox 1706 3291 1889 3326; x_wconf 89' lang='lat' dir='ltr'>amittatur</span> <span class='ocrx_word' id='word_1_1171' title='bbox 1900 3302 1985 3327; x_wconf 86' lang='lat' dir='ltr'>usus</span> <span class='ocrx_word' id='word_1_1172' title='bbox 1997 3291 2148 3326; x_wconf 86' lang='lat' dir='ltr'>fructus.</span> <span class='ocrx_word' id='word_1_1173' title='bbox 2172 3291 2292 3326; x_wconf 89' lang='lat' dir='ltr'>Habet</span> <span class='ocrx_word' id='word_1_1174' title='bbox 2302 3294 2422 3325; x_wconf 87' lang='lat' dir='ltr'>autem</span> 
     </span>
     <span class='ocr_line' id='line_1_153' title="bbox 1340 3335 2421 3382; baseline -0.003 -9"><span class='ocrx_word' id='word_1_1175' title='bbox 1340 3338 1521 3382; x_wconf 89' lang='lat' dir='ltr'>stipulatio</span> <span class='ocrx_word' id='word_1_1176' title='bbox 1555 3337 1625 3372; x_wconf 86' lang='lat' dir='ltr'>ista</span> <span class='ocrx_word' id='word_1_1177' title='bbox 1656 3336 1744 3372; x_wconf 83' lang='lat' dir='ltr'>duas</span> <span class='ocrx_word' id='word_1_1178' title='bbox 1776 3346 1923 3378; x_wconf 89' lang='lat' dir='ltr'>causas,</span> <span class='ocrx_word' id='word_1_1179' title='bbox 1956 3346 2080 3378; x_wconf 90' lang='lat' dir='ltr'>unam,</span> <span class='ocrx_word' id='word_1_1180' title='bbox 2113 3335 2144 3370; x_wconf 88' lang='lat' dir='ltr'>si</span> <span class='ocrx_word' id='word_1_1181' title='bbox 2173 3335 2278 3371; x_wconf 88' lang='lat' dir='ltr'>aliter</span> <span class='ocrx_word' id='word_1_1182' title='bbox 2287 3336 2319 3357; x_wconf 85' lang='lat'>²⁰</span> <span class='ocrx_word' id='word_1_1183' title='bbox 2342 3335 2421 3380; x_wconf 86' lang='lat' dir='ltr'>quis</span> 
     </span>
     <span class='ocr_line' id='line_1_154' title="bbox 1340 3379 2421 3427; baseline -0.003 -10"><span class='ocrx_word' id='word_1_1184' title='bbox 1340 3387 1462 3418; x_wconf 88' lang='lat' dir='ltr'>utatur</span> <span class='ocrx_word' id='word_1_1185' title='bbox 1492 3393 1596 3427; x_wconf 88' lang='lat' dir='ltr'>quain</span> <span class='ocrx_word' id='word_1_1186' title='bbox 1633 3381 1685 3417; x_wconf 91' lang='lat' dir='ltr'>vir</span> <span class='ocrx_word' id='word_1_1187' title='bbox 1714 3381 1828 3416; x_wconf 90' lang='lat' dir='ltr'>bonus</span> <span class='ocrx_word' id='word_1_1188' title='bbox 1859 3380 2107 3422; x_wconf 88' lang='lat' dir='ltr'>arbitrabitur,</span> <span class='ocrx_word' id='word_1_1189' title='bbox 2142 3380 2249 3415; x_wconf 89' lang='lat' dir='ltr'>aliani</span> <span class='ocrx_word' id='word_1_1190' title='bbox 2278 3379 2323 3415; x_wconf 88' lang='lat' dir='ltr'>de</span> <span class='ocrx_word' id='word_1_1191' title='bbox 2353 3389 2421 3414; x_wconf 86' lang='lat' dir='ltr'>usu</span> 
     </span>
    </p>
   </div>
   <div class='ocr_carea' id='block_1_43' title="bbox 1337 3491 2423 3713">
    <p class='ocr_par' dir='ltr' id='par_1_51' title="bbox 1337 3491 2420 3618">
     <span class='ocr_line' id='line_1_155' title="bbox 1337 3491 2420 3536; baseline -0.004 -9"><span class='ocrx_word' id='word_1_1192' title='bbox 1337 3493 1488 3527; x_wconf 85' lang='lat' dir='ltr'>bei-edem</span> <span class='ocrx_word' id='word_1_1193' title='bbox 1498 3495 1556 3536; x_wconf 61' lang='lat' dir='ltr'>IN,</span> <span class='ocrx_word' id='word_1_1194' title='bbox 1571 3504 1590 3526; x_wconf 88' lang='lat' dir='ltr'>a</span> <span class='ocrx_word' id='word_1_1195' title='bbox 1598 3493 1749 3526; x_wconf 87' lang='lat' dir='ltr'>heredem</span> <span class='ocrx_word' id='word_1_1196' title='bbox 1760 3492 1804 3525; x_wconf 60' lang='lat'>1⁰·</span> <span class='ocrx_word' id='word_1_1197' title='bbox 1902 3494 1959 3533; x_wconf 82' lang='grc'><strong>(13)</strong></span> <span class='ocrx_word' id='word_1_1198' title='bbox 1985 3493 2104 3534; x_wconf 80' lang='lat' dir='ltr'>quinto</span> <span class='ocrx_word' id='word_1_1199' title='bbox 2113 3492 2147 3525; x_wconf 77' lang='lat' dir='ltr'><em>F</em></span> <span class='ocrx_word' id='word_1_1200' title='bbox 2247 3495 2304 3533; x_wconf 77' lang='lat' dir='ltr'>(u)</span> <span class='ocrx_word' id='word_1_1201' title='bbox 2329 3491 2420 3534; x_wconf 80' lang='lat' dir='ltr'>lega-</span> 
     </span>
     <span class='ocr_line' id='line_1_156' title="bbox 1338 3537 2419 3580; baseline -0.003 -8"><span class='ocrx_word' id='word_1_1202' title='bbox 1338 3540 1459 3572; x_wconf 85' lang='lat' dir='ltr'>tarium</span> <span class='ocrx_word' id='word_1_1203' title='bbox 1472 3540 1504 3572; x_wconf 75' lang='lat' dir='ltr'><em>F</em></span> <span class='ocrx_word' id='word_1_1204' title='bbox 1632 3540 1690 3580; x_wconf 82' lang='grc'><strong>(15)</strong></span> <span class='ocrx_word' id='word_1_1205' title='bbox 1713 3537 1938 3571; x_wconf 76' lang='lat' dir='ltr'>commutatF</span> <span class='ocrx_word' id='word_1_1206' title='bbox 1944 3537 1965 3577; x_wconf 91' lang='lat'>¹,</span> <span class='ocrx_word' id='word_1_1207' title='bbox 1977 3544 2101 3571; x_wconf 66' lang='lat' dir='ltr'>aanor.</span> <span class='ocrx_word' id='word_1_1208' title='bbox 2112 3547 2147 3570; x_wconf 84' lang='lat' dir='ltr'>re</span> <span class='ocrx_word' id='word_1_1209' title='bbox 2156 3548 2182 3569; x_wconf 84' lang='lat' dir='ltr'>e.</span> <span class='ocrx_word' id='word_1_1210' title='bbox 2193 3537 2215 3569; x_wconf 87' lang='lat' dir='ltr'>i.</span> <span class='ocrx_word' id='word_1_1211' title='bbox 2226 3547 2267 3569; x_wconf 84' lang='lat' dir='ltr'>m.</span> <span class='ocrx_word' id='word_1_1212' title='bbox 2278 3540 2320 3569; x_wconf 85' lang='lat' dir='ltr'>st.</span> <span class='ocrx_word' id='word_1_1213' title='bbox 2330 3547 2419 3569; x_wconf 86' lang='lat' dir='ltr'>com·</span> 
     </span>
     <span class='ocr_line' id='line_1_157' title="bbox 1338 3582 2178 3618; baseline -0.004 -1"><span class='ocrx_word' id='word_1_1214' title='bbox 1338 3588 1466 3617; x_wconf 80' lang='lat' dir='ltr'>mutata</span> <span class='ocrx_word' id='word_1_1215' title='bbox 1476 3596 1544 3618; x_wconf 82' lang='lat' dir='ltr'>cum</span> <span class='ocrx_word' id='word_1_1216' title='bbox 1560 3584 1633 3617; x_wconf 71' lang='lat' dir='ltr'>daec.</span> <span class='ocrx_word' id='word_1_1217' title='bbox 1646 3590 1702 3616; x_wconf 76' lang='lat' dir='ltr'>aue</span> <span class='ocrx_word' id='word_1_1218' title='bbox 1711 3582 1845 3616; x_wconf 79' lang='lat' dir='ltr'>etiamsi</span> <span class='ocrx_word' id='word_1_1219' title='bbox 1855 3582 1877 3614; x_wconf 87' lang='lat' dir='ltr'>i.</span> <span class='ocrx_word' id='word_1_1220' title='bbox 1888 3592 1932 3615; x_wconf 91' lang='lat' dir='ltr'>m.</span> <span class='ocrx_word' id='word_1_1221' title='bbox 1943 3587 1985 3616; x_wconf 86' lang='lat' dir='ltr'>st.</span> <span class='ocrx_word' id='word_1_1222' title='bbox 1996 3584 2178 3614; x_wconf 84' lang='lat' dir='ltr'>commutat</span> 
     </span>
    </p>

    <p class='ocr_par' dir='ltr' id='par_1_52' title="bbox 1383 3626 2423 3713">
     <span class='ocr_line' id='line_1_158' title="bbox 1383 3626 2417 3670; baseline -0.003 -7"><span class='ocrx_word' id='word_1_1223' title='bbox 1383 3633 1442 3670; x_wconf 76' lang='lat'>(16)</span> <span class='ocrx_word' id='word_1_1224' title='bbox 1468 3630 1532 3662; x_wconf 77' lang='lat' dir='ltr'>Ed.</span> <span class='ocrx_word' id='word_1_1225' title='bbox 1542 3635 1623 3664; x_wconf 77' lang='lat' dir='ltr'>1...a.</span> <span class='ocrx_word' id='word_1_1226' title='bbox 1633 3635 1722 3667; x_wconf 77' lang='lat' dir='ltr'>5...s;</span> <span class='ocrx_word' id='word_1_1227' title='bbox 1739 3627 1978 3665; x_wconf 73' lang='lat' dir='ltr'>Sab.v.1o.12;</span> <span class='ocrx_word' id='word_1_1228' title='bbox 1995 3627 2223 3670; x_wconf 70' lang='lat' dir='ltr'>Pap.4.1i.—-</span> <span class='ocrx_word' id='word_1_1229' title='bbox 2244 3626 2324 3659; x_wconf 69' lang='lat' dir='ltr'>Bas.</span> <span class='ocrx_word' id='word_1_1230' title='bbox 2339 3627 2388 3666; x_wconf 85' lang='grc'>16,</span> <span class='ocrx_word' id='word_1_1231' title='bbox 2399 3632 2417 3660; x_wconf 77' lang='lat'><strong>⁹</strong></span> 
     </span>
     <span class='ocr_line' id='line_1_159' title="bbox 2165 3669 2423 3713; baseline -0.016 -8"><span class='ocrx_word' id='word_1_1232' title='bbox 2165 3672 2225 3712; x_wconf 82' lang='grc'><strong>(18)</strong></span> <span class='ocrx_word' id='word_1_1233' title='bbox 2250 3669 2423 3713; x_wconf 62' lang='lat' dir='ltr'>possint?</span> 
     </span>
    </p>
   </div>
   <div class='ocr_carea' id='block_1_44' title="bbox 1339 3715 2043 3759">
    <p class='ocr_par' dir='ltr' id='par_1_53' title="bbox 1339 3715 2043 3759">
     <span class='ocr_line' id='line_1_160' title="bbox 1339 3715 2043 3759; baseline -0.006 -7"><span class='ocrx_word' id='word_1_1234' title='bbox 1339 3720 1399 3759; x_wconf 76' lang='grc'><strong>(19)</strong></span> <span class='ocrx_word' id='word_1_1235' title='bbox 1424 3718 1651 3751; x_wconf 87' lang='lat' dir='ltr'>committetur</span> <span class='ocrx_word' id='word_1_1236' title='bbox 1665 3717 1742 3750; x_wconf 74' lang='lat' dir='ltr'>libri</span> <span class='ocrx_word' id='word_1_1237' title='bbox 1831 3718 1892 3757; x_wconf 86' lang='lat'><strong>(20)</strong></span> <span class='ocrx_word' id='word_1_1238' title='bbox 1918 3715 2043 3749; x_wconf 78' lang='lat' dir='ltr'>alterF</span> 
     </span>
    </p>
   </div>
   <div class='ocr_carea' id='block_1_45' title="bbox 2453 13 2528 2870">
    <p class='ocr_par' dir='ltr' id='par_1_54' title="bbox 2453 13 2528 2870">
     <span class='ocr_line' id='line_1_161' title="bbox 2453 13 2528 2870; baseline 0 0"><span class='ocrx_word' id='word_1_1239' title='bbox 2453 13 2528 2870; x_wconf 95' lang='lat' dir='ltr'> </span> 
     </span>
    </p>
   </div>
   <div class='ocr_carea' id='block_1_46' title="bbox 2496 3844 2518 3887">
    <p class='ocr_par' dir='ltr' id='par_1_55' title="bbox 2496 3844 2518 3887">
     <span class='ocr_line' id='line_1_162' title="bbox 2496 3844 2518 3887; textangle 90"><span class='ocrx_word' id='word_1_1240' title='bbox 2496 3844 2518 3887; x_wconf 56' lang='lat'>,11⁴</span> 
     </span>
    </p>
   </div>
  </div>
 </body>
</html>
