2528 3918
144 145 199 176 ET
227 144 289 176 DE
318 143 601 176 SUGGRUNDIS

145 266 205 292 sus
230 255 292 298 sit,
317 257 358 290 ut
380 254 456 291 vice
480 252 656 290 cautionis
679 252 716 287 in
740 252 966 297 possessione
990 252 1054 297 sit,
1084 252 1172 288 nihil
1194 252 1227 288 ei

144 304 184 337 31
232 300 411 346 imputari,
436 300 468 335 si
490 310 562 335 non
584 297 761 334 refecerit.
809 298 898 333 Item
920 297 1116 341 videamus,
1141 298 1172 334 si
1195 297 1228 334 ei

144 346 263 382 cautio
297 345 487 387 offeratur,
526 346 762 389 posteaquam
799 342 930 378 missus
965 346 1036 388 est,
1080 354 1128 379 an
1155 354 1228 380 non

142 392 242 437 prius
266 390 435 426 decedere
457 389 595 431 debeat,
620 398 727 434 quam
750 388 783 424 si
807 387 840 424 ei
863 392 1033 424 caveatur
1052 389 1160 426 etiam
1183 388 1228 424 de

143 447 185 473 eo
209 436 350 478 damno,
375 434 471 480 quod
494 433 642 479 contigit
653 434 675 476 ¹,
699 436 936 479 posteaquam
960 434 1089 470 missus
1113 437 1168 470 est
1189 434 1227 469 in

142 480 428 536 possessionem?
451 479 547 524 quod
590 478 708 514 uidem
726 478 839 524 magis
858 479 1050 524 probatur:
1075 479 1227 525 repetita

143 528 251 572 igitur
286 525 343 561 die
370 524 562 570 promitten
588 534 648 559 um
678 524 757 559 erit.
803 523 875 560 hoc
906 525 1059 570 amplius
1092 525 1136 560 de
1158 525 1224 559 im-

143 572 261 618 pensis
315 579 452 614 uoque,
482 569 514 604 si
545 579 634 613 quas
662 569 789 604 fecerit
797 570 823 612 2,
856 569 924 605 erit
955 570 988 605 ei
1018 570 1225 606 cavendum.

144 621 186 652 32
231 615 300 651 Illu
348 614 541 660 quaeritur,
566 625 610 650 ex
629 625 700 659 quo
723 618 885 660 tempore
908 614 1029 650 damni
1045 615 1137 651 ratio
1161 616 1225 650 ha-

143 663 278 703 beatur,
303 663 423 695 utrum
442 670 486 695 ex
510 670 580 704 quo
604 660 642 694 in
663 659 925 705 possessionem
942 665 1088 696 ventum
1107 664 1162 697 est
1180 670 1227 695 an

142 716 224 743 vero
247 716 291 742 ex
315 716 386 750 quo
409 708 555 750 praetor
574 705 748 748 decrevit,
777 708 819 740 ut
840 709 946 741 eatur
968 706 1006 741 in
1028 706 1225 752 possessio-

140 762 231 787 nem.
266 751 401 794 Labeo,
427 761 470 785 ex
496 761 565 796 quo
591 750 775 786 decretum
798 754 870 787 est:
897 752 1062 795 Sabinus,
1087 762 1132 788 ex
1156 761 1226 796 quo

140 800 282 832 ventum
305 799 362 831 est
382 795 421 831 in
443 796 723 840 possessionem:
749 806 814 841 ego
838 800 927 842 puto
949 807 1060 832 causa
1083 796 1226 842 cognita

138 841 243 877 modo
267 841 362 876 hanc
385 842 490 876 modo
514 841 612 875 illam
635 842 848 876 sententiam
871 842 1106 887 probandam.
1149 842 1225 887 ple-

138 897 286 932 rumque
310 886 403 922 enim
423 887 632 922 subvenitur
655 886 762 922 etiam
781 887 825 929 ei,
851 887 911 932 qui
933 888 1063 924 missus
1086 888 1125 922 in
1141 897 1226 967 ἕξε-

139 932 332 968 sessionem
351 932 471 976 aliqua
495 942 539 966 ex
563 942 674 967 causa
699 936 762 966 aut
784 942 859 968 non
882 933 978 968 venit
1000 937 1063 968 aut
1086 936 1144 968 tar
1171 932 1226 968 ‘us

139 981 181 1013 33
226 976 324 1012 venit
352 977 391 1012 in
412 977 687 1022 possessionem,
734 977 974 1022 Posteaquam
1003 982 1124 1014 autem
1146 977 1226 1023 quis

137 1021 322 1068 possidere
344 1022 422 1058 iure
446 1022 592 1057 dominii
615 1032 638 1057 a
658 1026 827 1074 praetore
849 1023 969 1059 iussus
994 1027 1068 1067 est,
1092 1033 1225 1068 nequa-

137 1078 244 1114 quam
275 1067 378 1104 locus
412 1068 479 1103 erit
509 1067 686 1103 cautionis
719 1068 910 1104 oblationi:
949 1072 986 1105 et
1006 1069 1059 1104 ita
1080 1068 1223 1104 Labeo:

138 1117 298 1150 ceterum
321 1113 459 1156 nullus,
493 1113 629 1158 inquit,
662 1113 742 1149 finis
773 1114 827 1149 rei
854 1113 1072 1150 invenietur:
1111 1118 1147 1150 et
1170 1117 1225 1150 est

136 1160 206 1195 hoc
235 1158 458 1195 verissimum
497 1159 653 1204 seposito
693 1169 756 1203 eo,
792 1159 890 1204 quod
927 1159 1139 1205 quibusdam
1170 1160 1226 1195 vel

138 1208 181 1240 34
228 1207 346 1240 aetate
375 1204 433 1240 vel
486 1214 535 1239 ua
565 1204 637 1239 alia
665 1204 762 1239 iusta
786 1214 897 1241 causa
921 1206 1139 1241 subvenitur.
1188 1204 1226 1240 Si

136 1251 208 1286 iam
237 1252 389 1285 ruerunt
416 1215 539 1294 aedeS,
575 1259 622 1285 an
651 1249 690 1285 in
717 1250 981 1295 possessionem
1011 1251 1138 1286 ruinae
1169 1251 1225 1286 vel

137 1305 243 1332 areae
265 1295 457 1330 mittendus
482 1295 528 1330 sit
550 1294 662 1330 nihilo
686 1296 803 1330 minus
826 1295 875 1338 is,
901 1296 959 1331 cui
984 1299 1130 1332 cautum
1154 1307 1226 1331 non

136 1345 202 1385 est,
224 1341 419 1376 videamus.
456 1344 492 1375 et
515 1340 627 1385 magis
652 1344 722 1385 est,
756 1344 797 1375 ut
819 1341 914 1376 mitti
937 1341 1082 1384 debeat,
1115 1345 1151 1377 et
1173 1342 1227 1377 ita

135 1386 276 1422 Labeo:
302 1386 364 1421 sed
389 1385 505 1429 adicit,
531 1385 572 1427 si,
596 1389 832 1430 posteaquam
856 1386 1054 1423 decreverit
1076 1390 1224 1433 praetor

136 1442 217 1467 eum
240 1431 279 1466 in
301 1431 563 1476 possessionem
588 1430 815 1474 mittendum,
839 1435 928 1467 tunc
951 1431 1058 1468 aedes
1083 1432 1225 1468 decide-

134 1477 223 1512 rint:
260 1480 297 1512 et
323 1480 411 1522 puto
443 1476 624 1512 Labeonis
654 1477 867 1512 sententiam
895 1487 1028 1513 veram.
1075 1478 1226 1523 proinde

136 1526 172 1558 et
196 1522 227 1558 si
249 1521 375 1557 refecit
398 1521 551 1566 aliquid,
582 1522 650 1557 erit
673 1522 900 1567 probandum
923 1533 996 1558 non
1019 1523 1119 1568 prius
1144 1534 1225 1559 eum

136 1568 392 1611 discessurum,
423 1577 531 1612 quam
562 1567 592 1602 si
621 1567 654 1603 ei
689 1567 869 1614 sarciatur
897 1571 934 1604 et
957 1568 1001 1604 de
1030 1569 1224 1622 praeterito

136 1616 316 1649 caveatur.
363 1616 483 1658 potest
513 1616 633 1648 autem
663 1616 700 1648 et
728 1612 768 1648 in
801 1612 937 1649 factum
969 1618 1111 1650 actione
1133 1614 1224 1650 reci-

134 1669 261 1704 perare
285 1658 355 1694 hoc
380 1658 475 1704 quod
497 1658 687 1703 impendit,
719 1658 783 1694 sed
805 1670 879 1695 non
909 1670 966 1695 am
994 1660 1082 1703 lius,
1117 1671 1222 1706 quam

136 1704 233 1749 quod
257 1703 343 1739 boni
375 1703 443 1739 viri
474 1704 653 1739 arbitratu
676 1703 813 1739 factum
836 1705 902 1740 sit:
937 1705 950 1740 i
976 1715 1031 1741 em
1056 1709 1112 1741 est
1134 1709 1171 1741 et
1193 1706 1225 1742 si

134 1750 227 1785 alius
248 1749 350 1785 iussu
371 1753 543 1794 rogatuve
570 1759 648 1785 meo
672 1759 796 1784 eorum
817 1750 903 1795 quid
925 1751 1002 1786 sine
1030 1750 1112 1787 dolo
1129 1751 1223 1786 malo

134 1795 261 1830 fecerit
292 1798 328 1830 et
357 1804 400 1830 eo
433 1794 577 1830 nomine
601 1794 859 1831 condemnatus
891 1795 957 1832 sim
981 1800 1045 1831 aut
1068 1796 1224 1832 dederim

135 1843 176 1875 35
226 1840 303 1876 sine
328 1839 409 1875 dolo
434 1840 541 1875 malo.
589 1839 627 1874 Si
658 1841 737 1885 quis
760 1845 859 1876 metu
881 1841 1007 1877 ruinae
1031 1842 1226 1878 decesserit

135 1886 378 1931 possessione,
403 1885 435 1921 si
458 1885 613 1930 quidem,
647 1896 729 1920 cum
753 1885 922 1922 adiuvare
944 1897 1020 1922 rem
1043 1898 1117 1923 non
1140 1898 1224 1932 pos-

135 1935 198 1974 set,
223 1931 260 1966 id
283 1930 381 1973 fecit,
405 1931 530 1966 Labeo
549 1930 676 1967 scribit
698 1931 875 1976 integrum
897 1932 954 1968 ius
975 1942 1057 1968 eum
1079 1933 1223 1976 habere,

135 1976 279 2022 perinde
302 1986 346 2012 ac
371 1977 402 2011 si
429 1976 466 2011 in
496 1976 724 2021 possessione
746 1982 1028 2022 perseverasset:
1062 1978 1159 2023 quod
1182 1979 1223 2022 si,

139 2033 216 2061 tum
237 2025 361 2068 posset
384 2032 615 2064 succurrere,
640 2022 766 2057 maluit
788 2023 1005 2068 relinquere,
1043 2024 1224 2059 amississe

134 2078 215 2104 eum
237 2067 416 2113 praetoris
445 2066 659 2103 beneficium
690 2078 824 2113 neque,
857 2069 887 2104 si
911 2072 1038 2114 postea
1061 2069 1224 2105 succurri

134 2114 202 2149 sibi
234 2113 335 2155 velit,
373 2112 589 2149 audiendum
621 2123 713 2148 eum.
763 2113 907 2150 Cassius
940 2118 1060 2150 autem
1090 2115 1159 2158 ait,
1194 2115 1224 2150 si

133 2162 231 2194 metu
252 2158 380 2194 ruinae
402 2158 609 2201 recesserit,
642 2169 714 2194 non
737 2159 807 2195 hoc
839 2159 972 2200 animo,
997 2164 1039 2194 ut
1061 2159 1224 2196 aedificia

134 2204 413 2249 derelinqueret,
453 2203 713 2239 restituendum
747 2204 787 2240 in
816 2205 1101 2250 possessionem:
1142 2216 1223 2241 eum

133 2254 270 2292 tamen,
308 2250 370 2294 qui
399 2249 529 2285 missus
558 2249 597 2284 in
627 2250 890 2294 possessionem
919 2261 993 2286 non
1019 2252 1222 2294 accesserit,

134 2295 166 2331 si
196 2294 360 2330 aedificia
389 2295 560 2338 ruerint³,
592 2294 803 2332 beneficium
833 2296 1012 2341 praetoris
1042 2297 1224 2333 amississe

134 2340 270 2376 scribit.
319 2340 388 2376 hoc
416 2340 468 2375 ita
492 2340 740 2385 accipiendum
764 2341 850 2384 erit,
881 2341 912 2377 si
934 2341 1055 2378 venire
1077 2342 1115 2378 in
1137 2353 1222 2388 pos-

134 2388 177 2421 36
224 2385 419 2421 sessionem
434 2386 600 2431 neglexit,
625 2397 698 2422 non
721 2386 753 2422 si
769 2386 853 2421 dum
868 2386 966 2423 venit
988 2392 1148 2423 ruerunt.
1186 2388 1224 2423 Si

134 2430 212 2477 quis
228 2440 272 2466 ex
295 2432 364 2466 hoc
384 2430 502 2467 edicto
526 2442 548 2466 a
569 2436 736 2478 praetore
754 2432 792 2467 in
813 2433 1077 2478 possessionem
1093 2433 1222 2469 missus

132 2487 206 2512 non
230 2481 285 2512 est
310 2477 503 2519 admissus,
534 2477 573 2512 in
595 2477 731 2513 factum
755 2478 896 2513 actione
919 2479 973 2513 uti
996 2479 1147 2532 poterit,
1181 2483 1222 2514 ut

133 2525 271 2557 tantum
295 2525 498 2567 praestetur
515 2523 558 2566 ei,
584 2526 756 2576 quantum
778 2524 956 2568 praestari
981 2533 1014 2559 01
1029 2529 1221 2569 oporteret,

132 2567 164 2603 si
186 2566 231 2604 (10
254 2578 298 2603 ea
320 2578 360 2603 re
385 2571 531 2603 cautum
553 2567 699 2604 fiusset:
723 2568 929 2604 extenditur
953 2570 1046 2604 enim
1070 2570 1165 2606 actio
1185 2570 1223 2605 in

131 2612 168 2648 id
190 2616 262 2648 tem
290 2624 343 2655 us,
369 2623 439 2658 quo
465 2613 634 2648 damnum
659 2614 902 2650 committitur.

182 2655 232 2695 16
290 2668 366 2693 AUL
374 2668 418 2693 vs
430 2659 521 2694 libro
538 2659 844 2738 guadraffensimo
859 2663 985 2695 octavo
1003 2659 1053 2695 ad
1067 2660 1222 2695 edictum

132 2704 336 2748 Antequam
354 2703 522 2739 damnum
563 2708 654 2746 etur,
674 2705 890 2749 1mpunitum
906 2708 962 2740 est
976 2704 1114 2740 factum
1132 2706 1220 2749 eius,

133 2749 194 2793 qui
225 2759 341 2793 neque
368 2749 534 2794 promisit
561 2759 678 2794 neque
708 2749 851 2785 admisit
879 2750 917 2784 in
946 2750 1220 2803 possessionem,

133 2794 163 2829 si
191 2798 310 2829 tamen
339 2798 424 2829 ante
455 2794 625 2830 damnum
649 2794 771 2830 datum
794 2795 851 2831 vel
883 2799 977 2830 cavit
1000 2796 1055 2831 vel
1077 2806 1221 2841 posses-

132 2839 232 2875 sione
256 2839 374 2875 cessit.

180 2882 231 2922 17
264 2884 458 2921 Umvwvs
475 2885 567 2921 libro
590 2886 918 2938 quinquaqensimo
942 2886 1046 2921 tertio
1063 2885 1113 2921 ad
1127 2887 1220 2922 edio-

132 2932 207 2966 tum
253 2929 292 2966 Si
315 2930 394 2975 quis
418 2931 565 2966 missum
588 2942 625 2966 111
647 2931 926 2976 possessionem,
960 2941 1041 2967 cum
1065 2936 1162 2967 esset
1183 2932 1222 2967 in

132 2975 250 3011 aliena
264 2979 455 3021 potestate,
480 2986 553 3011 non
567 2976 760 3019 admiserit,
783 2976 946 3021 plerique
962 2980 1092 3021 putant
1107 2987 1219 3012 noxa-

136 3024 150 3055 1
198 3021 268 3057 lem
284 3021 462 3056 actionem
482 3032 523 3056 eo
535 3023 549 3042 ⁴
565 3022 706 3057 nomine
721 3025 934 3067 competere.
972 3022 1064 3066 Quid
1082 3022 1219 3066 deinde,

132 3066 163 3101 si
185 3070 400 3111 procurator
420 3067 655 3112 prohibuerit,
681 3071 802 3102 utrum
823 3067 860 3102 in
884 3068 1001 3112 ipsum
1025 3077 1072 3102 an
1094 3067 1133 3102 in
1156 3067 1219 3103 do-

132 3111 266 3146 minum
295 3111 484 3148 dabimus?
524 3112 586 3147 sed
617 3112 735 3147 verius
768 3115 822 3147 est
843 3113 882 3147 111
909 3113 1028 3158 ipsum
1052 3112 1216 3148 dandam.

134 3158 153 3190 2
200 3155 272 3192 Sed
301 3160 336 3192 et
371 3157 408 3191 in
448 3160 572 3193 actore
604 3157 824 3203 municipum
854 3161 974 3193 tutore
1009 3158 1218 3203 ceterisque,

134 3201 196 3246 qui
234 3212 299 3247 pro
338 3202 418 3238 aliis
464 3203 722 3245 interveniunt,
768 3203 862 3239 idem
905 3203 974 3238 erit
1018 3203 1217 3239 dicendum.

134 3249 154 3281 3
201 3246 304 3283 Actio
322 3247 404 3290 ista,
429 3258 521 3293 quae
543 3249 583 3283 in
605 3248 742 3284 factum
758 3251 821 3291 est,
849 3250 1042 3294 ⁵perpetuo
1062 3248 1217 3291 dabitur,

133 3294 170 3326 et
192 3291 314 3326 heredi
336 3296 373 3327 et
393 3293 432 3327 in
459 3293 627 3329 heredem
652 3295 882 3338 ceterasque⁶
911 3294 1066 3339 itemque
1090 3294 1218 3330 ceteris

134 3339 155 3370 4
201 3337 376 3380 personis.
411 3338 535 3382 Iudex,
559 3339 621 3384 qui
645 3338 689 3374 de
713 3338 840 3374 damno
864 3339 998 3375 infecto
1024 3340 1216 3384 cognoscit,

134 3381 242 3417 etiam
259 3382 413 3418 alienato
438 3383 585 3428 praedio
610 3385 655 3419 ab
680 3394 734 3426 eo,
761 3393 841 3419 cum
865 3395 936 3429 quo
960 3388 1080 3420 actum
1097 3384 1216 3428 fuerit,

135 3426 303 3461 damnum
336 3428 524 3465 aestimare
562 3429 654 3465 solet
692 3438 815 3471 omne,
854 3428 1103 3475 quodcumque
1134 3434 1218 3465 ante

134 3471 303 3507 iudicium
327 3473 484 3517 contigit.

184 3514 233 3555 18
258 3516 316 3552 ΡΑ
323 3526 367 3552 σι,
374 3527 418 3552 Us
432 3519 522 3554 libro
564 3519 843 3566 uadraqensimo
856 3522 981 3555 octavo
998 3520 1050 3555 ad
1063 3520 1216 3556 edictum

135 3561 265 3597 Damni
299 3562 423 3598 infecti
458 3563 528 3609 stip
590 3564 642 3600 tio
677 3564 849 3609 competit
885 3574 958 3600 non
994 3568 1135 3600 tantum
1172 3565 1216 3608 ei,

135 3677 174 3718 (1)
199 3677 366 3719 contingit
378 3677 430 3710 F2
529 3678 573 3719 (2)
597 3678 676 3711 fecit
689 3678 740 3712 ΕΞ
841 3682 883 3719 (3)
909 3678 1155 3712 aedificaverint
1166 3679 1218 3713 F2

135 3722 178 3760 (Δ)
204 3722 234 3755 01
246 3721 300 3754 1⁵⁷2
351 3724 394 3764 (5)
410 3723 447 3754 in
460 3724 519 3756 ins.
531 3721 581 3756 F⁶
628 3725 671 3764 (6)
688 3734 845 3766 personas
857 3725 916 3757 ins.
966 3726 1009 3767 (7)
1026 3724 1083 3757 sed
1095 3726 1155 3758 ins.
1166 3723 1219 3757 F⁶

135 3767 180 3805 (s)
205 3767 408 3800 fructuarius
430 3767 490 3804 ΡΞ,
517 3768 710 3800 fructuariis
734 3770 886 3802 Cuiacz‘us
1001 3770 1046 3810 (9)
1069 3770 1136 3802 nisi
1156 3771 1217 3803 ins.

1218 127 1305 174 597

2078 132 2331 175 XXXVIIII
2362 136 2387 174 2

1296 253 1398 288 cuius
1427 252 1464 288 in
1487 252 1593 288 bonis
1616 262 1675 288 res
1698 256 1770 296 est,
1801 252 1864 289 sed
1888 254 1994 289 etiam
2018 254 2119 290 cuius
2143 255 2305 300 periculo
2330 266 2389 292 res

1299 301 1314 333 1
1365 301 1430 334 est.
1487 297 1616 342 ''Quod
1648 308 1756 343 opere
1789 298 1887 334 facto
1921 303 2134 336 consecutus
2163 300 2212 337 sit
2243 300 2389 337 dominii

1298 343 1448 388 capione
1471 343 1680 388 promissor,
1708 353 1782 378 non
1805 344 1919 379 teneri
1943 354 2023 380 eum
2046 355 2089 381 eo
2113 345 2257 382 nomine
2281 346 2388 383 Pom-

1295 389 1425 433 ponius
1443 389 1504 430 ait,
1531 388 1615 434 quIa
1638 398 1705 424 nec
1721 388 1793 424 loci
1805 399 1883 440 onec
1900 391 2017 442 operis
2037 390 2134 434 vitio,
2159 392 2222 427 sed
2241 392 2388 438 publico

1297 436 1316 468 2
1363 434 1442 469 iure
1470 433 1508 469 id
1539 436 1754 470 consecutus
1785 437 1841 468 s1t.
1889 434 1952 477 E1,
1991 436 2092 471 cuius
2121 447 2208 472 usus
2246 438 2388 474 fructus

1296 478 1438 514 aedium
1468 482 1542 521 est,
1582 478 1627 514 de
1656 478 1740 514 vitio
1771 479 1963 514 earundem
1996 481 2135 516 aedium
2166 483 2285 519 caveri
2315 494 2390 519 non

1297 528 1451 569 oportet,
1476 524 1544 559 etsi
1567 524 1658 559 alias
1684 524 1817 559 vicinas
1842 523 1985 567 habeat,
2012 527 2095 570 quia
2117 526 2300 564 reficiendi
2322 528 2388 565 ha-

1296 570 1358 605 bet
1379 569 1612 605 facultatem:
1647 579 1731 604 nam
1760 569 1822 614 qui
1844 569 1909 604 viri
1933 570 2018 605 boni
2042 572 2220 609 arbitratu
2248 574 2304 609 uti
2326 574 2388 610 de-

1295 615 1407 657 beret,
1435 614 1622 651 reficiendi
1638 625 1779 660 quoque
1797 618 2013 660 potestatem
2033 618 2275 662 consequitur.
2303 629 2388 665 ergo

1295 670 1362 695 nec
1385 660 1646 713 proprietarius
1676 659 1793 695 audiri
1817 660 1939 702 debet,
1972 660 2003 696 si
2025 662 2110 696 velit
2133 663 2202 698 sibi
2225 666 2342 700 caveri
2365 675 2389 700 a

1294 705 1495 740 fructuario
1519 705 1661 740 aedium
1685 705 1846 748 nomine,
1880 715 1969 750 quas
2000 706 2135 742 vicinas
2159 708 2359 746 fructuario
2374 711 2388 732 ⁸

1295 751 1447 793 habeat,
1473 751 1558 796 quia
1582 751 1693 786 habet
1717 761 1797 786 cum
1821 749 2020 786 fructuario
2046 753 2234 797 actionem,
2259 759 2302 790 ut
2323 756 2388 791 viri

1296 798 1316 831 3
1364 796 1450 831 boni
1474 796 1651 831 arbitratu
1680 796 1711 832 is
1734 795 1889 831 fruatur.
1937 795 2010 831 Sed
2032 797 2202 842 inquilino
2228 810 2324 844 meo,
2357 802 2388 836 si

1294 841 1431 877 vicinas
1462 841 1570 877 aedes
1601 842 1752 884 habeat,
1787 851 1913 877 cavere
1945 841 2083 878 debebo
2117 843 2235 879 damni
2264 845 2387 882 infecti

1295 890 1317 921 4
1363 890 1512 932 propter
1534 896 1596 922 eas
1619 886 1740 922 aedes.
1786 887 1851 929 Ei,
1877 886 1939 932 qui
1961 886 1999 921 in
2024 888 2199 924 conducto
2226 891 2301 926 solo
2326 902 2387 927 su-

1294 932 1477 976 perficiem
1508 931 1696 977 imposuit,
1732 931 1898 968 dominus
1930 932 2013 975 soli,
2056 933 2174 978 ⁹quod
2205 936 2289 971 vitio
2321 937 2387 971 soli

1296 977 1465 1012 damnum
1497 976 1659 1012 futurum
1689 977 1752 1020 sit,
1789 987 1915 1013 cavere
1945 988 2019 1013 non
2051 978 2194 1014 debebit
2223 991 2290 1016 nec
2321 982 2388 1017 soli

1295 1022 1438 1058 domino
1471 1022 1757 1068 superficiarius,
1791 1022 1877 1067 quia
1898 1022 2050 1058 invicem
2082 1034 2125 1059 ex
2151 1025 2328 1062 conducto
2353 1030 2388 1061 et

1294 1068 1414 1103 locato
1440 1068 1575 1104 habent
1591 1068 1767 1104 actiones:
1793 1068 1832 1103 in
1856 1079 1945 1113 quas
1969 1073 2091 1104 tamen
2115 1070 2274 1106 actiones
2293 1072 2389 1107 ultra

1295 1113 1438 1158 culpam
1455 1114 1545 1149 1111111
1567 1113 1675 1149 venit.
1711 1114 1792 1159 plus
1810 1118 1932 1149 autem
1954 1114 1992 1149 in
2010 1115 2277 1159 stipulationem
2292 1116 2389 1152 venit

1295 1158 1416 1194 damni
1427 1159 1455 1180 ¹⁰
1477 1159 1618 1202 infecti,
1652 1159 1750 1204 quod
1772 1159 1915 1204 quidem
1938 1159 2062 1195 vitium
2087 1160 2164 1196 eius
2179 1163 2202 1182 ¹¹
2230 1172 2310 1197 esse
2333 1162 2386 1198 di-

1295 1208 1315 1238 5
1365 1204 1468 1239 citur.
1517 1204 1556 1240 Si
1579 1205 1627 1248 is,
1652 1205 1714 1250 qui
1738 1215 1829 1240 unas
1853 1204 1961 1240 aedes
1985 1205 2160 1250 habebat,
2195 1207 2387 1252 stipulatus

1293 1249 1421 1292 fuerit,
1455 1250 1584 1286 deinde
1614 1250 1750 1286 vicinas
1776 1251 2048 1296 comparaverit,
2082 1261 2130 1286 an
2154 1262 2276 1287 earum
2300 1264 2387 1298 quo-

1296 1305 1364 1339 que
1393 1296 1557 1339 nomine,
1595 1305 1687 1342 quas
1718 1299 1802 1341 post
1840 1296 2090 1349 interpositam
2122 1297 2388 1342 stipulationem

1296 1344 1561 1392 comparasset,
1593 1340 1847 1386 promissorem
1871 1341 2066 1386 obhgaret,
2098 1343 2299 1387 quaesitum
2322 1348 2387 1380 est.

1294 1386 1457 1422 Iuhanus
1490 1387 1617 1422 scribit
1647 1386 1855 1429 videndum,
1888 1397 1934 1422 ne
1959 1396 2082 1422 earum
2113 1387 2301 1424 dumtaxat
2323 1400 2388 1425 no·
2436 1427 2439 1429 ,

1293 1431 1388 1467 1111110
1418 1436 1565 1466 cautum
1593 1432 1745 1475 habeat,
1778 1432 1822 1468 de
1853 1431 1982 1485 quibus
2014 1432 2108 1468 inter
2132 1444 2214 1469 eum
2238 1438 2274 1470 et
2305 1446 2388 1480 pro-

1294 1477 1480 1512 missorem
1503 1477 1604 1513 initio
1629 1481 1750 1513 actum
1773 1477 1894 1513 fuerit.
1945 1478 2004 1513 cui
2033 1489 2256 1525 consequens
2270 1480 2390 1516 :videri

1293 1532 1417 1567 posse,
1450 1526 1491 1557 ut
1515 1526 1567 1567 et,
1600 1533 1681 1558 cum
1705 1523 1848 1559 aedium
1880 1523 2121 1559 communium
2151 1525 2294 1561 nomine
2318 1526 2388 1561 duo

1295 1568 1383 1603 socii
1406 1568 1643 1613 stipulentur,
1678 1568 1723 1604 de
1745 1579 1788 1604 eo
1822 1568 2010 1604 dumtaxat
2040 1569 2171 1606 damno
2197 1572 2315 1606 caveri
2338 1572 2389 1607 vi-

1295 1613 1442 1658 deatur,
1475 1614 1572 1658 quod
1602 1614 1640 1649 in
1670 1618 1775 1659 parte
1807 1614 1950 1649 aedium
1983 1614 2112 1660 cuique
2142 1616 2242 1652 socio
2266 1616 2389 1652 datum

1294 1658 1414 1694 fuerit.
1461 1659 1536 1695 sive
1566 1669 1649 1704 ergo
1680 1659 1869 1695 redemerit
1898 1660 2049 1695 alteram
2078 1665 2218 1706 partem
2243 1662 2321 1707 quis
2346 1673 2389 1698 ex

1293 1704 1349 1739 his
1383 1704 1457 1740 sive
1489 1705 1697 1741 adjudicata
1728 1705 1858 1748 fuerit,
1890 1716 1963 1741 non
1997 1706 2121 1750 augeri
2143 1707 2388 1751 promissionis

1295 1750 1558 1795 obligationem.
1588 1750 1809 1795 Pomponius
1826 1750 1941 1786 relata
1954 1750 2085 1786 Iuliani
2103 1752 2283 1797 scriptura
2303 1753 2389 1788 dicit

1296 1799 1315 1830 6
1363 1806 1437 1830 11011
1460 1806 1499 1831 se
1522 1796 1738 1841 improbare.
1777 1795 1814 1831 Si
1834 1799 1954 1832 autem
1977 1807 2035 1832 res
2061 1797 2198 1842 aliquas
2222 1802 2305 1843 post
2325 1799 2388 1834 sti-

1293 1840 1515 1886 pulationem
1549 1841 1798 1887 interpositam
1839 1842 1879 1877 in
1921 1841 2024 1878 domo
2060 1843 2195 1878 habere
2231 1844 2388 1888 coeperit

1293 1886 1496 1931 stipulator,
1522 1897 1615 1932 quae
1630 1897 1675 1922 ex
1698 1887 1805 1922 ruina
1820 1887 2020 1923 vicinarum
2040 1887 2181 1923 aedium
2203 1889 2386 1934 perierint,

1295 1941 1401 1976 agere
1427 1942 1472 1966 ex
1495 1932 1668 1977 stipulatu
1691 1935 1826 1978 potest,
1851 1932 1936 1968 licet
1957 1936 2057 1976 tunc,
2092 1935 2214 1969 cum¹2
2238 1935 2387 1979 stipula-

1295 1980 1312 2011 7
1362 1980 1480 2019 retur,
1511 1978 1581 2013 hae
1604 1988 1661 2013 res
1686 1989 1759 2013 non
1783 1977 1972 2013 fuerint¹³.
2018 1978 2173 2024 Emptor
2195 1980 2335 2024 praedii
2358 1980 2388 2015 si

1294 2026 1379 2058 ante
1397 2022 1627 2059 traditionem
1648 2023 1842 2068 stipulatus
1867 2023 1925 2067 sit,
1953 2027 2099 2059 cautum
2115 2025 2265 2061 habebit
2284 2025 2328 2061 de
2345 2036 2387 2061 eo

1294 2070 1314 2102 8
1362 2067 1502 2112 damno,
1528 2069 1625 2113 quod
1648 2073 1732 2114 post
1753 2069 1982 2104 traditionem
2005 2069 2142 2105 factum
2166 2070 2243 2106 erit.
2291 2071 2387 2106 Ven-

1293 2112 1445 2149 ditorem
1484 2118 1605 2149 autem
1644 2114 1786 2150 aedium
1817 2114 1935 2159 prius,
1981 2125 2089 2159 quam
2126 2117 2388 2161 possessionem

1291 2158 1431 2203 tradat,
1457 2159 1625 2204 stipulari
1648 2163 1806 2205 oportet,
1833 2159 1917 2205 quia
1941 2160 2047 2196 huius
2072 2171 2214 2206 quoque
2236 2162 2289 2197 rei
2312 2162 2387 2197 cul-

1293 2207 1314 2239 9
1359 2214 1443 2250 pam
1479 2208 1653 2250 praestat.
1702 2204 1773 2241 Sed
1810 2205 1896 2250 quid
1930 2205 2011 2249 fiet,
2052 2206 2083 2241 si
2114 2206 2277 2242 venditor
2312 2208 2388 2243 sine

1294 2249 1402 2295 culpa
1420 2250 1586 2295 stipulari
1610 2261 1682 2285 non
1705 2251 1864 2295 potuerit
1887 2255 1923 2286 et
1946 2252 1991 2287 ob
2016 2251 2086 2287 hoc
2110 2256 2251 2296 emptor
2273 2253 2387 2297 stipu-

1292 2295 1387 2331 latus
1419 2294 1552 2331 fuerit?
1587 2306 1706 2331 nonne
1738 2296 1908 2331 damnum
1930 2297 2090 2342 patitur?
2121 2307 2169 2332 an
2192 2298 2261 2333 hoc
2286 2298 2384 2333 dam-

1294 2351 1381 2375 num
1408 2341 1447 2376 in
1478 2341 1597 2377 aliena
1627 2351 1667 2376 re
1698 2342 1920 2384 acciderit¹⁴‚
1958 2342 2150 2378 revolvitur
2186 2347 2305 2379 autem
2341 2343 2386 2378 ad

1293 2390 1502 2439 emptorem,
1528 2387 1612 2432 quia
1636 2387 1813 2422 actionem
1840 2397 1884 2422 ex
1907 2391 2027 2433 empto
2051 2398 2125 2423 non
2150 2388 2287 2424 habet?
2323 2389 2386 2424 sed

1292 2432 1383 2467 1111111
1405 2432 1444 2467 111
1466 2432 1536 2467 hac
1554 2442 1665 2468 causa
1688 2432 1831 2478 proficit
1851 2433 2047 2478 stipulatio,
2072 2433 2142 2468 nisi
2158 2433 2196 2468 in
2219 2433 2266 2478 id,
2291 2434 2387 2479 quod

1292 2480 1377 2523 post
1399 2477 1628 2513 traditionem
1660 2478 1808 2520 accidit,
1842 2479 1942 2523 quia,
1976 2478 2060 2514 dum
2083 2478 2279 2515 venditoris
2304 2491 2384 2515 cus-

1292 2522 1393 2559 todia
1423 2527 1497 2566 est,
1529 2523 1561 2558 is
1595 2523 1761 2569 stipulari
1790 2523 1897 2559 debet
1929 2533 2139 2569 omnemque
2171 2524 2386 2570 diligentiam

1292 2569 1447 2614 emptori
1469 2572 1676 2614 praestare:
1710 2573 1746 2604 et
1778 2569 1874 2614 quod
1903 2569 1974 2604 alia
2004 2570 2146 2605 actione
2175 2571 2299 2614 quaeri
2320 2581 2385 2616 po-

1292 2617 1381 2657 test,
1412 2614 1451 2649 id
1480 2614 1519 2648 in
1547 2614 1816 2660 stipulationem
1848 2614 1969 2649 damni
1996 2614 2121 2650 infecti
2144 2615 2287 2651 omnino
2311 2627 2385 2651 non

1296 2663 1336 2694 10
1385 2659 1585 2695 deducitur.
1634 2659 1705 2695 Sed
1738 2660 1767 2695 si
1799 2659 1962 2695 venditor
1989 2660 2247 2705 interposuerit
2270 2661 2384 2707 stipu-

1291 2705 1479 2747 lationem,
1517 2705 1625 2740 etiam
1662 2704 1700 2740 id
1733 2705 1900 2740 damnum
1930 2705 2146 2749 continebit,
2179 2706 2275 2751 quod
2302 2710 2386 2760 post

1290 2750 1521 2786 traditionem
1545 2750 1697 2796 emptori
1729 2750 1928 2795 contigerit.
1977 2751 2074 2795 quod
2103 2761 2182 2787 esse
2204 2751 2384 2797 iniqulssi-

1291 2807 1387 2830 mum
1410 2795 1534 2831 Aristo
1559 2797 1628 2840 ait,
1663 2796 1848 2841 quoniam,
1881 2795 1913 2831 si
1934 2800 2075 2842 emptor
2098 2807 2242 2850 quoque
2266 2797 2384 2832 damni

1290 2841 1415 2877 infecti
1446 2841 1640 2887 stipulatus
1669 2845 1781 2883 esset,
1820 2841 1960 2877 duobus
1999 2852 2196 2887 promissor
2226 2842 2383 2879 eiusdem

1291 2887 1436 2922 nomine
1458 2887 1695 2931 obligaretur:
1730 2886 1799 2921 nisi
1828 2886 1923 2923 forte
1952 2887 1990 2922 id
2022 2891 2150 2923 contra
2177 2898 2217 2924 se
2239 2888 2382 2931 habeat,

1292 2932 1376 2976 quia
1398 2932 1436 2966 in
1460 2932 1529 2967 hoc
1553 2932 1594 2966 fit
1618 2932 1813 2977 stipulatio,
1839 2932 1965 2977 quanti
1988 2942 2031 2968 ea
2051 2942 2108 2968 res
2128 2933 2214 2968 erit:
2239 2937 2280 2969 ut
2298 2944 2381 2979 pos-

1294 2981 1331 3011 11
1384 2977 1431 3012 sit
1460 2976 1572 3012 videri
1602 2977 1692 3012 nihil
1722 2977 1895 3012 interesse
1922 2977 1995 3013 iam
2017 2978 2211 3014 venditoris
2224 2980 2262 3013 ¹⁵.
2311 2978 2381 3014 Sti-

1290 3021 1476 3067 pulatione
1507 3022 1628 3057 damni
1657 3022 1783 3058 infecti
1810 3022 2024 3068 interposita
2052 3023 2177 3059 Sabini
2205 3024 2382 3059 sententia

1290 3078 1375 3103 vera
1399 3071 1454 3102 est
1477 3068 1731 3111 existimantis,
1763 3071 1822 3110 ut,
1853 3068 1900 3111 si,
1933 3068 2018 3104 dum
2046 3068 2257 3104 aedificatur
2286 3069 2381 3103 intra

1290 3113 1385 3148 diem
1427 3113 1651 3157 stipulationi
1694 3114 2009 3158 comprehensum,
2057 3124 2167 3167 supra
2207 3113 2380 3158 parietem

1289 3168 1408 3193 meum
1433 3157 1559 3192 domus
1585 3158 1755 3194 deciderit
1780 3169 1930 3204 eumque
1959 3159 2152 3201 vitiaverit,
2184 3159 2268 3194 licet
2297 3163 2380 3204 post

1289 3203 1384 3238 diem
1407 3203 1649 3248 stipulationis
1672 3203 1793 3249 paries
1817 3203 1970 3248 decidat,
1994 3204 2128 3250 possim
2151 3214 2266 3248 agere,
2296 3204 2379 3249 quia

1289 3248 1459 3283 damnum
1489 3248 1561 3283 iam
1589 3252 1677 3284 tunc
1708 3249 1929 3295 acceperim,
1967 3260 2049 3285 cum
2081 3250 2199 3294 paries
2230 3248 2378 3284 vitiosus

1288 3294 1408 3329 factus
1432 3293 1490 3329 sit.
1538 3304 1604 3329 nec
1629 3294 1819 3339 quicquam
1844 3295 2006 3336 obstare,
2037 3304 2107 3339 quo
2131 3294 2247 3329 minus
2271 3292 2377 3328 etiam

1288 3341 1482 3384 antequam
1506 3338 1648 3374 decidat
1671 3340 1729 3385 agi
1751 3340 1884 3385 possit:
1913 3344 1959 3383 et,
1985 3340 2015 3374 si
2038 3340 2089 3374 ita
2112 3348 2307 3374 concussus
2331 3339 2378 3374 sit

1287 3384 1425 3430 paries,
1459 3387 1501 3419 ut
1529 3384 1629 3419 nulla
1658 3385 1796 3421 ratione
1827 3385 1937 3430 recipi
1949 3385 1978 3407 ¹⁶
2005 3383 2120 3429 possit
2142 3383 2292 3428 ideoque
2315 3383 2375 3418 de-

1286 3428 1477 3475 ponendus
1502 3433 1567 3472 est,
1590 3440 1664 3466 non
1687 3430 1832 3466 minoris
1855 3430 1953 3464 litem
1976 3428 2242 3471 aestimandam,
2268 3439 2375 3474 quam

1292 3478 1331 3509 12
1381 3474 1412 3509 si
1443 3473 1643 3511 decidisset.
1692 3475 1731 3511 Si
1753 3476 1887 3511 vicinas
1911 3474 2016 3509 aedes
2039 3474 2235 3509 habeamus
2263 3477 2300 3509 et
2320 3474 2373 3508 in-

1287 3520 1402 3555 vicem
1419 3519 1659 3556 desideremus
1677 3521 1798 3556 damni
1812 3520 1935 3555 infecti
1953 3519 2080 3560 caveri,
2098 3519 2186 3553 nihil
2204 3519 2373 3561 obstabit,

1287 3575 1360 3610 quo
1391 3565 1509 3600 minus
1539 3569 1576 3601 et
1605 3576 1670 3611 ego
1702 3566 1739 3600 in
1769 3570 1911 3600 tuarum
1943 3564 2083 3598 aedium
2112 3565 2372 3608 possessionem

1904 3679 1961 3719 (12)
1980 3680 2051 3709 tum
2064 3676 2116 3709 F*
2173 3680 2231 3717 (13)
2249 3677 2295 3709 ibi
2309 3679 2361 3710 ins

1288 3681 1348 3719 (10)
1376 3678 1465 3712 dami
1476 3680 1513 3713 F
1557 3681 1612 3721 (11)
1629 3680 1711 3720 eius]
1726 3679 1774 3711 rei
1785 3691 1846 3711 scr.

2046 3723 2107 3764 (16)
2133 3721 2223 3755 refici
2235 3723 2265 3756 S

1289 3724 1346 3764 (14)
1374 3723 1569 3758 acciditscr.
1663 3726 1720 3765 (15)
1745 3722 1957 3755 venditoriF
