2528 3918
190 121 420 166 xxmls

191 252 339 279 uxorem
362 239 538 276 Maeviam
561 238 663 274 duxit
686 242 722 275 et
737 238 855 275 dotem
873 241 978 285 pater
996 237 1154 283 accepit:
1178 236 1278 272 Mae-

191 288 251 324 via
272 286 367 322 Titio
391 284 578 330 repudium
600 283 713 320 misit:
745 286 872 329 postea
893 286 998 328 pater
1014 281 1195 334 repudiati
1215 282 1278 333 ab3

193 335 294 369 sente
326 330 400 366 filio
436 328 638 374 sponsalia¹
674 339 755 365 cum
786 338 830 364 ea
862 327 930 363 de²
961 336 1105 363 nomine
1134 326 1197 362 filii
1225 336 1281 362 sui

191 377 295 413 fecit:
332 374 480 428 ‘Maevia
521 372 648 426 deinde
688 373 880 425 repudium·
917 382 934 408 s
962 371 1144 424 onsalibus
1186 370 1282 406 misit

192 426 306 502 33:2²ss
327 419 552 509 'Il'ti’tioalqluoxiiu
578 422 635 454 sm
642 428 829 499 mai-liatgrgt’
841 428 883 497 aSl
897 420 1280 514 ,αιζῖθῖιιὲῐθὲξθζθΐξὲξ

193 511 238 546 de
271 509 355 545 dote
390 513 426 544 et
459 508 633 554 probetur
673 508 780 553 culpa
821 518 856 542 m
908 516 976 542 eris
1017 510 1280 541 matrimomum

193 554 416 596 dissolutum,
432 563 480 589 an
498 553 614 599 possit
630 553 779 589 maritus
798 555 945 597 propter
964 550 1106 596 culpam
1124 550 1280 586 mulieris

193 600 312 636 dotem
330 599 494 634 retinere.
529 597 725 634 Marcellus
743 596 938 642 respondit,
959 595 1098 632 etiamsi
1117 599 1159 631 ut
1177 595 1281 630 heres

192 644 378 680 institutus
397 653 420 678 a
438 647 542 689 patre
553 642 669 679 Titius
690 641 948 683 conveniretur,
968 644 1101 682 tamen,
1121 639 1152 675 si
1172 649 1190 675 s
1239 650 1280 675 n-

193 689 328 770 ffim
359 698 433 724 non
467 688 723 730 consensisset,
760 687 902 732 culpam
935 685 1093 721 mulieris
1127 695 1163 720 m
1201 688 1281 720 tan-

300 743 389 769 esse.

239 775 293 817 39
317 778 563 813 Psmmsiws
583 777 674 813 libro
700 776 886 812 undecimo
910 775 1159 827 quaestionum
1193 773 1280 810 Viro

193 827 302 904 atqfflle
324 832 437 858 uxore
460 832 576 858 mores
599 822 748 858 invicem
772 819 1026 856 accusantibus
1056 829 1202 855 causam
1225 829 1281 854 re-

192 879 243 914 pu
269 868 290 876 ‘'
326 867 468 904 dedisse
508 871 699 912 utrumque
741 865 1013 911 pronuntiatum
1047 867 1113 900 est.
1159 863 1197 899 id
1230 863 1283 899 ita

193 912 310 959 accipi
333 912 449 955 debet,
474 915 516 947 ut
539 921 583 948 ea
606 912 693 956 lege,
718 920 825 956 quam
848 910 953 946 ambo
979 912 1281 955 contempserunt,

193 962 320 994 neuter
342 957 557 993 vindicetur:
590 957 693 1002 paria
725 956 818 991 enim
849 955 981 991 delicta
1003 958 1130 990 mutua
1152 963 1281 999 pensa-

195 1003 293 1040 tione
316 1002 567 1039 dissolvuntur.

238 1046 292 1086 40
316 1047 425 1084 Imm
443 1047 533 1083 libro
557 1046 723 1082 vicesimo
747 1048 872 1082 octavo
896 1045 1147 1091 quaestionum
1193 1042 1284 1078 Post

193 1093 312 1130 dotem
346 1092 466 1128 datam
503 1095 539 1127 et
581 1090 725 1137 nuptias
761 1093 966 1126 contractas
1001 1089 1048 1124 sti
1074 1089 1193 1124 ulatus
1228 1091 1282 1122 est

219 1141 297 1174 ater
319 1148 393 1173 non
416 1137 484 1172 ex³
512 1135 608 1171 filiae
638 1135 822 1171 voluntate
852 1134 1003 1170 divortio
1051 1136 1131 1168 acto
1164 1132 1282 1168 dotem

192 1149 281 1218 gari.
324 1183 356 1218 si
390 1181 551 1217 condicio
587 1179 829 1224 stipulationis
863 1178 1054 1231 impleatur
1088 1181 1124 1213 et
1156 1180 1283 1223 postea

191 1227 267 1263 filia
278 1227 355 1263 sine
372 1226 492 1261 liberis
514 1224 717 1266 decesserit,
730 1234 803 1259 non
825 1223 892 1259 erit
910 1222 1155 1268 impediendus
1194 1226 1282 1264 ater,

193 1282 264 1318 quo
299 1271 415 1306 minus
451 1280 495 1305 ex
529 1269 703 1322 stipulatu
738 1271 838 1314 agat:
883 1268 963 1304 viva
996 1271 1117 1320 autem
1188 1267 1222 1302 'a
1252 1266 1284 1302 si

193 1326 298 1399 wirla
316 1316 424 1396 ΕΞ(
432 1324 543 1396 ‘³153ss
544 1318 743 1406 ίῑῗ*;)·ιιἰρθι,’.ςείηιο
762 1313 938 1411 §2373ssde
949 1316 1198 1404 {gestionum
1246 1355 1284 1392 Si

192 1410 296 1453 pater
317 1405 488 1458 ignorans
511 1403 621 1439 filiam
644 1403 831 1440 divertisse
855 1403 975 1439 dotem
998 1412 1043 1438 ex
1066 1412 1178 1438 causa
1200 1411 1282 1447 pro-

193 1451 370 1487 missionis
403 1450 618 1492 numeravit,
649 1460 722 1485 non
752 1458 817 1494 per
838 1447 989 1484 indebiti
1012 1447 1283 1489 condictionem,

193 1496 257 1533 sed
281 1495 326 1532 de
349 1495 432 1531 dote
456 1494 597 1530 actione
619 1494 774 1540 pecunia
795 1498 949 1539 petetur.

238 1538 293 1578 42
317 1539 425 1576 IDEM
451 1540 542 1575 libro
577 1542 709 1586 quarto
743 1548 999 1586 responsorum
1054 1538 1097 1573 In
1131 1537 1284 1573 insulam

192 1590 295 1631 patre
319 1585 520 1631 deportato,
545 1584 607 1630 qui
630 1584 748 1620 dotem
771 1594 837 1629 pro
857 1583 932 1619 filia
951 1582 1058 1625 dedit,
1078 1582 1172 1618 actio
1190 1582 1284 1618 dotis

193 1630 240 1666 ad
262 1630 373 1666 filiam
394 1630 559 1675 pertinet.
591 1632 674 1675 post
692 1628 881 1664 divortium
898 1638 1041 1674 quoque
1062 1631 1166 1673 patre
1184 1627 1283 1663 dam-

193 1679 298 1719 nato,
334 1675 416 1711 cui⁴
451 1674 592 1720 quidem
626 1674 871 1710 consentiente
913 1673 988 1708 filia
1029 1672 1250 1719 conpetierat
1259 1673 1284 1715 ⁵,

196 1724 210 1756 i
261 1730 375 1766 aeque
399 1720 492 1755 dotis
516 1720 610 1755 actio
634 1719 790 1755 mulieris
814 1722 879 1755 est.
926 1718 1083 1754 Fructus
1113 1728 1157 1753 ex
1180 1727 1284 1763 prae-

194 1766 272 1808 diis,
297 1775 389 1811 quae
411 1765 449 1800 in
472 1764 591 1800 dotem
623 1764 708 1800 data
737 1763 967 1806 videbantur,
990 1763 1088 1799 bona
1109 1762 1181 1798 fide
1229 1772 1284 1797 er-

195 1814 318 1856 ceptos
352 1814 390 1846 et
419 1810 575 1845 mulieris
607 1810 775 1846 oneribus
807 1812 891 1845 ante
921 1818 1068 1844 causam
1102 1807 1173 1844 libe
1230 1817 1284 1843 em

194 1856 416 1901 absumptos,
441 1855 601 1900 quamvis
625 1865 764 1890 servam
786 1853 898 1890 fuisse
920 1857 1047 1899 postea
1070 1853 1282 1895 constiterit,

195 1901 268 1946 peti
291 1911 364 1936 non
386 1909 494 1946 posse
516 1899 663 1946 placuit.
699 1903 862 1945 sumptus
892 1909 976 1935 vero
1001 1898 1225 1934 necessarios
1249 1901 1285 1933 et

194 1946 298 1981 utiles
322 1945 359 1980 in
407 1945 530 1981 taedia
546 1955 639 1991 quae
651 1944 785 1980 dotalia
804 1944 1018 1980 videbantur
1035 1943 1165 1986 factos,
1186 1953 1283 1979 com-

193 1990 354 2036 pensatis
437 1990 555 2026 ctibus
612 1990 783 2035 erceptis,
807 1989 854 2025 ad
883 1988 991 2024 finem
1014 1987 1186 2034 superflui
1209 1998 1283 2023 ser-

194 2038 215 2071 2
262 2035 338 2071 vari
362 2035 536 2071 convenit.
618 2045 721 2070 suras
745 2037 954 2070 numeratae
984 2033 1078 2069 dotis
1103 2044 1147 2069 ex
1170 2033 1282 2078 stipu-

193 2080 271 2116 latu
293 2084 397 2126 pater
419 2080 457 2115 in
476 2079 700 2115 matrimonio
714 2079 884 2115 defuncta
898 2079 973 2114 filia
992 2079 1023 2114 si
1038 2082 1151 2132 petat,
1162 2088 1283 2124 gener,

195 2125 257 2171 qui
284 2125 450 2161 residuae
485 2125 579 2161 dotis
613 2125 810 2171 promissae
842 2124 971 2160 faenus
1001 2123 1194 2169 stipulatus
1217 2126 1283 2165 est,

194 2170 246 2205 ita
269 2170 410 2206 demum
433 2169 480 2205 ad
510 2170 617 2206 finem
648 2170 725 2206 vice
747 2173 873 2205 mutua
903 2168 1045 2204 debitae
1075 2168 1283 2214 quantitatis

196 2215 522 2260 compensationem
553 2225 734 2261 opponere
762 2215 857 2250 iuste
886 2214 1044 2256 videtur,
1077 2214 1108 2249 si
1130 2213 1283 2265 propriis

195 2260 397 2306 sumptibus
420 2270 568 2296 uxorem
591 2270 693 2296 suam
717 2259 894 2296 exhibuit:
927 2258 1086 2304 alioquin
1117 2268 1149 2294 si
1171 2258 1283 2303 patris

196 2305 396 2350 sumptibus
432 2305 590 2341 exhibita
623 2305 690 2348 sit,
724 2304 842 2340 inanis
876 2314 1066 2340 usurarum
1100 2303 1283 2348 stipulatio

195 2353 215 2385 3
273 2350 556 2395 compensationi
588 2360 661 2386 non
697 2349 869 2395 proderit.
933 2349 992 2384 Ad
1024 2349 1138 2384 virum
1172 2358 1284 2384 uxore

220 2398 277 2430 ost
300 2394 488 2430 divortium
510 2404 652 2430 reversa
675 2394 845 2429 iudicium
876 2397 1064 2439 acceptum
1095 2403 1141 2429 ex
1170 2393 1282 2438 stipu-

229 2439 338 2482 tione,
362 2449 470 2484 quam
493 2442 684 2475 extraneus
707 2439 768 2484 qui
791 2438 911 2474 dotem
934 2438 1070 2474 dederit
1092 2438 1283 2483 stipulatus

194 2483 323 2527 fuerit,
346 2495 419 2519 non
451 2484 656 2520 dissolvitur
689 2493 757 2520 nec
790 2483 911 2520 officio
944 2482 1071 2518 iudicis
1106 2482 1283 2518 absolutio

196 2529 408 2565 continetur.

241 2571 295 2612 43
320 2573 526 2610 Seuerou
549 2574 641 2610 libro
664 2573 821 2610 seeundo
841 2573 1091 2620 quaestionum
1127 2571 1166 2607 Si
1176 2572 1283 2607 mari-

194 2622 254 2655 tus
276 2619 315 2654 in
337 2619 374 2654 id
398 2619 493 2664 quod
515 2619 634 2654 facere
658 2622 778 2664 potest
801 2618 1058 2654 condemnatus
1090 2617 1137 2653 sit
1160 2620 1196 2653 et
1218 2627 1283 2652 no·

194 2664 291 2700 mina
309 2664 381 2700 sint
391 2664 438 2699 ad
451 2664 544 2700 dotis
557 2664 792 2710 quantitatem
805 2673 920 2709 neque
939 2662 1102 2709 amplius,
1114 2672 1261 2698 necesse
1270 2663 1285 2683 ⁶

194 2708 342 2744 habebit
364 2709 535 2745 mandare
559 2709 730 2744 actiones.

241 2752 296 2791 44
319 2753 376 2789 Pii
384 2763 478 2790 vsvs
505 2754 597 2790 libro
622 2755 747 2800 quinto
771 2754 1021 2799 quaestionum
1067 2751 1106 2787 Si
1135 2762 1239 2787 socer
1262 2761 1285 2787 a

195 2808 325 2843 genero
345 2798 447 2834 heres
467 2799 651 2835 institutus
663 2798 791 2834 adierit
810 2798 1055 2840 hereditatem,
1069 2796 1285 2843 quandoque

196 2847 337 2879 mortuo
360 2848 463 2888 patre
485 2855 566 2879 cum
584 2843 714 2879 herede
732 2843 808 2879 eius
826 2842 936 2879 filiam
955 2842 1000 2878 de
1019 2842 1103 2878 dote
1123 2845 1284 2877 acturam

195 2887 314 2924 Nerva
348 2893 384 2923 et
415 2888 503 2925 Cato
537 2888 817 2934 responderunt,
853 2892 895 2923 ut
929 2891 984 2923 est
1012 2887 1165 2923 relatum
1187 2897 1209 2922 a
1235 2887 1284 2922 ud

196 2932 343 2968 Sextum
374 2933 611 2985 l’omponium
645 2933 862 2986 digestorum
903 2933 949 2968 ab
984 2933 1153 2968 Aristone
1193 2898 1283 2968 libro

197 2977 340 3030 quinto:
372 2977 503 3013 ibidem
532 2979 693 3015 Aristom
725 2978 913 3014 consensit.
947 2988 1029 3023 ergo
1061 2977 1215 3013 dicerem
1249 2980 1285 3013 et

196 3033 228 3059 si
252 3022 512 3068 emancipasset
534 3027 637 3068 pater
658 3023 779 3065 filiam,
802 3023 919 3069 ipsum
939 3033 1080 3068 quoque
1104 3022 1284 3059 conveniri

199 3071 214 3103 1
261 3077 382 3120 posse.
428 3067 563 3119 Lucius
589 3069 703 3104 Titius
726 3068 821 3104 filiae
851 3077 939 3104 suae
968 3068 1110 3103 nomine
1142 3071 1283 3103 centum

197 3112 274 3148 doti
294 3112 458 3158 promisit
481 3112 570 3148 Gaio
595 3114 692 3149 Seio:
717 3113 832 3149 ⁷inter
855 3112 984 3148 Gaium
1008 3112 1126 3148 Seium
1150 3116 1187 3148 et
1207 3112 1282 3147 Lu-

197 3158 291 3193 cium
314 3156 448 3192 Titium
496 3162 606 3192 ati-em
630 3158 785 3194 mulieris
809 3158 983 3201 convenit,
1003 3168 1049 3193 ne
1073 3157 1138 3193 dos
1161 3167 1185 3193 a
1206 3157 1282 3192 viro

196 3202 275 3238 vivo
308 3201 422 3238 Lucio
489 3202 551 3238 itio
587 3203 622 3237 id
657 3208 711 3238 est
745 3206 849 3249 patre
882 3202 1050 3245 mulieris,
1081 3206 1281 3249 peteretur:

197 3250 323 3292 postea
345 3246 453 3292 culpa
474 3247 590 3282 mariti
614 3247 762 3282 divortio
786 3247 883 3284 facto
906 3248 1062 3283 solutum
1085 3251 1141 3283 est
1158 3247 1281 3283 matri-

198 3291 352 3328 monium
376 3296 413 3327 et
434 3296 537 3338 pater
560 3292 713 3328 mulieris
738 3292 912 3328 decedens
943 3292 1032 3328 alios
1055 3292 1204 3328 heredes
1227 3293 1281 3328 in-

198 3336 314 3372 stituit
335 3336 411 3372 filia
433 3336 667 3373 exheredata:
699 3347 842 3382 quaero,
867 3347 914 3373 an
937 3338 984 3373 ab
1007 3337 1198 3373 heredibus
1221 3347 1280 3373 so-

199 3381 273 3417 ceri
295 3382 443 3417 maritus
467 3382 605 3428 exigere
628 3381 746 3417 dotem
768 3386 904 3427 potest,
937 3392 1018 3418 cum
1043 3393 1121 3418 eam
1144 3382 1282 3418 mulieri

198 3426 402 3462 redditurus
436 3431 501 3462 eet.
548 3426 732 3473 respondi:
778 3437 858 3462 cum
892 3426 967 3462 filia
1008 3427 1086 3463 aliis
1120 3437 1143 3462 a
1178 3431 1281 3473 patre

199 3542 240 3582 (i)
264 3539 599 3584 aliains.Hoffinann
670 3539 712 3582 (2)
735 3549 774 3572 ea
784 3539 839 3582 de]
854 3540 965 3573 eadem
981 3541 1011 3575 S
1078 3542 1122 3582 (8)
1146 3551 1215 3574 non
1228 3542 1280 3581 ex]

198 3587 315 3620 siesse.
327 3586 374 3626 B,
383 3597 442 3619 om.
452 3585 488 3619 F
515 3586 559 3627 (4)
570 3586 619 3619 eie
625 3595 690 3620 ue.
699 3584 745 3626 B,
755 3584 811 3617 cui
820 3597 878 3618 om.
889 3585 924 3617 F
966 3587 1008 3627 (5)
1022 3596 1090 3619 non
1099 3586 1286 3630 petieratF

1265 113 1352 161 324

1817 126 1993 158 sonu‘ro
2025 126 2314 169 ammonio
2344 127 2432 163 nos

1506 188 1557 202 Ὗ

1347 235 1539 271 heredibus
1553 236 1733 273 «institutis
1756 237 1934 272 actionem
1957 235 2002 272 de
2016 235 2100 272 dote
2118 246 2186 272 sua
2205 236 2436 282 reciperanda

1347 280 1481 316 habere
1505 281 1673 326 coeperit,
1697 291 1843 317 necesse
1862 281 2010 316 habebit
2029 281 2178 317 maritus
2199 285 2263 316 aut
2274 286 2436 319 exactam

1348 325 1469 361 dotem
1492 330 1557 360 aut
1586 325 1746 361 actiones
1771 325 1803 361 ei
1832 330 2034 378 praestare:
2071 335 2139 361 nec
2169 325 2278 362 ullam
2309 335 2436 373 excep-

1348 370 1482 406 tionem
1512 370 1698 406 habebunt
1728 381 1843 406 soceri
1865 370 2014 406 heredes
2037 370 2209 406 adversus
2233 380 2332 413 eum,
2357 381 2438 407 cum

1348 414 1504 450 absurde
1526 414 1657 450 dicitur
1679 414 1761 451 dolo
1784 415 1896 451 videri
1919 425 2000 451 eum
2030 414 2167 457 facere,
2192 415 2253 461 qui
2276 425 2347 451 non
2370 416 2439 462 ipsi

1350 459 2439 541 ἑωεέῗέἔὲἒὲ’θὲαὲὴῲῑῗιῗῑὲἳέἳᾞὲηῗιίῗᾈἚὲἑωῶΐ

1350 515 1598 585 exfflderemr
1621 515 1808 585 exfotione
1839 549 1933 585 dotis
1957 549 2123 591 maritus,
2155 549 2253 594 quod
2281 560 2353 586 non
2384 532 2439 586 est

1350 593 1618 630 admittendum.
1642 593 1706 629 sed
1729 597 1766 629 et
1787 593 1819 630 si
1842 604 1887 629 ex
1905 598 2008 639 parte
2031 593 2105 629 filia
2127 594 2230 630 heres
2254 595 2349 639 patri
2372 605 2437 630 suo

1350 638 1535 681 exstiterit,
1559 638 1704 674 debebit
1734 638 1882 674 maritus
1907 638 2100 674 coheredes
2132 639 2207 674 eius
2238 650 2304 684 pro
2335 643 2438 684 parte

1349 683 1440 719 virili
1457 683 1620 764 ’ἐπέξει-ο
1662 686 1698 719 et
1738 683 1875 719 mulieri
1915 683 2064 719 reddere
2105 687 2170 718 aut
2211 684 2371 720 actiones
2407 684 2440 720 ei

1375 738 1456 764 raes
1537 754 1544 761 .

1350 740 1375 775 p
1397 771 1451 810 45
1476 772 1585 809 loen
1614 772 1706 809 libro
1740 776 1846 808 sexto
1881 773 2130 818 quaestionum
2189 771 2301 808 Gaius
2337 772 2439 809 Seius

1351 828 1439 854 avus
1474 822 1657 853 maternus
1691 817 1794 853 Seiae
1828 818 1973 862 nepti⁸,
2010 827 2102 862 quae
2136 821 2215 853 erat
2254 818 2293 853 in
2326 818 2440 863 patris

1351 866 1541 943 potestate,
1566 866 1701 899 certam
1723 863 1898 908 pecuniae
1921 862 2156 914 quantitatem
2180 862 2274 898 dotis
2298 863 2441 898 nomine

1383 908 1465 944 ucio
1478 907 1573 944 Titio
1597 907 1725 943 marito
1750 907 1848 943 dedit
1871 911 1907 943 et
1930 910 2167 943 instrumento
2188 907 2299 942 dotali
2316 908 2439 943 huius·

1352 952 1448 989 modi
1470 956 1618 998 pactum
1634 957 1671 988 et
1685 952 1951 998 stipulationem
1968 952 2174 997 complexus
2188 956 2260 987 est:
2287 952 2329 988 ‘si
2347 953 2441 988 inter

1353 998 1518 1033 ‘Lucium
1552 997 1684 1032 Titium
1718 997 1884 1032 maritum
1920 1000 1956 1032 et
1989 996 2108 1032 Seiam
2143 996 2330 1032 divortium
2364 997 2441 1033 sine

1352 1042 1471 1087 ‘culpa
1493 1042 1650 1077 mulieris
1672 1041 1809 1078 factum
1834 1045 1938 1084 esset,
1963 1041 2028 1077 dos
2051 1042 2166 1077 omnis
2189 1041 2291 1078 Seiae
2314 1042 2443 1085 uxori?

1352 1087 1419 1123 ‘vel
1443 1086 1533 1123 Gaio
1558 1087 1639 1123 Seio
1664 1097 1729 1123 avo
1754 1090 1913 1122 materno
1944 1086 2155 1122 redderetur
2176 1087 2440 1123 restitueretur-

1352 1132 1457 1177 ‘que’.
1505 1142 1652 1177 quaero,
1676 1142 1758 1168 cum
1782 1131 1884 1167 Seius
1907 1141 1995 1167 avus
2018 1135 2200 1167 maternus
2224 1132 2345 1167 statim
2367 1132 2442 1168 vita

1353 1177 1545 1229 defunctus
1568 1177 1615 1213 sit
1638 1180 1674 1213 et
1684 1176 1768 1230 Seia
1789 1180 1917 1229 postea
1939 1177 2016 1212 sine
2039 1176 2147 1222 culpa
2169 1186 2236 1212 sua
2259 1177 2443 1230 divorterit

1351 1232 1447 1302 {2730
1462 1226 1772 1312 pgxtrehggopacnto
1781 1231 1886 1302 meliltu¹⁸¹
1915 1223 2443 1312 {gtggltgaengsecggpffiaimg

1352 1316 1472 1347 utrum
1494 1311 1618 1347 heredi
1640 1312 1697 1347 avi
1719 1311 1872 1347 materni
1895 1321 1940 1347 ex
1963 1311 2137 1357 stipulatu
2160 1322 2207 1347 an
2238 1312 2346 1358 nepti.
2382 1322 2440 1347 re-

1352 1356 1481 1402 spondi
1515 1357 1552 1392 in
1586 1366 1742 1402 persona
1783 1356 1923 1402 quidem
1965 1356 2083 1401 neptis
2125 1356 2237 1392 videri
2270 1356 2443 1392 inutiliter

1352 1402 1618 1448 stipulationem
1641 1412 1719 1438 esse
1743 1406 1972 1447 conceptam,
1997 1401 2164 1446 quoniam
2192 1411 2279 1437 avus
2310 1406 2441 1438 mater-

1352 1457 1421 1483 nus
1441 1447 1473 1482 ei
1493 1447 1685 1500 stipulatus
1704 1447 1935 1527 proponitur:
1961 1446 2057 1491 quod
2075 1457 2157 1482 cum
2177 1446 2229 1482 ita
2241 1450 2306 1489 est,
2318 1446 2442 1483 heredi

1352 1492 1583 1544 stipulatoiis,
1607 1502 1703 1537 quan
1729 1502 1822 1544 oque
1853 1491 2036 1527 diverterit
2058 1491 2200 1543 mulier,
2225 1492 2319 1528 actio
2344 1502 2441 1528 com·

1352 1537 1648 1634 Ξξῖξῖῗᾳῖξὲᾝ·
1661 1536 1755 1634 ,2512
1779 1536 1970 1617 &⁰323
1992 1535 2305 1627 ῗέηὸἓὲξρὲἓέῧῗ
2324 1537 2442 1618 4:³32}

1353 1627 1423 1663 sibi
1445 1631 1510 1662 aut
1531 1627 1583 1662 illi
1605 1626 1684 1662 dari
1706 1637 1793 1663 avus
1809 1627 2003 1679 stipulatus
2023 1630 2127 1662 esset.
2152 1626 2216 1661 sed
2233 1627 2440 1671 permitten-

1354 1671 1438 1708 dum
1462 1676 1517 1708 est
1539 1682 1584 1707 ne
1610 1672 1638 1707 ti
1661 1681 1706 1707 ex
1727 1672 1797 1708 hac
1820 1676 1915 1707 avita
1934 1671 2179 1714 conventione,
2195 1681 2240 1706 ne
2256 1671 2441 1708 commodo

1354 1717 1447 1753 dotis
1472 1717 1574 1752 defru
1600 1721 1690 1760 etur,
1714 1717 1835 1752 utilem
1859 1717 2054 1752 actionem:
2087 1715 2210 1752 favore
2234 1717 2325 1752 enim
2349 1727 2440 1763 nup-

1352 1762 1485 1798 tiarum
1509 1766 1545 1797 et
1567 1762 1719 1798 maxime
1741 1766 1888 1807 propter
1907 1761 2130 1797 affectionem
2146 1771 2380 1807 personarum
2394 1761 2442 1797 ad

1353 1807 1423 1843 hoc
1447 1807 1707 1842 decurrendum
1731 1811 1794 1842 est.

1398 1849 1453 1890 46
1487 1851 1596 1888 IDEM
1625 1853 1716 1888 libro
1751 1862 1847 1887 nono
1882 1851 2018 1888 decimo
2055 1852 2303 1898 quaestionum
2373 1850 2442 1896 Qui

1354 1897 1473 1933 dotem
1497 1897 1543 1933 sti
1569 1897 1684 1932 ulanti
1706 1897 1812 1933 uxori
1834 1897 2057 1942 promiserat,
2082 1896 2195 1932 eidem
2224 1900 2441 1932 testamento

1353 1942 1528 1988 quaedam
1565 1946 1741 1988 egaverat,
1764 1942 1817 1977 ita
1838 1947 1969 1984 tamen,
1993 1952 2039 1977 ne
2057 1941 2175 1978 dotem
2191 1942 2236 1977 ab
2251 1941 2442 1977 heredibus

1352 1991 1507 2033 peteret:
1534 1997 1588 2030 ea,
1613 1997 1704 2033 quae
1727 1988 1845 2033 legata
1868 1990 1989 2029 erant,
2013 1997 2104 2022 uxor
2127 1996 2255 2032 capere
2277 1997 2351 2022 non
2399 1997 2438 2023 o-

1351 2036 1483 2068 tuerat.
1494 2032 1664 2113 respondi
1677 2032 1768 2068 dotis
1777 2032 1955 2068 actionem
1965 2032 2101 2067 mulieri
2113 2031 2283 2067 adversus
2290 2031 2376 2067 here
2402 2042 2441 2068 es

1353 2077 1908 2175 Ποὲζῖθεὲἓζᾼέἓέἔζῃῑὲἒνῗήοηο
1928 2121 2065 2158 decimo
2078 2122 2326 2174 quaestionum
2352 2121 2441 2157 Cum

1352 2168 1478 2203 mulier
1499 2177 1565 2202 viri
1587 2167 1764 2203 lenocimo
1796 2167 1998 2202 adulterata
2027 2166 2155 2209 fuerit,
2179 2166 2268 2202 mhil
2289 2176 2334 2202 ex
2357 2167 2440 2202 dote

1351 2213 1542 2248 retinetur:
1575 2223 1641 2248 cur
1671 2212 1765 2248 enim
1794 2212 1972 2257 improbet
2002 2211 2150 2247 maritus
2181 2221 2315 2254 mores,
2349 2221 2441 2257 quos

1351 2259 1429 2303 ipse
1452 2260 1516 2292 aut
1539 2262 1623 2293 ante
1647 2256 1806 2302 corrupit
1828 2260 1892 2292 aut
1914 2259 2039 2301 postea
2061 2257 2251 2301 probavit?
2275 2257 2305 2292 si
2319 2262 2440 2292 tamen

1353 2314 1411 2354 ex·
1427 2306 1550 2355 mente·
1574 2303 1661 2355 legis
1691 2305 1806 2354 sumet
1836 2302 1934 2346 quis,
1965 2305 2007 2353 ut
2029 2311 2096 2336 nec
2113 2311 2291 2353 ‘accusare
2314 2302 2439 2346 possit,

1353 2347 1780 2444 Ἥέαῧέἐωωὲῗῶἕὲ
1806 2346 2355 2443 fssssbssssatffgznsssststm
2402 2390 2441 2427 si

1353 2437 1465 2474 dotali
1499 2438 1735 2473 instrumento
1770 2439 1822 2472 ita
1855 2435 2038 2481 stipulatio
2068 2441 2122 2470 mt
2186 2439 2280 2472 osita
2309 2436 2375 2479 sit,
2398 2440 2440 2471 ut

1353 2483 1545 2519 liberorum
1560 2482 1702 2518 nomine
1718 2481 1783 2517 dos
1794 2481 1891 2534 apud
1905 2481 2071 2516 maritum
2088 2481 2159 2517 resi
2184 2484 2253 2523 eat,
2269 2484 2439 2526 nepotum

1353 2538 1423 2574 quo
1449 2538 1495 2563 ue
1518 2527 1661 2563 nomine
1684 2527 1748 2562 dos
1771 2526 1992 2562 retinebitur.

1399 2571 1424 2610 4
1466 2573 1494 2594 ¹²
1517 2571 1677 2608 Rimas
1697 2572 1787 2607 libro
1811 2572 1962 2618 septimo
1985 2581 2241 2617 responsorum
2297 2571 2439 2607 Maevia

1353 2618 1480 2653 marito
1504 2628 1569 2653 suo
1594 2617 1687 2652 inter
1709 2617 1800 2652 alias
1823 2627 1880 2652 res
1905 2615 1997 2652 dotis
2029 2615 2136 2651 etiam
2164 2616 2438 2651 instrumentum

1352 2663 1546 2699 solidorum
1569 2662 1691 2698 decem
1705 2662 1732 2683 ¹³
1754 2661 1911 2701 tradidit,
1935 2671 2005 2706 quo
2019 2660 2189 2696 Otacilius
2213 2661 2325 2696 eidem
2337 2661 2437 2696 Mae-

1351 2708 1430 2744 viae
1454 2711 1598 2744 caverat
1621 2707 1787 2742 daturum
1809 2717 1859 2748 se,
1885 2717 1965 2742 cum
1988 2709 2139 2750 nuptum
2169 2706 2221 2741 ire
2251 2716 2316 2741 coe
2341 2706 2437 2748 isset,

1354 2753 1475 2789 decem
1498 2752 1653 2787 milia¹⁴¹=
1679 2762 1723 2787 ex
1747 2762 1788 2787 eo
1812 2751 2047 2787 instrumento
2071 2751 2220 2786 maritus
2271 2751 2278 2758 “
2309 2751 2316 2758 ’
2355 2761 2436 2787 exe-

1352 2799 1413 2843 git,
1439 2798 1523 2844 quia
1545 2807 1612 2833 nec
1635 2797 1768 2843 potuit:
1794 2796 1993 2842 quaesitum
2017 2799 2089 2838 est,
2114 2796 2143 2830 si
2167 2795 2230 2831 dos
2263 2806 2286 2831 a
2308 2796 2437 2831 marito

1352 2847 1516 2888 petatur,
1548 2852 1595 2877 an
1627 2841 1891 2888 compellendus
1919 2842 1967 2876 sit
1996 2841 2103 2875 etiam
2133 2840 2227 2875 illam
2252 2850 2437 2882 summam,

1353 2899 1446 2933 quae
1478 2888 1713 2923 instrumento
1757 2886 1980 2928 continetur,
2014 2885 2227 2921 refundere?
2268 2886 2436 2931 respondi

1352 2933 1513 3013 gotuisse
1544 2932 1684 2978 quidem
1716 2941 1814 2974 eum,
1847 2931 1906 2967 cui
1936 2931 2095 2966 actiones
2127 2930 2317 2966 mandatae
2340 2936 2437 2972 sunt,

1377 2978 1547 3014 ebitorem
1571 2976 1776 3014 convenire:
1810 2976 1873 3012 sed
1896 2976 1927 3011 si
1949 2976 2025 3011 sine
2044 2975 2125 3011 dolo
2146 2976 2239 3011 malo
2255 2975 2310 3011 vel
2329 2976 2436 3020 culpa

1353 3023 1491 3069 exigere
1523 3021 1713 3068 pecuniam
1747 3032 1820 3057 non
1854 3021 1983 3067 potuit,
2018 3030 2063 3056 ne
2088 3030 2133 3056 ue
2166 3020 2260 3056 dotis
2294 3020 2438 3055 nomine

1355 3073 1367 3102 1
1421 3078 1501 3104 eum
1524 3066 1704 3103 conveniri
1727 3076 1834 3111 posse
1856 3076 1901 3101 ne
1926 3076 1972 3101 ue
1991 3075 2074 3100 man
2100 3065 2150 3100 ati
2167 3065 2310 3101 iudicio.
2336 3064 2434 3100 Fun-

1352 3113 1419 3148 dus
1450 3112 1657 3148 aestimatus
1678 3111 1724 3146 -in
1755 3111 1874 3147 dotem
1931 3114 2010 3146 atus
2042 3120 2064 3145 a
2096 3109 2269 3145 creditore
2292 3113 2433 3145 antece-

1352 3157 1458 3193 dente
1488 3167 1532 3192 ex
1566 3166 1678 3192 causa
1711 3156 1866 3202 pignoris
1879 3157 1907 3177 ¹⁵
1942 3156 2082 3190 ablatus
2118 3159 2190 3190 est:
2236 3155 2435 3200 quaesitum

1352 3206 1407 3238 est
1418 3204 1456 3246 ¹⁶,
1479 3212 1527 3237 an
1550 3201 1686 3243 mulier,
1711 3202 1741 3237 si
1764 3200 2045 3237 aestimationem
2075 3200 2167 3235 dotis
2191 3203 2348 3245 repetat,
2373 3210 2433 3235 ex-

1352 3247 1513 3293 ceptione
1535 3246 1788 3282 summovenda
1810 3246 1874 3282 sit:
1905 3246 1957 3280 ait
1979 3245 2071 3281 enim
2094 3254 2133 3280 se
2176 3248 2339 3289 ropterea
2362 3254 2434 3280 non

1350 3292 1473 3334 teneri,
1498 3291 1595 3337 quod
1617 3295 1719 3336 pater
1742 3292 1818 3327 eius
1842 3290 1960 3326 dotem
1982 3300 2047 3335 pro
2072 3299 2111 3325 se
2158 3289 2240 3331 edit,
2257 3289 2315 3324 cui
2331 3289 2434 3325 heres

1351 3347 1424 3373 non
1448 3336 1621 3372 exstiterit
1634 3337 1671 3371 ¹⁷.
1725 3336 1859 3371 Paulus
1889 3334 2073 3380 respondit
2085 3335 2112 3356 ¹⁸
2141 3334 2288 3379 praedio
2319 3334 2434 3370 evicto

1351 3382 1435 3462 ef,
1452 3379 2187 3472 semem
2200 3379 2338 3460 sss
2352 3379 2433 3470 ,ἢ

1350 3541 1384 3582 3,
1397 3540 1477 3582 ⁷2³)

1555 3540 1614 3581 (u)
1640 3539 1735 3572 milia
1748 3539 1811 3573 del.
1822 3536 1877 3571 F*
1955 3539 2013 3579 (15)
2039 3537 2180 3570 fiduciae
2201 3537 2276 3572 Vat.
2371 3541 2431 3579 (16)

1349 3595 1473 3627 quaero
1490 3585 1562 3618 Vat.
1611 3584 1796 3625 (mestitit
1812 3583 1885 3617 Vae.
1932 3583 2065 3624 (18)pro
2078 3584 2136 3616 ins.
2155 3583 2228 3616 Vae.
2277 3583 2337 3624 (19)
2350 3593 2430 3615 οοιι-

201 3634 244 3670 (ο)
258 3631 405 3671 necesse]
417 3631 467 3663 sic
476 3642 539 3664 sec.
553 3630 600 3671 B,
612 3639 720 3671 neque
731 3629 767 3663 F
830 3630 873 3671 (τ)
885 3632 919 3662 et
931 3631 990 3663 ine.
1004 3629 1058 3663 F²
1126 3631 1170 3671 (8)
1184 3630 1277 3673 nepti
1347 3629 1443 3672 sequi
1456 3629 1558 3669 enim]
1572 3639 1657 3671 quae
1670 3633 1781 3661 tamen
1793 3627 1905 3661 officio
1925 3627 2048 3660 iudicis
2061 3628 2109 3660 rei
2122 3628 2259 3661 uxoriae
2278 3629 2429 3660 contine·

197 3675 263 3709 del.
333 3677 377 3717 10)
400 3675 515 3707 uxoris
528 3674 563 3707 F

207 3719 282 3754 Vat-
295 3720 316 3763 ξ
330 3726 367 3754 04

625 3674 874 3716 (toletcuidel.
945 3675 1099 3715 (inexF
1162 3677 1279 3716 (12)—

1347 3677 1413 3708 tur.
1427 3674 1552 3716 poterit
1567 3673 1699 3706 mulieri
1712 3672 1871 3716 prodesse
1883 3673 1946 3706 hoo
1955 3671 2047 3715 quod
2060 3673 2110 3705 sit
2125 3683 2160 3706 se
2173 3673 2263 3715 patri
2274 3672 2427 3705 heredem

447 3720 503 3760 (13)
528 3719 710 3752 solidorum
724 3719 837 3753 decem
849 3731 911 3753 non
922 3726 996 3753 sunt
1007 3719 1110 3754 Pauli
1127 3721 1182 3763 (qli
1195 3719 1275 3753 Inst-
1346 3729 1414 3752 non
1422 3718 1585 3760 extitisse,
1593 3718 1623 3751 si
1631 3718 1874 3752 convenii-etur:
1884 3718 2028 3760 amplius
2035 3721 2144 3750 autem
2152 3722 2186 3750 et
2192 3718 2349 3759 consequi
2358 3716 2432 3751 Vae.
