2528 3918
128 117 186 150 m*
212 118 603 153 DELEGA'I'IONIBUS

127 231 272 267 venerit.
334 234 371 268 et
404 232 617 278 generaliter
653 234 795 267 constat
830 232 867 266 et
905 230 1135 277 stipulatione
1174 231 1210 266 in

127 276 220 312 diem
256 276 354 312 facta
393 278 618 314 novationem
656 276 878 321 contingere,
926 276 988 312 sed
1026 287 1098 313 non
1137 280 1209 312 sta·

126 322 189 356 tim
223 332 267 357 ex
302 332 345 358 ea
379 323 606 368 stipulatione
645 321 703 366 agi
740 331 865 366 posse,
909 326 1099 367 antequam
1134 321 1209 358 dies

126 366 271 402 venerit.

173 409 198 449 6
229 411 337 447 IDEM
364 413 453 449 libro
510 412 789 459 uadraqensz‘mo
820 415 925 448 sexto
956 412 1005 447 ad
1036 411 1208 447 Sabinum

126 456 163 492 Si
186 457 237 492 ita
260 456 360 493 fuero
385 458 455 503 stip
497 461 596 494 atus:
635 461 643 476 ‘
670 460 779 493 uanto
803 457 919 493 minus
944 467 966 492 a
991 457 1085 492 Titio
1110 456 1207 491 debi-

127 505 215 537 ‘tore
239 502 447 547 exegIssem‚
479 506 618 537 tantum
667 502 811 538 deiubes
820 502 861 544 ‘?',
893 513 966 538 non
989 502 1028 537 fit.
1053 502 1208 545 novatio,

129 551 142 581 1
193 547 277 592 quia
300 558 373 583 non
396 547 466 583 hoc
490 547 621 592 agitur,
645 551 687 582 ut
709 550 870 583 novetur.
908 547 997 582 Cum
1019 546 1208 599 pecuniam

124 596 284 627 mutuam
307 592 405 628 dedit
428 592 507 638 quis
531 593 605 629 sine
630 593 859 638 stipulatione
884 595 919 628 et
943 603 986 627 ex
1011 592 1206 628 continenti

124 637 210 672 fecit
232 637 513 682 stipulationem,
545 648 636 673 unus
666 642 872 673 contractus
902 641 966 673 est.
1019 637 1113 672 idem
1142 636 1209 689 erit

125 682 313 718 dicendum
335 687 372 718 et
392 683 422 718 si
441 687 524 719 ante
540 683 723 729 stipulatio
746 683 845 718 facta
864 686 929 726 est,
954 694 1036 719 mox
1056 692 1208 728 pecunia

124 731 311 763 numerata
334 728 391 764 sit.

171 769 195 809 7
221 771 448 808 Poupomvs
476 772 566 809 libro
592 773 780 809 vicensimo
806 776 936 827 quarto
960 773 1010 809 ad
1033 772 1206 809 Sabinum

125 817 213 852 Cum
237 817 330 853 enim
352 818 504 864 pecunia
527 822 651 853 mutua
669 819 754 854 data
778 819 1001 864 stipulamur,
1026 829 1097 853 non
1118 822 1205 862 puto

123 862 374 907 obligationem
398 864 641 899 numeratione
665 864 764 899 nasci
788 868 823 899 et
847 863 972 899 deinde
990 874 1067 899 eam
1092 863 1204 908 stipu-

123 907 255 944 latione
289 908 428 952 novari,
465 908 549 954 quia
584 909 620 943 id
653 910 788 953 agitur,
832 912 873 943 ut
910 909 987 944 sola
1022 908 1203 953 stipulatio

122 957 252 995 teneat,
277 957 312 988 et
335 954 445 998 magis
465 954 662 999 implendae
687 954 926 1000 stipulationis
948 954 1064 999 gratia
1082 964 1204 989 nume-

123 998 214 1034 ratio
239 998 474 1044 intellegenda
498 1003 552 1035 est
574 998 660 1034 fieri.

169 1039 193 1081 8
225 1042 419 1079 Uzpmzvvs
449 1044 540 1080 libro
571 1044 713 1089 quadra
740 1044 875 1081 ensimo
899 1047 1004 1080 sexto
1030 1044 1080 1080 ad
1102 1043 1205 1080 Sabi-

121 1099 206 1123 num
253 1088 292 1124 Si
315 1089 475 1125 Stichum
505 1089 580 1124 dari
612 1089 707 1134 stipu
722 1094 802 1125 atus
827 1089 954 1125 fuerim
978 1093 1030 1132 et,
1065 1100 1144 1125 cum
1168 1090 1205 1124 in

121 1144 223 1169 mora
245 1134 442 1179 promissor
465 1137 570 1178 esset,
619 1146 664 1170 uo
689 1135 805 1171 minus
830 1135 942 1178 daret,
967 1146 1092 1170 rursus
1119 1145 1203 1169 eun-

121 1178 200 1214 dem
224 1179 416 1224 stipulatus
440 1180 560 1222 fuero,
618 1180 722 1215 esinit
750 1180 947 1225 periculum
979 1180 1024 1215 ad
1054 1181 1205 1225 promis-

126 1228 137 1258 1
189 1235 305 1260 sorem
328 1224 505 1269 pertinere
530 1225 631 1270 quasi
655 1236 755 1260 mora
777 1230 942 1270 purgata.
990 1225 1127 1270 Legata
1150 1225 1205 1260 vel

119 1268 391 1305 fideicommissa
423 1270 454 1306 si
476 1271 513 1305 in
537 1270 804 1316 stipulationem
836 1271 970 1306 fuerint
994 1271 1146 1306 deducta
1170 1274 1206 1306 et

121 1315 189 1350 1100
212 1319 348 1357 actum,
373 1318 415 1350 ut
438 1319 604 1358 novetur,
634 1315 697 1351 fiet
719 1316 871 1360 novatio,
897 1316 928 1352 si
953 1316 1093 1361 quidem
1116 1326 1206 1361 pure

120 1360 174 1395 vel
197 1360 233 1394 in
257 1359 349 1395 diem
372 1360 505 1396 fuerint
528 1361 670 1403 relicta,
696 1361 832 1403 statim,
866 1361 896 1396 si
920 1372 1002 1396 vero
1028 1362 1093 1396 sub
1120 1372 1204 1396 con-

122 1404 271 1448 dicione,
297 1416 367 1440 non
392 1406 522 1449 statim,
549 1406 612 1441 sed
636 1407 696 1441 ubi
721 1406 882 1442 condicio
908 1407 1074 1442 extiterit.
1122 1417 1205 1441 nam

120 1455 155 1485 et
180 1450 269 1485 alias
294 1451 353 1495 qui
377 1451 413 1485 in
437 1451 528 1487 diem
552 1451 759 1497 stipulatur,
790 1453 909 1487 statim
932 1456 1056 1494 novat,
1082 1453 1113 1487 si
1136 1452 1205 1487 1100

120 1500 241 1530 actum
264 1501 334 1539 est,
369 1507 450 1531 cum
481 1500 615 1532 certum
646 1497 693 1533 sit
723 1497 815 1533 diem
844 1497 1056 1542 quandoque
1080 1502 1204 1533 ventu-

120 1551 216 1575 rum:
248 1544 286 1576 at
310 1541 370 1585 qui
394 1542 460 1577 sub
495 1541 703 1578 condicione
725 1542 934 1589 stipulatur,
966 1554 1038 1577 non
1063 1543 1203 1578 statim¹

121 1589 139 1619 2
187 1590 311 1627 novat,
345 1586 412 1621 nisi
444 1587 606 1623 condicio
631 1587 799 1623 extiterit.
847 1588 886 1623 Si
914 1587 992 1633 quis
1016 1588 1068 1623 ita
1091 1589 1203 1632 stipu-

120 1630 213 1666 latus
238 1641 260 1666 a
284 1632 363 1667 Seio
389 1632 450 1667 sit:
477 1632 582 1677 ‘quod
606 1642 629 1667 a
649 1633 742 1668 Titio
767 1633 956 1678 stipulatus
981 1633 1094 1676 fuero,
1121 1634 1205 1668 dare

121 1676 330 1720 ‘spondes‘ez
363 1687 428 1720 an,
453 1677 485 1713 si
507 1680 632 1722 postea
657 1687 680 1712 a
701 1677 799 1713 Titio
823 1677 1015 1723 stipulatus
1040 1678 1116 1721 sim,
1141 1678 1206 1713 fiat

119 1721 259 1757 novatio
284 1722 452 1767 solusque
475 1726 640 1758 teneatur
663 1722 790 1759 Seius?
814 1727 850 1758 et
873 1723 923 1758 ait
948 1723 1071 1759 Celsus
1096 1734 1204 1759 nova-

119 1767 251 1801 tionem
281 1766 374 1811 fieri,
409 1767 440 1802 si
462 1768 567 1803 modo
598 1767 635 1803 id
659 1771 779 1803 actum
804 1768 866 1811 sit,
900 1772 940 1803 ut
965 1772 1132 1812 novetur,
1167 1768 1205 1805 id

120 1817 172 1845 est
196 1815 236 1846 ut
252 1811 354 1847 Seius
377 1811 505 1849 debeat
524 1813 619 1858 quod
639 1813 755 1849 Titius
775 1813 954 1858 promisit:
980 1824 1062 1848 nam
1083 1814 1204 1850 eodem

119 1861 276 1901 tempore
305 1861 341 1892 et
371 1857 510 1902 impleri
533 1858 661 1902 prioris
695 1858 935 1904 stipulationis
961 1859 1203 1895 condicionem

119 1905 138 1935 3
185 1906 222 1937 et
251 1902 379 1938 novari
410 1903 478 1946 ait,
511 1913 622 1947 eoque
652 1903 730 1939 iure
759 1904 901 1939 utimur.
949 1904 1050 1939 Idem
1081 1905 1204 1940 Celsus

119 1946 169 1981 ait
203 1947 399 1983 iudicatum
441 1948 530 1983 solvi
568 1948 797 1993 stipulatione
842 1950 1021 1984 actionem
1056 1948 1205 1985 iudicati

120 2003 190 2027 non
214 1993 347 2035 novari,
371 1993 514 2036 merito,
544 1994 628 2038 quia
651 1994 721 2030 1100
746 1995 860 2030 00111111
884 1995 1000 2039 agitur
1024 2005 1066 2029 ea
1089 1995 1202 2040 stipu-

120 2036 261 2080 latione,
286 2042 328 2073 ut
349 2037 619 2075 fideiussoribus
645 2043 789 2074 cautum
814 2040 877 2082 sit,
910 2051 982 2075 non
1006 2044 1046 2074 ut
1070 2041 1115 2075 ab
1140 2041 1203 2075 ob-

119 2087 138 2116 4
185 2082 353 2127 ligatione
371 2083 520 2119 iudicati
540 2084 755 2120 discedatur.
792 2084 830 2119 Si
851 2085 983 2128 decem,
1009 2096 1100 2130 quae
1118 2085 1204 2120 mihi

119 2127 234 2163 Titius
259 2128 379 2171 debet,
405 2132 468 2163 aut
492 2129 624 2170 decem,
650 2140 741 2174 quae
764 2129 867 2165 Seius
892 2130 1008 2173 debet,
1035 2141 1056 2165 a
1080 2130 1201 2165 Tertio

120 2173 165 2207 sti
191 2172 310 2208 ulatus
342 2173 462 2216 fuero,
494 2179 600 2219 putat
623 2175 816 2210 Marcellus
849 2180 1014 2211 neutrum
1046 2175 1201 2219 liberari,

119 2183 188 2252 sed)
211 2217 371 2253 Tertium
403 2219 529 2263 eligere
559 2230 684 2265 posse,
716 2231 781 2265 pro
814 2231 882 2265 (1110
916 2220 1036 2255 (1000111
1067 2221 1203 2256 solvere

120 2267 137 2296 5
185 2262 280 2298 velit.
329 2264 366 2299 Si
390 2265 434 2299 ab
468 2265 536 2299 alio
567 2266 778 2310 promissam
811 2266 878 2301 sibi
911 2266 1030 2301 dotem
1053 2266 1201 2301 maritus

118 2308 163 2342 ab
197 2319 309 2344 uxore
342 2309 434 2344 dotis
466 2310 606 2345 nomine
639 2310 830 2356 stipulatus
862 2311 924 2354 sit,
956 2322 1028 2346 non
1062 2311 1202 2356 duplari

119 2353 253 2397 dotem,
291 2354 355 2389 sed
385 2353 462 2389 fieri
493 2355 718 2391 novationem
742 2356 878 2401 placet,
920 2357 949 2391 si
981 2357 1049 2391 hoc
1081 2361 1202 2391 actum

119 2402 189 2433 est:
231 2398 315 2443 quid
338 2399 430 2434 enim
453 2400 619 2442 interest,
651 2401 730 2446 ipsa
753 2412 801 2436 011
824 2401 913 2437 011110
947 2402 1095 2446 quilibet
1144 2413 1202 2436 ro-

119 2444 259 2479 mittat?
283 2444 378 2488 quod
397 2445 488 2480 enim
509 2455 572 2489 ego
594 2445 705 2481 debeo
731 2446 761 2481 si
781 2446 871 2482 alius
894 2447 1091 2492 promittat,
1128 2447 1200 2482 ibe-

119 2498 199 2523 rare
218 2498 274 2524 me
293 2493 422 2534 potest,
443 2491 473 2525 si
493 2491 692 2526 novationis
711 2502 820 2526 causa
839 2492 910 2527 1100
929 2492 1006 2526 fiat:
1033 2493 1062 2527 si
1083 2496 1202 2527 autem

120 2544 189 2568 11011
221 2535 375 2569 novandi
407 2535 524 2571 animo
555 2535 624 2571 11οο
648 2536 855 2579 intervenit,
888 2541 1037 2581 uterque
1062 2537 1202 2582 quidem

118 2582 274 2622 tenetur,
313 2580 375 2614 sed
412 2580 525 2615 altero
564 2581 721 2616 solvente
756 2582 847 2617 alter
882 2581 1066 2617 liberatur.
1131 2593 1202 2618 non

119 2629 238 2658 tamen
266 2624 296 2659 si
328 2625 406 2669 quis
436 2625 627 2669 stipuletur
659 2626 754 2670 quod
778 2627 863 2661 mihi
887 2626 1053 2670 debetur,
1086 2627 1203 2663 aufert

120 2668 204 2703 mihi
239 2669 431 2713 actionem,
472 2670 540 2705 nisi
578 2681 621 2705 ex
657 2672 840 2706 voluntate
876 2682 955 2707 mea
993 2673 1200 2716 stipuletur:

120 2714 246 2792 Hbf‘rat
263 2718 382 2749 autem
402 2725 456 2750 me
474 2714 504 2750 is
522 2715 582 2760 qui
600 2715 695 2760 quod
714 2716 835 2759 debeo,
856 2717 1042 2761 promittit,
1064 2717 1202 2752 etiamsi

120 2769 237 2794 1101111.

164 2801 189 2839 9
213 2802 318 2838 IDEM
340 2804 429 2839 libro
455 2804 757 2851 quad7·aqensz‘nzo
781 2807 931 2852 septimo
956 2806 1005 2841 ad
1028 2805 1200 2842 Sabinum

119 2848 156 2882 Si
178 2848 334 2894 pupillus
367 2848 443 2883 sine
466 2850 595 2885 tutoris
628 2851 843 2886 auctoritate
867 2862 941 2886 rem
966 2852 1099 2887 salvam
1124 2851 1201 2887 fore

119 2893 309 2938 stipulatus
334 2894 446 2938 pubes
471 2894 588 2930 factus
608 2900 723 2930 ratam
748 2896 1011 2941 stipulationem
1034 2897 1202 2932 habuerit

117 2938 271 2974 novandi
296 2949 415 2981 causa,
441 2939 579 2974 tollitur
602 2941 735 2976 tutelae
756 2942 860 2976 actio.
895 2942 924 2976 si
943 2953 1016 2977 non
1036 2942 1200 2978 habuerit

118 2988 252 3026 ratum,
282 2984 366 3018 licet
396 2985 527 3019 tutelae
557 2985 700 3028 egisset,
732 2986 842 3022 habet
863 2990 982 3022 tamen
1014 2987 1131 3022 adhuc
1156 2998 1200 3022 ex

119 3029 290 3074 stipulatu
333 3029 525 3064 actionem:
572 3030 635 3064 sed
668 3030 776 3066 iudex
815 3032 949 3067 tutelae
989 3043 1062 3067 11011
1097 3032 1200 3067 aliter

119 3073 355 3108 condemnare
378 3074 500 3117 debet,
535 3085 639 3119 quam
663 3076 694 3110 si
718 3086 761 3111 ex
785 3077 1011 3121 stipulatione
1034 3077 1197 3112 liberatio

124 3123 133 3152 1
185 3119 296 3154 fieret.
333 3118 402 3163 Qui
425 3120 490 3154 sub
517 3119 723 3156 condicione
747 3122 948 3166 stipulatur,
975 3132 1066 3166 quae
1086 3122 1197 3157 omni-

119 3167 136 3197 2
186 3163 290 3198 modo
323 3169 505 3199 exstatura
529 3169 599 3206 est,
629 3175 718 3218 pure
741 3166 879 3202 videtur
908 3167 1081 3212 stipulari.
1130 3167 1198 3211 Qui

118 3211 238 3243 actum
262 3209 463 3253 stipulatur,
488 3209 614 3245 deinde
636 3214 721 3252 iter,
754 3211 842 3247 nihil
864 3211 955 3257 agit:
985 3212 1068 3247 item
1094 3223 1196 3247 usum

118 3253 273 3288 fructum
309 3254 498 3298 stipulatus
540 3254 571 3290 si
599 3266 704 3289 usum
743 3256 946 3301 stipuletur,
987 3257 1075 3292 nihil
1112 3257 1195 3310 agit.

119 3298 181 3333 sed
204 3298 264 3343 qui
287 3298 356 3333 iter
379 3300 571 3344 stipulatus
590 3304 709 3334 actum
733 3304 858 3344 postea
875 3301 1075 3346 stipuletur,
1101 3302 1197 3336 ahud

118 3343 228 3387 magis
259 3343 466 3387 stipulatur:
501 3344 598 3379 aliud
628 3349 683 3380 est
714 3345 807 3381 enim
836 3346 919 3389 iter,
952 3347 1049 3381 aliud
1080 3351 1194 3382 actus.

166 3386 217 3425 10
241 3387 297 3422 ΡΛ
306 3398 399 3423 υιυο
420 3389 510 3425 libro
534 3390 721 3424 undecimo
741 3390 790 3425 ad
806 3389 979 3426 Sabinum
1015 3391 1080 3426 Cui
1101 3396 1197 3427 recte

119 3433 280 3475 solvitur,
304 3433 333 3468 is
359 3434 464 3468 etiam
489 3444 618 3470 novare
642 3437 775 3479 potest,
800 3440 948 3480 excepto
973 3447 1033 3479 eo,
1058 3437 1088 3472 si
1112 3437 1196 3471 mihi

118 3481 180 3511 aut
203 3477 297 3513 Titio
321 3478 512 3523 stipulatus
536 3479 617 3515 sim:
643 3489 727 3514 nam
745 3479 859 3516 Titius
882 3491 1014 3517 novare
1036 3492 1108 3517 non
1131 3493 1195 3526 po-

117 3526 198 3564 test,
221 3522 306 3558 licet
328 3527 424 3558 recte
447 3524 480 3559 ei
502 3524 662 3560 solvitur.

165 3565 212 3604 11
247 3566 441 3603 [samm
466 3569 556 3604 libro
580 3570 770 3605 vicensimo
794 3570 943 3615 septimo
972 3571 1022 3606 ad
1044 3571 1196 3607 edictum

117 3611 290 3656 Delegare
313 3615 369 3648 est
390 3613 467 3649 vice
490 3624 556 3650 sua
580 3614 688 3649 alium
711 3624 810 3649 reum
843 3614 928 3651 dare
952 3615 1119 3651 creditori
1142 3616 1197 3651 vel

126 3689 171 3697 -ε

114 3725 156 3769 (i)
181 3726 291 3758 statim
305 3727 368 3761 del.
459 3729 502 3768 (²)
526 3727 627 3761 inim.
722 3729 764 3770 (3)
789 3726 984 3761 condicione
998 3729 1033 3761 F

1198 105 1285 154 745

1115 3730 1158 3771 (4)
1183 3727 1332 3762 nondum
1344 3739 1404 3761 scr.

2073 115 2303 158 XXXXVl
2334 118 2359 158 2

1284 235 1303 284 1·
1348 231 1406 266 cui
1428 231 1582 267 iusserit.
1613 231 1684 285 ‘Fo'it
1707 237 1824 270 autem
1849 236 2021 282 delegatio
2045 239 2100 274 vel
2122 250 2187 285 per
2210 239 2357 286 stipula·

1277 280 1409 312 tionem
1432 276 1488 312 vel
1509 286 1575 322 per
1597 276 1670 312 htis
1695 281 1996 318 contestationem.

1328 319 1379 359 12
1412 321 1467 357 ΡΑ
1475 331 1570 357 ULUS
1603 321 1693 357 libro
1730 326 1936 377 trzyense‘mo
1967 329 2089 374 primo
2127 329 2176 364 ad
2205 329 2358 366 edictum

1278 366 1315 419 Si
1347 366 1425 411 quis
1459 366 1672 420 delegaverit
1702 367 1915 420 debitorem,
1970 373 2006 408 ui
2030 373 2102 409 doli
2124 375 2207 409 mali
2231 385 2358 421 excep-

1277 415 1373 447 tione
1406 415 1500 447 tueri
1531 422 1570 447 se
1609 422 1715 457 posse
1745 416 1898 458 sciebat,
1936 418 2079 453 0111111102
2114 419 2291 455 videbitur
2325 421 2359 456 ei

1278 456 1339 501 qui
1371 456 1498 499 donat,
1533 457 1698 501 quoniam
1729 460 1907 496 remittere
1937 463 2179 507 exceptionem
2210 464 2357 500 videtur.

1277 501 1340 537 sed
1371 501 1402 537 si
1437 513 1503 547 per
1533 502 1768 546 ignorantiam
1804 506 2005 548 promiserit
2043 509 2227 551 creditori,
2261 510 2359 545 nulla

1277 547 1417 591 quidem
1447 547 1658 592 exceptione
1689 548 1858 585 adversus
1898 551 2104 587 creditorem
2136 555 2187 588 uti
2217 556 2358 598 poterit,

1277 592 1360 636 quia
1389 592 1448 628 ille
1477 603 1581 628 suum
1612 593 1763 638 recepit:
1797 594 1859 630 sed
1882 595 1914 630 is
1938 597 1997 640 qui
2021 597 2192 642 delegavit
2219 603 2360 635 tenetur

1277 637 1524 673 condictione-'⁴³
1558 638 1616 673 vel
1652 638 1796 681 incerti,
1839 639 1870 674 si
1911 642 2005 676 1101116
2048 643 2200 694 pecunia
2241 645 2359 680 soluta

1277 686 1387 724 esset,
1419 683 1475 718 vel
1500 683 1605 727 certi,
1638 683 1669 718 si
1698 684 1817 719 soluta
1848 690 1958 727 esset,
1991 690 2026 721 et
2049 687 2145 730 ideo,
2179 689 2359 734 cumipse

1274 728 1495 772 praestiterit
1518 728 1717 773 pecuniam,
1743 733 1825 774 aget
1849 730 2006 765 mandati
2030 732 2169 769 iudicio.

1326 770 1375 810 13
1409 773 1605 809 ULPIANUS
1631 774 1721 809 libro
1752 776 1802 809 tri
1826 776 1959 811 ensimo
1984 782 2107 812 octavo
2137 778 2186 813 ad
2207 778 2359 815 edictum

1276 817 1314 852 Si
1338 828 1410 853 non
1434 818 1630 854 debitorem
1678 818 1759 854 uasi
1814 820 1986 855 ebitorem
2017 821 2220 867 delegavero
2246 825 2358 860 credi·

1277 863 1346 898 tori
1369 874 1460 907 meo,
1485 863 1647 909 exceptio
1686 875 1791 900 ocum
1814 876 1886 900 non
1910 865 2072 909 habebit,
2098 868 2159 903 sed
2184 870 2358 906 condictio

1276 907 1446 945 adversus
1471 920 1551 944 eum
1575 909 1635 954 qui
1659 909 1833 954 delegavit
1857 911 2035 956 competit.

1325 952 1376 991 14
1408 954 1515 989 IDEM
1547 954 1638 989 libro
1670 957 1822 1002 septimo
1854 955 2136 1001 disputationum
2190 958 2359 1002 Quotiens

1276 999 1371 1043 quod
1402 1010 1492 1044 pure
1524 999 1691 1042 debetur,
1729 1000 1884 1035 novandi
1914 1011 2024 1036 causa
2055 1002 2120 1036 sub
2154 1004 2360 1040 condicione

1275 1044 1505 1089 promittitur,
1530 1056 1603 1080 non
1626 1045 1746 1081 statim
1770 1046 1812 1080 fit
1834 1046 1989 1090 novatio,
2015 1047 2077 1082 sed
2100 1051 2186 1083 tunc
2210 1048 2358 1094 demum,

1275 1100 1355 1124 cum
1393 1089 1555 1125 condicio
1598 1090 1765 1126 extiterit.
1825 1095 1861 1127 et
1902 1091 1981 1127 ideo
2018 1092 2048 1127 si
2091 1091 2182 1128 forte
2218 1093 2359 1130 Stichus

1272 1134 1381 1170 fuerit
1411 1135 1448 1170 in
1481 1135 1696 1180 obligatione
1726 1139 1762 1171 et
1792 1135 1969 1182 pendente
2002 1136 2207 1173 condicione
2237 1138 2358 1175 deces-

1273 1180 1376 1222 serit,
1402 1191 1469 1216 nec
1492 1181 1634 1216 novatio
1660 1181 1858 1234 continget,
1890 1182 1974 1226 quia
1997 1193 2068 1218 non
2093 1183 2215 1218 subest
2239 1194 2294 1221 res
2320 1195 2361 1220 eo

1273 1229 1449 1270 tempore,
1489 1236 1558 1271 quo
1592 1226 1754 1262 condicio
1786 1227 1966 1271 impletur.
2021 1227 2116 1263 unde
2146 1228 2361 1264 Marcellus⁵

1274 1274 1310 1305 et
1334 1271 1364 1305 si
1394 1275 1478 1316 post
1506 1282 1642 1306 moram
1674 1272 1818 1307 Stichus
1847 1272 1884 1306 in
1918 1272 2197 1308 condicionalem
2227 1274 2360 1319 obliga-

1272 1315 1406 1351 tionem
1431 1316 1604 1352 deductus
1630 1316 1694 1359 sit,
1726 1317 1873 1370 purgari
1896 1328 2033 1353 moram
2063 1328 2128 1353 nec
2152 1318 2189 1353 111
2212 1329 2249 1354 00
2275 1330 2360 1354 11011·-

1278 1365 1290 1395 1
1341 1366 1413 1396 10111
1438 1361 1566 1397 (10(11101
1590 1362 1840 1407 obligationem
1864 1367 1981 1408 putat.
2028 1363 2099 1398 Sed
2123 1364 2153 1399 si
2177 1375 2244 1408 quo
2294 1365 2361 1400 sub

1274 1406 1482 1442 condicione
1506 1407 1676 1449 debetur,
1711 1418 1802 1452 pure
1833 1408 1912 1452 quis
1937 1408 2091 1444 novandi
2114 1419 2224 1444 causa
2249 1409 2360 1454 stipu-

1272 1452 1382 1494 letur,
1406 1462 1473 1487 nec
1497 1463 1592 1487 nunc
1618 1453 1758 1497 quidem
1782 1454 1901 1488 statim
1925 1457 2048 1495 novat,
2073 1454 2158 1489 licet
2179 1465 2272 1499 pura
2294 1454 2360 1490 sti—

1272 1497 1410 1541 pulatio
1446 1497 1581 1542 aliquid
1615 1498 1729 1542 egisse
1763 1498 1944 1540 videatur,
1987 1498 2050 1534 sed
2083 1502 2169 1534 tunc
2203 1500 2359 1542 novabit,

1275 1553 1355 1577 cuni
1393 1543 1570 1578 exstiterit
1610 1543 1791 1578 condicio:
1835 1545 1966 1579 etenim
2002 1543 2157 1579 existens
2198 1545 2359 1580 condicio

1273 1587 1424 1632 primam
1462 1588 1727 1633 stipulationem
1769 1589 1957 1624 committit
1992 1589 2284 1635 commissamque
2322 1590 2360 1625 in

1274 1632 1492 1668 0001111ᾰο1116
1521 1633 1704 1669 transfert.
1752 1637 1788 1668 et
1816 1634 1895 1669 ideo
1920 1634 1951 1669 si
1983 1634 2075 1670 forte
2098 1643 2252 1680 persona
2275 1645 2359 1680 pro-

1274 1678 1430 1713 missoris
1453 1678 1633 1723 pendente
1658 1678 1865 1714 condicione
1894 1679 2002 1715 fuerit
2025 1679 2228 1724 deportata,
2261 1680 2358 1715 Mar-

1274 1723 1385 1758 cellus
1418 1723 1544 1759 scribit
1574 1734 1619 1759 110
1649 1724 1790 1769 quidem
1822 1724 1996 1759 existente
2021 1724 2227 1760 condicione
2250 1725 2359 1760 ullam

1275 1768 1479 1821 contingere
1508 1769 1753 1813 novationem,
1787 1769 1954 1814 quoniam
1986 1781 2099 1812 nunc,
2131 1781 2212 1805 cum
2242 1770 2361 1806 extitit

1274 1813 1447 1857 condicio,
1471 1825 1544 1850 non
1567 1818 1623 1850 est
1646 1824 1800 1860 persona
1824 1825 1915 1860 quae
1939 1815 2124 1860 obligetur.

1323 1857 1372 1895 15
1405 1858 1598 1894 IULIANUS
1624 1860 1715 1895 libro
1750 1861 1854 1895 tertio
1886 1860 2022 1895 decimo
2056 1861 2274 1907 diqestorum
2321 1860 2360 1896 Si

1274 1904 1428 1938 creditor
1458 1915 1610 1950 poenam
1640 1905 1833 1948 stipulatus
1864 1904 1999 1947 fuerat,
2037 1906 2068 1941 si
2099 1905 2146 1941 ad
2177 1905 2268 1941 diem
2296 1916 2358 1951 pe-

1274 1949 1380 1984 cunia
1405 1950 1524 1984 soluta
1548 1960 1620 1984 non
1637 1953 1743 1993 esset,
1769 1950 1958 1986 novatione
1982 1950 2081 1986 facta
2104 1961 2175 1986 non
2200 1951 2358 1986 commit-

1272 1994 1359 2029 titur
1383 1994 1578 2039 stipulatio.

1321 2037 1372 2077 16
1396 2040 1676 2075 FLORENTINUS
1705 2039 1795 2076 libro
1821 2044 1945 2076 octavo
1971 2041 2231 2076 institutionum
2278 2040 2356 2076 Ser·

1271 2095 1335 2120 vus
1360 2095 1426 2120 1100
1450 2085 1668 2130 peculiarem
1693 2085 1834 2130 quidem
1854 2085 2103 2130 obligationem
2128 2086 2217 2121 citra
2234 2086 2357 2122 volun-

1271 2133 1382 2165 tatem
1406 2130 1538 2166 domini
1569 2141 1699 2166 novare
1729 2134 1867 2175 potest,
1899 2131 1962 2166 sed
1987 2131 2095 2166 adicit
2125 2131 2244 2176 potius
2269 2131 2358 2167 obli-

1270 2175 1450 2220 gationem
1477 2186 1582 2221 quain
1606 2176 1794 2222 pristinam
1818 2180 1934 2212 novat.

1320 2218 1370 2257 17
1402 2220 1599 2256 [limares
1627 2221 1716 2257 libro
1747 2226 1871 2257 octavo
1904 2220 1954 2256 ad
1983 2221 2136 2257 edictum
2183 2221 2358 2266 Delegare

1270 2266 1450 2311 scriptura
1480 2267 1536 2302 vel
1568 2269 1674 2310 nutu,
1705 2266 1763 2302 ubi
1792 2266 1861 2301 fari
1892 2277 1963 2302 non
1994 2270 2128 2311 potest,
2163 2266 2357 2302 debitorem

1271 2322 1375 2346 suum
1400 2311 1478 2355 quis
1501 2315 1631 2356 potest.

1320 2353 1370 2393 18
1394 2357 1451 2392 ΡΑ
1460 2366 1502 2391 UL
1510 2366 1554 2392 110
1575 2357 1665 2392 libro
1686 2357 2009 2403 quinquaqensz'mo
2026 2356 2175 2401 septimo
2195 2356 2245 2391 ad
2263 2356 2355 2392 edic·

1271 2405 1344 2436 tum
1390 2402 1590 2437 Novatione
1613 2402 1767 2447 legitime
1791 2401 1889 2437 facta
1911 2401 2110 2437 liberantur
2133 2401 2354 2447 hypothecae

1271 2451 1306 2482 et
1355 2447 1468 2491 igniis,
1494 2457 1626 2483 usurae
1649 2458 1721 2483 non
1747 2450 1904 2482 currunt.

1345 2490 1369 2529 9
1408 2492 1515 2527 IDEM
1551 2492 1642 2528 libro
1685 2493 1938 2538 seoeaqense'mo
1982 2502 2077 2526 nono
2116 2491 2166 2526 ad
2201 2491 2353 2526 edictum

1270 2536 1354 2572 Doli
1377 2537 1556 2582 exceptio,
1582 2547 1674 2582 quae
1697 2540 1841 2582 poterat
1864 2536 2040 2580 deleganti
2065 2536 2211 2581 opponi,
2237 2539 2355 2571 cessat

1270 2582 1306 2616 in
1330 2592 1484 2627 persona
1509 2582 1713 2626 creditoris,
1739 2582 1796 2617 0111
1822 2582 1899 2625 (11110
1926 2581 2197 2633 delegatus-est.
2244 2580 2352 2633 idem-

1270 2638 1338 2671 que
1370 2631 1425 2663 est
1455 2631 1491 2662 et
1513 2627 1550 2662 in
1581 2628 1708 2663 ceteris
1735 2626 1907 2662 similibus
1932 2637 2015 2661 exce
2042 2626 2214 2667 tiombus,
2246 2636 2352 2660 immo

1270 2676 1305 2707 et
1328 2673 1365 2706 in
1389 2682 1448 2716 ea,
1474 2682 1565 2717 quae
1590 2683 1634 2707 ex
1659 2676 1805 2708 senatus
1830 2671 1993 2707 consulto
2032 2671 2090 2706 'io
2113 2670 2265 2706 familias
2290 2670 2352 2705 da-

1269 2721 1344 2752 tur:
1377 2727 1460 2752 nam
1484 2717 1655 2753 adversus
1680 2717 1909 2759 creditorem,
1944 2716 2001 2751 cui
2026 2715 2205 2761 delegatus
2230 2719 2284 2750 est
2307 2715 2353 2750 ab

1269 2773 1322 2804 00,
1349 2763 1410 2807 (1111
1433 2766 1593 2797 mutuam
1617 2762 1804 2807 pecuniam
1830 2766 1956 2797 contra
1980 2764 2126 2813 senatus
2151 2760 2351 2796 consultum

1269 2807 1426 2850 dederat,
1450 2819 1524 2843 non
1547 2811 1668 2842 utetur
1686 2807 1905 2851 exceptione,
1931 2806 2014 2850 quia
2038 2806 2124 2841 nihil
2147 2806 2183 2840 in
2204 2815 2246 2840 ea
2268 2815 2351 2857 prp—

1268 2853 1435 2888 missione
1460 2856 1584 2888 contra
1608 2856 1754 2888 senatus
1786 2852 1987 2887 consultum
2012 2851 2066 2885 fit:
2098 2854 2199 2885 tanto
2229 2860 2350 2894 magis,

1268 2898 1363 2942 quod
1387 2897 1446 2932 1110
1469 2908 1535 2933 1100
1559 2898 1714 2933 solutum
1738 2900 1899 2941 repetere
1923 2899 2052 2940 potest.
2098 2895 2351 2946 diversum-est

1268 2942 1303 2977 in
1329 2943 1486 2985 muliere,
1511 2953 1603 2987 quae
1627 2945 1753 2977 contra
1777 2946 1921 2976 senatus
1948 2941 2149 2976 consultum
2171 2942 2348 2990 promiSit:

1268 2998 1349 3022 nam
1370 2992 1405 3023 et
1427 2988 1463 3022 in
1483 2987 1641 3023 secunda
1659 2987 1894 3031 promissione
1915 2985 2122 3021 intercessio
2143 2987 2207 3020 est.
2240 2983 2346 3017 idem·

1268 3043 1335 3077 que
1374 3036 1429 3068 est
1466 3032 1503 3066 in
1542 3031 1692 3074 minore,
1733 3031 1793 3076 qui
1831 3031 2119 3074 circumscriptus
2158 3028 2347 3078 delegatur,

1302 3078 1359 3119 iia,
1385 3077 1415 3112 si
1439 3077 1642 3112 etiamnunc
1665 3076 1780 3111 minor
1804 3080 1868 3118 est,
1894 3086 2034 3110 rursum
2060 3075 2346 3125 circumvenitur:

1267 3089 1459 3165 diversum,
1499 3121 1530 3156 si
1560 3121 1632 3156 iam
1663 3121 1818 3156 excessit
1854 3125 2006 3156 aetatem
2041 3119 2161 3169 viginti
2218 3126 2348 3160 umque

1266 3177 1459 3208 annorum,
1498 3166 1657 3210 quamvis
1695 3166 1812 3200 adhuc
1847 3165 1960 3210 possit
1998 3164 2137 3198 restitui
2177 3170 2199 3196 a
2224 3170 2346 3196 versus

1266 3212 1420 3256 priorem
1459 3210 1680 3246 creditorem.
1743 3210 1823 3245 ideo
1867 3214 1984 3244 autem
2031 3208 2249 3257 denegantur
2286 3214 2346 3256 ex-

1267 3256 1448 3301 ceptiones
1489 3255 1658 3290 adversus
1698 3255 1893 3290 secundum
1931 3253 2152 3292 creditorem,
2189 3260 2346 3301 11010111

1264 3300 1411 3346 privatis
1442 3300 1686 3336 contractibus
1710 3304 1746 3335 et
1775 3299 2000 3345 pactionibus
2024 3307 2095 3330 non
2127 3295 2232 3329 facile
2255 3304 2346 3329 scire

1292 3347 1396 3381 etitor
1426 3349 1563 3390 potest,
1597 3345 1682 3390 quid
1712 3345 1804 3379 inter
1835 3355 1913 3379 eum
1945 3342 2005 3386 qui
2028 3341 2209 3392 delegatus
2233 3342 2288 3373 est
2311 3342 2348 3373 et

1264 3358 1461 3426 debitorem
1483 3393 1605 3425 actum
1629 3393 1684 3425 est
1708 3393 1786 3431 aut,
1819 3388 1955 3423 etiamsi
1986 3389 2092 3426 sciat,
2124 3383 2346 3435 disSimulare

1265 3435 1388 3477 debet,
1420 3445 1465 3470 ne
1496 3435 1659 3471 curiosus
1690 3434 1870 3470 videatur:
1910 3436 1945 3467 et
1973 3430 2053 3483 ideo
2085 3431 2208 3463 merito
2239 3426 2346 3462 dene-

1287 3479 1419 3515 andum
1449 3483 1504 3517 est
1533 3479 1703 3515 adversus
1735 3489 1815 3514 eum
1847 3479 2088 3520 exceptionem
2118 3483 2162 3507 ex
2193 3482 2346 3517 persona

1289 3525 1495 3606 6311011111οΜ
1515 3570 1606 3605 libro
1630 3565 1919 3614 septuaqensimo
1942 3562 2097 3599 secundo
2122 3561 2172 3596 ad
2193 3560 2345 3596 edictum

1264 3614 1406 3651 Novare
1424 3624 1614 3661 possumus
1635 3617 1698 3648 aut
1716 3611 1793 3656 ipsi,
1818 3610 1848 3645 si
1866 3608 1920 3645 sui
1939 3608 2026 3643 iuris
2045 3616 2177 3648 011111110,
2202 3608 2266 3640 aut
2281 3614 2345 3649 per

2088 3683 2122 3685 --
2132 3679 2340 3686 --—-——-

1958 3720 2003 3765 (6)
2026 3717 2170 3752 secunda
2181 3717 2215 3751 F

2029 3776 2072 3808 94

1499 3727 1544 3769 (5)
1568 3726 1609 3770 cf
1623 3725 1737 3767 1146,
1751 3729 1778 3766 3,
1792 3729 1865 3765 72,1
