2528 3918
116 169 172 200 ΕΤ
201 168 561 201 FIDEICOMMISSIS

118 285 303 329 Pamphili,
331 290 371 320 ut
394 291 537 321 centum
561 285 781 320 restitueret:
808 285 872 321 sed
897 296 977 320 cum
996 287 1210 321 sententiam

116 330 275 365 defuncti
299 340 321 365 a
344 330 473 366 liberto
499 330 615 376 decipi
647 330 735 365 satis
759 330 994 365 inhumanum
1023 337 1094 374 est,
1125 341 1209 366 cen-

116 382 190 410 tum
214 376 247 410 ei
276 376 420 411 relictos
449 376 532 411 filiis
562 376 747 411 testatoris
778 376 907 411 debere
936 376 1094 419 restitui,
1126 376 1209 421 quia

115 422 151 455 in
180 420 286 456 simili
317 421 434 466 speeie
465 426 501 456 et
529 421 726 466 imperator
754 425 877 456 noster
907 420 1008 456 divus
1037 422 1207 456 Marcus’

122 470 130 499 l
182 466 252 501 1100
276 466 473 502 constituit.
521 466 751 510 Propositum
775 470 831 501 est
853 476 927 501 non
950 466 1142 502 habentem
1166 466 1207 501 li-

115 512 220 546 beros
250 522 315 546 nec
346 516 515 556 cognatos
545 511 582 545 in
612 510 816 546 discrimine
849 511 943 546 vitae
974 512 1208 547 constitutum

114 567 179 601 per
200 556 443 591 infirmitatem
466 556 648 591 arcessitis
673 556 797 592 amicis
814 555 904 591 Gaio
919 556 1000 592 Seio
1015 558 1206 592 contuber-

115 601 187 636 nali
212 601 360 645 dixisse,
392 601 488 645 quod
510 601 617 637 vellet
646 601 679 636 ei
707 601 909 646 relinquere
938 603 1087 646 praedia
1116 612 1208 646 quae

114 647 345 689 nominasset,
367 657 481 691 eaque
505 646 601 681 dicta
624 646 662 681 in
684 647 914 682 testationem
939 647 1068 682 Gaium
1087 647 1208 683 Seium

114 692 293 736 redegisse
317 692 423 727 etiam
446 692 525 736 ipso
551 695 724 727 testatore
748 693 983 737 interrogato,
1015 704 1063 728 an
1087 703 1130 728 ea
1155 693 1207 728 di-

113 737 234 780 xisset,
260 742 297 772 et
320 748 492 782 responso
517 737 595 772 eius
617 737 684 772 tali
713 736 892 781 μάλιστα2
914 738 1067 773 inserto:
1099 748 1207 782 quae-

114 782 221 817 situm
234 787 298 826 est,
325 793 371 817 an
382 782 540 827 praedia,
555 792 647 827 quae
659 782 861 817 destinata³
885 787 1015 828 essent,
1041 793 1208 818 excausa

114 827 377 863 fideicommissi
400 828 447 862 ad
472 827 602 862 Gaium
621 827 742 863 Seium
753 828 985 872 pertinerent.
1023 829 1209 873 respondit

112 882 223 915 super
245 873 315 908 1100
339 884 405 908 1100
430 873 665 908 dubitandum
683 883 772 917 esse,
798 874 884 918 quin
896 874 1209 910 fideicommissum

114 922 132 952 2
180 918 285 953 valet.
333 918 435 954 Duas
458 918 551 953 filias
575 918 700 963 aequis
724 929 768 954 ex
791 919 956 963 partibus
980 919 1131 955 heredes
1156 919 1208 954 fe-

114 968 228 998 cerat:
254 964 358 999 alteri
381 963 532 998 fundum
556 964 825 1008 praelegaverat
849 969 885 999 et
909 966 955 1000 ab
980 975 1024 999 ea
1042 965 1206 1009 petierat,

113 1014 153 1043 ut
177 1009 293 1044 sorori
317 1019 404 1044 suae
429 1009 552 1054 viginti
577 1009 694 1044 daret:
721 1010 767 1044 ab
792 1009 917 1045 eadem
939 1010 1015 1044 filia
1036 1010 1137 1055 petit,
1168 1015 1209 1044 ut

113 1059 251 1098 partem
275 1054 456 1089 dimidiam
479 1054 583 1089 fundi
596 1054 710 1089 eidem
724 1055 840 1090 sorori
852 1055 1073 1091 restitueret:
1099 1065 1206 1100 quae-

114 1100 221 1134 situm
251 1106 321 1143 est,
352 1110 398 1135 an
427 1099 551 1144 viginti
581 1100 760 1144 praestari
789 1111 862 1136 11011
895 1101 1077 1136 deberent.
1132 1111 1207 1136 res-

114 1145 224 1189 pondi
247 1156 319 1180 non
343 1155 423 1181 esse
446 1145 676 1190 praestanda.

159 1189 212 1227 40
237 1191 344 1225 IDEM
369 1191 460 1226 libro
497 1191 662 1226 vicesimo
687 1192 810 1237 primo
847 1191 1068 1236 diqestorum
1120 1191 1209 1226 Post

113 1235 433 1281 emancipationem
455 1235 568 1280 patris
594 1240 762 1281 suscepta
787 1246 809 1270 a
833 1241 964 1281 patruo
988 1241 1029 1271 ut
1051 1236 1208 1281 legitimo

113 1281 243 1316 herede
267 1281 429 1326 petierat,
460 1285 502 1315 ut
529 1285 669 1325 partem
693 1281 902 1317 hereditatis
932 1282 1111 1317 avunculo
1141 1292 1208 1317 suo

113 1327 215 1361 daret
238 1331 274 1361 et
297 1337 402 1371 agros
426 1326 534 1361 duos:
560 1326 607 1361 ad
619 1330 810 1371 utrumque
823 1332 942 1362 autem
956 1333 995 1361 111
1008 1327 1207 1372 proximum

114 1376 305 1416 cognatum
329 1371 510 1407 successio
535 1371 613 1406 eius
637 1372 811 1416 pertinuit
833 1383 898 1416 per
921 1373 1099 1408 bonorum
1123 1383 1207 1416 pos-

113 1417 320 1452 sessionem.
370 1417 571 1460 quaesitum
595 1421 664 1459 est,
698 1428 779 1452 cum
802 1417 840 1451 in
869 1423 972 1462 parte
997 1417 1207 1452 hereditatis

112 1462 424 1497 fideicommissum
453 1472 525 1497 non
556 1462 771 1505 constiterit,
804 1473 910 1506 quam
939 1474 1005 1498 suo
1034 1463 1113 1498 iure
1143 1473 1208 1507 per

112 1508 288 1543 bonorum
312 1507 577 1552 possessionem
607 1507 806 1542 avunculus
836 1508 1027 1544 habiturus
1059 1513 1128 1551 est,
1160 1519 1208 1542 an

112 1553 222 1587 nihilo
246 1553 364 1588 minus
387 1552 425 1587 in
448 1556 588 1597 partem
611 1563 779 1597 agrorum
804 1553 991 1596 consistat,
1024 1562 1065 1588 ut
1088 1553 1206 1588 Titius

111 1602 233 1642 partes
258 1608 426 1642 agrorum
449 1597 551 1641 duas,
576 1597 613 1632 id
638 1603 693 1633 est
722 1608 840 1642 unam,
873 1600 1002 1643 (1110111Δ
1032 1609 1098 1634 3110
1128 1599 1206 1633 iure

111 1654 176 1687 per
199 1644 377 1678 bonorum
400 1643 664 1687 possessionem
683 1643 825 1687 habeat,
851 1644 1002 1679 alteram
1025 1654 1109 1679 vero
1122 1655 1206 1689 par-

111 1695 183 1723 tem
207 1699 252 1724 ex
276 1698 387 1724 causa
409 1687 675 1724 fideicommissi
697 1692 819 1733 petere
833 1689 972 1724 debeat.
1021 1689 1208 1734 respondit

138 1744 218 1769 osse
253 1738 387 1779 petere.
439 1733 534 1768 idem
570 1734 738 1778 quaesiit,
777 1734 808 1769 si
844 1735 889 1769 ab
921 1735 1045 1770 eodem
1075 1739 1206 1779 patruo

112 1745 424 1815 fideicommissum
449 1779 528 1813 aliis
554 1789 695 1823 quoque
719 1779 872 1822 dederit,
903 1785 1025 1814 utrum
1054 1780 1092 1814 in
1122 1780 1207 1815 soli-

112 1824 196 1859 dum
219 1835 267 1859 an
290 1835 373 1859 vero
398 1834 464 1869 pro
489 1829 592 1869 parte
617 1825 662 1859 ab
687 1835 729 1859 eo
753 1825 972 1869 praestanda
1001 1825 1084 1860 sint.
1131 1836 1207 1860 res-

118 1875 129 1904 1
180 1870 308 1914 pondit
330 1870 368 1904 in
393 1869 546 1904 solidum
570 1870 759 1914 praestari.
808 1870 927 1905 Seiam
950 1881 995 1905 011
1019 1870 1206 1913 dodrante,

112 1915 290 1950 Maevium
314 1925 359 1950 ex
389 1914 587 1959 quadrante
617 1915 772 1950 instituit
800 1915 966 1959 heredes,
997 1915 1082 1950 fidei
1105 1916 1208 1951 Seiae

113 1961 288 1996 commisit
310 1961 348 1995 in
372 1960 461 1995 haec
485 1961 610 1995 verba:
639 1964 672 1994 ‘a
684 1964 720 1995 te
744 1965 827 2005 peto
845 1966 1001 2005 tuaeque
1014 1961 1097 1996 fidei
1111 1972 1207 1996 com-

114 2006 241 2049 ‘mitt0,
274 2005 445 2050 quidquid
469 2015 514 2041 ex
536 2005 735 2040 hereditate
758 2016 838 2040 mea
861 2006 907 2040 ad
935 2011 972 2042 te
996 2006 1206 2050 pervenerit,

115 2051 293 2086 ‘restituas
317 2050 390 2086 filio
415 2055 479 2086 tuo
504 2050 652 2086 retentis
676 2051 743 2086 tibi
766 2051 880 2086 hortis
904 2052 1016 2087 meis’.
1066 2051 1207 2096 quaesi-

113 2103 188 2130 tum
212 2101 283 2140 est,
315 2107 396 2131 cum
419 2096 578 2140 generali
602 2096 719 2140 capite
748 2096 1069 2132 fideicommisisset
1100 2097 1207 2141 ‘quis-

114 2142 203 2186 ‘quis
227 2142 331 2177 heres
362 2142 467 2176 esset'
499 2141 542 2176 de
573 2141 753 2184 omnibus,
785 2146 826 2176 ut
855 2146 1083 2186 praestarent
1112 2142 1208 2186 quod

113 2187 242 2231 cuique
271 2187 427 2231 legasset
456 2186 635 2231 praestari
662 2186 784 2222 fierive
813 2187 993 2231 iussisset,
1031 2198 1094 2230 an,
1126 2198 1207 2222 cum

113 2232 344 2267 dodrantem⁵
373 2231 581 2267 hereditatis
617 2232 829 2274 restituerit,
866 2233 992 2267 hortos
1023 2233 1060 2267 in
1090 2243 1207 2267 assem

113 2277 294 2312 vindicare
308 2277 389 2312 Seia
413 2277 530 2312 debet.
578 2277 764 2320 respondit
788 2278 895 2312 etiam
914 2278 1099 2313 coheredis
1124 2278 1208 2313 fidei

114 2323 340 2358 commissum
363 2322 484 2366 videri,
511 2325 551 2356 ut
563 2322 807 2366 quadrantem,
834 2333 938 2367 quem
956 2323 994 2358 in
1018 2323 1073 2358 his
1092 2323 1206 2358 hortis

115 2368 272 2411 haberet,
298 2367 425 2402 Seiae6
449 2367 626 2402 redderet.

160 2412 208 2449 41
237 2412 343 2448 IDEM
364 2413 453 2447 libro
477 2413 644 2447 vicesimo
668 2413 825 2448 secundo
840 2413 1061 2458 diqeseorum
1110 2413 1206 2448 Uxo—

115 2469 187 2493 rem
212 2462 248 2493 et
269 2457 384 2493 filium
408 2468 630 2492 communem
660 2457 809 2493 heredes
834 2458 990 2493 instituit
1019 2462 1054 2492 et
1083 2458 1206 2493 uxoris

115 2503 196 2538 fidei
227 2503 402 2539 commisit
438 2504 475 2537 in
509 2503 599 2538 haec
635 2504 760 2538 verba:
799 2505 892 2547 ‘peto
922 2514 945 2538 a
974 2508 1027 2546 te,
1064 2503 1208 2538 domina

115 2552 226 2591 ‘uxor,
251 2559 296 2583 ne
320 2559 364 2583 ex
387 2548 499 2583 fundo
525 2548 668 2583 Titiano
692 2552 832 2593 partem
854 2549 921 2583 tibi
931 2548 1100 2591 vindices,
1127 2559 1207 2583 cum

116 2595 219 2629 ‘scias
249 2604 305 2628 me
334 2593 536 2628 universam
572 2594 786 2638 emptionem
819 2594 896 2629 eius
931 2593 1034 2628 fundi
1066 2594 1206 2636 fecisse,

115 2639 190 2674 ‘sed
213 2638 385 2674 beneficio
411 2638 611 2673 affectionis
636 2643 671 2673 et
694 2639 848 2683 pietatis,
875 2649 981 2691 quam
998 2639 1065 2673 tibi
1089 2638 1206 2682 debui,

115 2683 276 2719 ‘eandem
299 2684 522 2728 emptionem,
548 2695 629 2718 cum
653 2684 806 2719 nummis
829 2695 916 2718 111013
931 2694 1205 2728 comparassem,

116 2732 244 2765 ‘tecum
268 2729 599 2766 communicasse'7:
632 2729 834 2773 quaesitum
858 2734 922 2772 est,
949 2740 995 2763 an
1019 2739 1100 2763 eum
1124 2729 1205 2763 fun-

115 2774 199 2809 dum
227 2774 265 2809 in
294 2774 448 2810 solidum
476 2774 541 2808 filii
571 2784 649 2809 esse
684 2774 846 2809 voluerit.
900 2774 1085 2818 respondit
1115 2785 1204 2815 eum,

116 2819 159 2854 de
183 2830 252 2864 quo
278 2824 526 2864 quaereretur,
556 2819 704 2863 perinde
733 2819 909 2854 rationem
937 2819 975 2853 in
1005 2818 1116 2853 fundo
1142 2820 1206 2854 ha-

116 2865 192 2900 beri
220 2865 375 2900 voluisse
405 2875 447 2899 ac
478 2865 508 2899 si
537 2865 724 2899 universus
754 2864 992 2899 hereditarius
1023 2869 1136 2907 esset,
1168 2870 1208 2899 ut

116 2921 181 2954 pro
205 2909 350 2944 dimidia
373 2914 476 2954 parte
501 2913 536 2944 et
559 2921 651 2944 uxor
675 2913 711 2944 et
733 2909 829 2945 filius
855 2921 979 2954 agrum
1003 2913 1043 2943 ut
1067 2909 1206 2944 heredi-

122 2960 133 2988 l
183 2955 315 2989 tarium
337 2955 506 2990 habeant.
554 2955 595 2989 In
618 2959 832 2990 testamento
857 2955 908 2989 ita
923 2954 1097 2999 scriptum
1120 2954 1206 2990 fuit:

118 3000 272 3035 ‘domum
295 3010 410 3035 meam
435 3011 516 3035 cum
539 3000 644 3035 horto
670 3000 840 3044 applicito
855 3000 993 3035 libertis
1016 3000 1104 3034 meis
1121 3010 1206 3035 con-

118 3045 207 3080 ‘cedi
230 3045 321 3080 volo'
352 3050 387 3080 et
411 3045 481 3080 alio
513 3045 646 3090 capite:
679 3045 864 3080 ‘Fortunio
895 3045 1023 3081 liberto
1053 3055 1132 3079 meo
1163 3055 1206 3080 ex

118 3090 236 3125 ‘domu
259 3101 349 3133 mea,
374 3101 481 3135 quam
504 3090 642 3125 libertis
667 3090 758 3133 dedi,
785 3090 954 3134 diaetam,
985 3091 1023 3124 in
1048 3100 1118 3134 qua
1141 3090 1206 3124 ha-

118 3135 302 3178 ι1111011010,
332 3136 417 3171 item
448 3136 631 3170 cellarium
657 3136 819 3170 iunctum
848 3136 961 3171 eidem
991 3135 1131 3170 diaetae
1160 3136 1206 3171 ab

120 3180 260 3215 ‘herede
283 3191 362 3215 meo
388 3180 536 3215 concedi
559 3181 663 3215 volo’.
713 3182 913 3225 quaesitum
936 3185 1006 3224 est,
1032 3191 1078 3215 an
1102 3181 1207 3216 heres

118 3226 299 3260 testatoris
325 3231 494 3261 oneratus
516 3225 680 3261 videatur
701 3226 739 3260 in
751 3226 967 3270 praestando
985 3226 1102 3270 legato
1116 3226 1206 3261 For-

118 3270 229 3313 tunio,
255 3271 413 3314 quamvis
438 3271 564 3306 domus
588 3271 754 3306 universa
767 3271 905 3306 libertis
930 3271 976 3306 sit
987 3271 1205 3316 praelegata.

120 3318 140 3349 2
186 3315 370 3359 respondit
400 3326 472 3351 non
502 3326 581 3351 esse
613 3320 809 3352 oneratum.
867 3316 1046 3352 Codicillis
1077 3316 1207 3351 confir—

119 3360 224 3395 matis
247 3360 299 3395 ita
323 3361 431 3396 cavit:
459 3361 634 3396 ‘omnibus
659 3365 778 3397 autem
794 3361 932 3397 libertis
956 3361 1043 3397 meis
1069 3366 1104 3396 et
1117 3373 1207 3406 quos

121 3405 231 3440 ‘vivus
256 3410 291 3440 et
315 3416 404 3449 quos
428 3406 484 3441 his
504 3406 676 3442 codicillis
700 3406 890 3442 manumisi
908 3407 964 3441 vel
987 3411 1115 3451 postea
1131 3418 1207 3442 ma-

122 3449 322 3494 ‘numism-0,
348 3451 622 3486 contubernales
648 3462 743 3495 suas,
767 3452 853 3487 item
875 3451 969 3487 filios
998 3451 1091 3487 fflias
1117 3452 1207 3496 lego,

122 3494 201 3529 ‘nisi
224 3495 256 3529 si
279 3506 367 3539 quos
393 3506 523 3539 quasve
547 3496 593 3531 ad
610 3507 757 3532 uxorem
770 3507 885 3532 meam
896 3501 1112 3532 testamento
1153 3508 1207 3532 er-

125 3539 246 3574 ‘tinere
268 3540 365 3574 volui
386 3541 442 3575 vel
464 3541 498 3576 ei
520 3542 728 3577 nominatim
750 3542 865 3586 legavi
882 3542 1055 3586 legavero’
1114 3542 1128 3576 1
1153 3553 1209 3577 0111

124 3587 248 3662 &oste-a
271 3584 373 3636 petiit
396 3586 441 3620 ab
464 3585 656 3622 heredibus
675 3587 760 3630 suis,
785 3592 826 3621 ut
848 3587 1028 3631 regionem
1041 3587 1209 3622 Umbriae

157 3638 277 3663 1130100
305 3628 437 3664 Ρ100110
475 3630 689 3667 coheredes⁸
718 3632 822 3667 uxori
857 3642 945 3667 suae
980 3633 1210 3667 restituerent

125 3743 164 3779 (1)
191 3742 287 3773 divus
300 3742 433 3774 Marcus
453 3744 611 3785 ylossema
632 3753 679 3777 est

125 3788 168 3830 (3)
195 3787 369 3829 designata
380 3800 442 3820 scr.
574 3791 614 3831 (4)
640 3799 739 3832 quam
753 3792 816 3824 del.

859 3747 903 3787 (2)
929 3747 966 3779 id
983 3754 1048 3779 est:
1069 3747 1208 3780 omnino

938 3794 982 3834 (5)
1007 3791 1168 3824 dodrante
1182 3792 1215 3823 F

1154 224 1157 226 -
1200 156 1285 202 449

2208 158 2376 200 XXXIl

1280 296 1362 320 cum
1387 285 1565 326 omnibus,
1599 294 1691 327 quae
1715 284 1765 319 ibi
1797 290 1918 328 erunt,
1950 291 1986 320 et
2015 285 2202 330 mancipiis
2233 286 2377 320 rusticis

1279 331 1334 365 vel
1358 330 1506 365 urbanis
1532 335 1568 364 et
1591 329 1775 364 actoribus
1802 331 1961 374 exceptis
1979 331 2217 366 manumissis.
2268 340 2375 375 quae-

1279 376 1387 410 situm
1412 381 1476 418 est,
1508 385 1590 410 011111
1614 374 1708 410 Eros
1741 379 1777 409 et
1800 373 1945 410 Stichus
1975 376 2068 411 servi
2099 376 2137 411 in
2169 376 2262 411 diem
2284 376 2376 411 vitae

1278 421 1463 456 testatoris
1493 420 1532 454 in
1556 419 1703 455 Umbria
1731 420 1769 454 in
1793 418 1925 455 Piceno
1956 427 2075 455 actum
2106 421 2376 456 administrave—

1279 465 1361 508 rint,
1387 466 1459 500 sint
1482 470 1602 500 autem
1626 464 1773 508 Damae,
1807 475 1911 508 quem
1935 470 2088 501 testator
2118 467 2219 502 vivus
2251 477 2376 501 manu-

1277 511 1435 553 miserat,
1460 510 1525 545 filii
1549 510 1743 553 naturales,
1769 514 1890 544 utrum
1914 510 2027 545 eidem
2051 511 2187 546 Damae
2203 522 2247 546 011
2259 512 2376 547 verbis

1279 555 1435 590 codicilli
1466 556 1512 591 ab
1542 555 1735 590 heredibus
1765 555 1973 607 praestandi
2020 557 2107 599 sint,
2138 568 2184 591 an
2216 568 2300 593 vero
2331 558 2376 592 ad

1279 600 1398 635 Seiam
1422 611 1571 636 uxorem
1600 611 1645 636 ex
1675 601 1794 635 verbis
1828 601 2004 646 epistulae
2033 602 2246 645 pertineant.
2300 613 2375 638 res-

1279 645 1405 690 pondit
1429 656 1472 681 ex
1499 645 1672 681 codicillis
1697 645 1743 680 ad
1766 650 1906 691 patrem
1930 656 1991 681 eos
2015 647 2217 682 naturalem
2232 648 2376 692 pietatis

1280 695 1298 725 3
1346 691 1479 725 intuitu
1502 691 1693 735 pertinere.
1733 691 1956 726 Felicissimo
1975 695 2011 726 et
2027 691 2279 736 Felicissimae,
2298 694 2375 737 qui-

1278 737 1346 771 bus
1370 736 1573 772 libertatem
1603 736 1766 780 dederat,
1797 736 1948 771 fundum
1973 736 2217 781 Gargilianum
2248 738 2378 782 legavit

1279 792 1360 816 cum
1385 791 1489 824 casa,
1521 786 1557 817 et
1581 782 1651 816 alio
1678 782 1795 826 capite
1820 781 1915 817 Titio
1941 781 2031 825 filio,
2064 792 2168 826 quem
2198 793 2242 817 ex
2271 789 2374 828 parte

1278 831 1407 871 quarta
1419 826 1588 862 heredem
1600 827 1804 879 scripserat,
1819 827 2088 872 praelegaverat
2099 827 2137 861 in
2149 827 2238 863 haec
2251 830 2374 864 verba:

1279 872 1363 906 v*Titi
1385 870 1453 915 fili,
1486 872 1556 907 hoc
1581 872 1733 916 amphus
1764 872 1808 907 de
1831 872 1948 907 medio
1974 872 2103 907 sumito
2137 873 2255 917 legata
2284 884 2374 915 mea,

1279 920 1382 960 ‘quae
1412 917 1501 952 mihi
1532 921 1607 952 tam
1630 922 1734 962 pater
1768 922 1853 952 tuus
1885 917 2064 953 Praesens
2096 928 2202 962 quam
2235 918 2375 954 Coelius

1279 962 1412 998 ‘Iustus
1450 962 1564 997 frater
1601 962 1714 1007 patris
1758 963 2004 1007 reliquerunt’.
2074 963 2275 1007 quaesitum
2311 969 2374 1006 031,

1280 1018 1362 1042 011111
1390 1006 1524 1043 fundus
1550 1007 1778 1043 Garoilianus
1809 1008 1987 1043 testatrici
2011 1019 2033 1043 a
2056 1009 2186 1044 marito
2216 1009 2309 1053 eius,
2340 1010 2376 1044 id

1278 1057 1334 1087 est
1357 1063 1379 1087 a
1395 1058 1498 1098 patre
1511 1053 1597 1088 Titii
1620 1034 1685 1087 filii
1699 1053 1865 1098 legatus⁹
1889 1054 1946 1095 sit,
1972 1053 2030 1088 cui
2061 1053 2194 1089 fundus
2209 1064 2253 1089 011
2267 1065 2377 1089 001130

1278 1097 1545 1133 fideicommissi
1570 1098 1754 1142 debeatur,
1780 1102 1901 1133 utrum
1925 1098 2021 1134 Titio
2053 1098 2128 1134 filio
2161 1103 2301 1134 tantum
2331 1110 2377 1134 an

1279 1143 1502 1179 Felicissimo
1527 1147 1562 1179 et
1587 1143 1832 1179 Felicissimae
1857 1154 1904 1178 an
1928 1143 2056 1179 tribus.
2104 1144 2291 1197 respondit
2305 1156 2377 1180 non

1278 1199 1358 1224 esse
1386 1189 1576 1224 verisimile
1606 1199 1700 1232 eam,
1732 1199 1825 1234 quae
1854 1189 1944 1224 nihil
1973 1189 2072 1224 aliud
2095 1189 2318 1225 Fehcissimo
2342 1196 2378 1225 et

1279 1234 1524 1270 Felicissimae
1553 1235 1623 1270 nisi
1652 1234 1743 1269 haec
1779 1244 1871 1279 quae
1906 1234 2111 1279 specialiter
2146 1235 2294 1280 legavit,
2331 1236 2377 1270 ad

1277 1279 1401 1323 filium,
1427 1280 1486 1314 cui
1510 1284 1546 1315 et
1569 1280 1780 1315 hereditatis
1805 1290 1893 1315 suae
1922 1284 2062 1324 partem
2086 1280 2249 1325 reliquit,
2280 1281 2376 1326 lega-

1279 1328 1298 1359 4
1346 1328 1424 1359 tum
1446 1325 1606 1370 generali
1630 1336 1793 1361 sermone
1817 1325 2015 1361 transferre
2033 1325 2201 1361 voluisse.
2250 1326 2376 1361 Testa-

1278 1374 1397 1406 mento
1421 1381 1554 1415 pueros
1578 1370 1630 1405 ita
1648 1371 1844 1415 legaverat:
1872 1370 2012 1406 ‘Publio
2027 1370 2169 1406 Maevio
2194 1371 2376 1407 dominulo

1280 1421 1368 1450 ‘meo
1394 1416 1440 1451 ab
1464 1415 1658 1451 heredibus
1683 1416 1772 1451 meis
1796 1416 1875 1451 dari
1898 1416 1979 1451 volo
2004 1426 2137 1461 pueros
2162 1417 2319 1461 quinque
2333 1427 2377 1452 011

1281 1461 1379 1496 ‘meis
1405 1460 1593 1496 dumtaxat
1616 1461 1713 1496 intra
1737 1471 1851 1496 annos
1865 1462 2030 1506 septem':
2055 1465 2140 1506 post
2151 1472 2265 1497 annos
2280 1473 2376 1498 com·

1277 1506 1410 1550 plures,
1438 1517 1546 1550 quam
1569 1506 1656 1542 fecit
1672 1510 1938 1550 testamentum,
1963 1506 2126 1542 moritur.
2175 1508 2376 1552 quaesitum

1278 1556 1342 1595 est,
1362 1551 1465 1587 cuius
1478 1552 1607 1587 aetatis
1620 1552 1762 1587 Maevio
1774 1552 1955 1597 mancipia
1975 1552 2183 1596 debeantur,
2210 1557 2376 1588 utrumne

1302 1607 1370 1631 uae
1401 1598 1607 1632 testamenti
1637 1597 1725 1632 facti
1760 1602 1920 1642 tempore
1954 1597 2051 1632 intra
2087 1602 2224 1642 septem
2262 1609 2375 1634 annos

1293 1647 1425 1677 uerunt
1447 1653 1495 1677 an
1520 1653 1612 1687 (11100
1644 1643 1770 1678 mortis
1799 1648 1961 1695 tempore
1990 1643 2085 1677 intra
2115 1653 2194 1678 eam
2223 1648 2376 1679 aetatem

1278 1688 1515 1722 inveniantur.
1549 1688 1735 1732 respondit
1747 1698 1827 1723 eam
1849 1688 1962 1723 videri
1977 1692 2131 1723 aetatem
2144 1688 2374 1733 designatam,

1280 1737 1297 1766 5
1348 1743 1440 1776 quae
1464 1737 1568 1777 esset,
1595 1744 1676 1768 cum
1701 1737 1909 1769 atestatore
1933 1733 2233 1777 relinquerentur.
2282 1734 2375 1770 Con-

1279 1778 1432 1813 cubinae
1455 1778 1551 1813 inter
1574 1783 1694 1813 cetera
1717 1778 1773 1814 his
1796 1779 1914 1814 verbis
1939 1778 2135 1823 legaverat:
2163 1778 2376 1815 ‘fundumin

1280 1823 1410 1868 ‘Appia
1434 1834 1516 1858 cum
1544 1823 1649 1859 vilico
1682 1835 1748 1859 suo
1773 1828 1809 1859 et
1839 1824 2089 1859 contubernali
2119 1824 2196 1860 eius
2227 1829 2263 1860 et
2291 1825 2375 1860 filiis

1280 1868 1370 1903 ‘dari
1392 1868 1503 1904 volo':
1534 1869 1736 1914 quaesitum
1760 1873 1830 1913 est,
1861 1879 1909 1904 an
1931 1873 2082 1915 nepotes
2113 1880 2254 1915 quoque
2282 1870 2377 1905 vilici

1279 1917 1315 1948 et
1339 1914 1607 1950 contubernalis
1632 1915 1710 1950 eius
1738 1918 1892 1950 testator
1921 1914 1968 1949 ad
1997 1915 2236 1950 concubinam
2265 1916 2375 1960 perti-

1278 1969 1364 1994 nere
1388 1959 1511 1994 voluit.
1560 1959 1747 2004 respondit
1769 1959 1859 1994 nihil
1908 1960 2047 2012 roponi,
2083 1971 2148 1995 cur
2171 1971 2244 1995 non
2268 1960 2375 1996 debe—

1279 2007 1298 2038 6
1346 2009 1481 2039 rentur.
1540 2004 1594 2039 Le
1618 2009 1741 2040 averat
1775 2015 1841 2049 per
1902 2005 2189 2040 de1commissum
2226 2006 2376 2041 Maeviis

1277 2049 1343 2084 ita:
1372 2052 1418 2084 ‘et
1442 2050 1591 2094 quidqui
1638 2050 1677 2085 in
1700 2050 1818 2095 patria
1844 2049 2007 2086 Gadibus
2037 2050 2233 2095 possideo':
2267 2061 2375 2096 quae-

1278 2094 1386 2129 situm
1409 2099 1474 2138 est,
1500 2106 1557 2137 an,
1584 2096 1614 2131 si
1638 2106 1744 2140 quam
1768 2096 2014 2130 suburbanam
2038 2095 2263 2131 adiacentem
2291 2108 2373 2141 pos-

1278 2140 1473 2175 sessionem
1497 2141 1657 2184 haberet,
1690 2141 1780 2176 haec
1805 2151 1947 2185 quoque
1976 2151 2021 2175 011
2051 2151 2163 2176 001130
2192 2141 2374 2176 fideicom-

1277 2185 1377 2220 missi
1406 2185 1556 2220 Maeviis
1594 2185 1779 2221 debeatur.
1835 2185 2021 2231 respondit
2055 2197 2162 2230 posse
2199 2187 2246 2221 ad
2281 2187 2375 2222 hanc

1279 2241 1419 2274 quoque
1444 2232 1634 2266 verborum
1658 2230 1953 2276 significationem
1965 2231 2120 2266 extendi.
2167 2232 2253 2267 item
2266 2242 2375 2276 quae-

1278 2276 1385 2310 situm
1410 2282 1474 2320 est,
1500 2287 1557 2318 an,
1584 2277 1615 2312 si
1626 2278 1653 2297 ¹⁰
1677 2276 1882 2320 calendarii,
1909 2276 2005 2320 quod
2028 2276 2065 2310 in
2089 2277 2207 2321 patria
2230 2288 2298 2312 sua
2320 2278 2375 2312 vel

1277 2321 1372 2355 intra
1401 2321 1491 2356 fines
1521 2322 1598 2357 eius
1628 2321 1820 2357 defunctus
1856 2321 2032 2365 exercuit,
2071 2322 2309 2357 instrumenta
2337 2323 2375 2357 in

1278 2366 1394 2410 domo,
1426 2377 1534 2411 quam
1556 2367 1594 2401 in
1617 2367 1737 2411 patria
1768 2377 1834 2402 sua
1862 2367 2037 2410 habebat,
2068 2367 2229 2411 reliquit,
2261 2378 2308 2402 an
2336 2367 2375 2403 id

1278 2422 1420 2456 quoque
1443 2412 1693 2447 kalendarium
1704 2416 1852 2457 propter
1875 2413 1985 2447 verba
2000 2422 2112 2456 supra
2123 2412 2258 2456 scripta
2273 2413 2373 2448 Mae-

1277 2457 1341 2492 viis
1367 2467 1411 2492 ex
1436 2468 1548 2492 causa
1570 2457 1836 2493 fideicommissi
1855 2457 2056 2493 deberetur.
2104 2457 2290 2502 respondit
2302 2469 2374 2493 non

1278 2502 1410 2537 deberi.
1459 2503 1544 2538 item
1568 2503 1770 2547 quaesitum
1783 2507 1847 2546 est,
1873 2513 1921 2537 an
1932 2502 2096 2547 pecunia,
2123 2513 2215 2546 quae
2238 2503 2374 2538 inarca

1278 2547 1374 2582 domi
1399 2547 1560 2583 Gadibus
1585 2549 1729 2583 inventa
1754 2553 1859 2591 esset,
1884 2548 1996 2582 velex
2009 2547 2156 2582 diversis
2170 2548 2372 2584 nominibus

1277 2597 1405 2628 exacta
1435 2597 1471 2628 et
1498 2593 1549 2628 ibi
1578 2593 1758 2638 deposita,
1799 2603 1843 2628 011
1877 2592 2153 2628 fideicommisso
2186 2593 2371 2629 debeatur.

1278 2641 1295 2671 7
1334 2638 1522 2683 respondit
1535 2649 1646 2683 supra
1658 2649 1881 2683 responsum.
1919 2638 2161 2681 Testamento,
2177 2649 2247 2682 quo
2260 2639 2373 2674 filium

1277 2687 1313 2718 et
1336 2694 1484 2719 uxorem
1507 2684 1657 2719 heredes
1681 2684 1897 2726 instituerat,
1922 2683 2017 2718 filiae
2041 2693 2107 2728 per
2121 2682 2372 2720 fideicommis-

1277 2739 1356 2763 sum
1381 2733 1534 2771 centum,
1561 2740 1641 2764 cum
1665 2729 1703 2763 in
1726 2728 1862 2763 familia
1890 2729 2058 2772 nuberet,
2089 2729 2219 2773 legavit
2248 2733 2284 2765 et
2308 2729 2372 2765 ad-

1276 2773 1360 2808 iecit
1394 2774 1462 2809 ita:
1506 2774 1600 2809 ‘fidei
1624 2780 1719 2816 tuae,
1757 2774 1846 2816 filia,
1891 2774 2088 2818 committo,
2125 2778 2183 2817 ut,
2220 2785 2301 2810 cum
2334 2775 2372 2810 in

1277 2819 1423 2853 ‘familia
1447 2820 1564 2854 nubas
1589 2824 1625 2854 et
1649 2819 1966 2864 quotienscumque
1990 2820 2122 2863 nubes,
2153 2820 2304 2872 patiaris
2328 2831 2372 2855 011

1278 2864 1371 2899 ‘dote
1394 2868 1468 2907 tua,
1496 2875 1603 2908 quam
1628 2864 1741 2907 dabis,
1766 2868 1907 2908 partem
1920 2864 2101 2899 dimidiam
2118 2865 2286 2909 st1pulari
2297 2866 2370 2900 fra-

1278 2911 1379 2943 ‘trem
1401 2914 1503 2943 tuum
1528 2914 1563 2944 et
1587 2909 1705 2944 Seiam
1729 2914 1878 2944 matrem
1902 2913 2002 2944 tuam
2031 2921 2097 2954 pro
2125 2911 2293 2963 partibus
2318 2911 2369 2945 di-

1278 2954 1404 2989 6111111113
1429 2954 1507 2988 dari
1530 2954 1610 2996 sibi,
1626 2955 1656 2989 si
1679 2955 1717 2988 in
1740 2954 1966 2990 matrimonio
1982 2955 2058 2990 eius
2077 2966 2136 2990 0111
2159 2956 2273 2991 11111103
2298 2956 2371 2991 31νο

1278 2998 1438 3034 ‘divortio
1464 2999 1572 3042 facto,
1598 2999 1808 3043 priusquam
1832 2999 1896 3035 dos
1920 3004 1984 3035 tua
2008 3000 2181 3035 reddatur
2202 3011 2287 3036 eove
2305 3012 2369 3036 no-

1278 3045 1382 3078 ι1111110
1405 3044 1631 3079 satisfactum
1655 3045 1738 3088 erit,
1768 3045 1930 3081 morieris
1954 3046 2053 3081 nullo
2077 3045 2151 3081 filio
2180 3045 2296 3081 filiave
2326 3057 2369 3081 ex

1278 3091 1331 3124 ‘eo
1355 3089 1504 3124 relicto’.
1553 3094 1657 3133 pater
1679 3090 1850 3134 virginem
1872 3090 1983 3125 filiam
2007 3095 2159 3135 nuptum
2183 3091 2370 3126 collocavit

1278 3135 1424 3179 eiusque
1448 3135 1590 3169 nomine
1620 3134 1739 3170 dotem
1768 3135 1866 3170 dedit
1895 3140 1930 3171 et
1954 3140 2036 3180 post
2066 3136 2255 3171 divortium
2283 3146 2368 3171 ean-

1277 3179 1356 3214 dem
1380 3180 1516 3224 recepit
1540 3184 1576 3214 et
1605 3180 1666 3214 alii
1689 3180 1728 3214 in
1755 3181 2020 3216 matrimonium
2051 3193 2131 3216 cum
2162 3181 2242 3216 dote
2273 3181 2369 3215 dedit

1278 3229 1313 3260 et
1336 3225 1529 3269 stipulatus
1555 3229 1610 3260 est
1634 3236 1713 3260 eam
1737 3225 1856 3261 dotem
1876 3227 1945 3262 sibi
1957 3232 2020 3261 aut
2043 3226 2138 3262 filiae
2151 3236 2237 3261 suae
2250 3225 2366 3260 reddi:

1276 3274 1442 3305 manente
1465 3269 1540 3304 filia
1563 3270 1600 3304 in
1623 3270 1850 3306 matrimonio
1875 3272 2032 3307 secundo
2051 3276 2213 3306 mortuus
2238 3275 2293 3305 est
2307 3281 2366 3305 eo-

1277 3315 1358 3350 dem
1394 3318 1608 3350 testamento
1643 3316 1768 3352 relicto
1815 3317 1918 3361 eique
1961 3316 2110 3352 heredes
2154 3315 2368 3350 exstiterunt

1276 3360 1372 3395 filius
1408 3364 1444 3395 et
1472 3371 1581 3395 uxor:
1616 3365 1744 3405 postea
1772 3362 1900 3397 marito
1932 3361 2100 3397 defuncto
2136 3360 2256 3405 puella
2285 3360 2367 3395 dote

1276 3409 1423 3450 recepta
1452 3405 1573 3449 nupsit
1608 3406 1668 3440 alii
1703 3408 1953 3452 praesentibus
1989 3411 2025 3442 et
2063 3405 2367 3441 consentientibus

1276 3450 1388 3485 fratre
1413 3454 1448 3485 et
1470 3455 1594 3495 matre,
1621 3462 1712 3496 quae
1736 3453 1843 3487 etiam
1868 3452 1986 3487 dotem
1998 3452 2074 3486 eius
2098 3450 2207 3493 auxit,
2233 3454 2366 3484 0111011-

1276 3499 1332 3530 ter
1355 3506 1478 3531 eorum
1502 3496 1664 3540 stipulati
1687 3502 1772 3532 sunt
1802 3498 1935 3532 dotem:
1966 3508 2049 3531 111011
2072 3496 2179 3530 matri
2207 3495 2301 3529 filius
2331 3500 2367 3529 et

1276 3541 1350 3575 filia
1379 3541 1527 3576 heredes
1557 3542 1787 3577 exstiterunt:
1819 3542 1944 3577 deinde
1974 3542 2011 3575 in
2039 3540 2263 3575 matrimonio
2294 3540 2366 3574 filia

1277 3586 1431 3621 decessit
1457 3587 1584 3622 marito
1614 3587 1746 3622 herede
1770 3587 1905 3622 relicto.
1955 3586 2154 3630 quaesitum
2183 3588 2252 3627 est,
2285 3595 2366 3619 cum

1277 3631 1398 3676 puella
1425 3642 1495 3666 non
1532 3642 1577 3667 ex
1606 3643 1717 3668 causa
1746 3632 1853 3676 legati
1882 3631 2070 3676 pecuniam
2098 3630 2136 3664 in
2165 3629 2283 3665 dotem
2318 3630 2365 3665 ab

1279 3747 1321 3785 (6)
1348 3746 1464 3778 seiaF
2065 3746 2108 3783 (8)
2134 3744 2287 3775 001101·οᾱ1
2301 3756 2363 3778 scr.

1281 3794 1323 3832 (9)
1349 3791 1496 3833 legatum
1509 3792 1542 3824 F

1558 3748 1602 3787 (7)
1628 3746 1922 3778 communicassem
1937 3746 1970 3777 F

1631 3795 1688 3833 (10)
1715 3802 1756 3823 an
1771 3792 1799 3823 si
1814 3804 1871 3823 om.
1889 3791 1938 3822 F¹

2046 3835 2084 3868 57
