2528 3918
215 104 416 147 11111.2

1960 119 2022 150 ΒΕ
2039 120 2091 151 m
2103 119 2285 152 INTEGR.
2299 121 2470 155 RES‘I'IT.

1102 503 1284 556 LIBER
1313 505 1596 566 QUARTUS.

728 645 748 683 1
761 643 785 684 ¹.

328 710 389 742 DE
414 709 466 742 IN
489 709 736 743 INTEGRUM
760 709 1187 744 RESTITUTIONIBUS.

264 775 283 813 1
318 775 516 812 Usamus
542 775 635 812 libro
667 776 856 812 undecimo
888 775 939 811 ad
960 775 1117 813 edictum
1164 776 1311 812 Utilitas

213 822 321 857 huius
343 821 440 857 tituli
461 832 535 857 non
559 825 640 867 eget
670 820 997 864 commendatione,
1029 821 1132 867 ipse²
1156 821 1250 857 enim
1273 831 1313 857 se

213 866 381 904 ostendit.
416 877 501 902 nam
523 867 590 902 sub
615 867 685 902 hoc
708 866 812 902 titulo
836 866 1060 911 plurifariam
1079 870 1227 912 praetor
1246 868 1310 902 110-

213 912 369 949 minibus
391 912 448 948 vel
479 913 515 948 la
542 912 590 947 sis
620 912 676 947 vel
709 911 989 957 circumscriptis
1021 912 1205 955 subvenit,
1239 912 1313 947 sive

213 958 335 994 metu³
365 957 440 994 sive
471 923 667 993 calliditate
698 957 772 993 sive
796 960 916 993 aetate
939 957 1013 993 sive
1036 958 1200 993 absentia
1222 957 1311 993 inci-

213 1004 344 1040 derunt
364 1003 403 1038 in
427 1003 631 1048 captionem

259 1046 310 1086 2⁴
333 1047 494 1084 Panas
514 1048 604 1084 libro
621 1048 746 1094 primo
769 1048 1030 1083 sententiarum
1077 1048 1151 1084 sive
1160 1058 1226 1094 per
1238 1051 1311 1084 sta·

211 1098 272 1130 tus
295 1094 531 1129 mutationem
554 1096 619 1128 aut
640 1092 774 1129 iustum
798 1102 955 1128 errorem
965 1094 990 1128 ⁵.

259 1136 284 1178 3
308 1138 566 1175 Monsssmvvs
592 1138 685 1174 libro
718 1141 844 1174 octavo
862 1138 1132 1185 pandectarum
1180 1137 1311 1174 Omnes

210 1185 250 1221 in
283 1185 460 1230 integrum
494 1184 738 1219 restitutiones
772 1193 883 1219 causa
916 1183 1059 1229 cognita
1092 1194 1115 1219 a
1145 1188 1312 1229 praetore

211 1230 488 1277 promittuntur,
521 1228 658 1265 scilicet
689 1232 731 1264 ut
753 1228 950 1264 iustitiam⁶
975 1239 1097 1264 earum
1122 1239 1312 1264 causarum

213 1275 409 1356 exgminet,
446 1285 494 1310 an
523 1275 653 1310 verae⁷
684 1274 775 1317 sint,
808 1285 960 1320 quarum
989 1274 1133 1310 nomine
1165 1274 1311 1320 singulis

212 1331 256 1358 su
281 1321 388 1356 venit.

258 1365 286 1404 4
313 1365 601 1402 Cazmsmws
618 1364 711 1401 libro
725 1365 850 1412 primo
870 1364 981 1401 edicti
997 1365 1185 1401 monitoria·
1229 1365 1310 1400 Scio

210 1411 300 1447 illud
323 1421 346 1447 a
369 1410 584 1457 quibusdam
603 1410 842 1452 observatum,
867 1420 912 1445 ne
931 1414 1078 1455 propter
1098 1410 1186 1446 satis
1207 1410 1310 1445 mini-

210 1467 306 1493 mam
317 1467 393 1492 rem
404 1457 460 1491 vel
479 1465 664 1498 summam,
686 1455 718 1490 si
728 1455 856 1491 maiori
866 1455 919 1491 rei
929 1455 986 1491 vel
997 1465 1158 1491 summae
1169 1456 1310 1501 praeiu-

212 1502 361 1545 dicetur,
386 1501 554 1537 audiatur
575 1501 607 1536 is
631 1500 692 1546 qui
714 1500 751 1535 in
775 1500 951 1546 integrum
974 1501 1116 1536 restitui
1138 1501 1309 1546 postulat.

259 1546 284 1585 5
308 1546 470 1583 PAULUS
498 1546 591 1582 libro
614 1547 767 1592 septimo
791 1545 842 1581 ad
864 1546 1019 1582 edictum
1064 1545 1180 1582 Nemo
1213 1546 1309 1581 vide-

211 1596 272 1628 tur
288 1592 354 1628 1·οθ
377 1592 559 1634 exclusus,
585 1601 689 1636 quem
712 1594 860 1637 praetor
883 1592 921 1627 in
943 1591 1121 1637 integrum
1144 1601 1183 1627 se
1205 1592 1309 1627 resti-

210 1642 374 1674 tuturum
396 1637 620 1683 polliceatur.

257 1681 283 1724 6
314 1683 511 1719 ULPIANUS
531 1682 622 1718 libro
647 1682 753 1718 tertio
777 1681 914 1718 decimo
946 1681 997 1718 ad
1026 1682 1181 1718 edictum
1226 1682 1310 1717 Non

210 1729 328 1765 solum
358 1727 526 1770 minoris,
556 1737 680 1762 verum
704 1736 827 1762 eorum
851 1737 1005 1773 quoque,
1030 1727 1092 1772 qui
1114 1727 1167 1762 rei
1190 1727 1307 1772 publi-

211 1784 277 1810 cae
300 1783 412 1810 causa
435 1772 617 1814 afuerunt,
640 1772 726 1807 item
750 1771 918 1815 omnium,
943 1772 1005 1818 qui
1023 1772 1094 1817 ipsi
1112 1776 1310 1818 potuerunt

210 1819 352 1856 restitui
374 1818 413 1854 in
434 1818 631 1863 integrum,
657 1827 885 1853 successores
908 1818 947 1852 in
969 1817 1145 1862 integrum
1168 1818 1308 1853 restitui

210 1867 381 1911 possunt,
407 1867 444 1900 et
465 1863 518 1898 ita
541 1863 749 1908 saepissime
773 1866 829 1898 est
852 1862 1100 1898 constitutum.
1139 1862 1213 1898 sive
1243 1863 1307 1908 igi-

208 1915 271 1946 tur
308 1910 412 1945 heres
456 1909 504 1944 sit
546 1909 619 1944 sive
662 1908 693 1943 is
736 1908 795 1943 cui
834 1907 1016 1944 hereditas
1049 1908 1219 1944 restituta
1254 1913 1308 1943 est

210 1956 284 1991 sive
323 1954 388 1990 filii
429 1953 584 1989 familias
627 1953 749 1989 militis
793 1963 1001 1996 successor,
1053 1954 1092 1988 in
1131 1954 1308 1999 integrum

209 2000 351 2037 restitui
381 1999 525 2045 poterit.
571 1998 722 2044 proinde
754 2001 791 2034 et
821 1998 853 2034 si
883 1999 1000 2034 minor
1032 1998 1070 2034 in
1100 1998 1307 2034 servitutem

208 2045 392 2091 redigatur
425 2045 482 2080 vel
516 2044 647 2080 ancilla
680 2043 764 2086 fiat,
809 2043 960 2079 dominis
1004 2054 1128 2079 eorum
1163 2043 1308 2079 dabitur

209 2102 283 2127 11011
314 2091 412 2126 ultra
441 2093 583 2135 tempus
615 2092 792 2125 statutum
826 2089 864 2124 in
898 2089 1076 2134 integrum
1108 2089 1304 2125 restitutio.

210 2136 275 2173 sed
306 2140 343 2172 et
373 2136 405 2171 si
433 2135 528 2171 forte
557 2134 618 2170 hic
649 2135 766 2170 minor
797 2137 876 2170 erat
898 2138 1026 2180 captus
1049 2134 1088 2169 in
1110 2134 1308 2170 hereditate

210 2192 318 2228 quam
354 2181 500 2223 adierit,
531 2180 690 2215 Iulianus
723 2180 814 2215 libro
847 2180 997 2224 septimo
1029 2179 1166 2215 decimo
1192 2180 1306 2225 diges-

208 2231 328 2264 torum
363 2226 489 2262 scribit
519 2225 723 2260 abstinendi
753 2224 963 2260 facultatem
996 2225 1177 2260 dominum
1199 2235 1307 2270 posse

208 2272 344 2308 habere
366 2282 438 2307 non
462 2270 578 2306 solum
601 2270 730 2306 aetatis
749 2270 934 2313 beneficio,
959 2281 1081 2306 verum
1101 2273 1137 2305 et
1156 2270 1187 2305 si
1205 2274 1306 2305 aetas

209 2328 283 2353 nou
317 2316 585 2363 patrocinetur:
627 2315 711 2367 quia
741 2326 815 2351 non
846 2315 1062 2360 apiscendae
1095 2315 1306 2350 hereditatis

208 2362 325 2409 gratia
347 2362 466 2408 legum
489 2360 664 2397 beneficio
689 2360 745 2396 usi
768 2364 863 2402 sunt,
889 2360 953 2396 sed
975 2360 1155 2396 vindictae
1177 2361 1303 2405 gratia.

257 2406 309 2445 7⁹
331 2407 574 2443 MARCELLUS
595 2406 686 2442 libro
710 2406 814 2441 tertio
839 2406 1062 2453 diqestorum
1097 2405 1209 2441 Divus
1230 2407 1304 2440 An-

209 2454 355 2490 toninus
373 2452 509 2488 Marcio
529 2452 635 2487 Avito
659 2451 818 2496 praetori
841 2450 885 2486 de
908 2451 1151 2487 succurrendo
1177 2451 1221 2493 ei,
1246 2451 1306 2503 qui

210 2500 342 2535 absens
365 2509 440 2534 rem
465 2497 652 2539 amiserat,
683 2496 720 2531 in
743 2496 839 2532 hanc
864 2496 1078 2532 sententiam
1101 2496 1306 2542 rescripsit:

210 2543 403 2580 ‘Etsinihil
421 2543 528 2579 facile
547 2541 759 2577 mutandum
780 2545 835 2577 est
853 2552 898 2577 ex
919 2541 1161 2584 sollemnibus,
1184 2545 1305 2577 tamen

211 2590 285 2625 ‘ubi
314 2588 478 2634 aequitas
510 2587 652 2624 evidens
676 2587 804 2633 poscit,
830 2587 1111 2623 subveniendum
1135 2590 1201 2623 est.
1236 2587 1303 2622 ita-

211 2638 292 2688 ‘que
316 2634 347 2670 si
364 2634 496 2670 citatus
519 2644 593 2669 non
612 2632 799 2678 respondit
818 2635 853 2668 et
871 2633 918 2668 ob
937 2632 1008 2668 hoc
1028 2643 1127 2668 more
1145 2643 1303 2678 pronun-

211 2684 351 2715 ‘tiatum
375 2682 449 2721 est,
475 2678 663 2714 confestim
686 2682 805 2714 autem
829 2688 896 2723 pro
919 2678 1093 2713 tribunali
1116 2681 1152 2713 te
1177 2677 1303 2713 seden-

211 2729 260 2761 ‘te
273 2726 302 2746 ¹⁰
324 2724 428 2759 adiit:
451 2724 646 2759 existimari
663 2726 784 2769 potest
804 2734 876 2759 non
889 2733 956 2758 sua
969 2723 1088 2768 culpa,
1100 2722 1163 2758 sed
1176 2733 1303 2768 parum

210 2770 394 2806 ‘exaudita
423 2779 511 2804 voce
544 2769 733 2814 praeconis
768 2767 943 2811 defuisse,
978 2768 1131 2813 ideoque
1165 2768 1303 2803 restitui

216 2820 227 2851 1
280 2814 434 2860 ‘potest'
481 2814 558 2849 Nec
590 2814 686 2849 intra
717 2814 784 2849 has
814 2813 931 2849 solum
961 2814 1100 2859 species
1132 2814 1304 2850 consistet

210 2860 318 2896 huius
348 2859 487 2905 generis
518 2859 709 2894 auxilium:
741 2859 872 2895 etenim
903 2858 1063 2904 deceptis
1095 2858 1172 2894 sine
1196 2859 1304 2903 culpa

211 2915 289 2949 sua,
312 2905 466 2940 maxime
489 2904 520 2940 si
543 2904 644 2940 fraus
668 2904 714 2939 ab
734 2904 939 2940 adversario
958 2904 1197 2947 intervenerit,
1221 2914 1304 2939 suc-

211 2950 307 2988 curri
330 2949 526 2996 oportebit,
562 2960 642 2985 cum
665 2950 772 2986 etiam
796 2949 840 2986 de
864 2949 946 2985 dolo
969 2949 1064 2985 malo
1088 2949 1182 2985 actio
1208 2959 1303 2985 com·

237 3001 333 3032 etere
363 2995 496 3037 soleat,
530 2997 565 3030 et
587 2995 673 3030 boni
695 2994 871 3040 praetoris
895 2997 951 3030 est
998 2995 1093 3030 otius
1117 2994 1304 3030 restituere

236 3045 320 3084 tem,
345 3044 387 3076 ut
409 3044 446 3076 et
468 3040 559 3075 ratio
585 3043 622 3075 et
644 3040 805 3085 aequitas
828 3040 974 3086 postula
999 3039 1038 3083 it,
1063 3050 1171 3085 quam
1191 3040 1301 3075 actio-

211 3097 293 3123 nem
314 3086 491 3122 famosam
516 3085 741 3128 constituere,
766 3084 814 3120 ad
861 3095 945 3120 uam
968 3089 1055 3121 tunc
1079 3085 1222 3121 demum
1243 3084 1303 3119 de-

211 3130 453 3169 scendendum
477 3133 542 3173 est,
568 3140 649 3165 cum
671 3130 825 3166 remedio
863 3141 951 3167 ocus
974 3140 1053 3166 esse
1076 3141 1149 3166 non
1172 3133 1301 3176 potest.

258 3174 282 3215 8
307 3175 452 3212 MAGER
482 3175 574 3211 libro
604 3175 761 3211 secundo
786 3175 831 3211 de
853 3175 1161 3223 appellationibus
1205 3175 1304 3210 Inter

210 3222 365 3258 minores
388 3220 510 3266 viginti
534 3219 690 3265 quinque
712 3220 815 3256 annis
839 3224 876 3256 et
899 3230 960 3256 eos
984 3220 1044 3266 qui
1067 3221 1119 3256 rei
1138 3220 1304 3266 publicae

211 3277 324 3304 causa
346 3266 479 3303 absunt
502 3265 572 3301 hoc
595 3265 754 3307 interest,
779 3266 875 3310 quod
898 3266 1051 3302 minores
1076 3266 1179 3301 annis
1198 3265 1303 3301 etiam

211 3313 272 3359 qui
294 3322 361 3358 per
382 3315 521 3347 tutores
546 3314 773 3346 curatoresve
796 3321 880 3346 suos
905 3310 1042 3347 defensi
1066 3314 1168 3354 sunt,
1193 3310 1302 3346 nihilo

210 3358 328 3394 minus
351 3357 389 3393 in
412 3357 588 3401 integrum
613 3359 739 3391 contra
762 3365 837 3390 rem
860 3356 1042 3401 publicam
1056 3357 1082 3377 ¹¹
1106 3355 1301 3391 restituun-

258 3471 298 3514 (1)
322 3471 389 3504 Ed.
404 3478 427 3504 1.
441 3477 531 3509 a...7;
546 3469 627 3504 Sub.
643 3476 679 3509 83
693 3469 779 3512 Pap.
795 3476 823 3502 2.
836 3487 882 3493 —
895 3470 980 3502 Bas.
999 3471 1052 3510 ιο,
1066 3477 1079 3504 1
1159 3471 1203 3511 (2)
1228 3469 1303 3512 ipsa

209 3527 273 3550 scr.
368 3516 410 3558 (3)
435 3517 545 3548 metus
555 3515 590 3549 F
676 3515 719 3556 (4)
744 3531 790 3543 =
800 3515 926 3548 Paulus
941 3516 970 3555 1,
985 3522 1012 3555 7,
1027 3521 1044 3549 2
1133 3515 1178 3555 (5)
1203 3516 1302 3557 [quae

211 3571 273 3605 per
285 3563 422 3601 metum,
435 3560 562 3602 dolum]
575 3563 609 3593 et
620 3562 729 3592 status
741 3559 1023 3602 permutationem
1033 3562 1067 3592 et
1075 3559 1202 3592 iustum
1212 3570 1301 3592 erro·

211 3617 281 3639 rem
295 3607 342 3648 [et
353 3605 543 3639 absentiam
554 3604 775 3638 neeessariam
786 3607 820 3637 et
829 3604 1061 3637 infirmitatem
1073 3604 1195 3637 aetatis
1207 3608 1302 3647 gesta

212 3661 284 3684 esse
297 3650 470 3692 dicuntur]
484 3651 588 3685 Pauli
599 3651 679 3685 libri
791 3650 835 3691 (ὅ)
861 3649 996 3682 iustitia
1009 3650 1044 3683 F
1157 3651 1199 3692 (7)
1225 3659 1300 3682 vere

427 3697 471 3737 (8)
495 3706 532 3728 re
545 3695 575 3730 S
585 3708 655 3730 cum
667 3695 714 3738 B,
728 3704 746 3728 e
758 3695 793 3728 F
866 3696 912 3736 (9)
933 3695 1187 3738 ρνίησίρίίρανε
1197 3711 1242 3724 ==
1254 3695 1298 3728 D.

508 3742 567 3783 (ιο)
592 3741 762 3774 sedentem
774 3740 848 3774 deu.
863 3752 932 3774 cum
945 3739 982 3773 B
1104 3741 1158 3780 (u)
1184 3744 1301 3772 contra

211 3706 270 3729 080
281 3708 344 3730 Ber.

211 3741 267 3779 50.
282 3748 325 3780 17,
339 3747 390 3775 1113

1382 646 1461 685 tur,
1487 646 1630 723 0οῗοω
1653 644 1790 680 scilicet
1814 655 1942 680 causa:
1977 644 2009 679 ei
2040 654 2123 680 vero
2148 644 2209 690 qui
2232 644 2285 680 rei
2309 645 2474 690 publicae

1383 697 1495 723 causa
1517 697 1540 723 a
1566 691 1631 731 sit,
1666 690 1791 725 ceteris
1816 700 1958 735 quoque
1982 689 2044 734 qui
2066 690 2103 724 in
2128 689 2252 725 eadem
2275 700 2386 726 causa
2408 691 2473 726 ha-

1382 732 1530 775 bentur,
1564 733 1596 785 si
1618 743 1682 778 per
1703 739 1957 780 procuratores
1982 745 2066 770 suos
2091 734 2229 770 defensi
2252 739 2354 778 sunt,
2386 736 2473 771 hac-

1382 781 1487 813 tenus
1510 778 1548 813 in
1569 782 1746 824 integrum
1769 780 1994 816 restitutione
2018 779 2198 815 subveniri
2221 780 2323 823 solet,
2347 784 2389 816 ut
2409 791 2472 826 ap-

1381 822 1516 868 pellare
1538 823 1595 859 his
1618 825 1859 869 permittatur.

1882 916 1970 956 H'2.

1517 982 1639 1020 QUOD
1663 983 1818 1016 METUS
1844 983 1987 1016 CAUSA
2012 983 2197 1016 GESTUM
2220 983 2340 1016 ERIT.

1431 1046 1451 1085 1
1486 1047 1683 1085 ULPJANUS
1702 1049 1794 1086 libro
1817 1049 2005 1086 undecimo
2029 1049 2079 1085 ad
2100 1049 2255 1085 edictum
2289 1049 2352 1084 Ait
2369 1060 2473 1095 prae-

1381 1097 1456 1129 tor:
1481 1093 1598 1138 ‘Quod
1620 1098 1735 1130 metus
1760 1105 1871 1130 causa
1893 1098 2032 1140 gestum
2056 1094 2137 1137 erit,
2170 1098 2289 1129 ratum
2312 1105 2386 1130 non
2408 1095 2474 1130 ha-

1384 1139 1510 1175 ‘bebo'.
1547 1139 1631 1175 olim
1653 1140 1706 1175 ita
1729 1139 1936 1176 edicebatur
1961 1139 2069 1185 ‘quod
2092 1140 2126 1174 vi
2148 1143 2307 1175 metusve
2332 1141 2472 1175 causa':

1381 1184 1433 1220 vis
1465 1183 1559 1219 enim
1589 1183 1700 1220 fiebat
1729 1185 1862 1221 mentio
1886 1189 2033 1230 propter
2055 1185 2306 1220 necessitatem
2328 1185 2473 1230 imposi-

1382 1233 1455 1264 tam
1480 1230 1697 1266 contrariam
1719 1230 1913 1266 voluntati:
1947 1234 2061 1266 metus
2092 1229 2260 1266 instantis
2283 1230 2338 1266 vel
2360 1230 2474 1265 futuri

1381 1274 1532 1320 periculi
1566 1285 1677 1311 causa
1711 1276 1839 1311 mentis
1874 1275 2063 1321 trepidatio
2076 1276 2116 1311 ¹³.
2159 1275 2224 1311 sed
2253 1278 2380 1320 postea
2411 1275 2472 1311 de·

1381 1323 1499 1356 tracta
1519 1323 1575 1356 est
1593 1321 1647 1356 vis
1666 1321 1798 1356 mentio
1817 1320 1908 1363 ideo,
1957 1321 2018 1356 uia
2037 1320 2286 1366 quodcumque
2305 1321 2341 1356 vi
2359 1321 2475 1357 atroci

1382 1364 1434 1407 fit,
1458 1365 1496 1400 id
1518 1369 1616 1401 metu
1640 1376 1710 1411 quo
1736 1375 1782 1402 ue
1805 1365 1882 1402 fieri
1905 1366 1939 1400 vi
1965 1367 2095 1401 etur¹⁴.

1427 1408 1453 1447 2
1468 1412 1496 1432 ¹⁵
1518 1410 1680 1447 Panos
1688 1411 1716 1447 li
1758 1423 1779 1447 o
1784 1412 1908 1458 primo
1920 1411 2179 1447 sententiarum
2224 1410 2289 1447 Vis
2313 1414 2431 1447 autem
2446 1412 2475 1433 ¹⁶

1382 1459 1437 1491 est
1459 1456 1605 1492 maioris
1619 1457 1647 1478 ¹⁷
1669 1457 1722 1492 rei
1743 1456 1911 1502 impetus,
1936 1456 1997 1501 qui
2019 1466 2059 1492 re
2086 1456 2145 1492 elli
2166 1466 2240 1492 11011
2262 1459 2392 1502 potest.

1428 1498 1452 1539 3
1485 1500 1681 1538 Uzmws
1700 1502 1792 1538 libro
1815 1502 2004 1537 undecimo
2028 1513 2052 1537 a
2100 1501 2258 1538 edictum
2306 1501 2474 1537 Continet

1380 1545 1488 1591 igitur
1510 1546 1602 1582 haec
1626 1547 1790 1582 clausula
1814 1550 1850 1582 et
1872 1547 1943 1582 vim
1966 1550 2002 1582 et
2023 1550 2176 1589 metum,
2208 1550 2244 1582 et
2275 1546 2304 1582 si
2336 1547 2416 1592 quis
2439 1547 2473 1582 vi

1381 1602 1461 1627 com
1486 1592 1586 1627 ulsus
1610 1592 1745 1638 aliquid
1766 1591 1871 1635 fecit,
1902 1602 1968 1638 per
1990 1592 2060 1627 1100
2083 1592 2238 1628 edictum
2261 1592 2471 1627 restituitur.

1383 1640 1398 1671 1
1476 1637 1520 1672 ed
1542 1637 1612 1673 vim
1636 1637 1832 1683 accipimus
1855 1641 2014 1673 atrocem
2037 1641 2074 1672 et
2096 1647 2192 1680 eam,
2226 1647 2318 1682 quae
2349 1637 2472 1673 adver-

1380 1691 1442 1718 sus
1472 1682 1587 1718 bonos
1617 1693 1734 1718 mores
1766 1682 1850 1726 fiat,
1885 1693 1959 1718 11011
1993 1693 2072 1718 eam
2107 1693 2212 1728 quam
2244 1682 2474 1727 magistratus

1379 1730 1477 1763 recte
1499 1727 1631 1770 intulit,
1656 1727 1794 1763 scilicet
1814 1728 1893 1763 iure
1915 1727 2013 1764 licito
2038 1731 2075 1763 et
2096 1728 2175 1763 iure
2197 1728 2344 1763 honoris
2367 1738 2473 1773 quem

1380 1773 1546 1808 sustinet.
1584 1776 1742 1809 ceterum
1765 1773 1796 1808 si
1818 1783 1883 1818 per
1913 1773 2080 1808 iniurIam
2112 1772 2198 1818 quid
2229 1772 2317 1808 fecit
2348 1773 2473 1818 populi

1379 1816 1534 1853 Romani
1556 1818 1787 1864 magistratus
1810 1818 1866 1854 vel
1887 1818 2092 1864 provinciae
2122 1828 2293 1864 praeseS‚=
2317 1818 2472 1863 Pompo·

1379 1863 1460 1898 nius
1484 1863 1609 1899 scribit
1630 1863 1701 1899 1100
1726 1863 1880 1899 edictum
1902 1863 2022 1899 locum
2043 1863 2195 1899 habere:
2229 1863 2259 1898 si
2282 1863 2393 1906 forte,
2417 1863 2471 1898 in-

1379 1908 1474 1953 quit,
1510 1909 1636 1944 mortis
1668 1913 1732 1944 aut
1761 1909 1948 1944 verberum
1978 1912 2116 1944 terrore
2145 1908 2335 1954 pecuniam
2365 1908 2473 1944 alicui

1379 1954 1579 1989 extorserit.

1424 1997 1450 2035 4
1474 1998 1636 2035 Pars-ms
1663 1999 1756 2035 libro
1787 1999 1978 2035 undecimo
2002 1998 2051 2034 ad
2072 1998 2226 2035 edictum
2271 1998 2350 2044 Ego
2383 2002 2472 2044 puto

1378 2044 1486 2080 etiam
1510 2044 1690 2080 servitutis
1713 2045 1877 2080 timorem
1901 2044 2137 2089 similiumque
2160 2043 2428 2080 admittendum.

1423 2087 1448 2126 5
1481 2088 1678 2125 Uzmrvs
1706 2089 1799 2125 libro
1830 2089 2020 2125 undecimo
2053 2089 2103 2125 ad
2133 2089 2288 2125 edictum
2333 2089 2472 2125 Metum

1377 2134 1627 2180 accipiendum
1638 2134 1763 2171 Labeo
1789 2135 1875 2170 dicit
1897 2145 1971 2170 non
1993 2134 2188 2180 quemlibet
2208 2135 2383 2177 timorem,
2408 2134 2472 2170 sed

1376 2180 1522 2216 maioris
1546 2180 1727 2216 malitatis.

1423 2223 1449 2263 6
1476 2225 1601 2261 Gaws
1621 2225 1713 2261 libro
1737 2229 1870 2271 quarto
1895 2225 1945 2260 ad
1961 2225 2115 2261 edictum
2127 2225 2359 2277 provinciale
2392 2225 2470 2260 Me-

1376 2274 1453 2306 tum
1476 2273 1598 2305 autem
1621 2280 1695 2306 non
1717 2270 1800 2305 vani
1823 2270 1996 2313 hominis,
2028 2269 2093 2305 sed
2125 2280 2186 2315 qm
2216 2270 2342 2305 merito
2375 2273 2411 2305 et
2433 2270 2471 2305 in
2526 2307 2528 2310 ,

1376 2315 1519 2351 homine
1542 2315 1830 2351 constantissimo
1857 2315 1982 2358 cadat,
2015 2314 2062 2350 ad
2085 2314 2156 2350 1100
2180 2314 2336 2350 edictum
2359 2315 2470 2360 perti-

1376 2370 1460 2396 nere
1484 2360 1654 2396 dicemus.

1389 2411 1392 2413 ’
1423 2403 1447 2442 7
1480 2404 1677 2442 Uarum
1705 2405 1796 2441 libro
1828 2405 2017 2441 undecimo
2042 2404 2092 2440 ad
2114 2404 2268 2440 edictum
2315 2404 2392 2440 Nec
2423 2405 2468 2440 ti-

1376 2462 1509 2487 morem
1542 2450 1712 2486 infamiae
1745 2451 1815 2486 hoc
1851 2450 1967 2486 edicto
2005 2450 2181 2486 contineri
2214 2449 2347 2485 Pedius
2383 2449 2472 2485 dicit

1375 2497 1466 2532 libro
1498 2496 1668 2542 septimo,
1704 2505 1820 2541 neque
1853 2496 2004 2531 alicuius
2040 2495 2237 2531 vexationis
2250 2495 2278 2517 ¹⁸
2307 2495 2470 2531 timorem

1374 2552 1440 2588 per
1462 2541 1532 2577 hoc
1556 2541 1713 2576 edictum
1734 2541 1885 2576 restitui.
1920 2540 2071 2594 proinde
2090 2540 2122 2576 si
2140 2540 2219 2585 quis
2239 2540 2469 2576 meticulosus

1374 2598 1450 2622 rem
1473 2586 1608 2622 nullam
1630 2586 1766 2622 frustra
1790 2587 1946 2621 timuerit
1962 2585 2000 2629 ¹⁹,
2030 2596 2095 2631 per
2124 2585 2194 2621 hoc
2218 2585 2372 2621 edictum
2396 2596 2468 2621 non

1374 2631 1586 2675 restituitur,
1611 2631 1779 2678 quoniam
1802 2641 1918 2676 neque
1940 2632 1975 2666 vi
1995 2641 2109 2676 neque
2127 2634 2243 2666 metus
2262 2640 2374 2666 causa
2390 2630 2468 2666 fac-

1377 2680 1391 2712 1
1442 2680 1519 2713 tum
1555 2680 1621 2713 est.
1668 2676 1823 2712 Proinde
1855 2676 1886 2712 si
1917 2677 1995 2722 quis
2030 2676 2067 2710 in
2089 2675 2188 2711 furto
2211 2675 2268 2711 vel
2290 2675 2468 2712 adulterio

1375 2723 1618 2768 deprehensus
1648 2722 1705 2758 vel
1733 2722 1772 2757 in
1802 2721 1873 2757 alio
1897 2721 2031 2767 flagitio
2057 2721 2112 2756 vel
2135 2720 2233 2756 dedit
2255 2721 2390 2766 aliquid
2412 2721 2468 2756 vel

1374 2778 1413 2803 se
1436 2767 1617 2813 obligavit,
1642 2767 1861 2814 Pomponius
1885 2767 1976 2802 libro
2000 2765 2193 2802 vicensimo
2217 2770 2343 2802 octavo
2367 2770 2466 2802 recte

1374 2813 1498 2849 scribit
1520 2823 1628 2858 posse
1652 2823 1733 2848 eum
1757 2812 1805 2847 ad
1826 2812 1897 2848 hoc
1927 2811 2084 2847 edictum
2116 2811 2314 2856 pertinere:
2347 2811 2467 2846 timuit

1375 2858 1467 2894 enim
1489 2858 1546 2894 vel
1569 2862 1720 2894 mortem
1742 2857 1796 2893 vel
1819 2857 1972 2892 vincula.
2021 2866 2214 2902 uamquam
2232 2867 2305 2892 non
2326 2866 2466 2894 omnem

1374 2903 1575 2939 adulterum
1597 2903 1705 2938 liceat
1728 2902 1902 2944 occidere,
1925 2902 1980 2938 vel
2064 2911 2130 2945 em,
2154 2901 2224 2937 nisi
2246 2911 2285 2937 se
2307 2901 2379 2937 telo
2404 2901 2465 2937 de-

1373 2948 1517 2984 fendat:
1549 2948 1612 2984 sed
1634 2950 1831 2994 potuerunt
1852 2947 1909 2983 vel
1940 2957 2013 2982 non
2043 2947 2120 2982 iure
2151 2946 2284 2990 occidi,
2318 2950 2354 2982 et
2383 2946 2465 2982 ideo

1373 2995 1490 3030 iustus
1513 2993 1622 3029 fuerit
1644 2997 1771 3028 metus.
1805 2991 1868 3028 sed
1892 2995 1928 3028 et
1951 2992 1992 3035 si,
2017 3002 2063 3028 ne
2082 2991 2256 3038 prodatur
2275 2992 2321 3027 ab
2342 3002 2384 3028 eo
2405 3003 2428 3044 q
2454 2992 2463 2999 “

1375 3038 1657 3084 deprehenderit,
1678 3038 1896 3080 alienaverit,
1917 3037 2079 3073 succurri
2101 3037 2133 3072 ei
2144 3037 2176 3058 2⁰
2194 3047 2259 3082 per
2277 3037 2348 3072 1100
2369 3037 2464 3073 edic-

1372 3088 1449 3119 tum
1473 3083 1644 3126 videturs
1665 3083 1833 3128 quoniam
1858 3083 1888 3118 si
1910 3082 2074 3128 proditus
2097 3086 2209 3125 esset,
2240 3082 2399 3128 potuerit
2422 3091 2465 3118 ea

1372 3129 1448 3212 pagi
1651 3127 1658 3135 '

2507 2778 2528 2855 Ξ

2500 2855 2528 3023 5

1496 3138 1565 3164 uae
1588 3128 1751 3164 diximus.
2495 3090 2523 3170 Ξ

1501 3183 1630 3210 ausos
1649 3173 1739 3209 libro
1763 3172 1952 3209 undecimo
1976 3172 2026 3208 ad
2046 3171 2200 3208 edictum
2234 3171 2299 3207 Isti
2322 3171 2463 3218 quidem
2504 3191 2511 3213 ·,

2514 2435 2528 2486 ἐ

2518 2485 2528 2500 ⁴

2516 2525 2528 2562 s:

2517 2571 2528 2603 i

2514 2618 2528 2668 ᾗ

2512 2687 2528 2713 ,,

2513 2710 2528 2775 ἓ

1373 3222 1409 3255 et
1431 3219 1469 3255 in
1491 3219 1603 3264 legem
1622 3218 1750 3254 Iuliam
1772 3218 1946 3261 incidunt,
1969 3217 2066 3270 quod
2076 3227 2141 3262 pro
2153 3221 2325 3262 conperto
2337 3220 2464 3263 stupro
2504 3216 2514 3221 ”

1372 3268 1600 3310 acceperunt.
1636 3267 1783 3309 praetor
1804 3266 1925 3298 tamen
1948 3267 2054 3298 etiam
2077 3265 2118 3297 ut
2139 3262 2331 3297 restituant
2352 3262 2461 3297 inter·
2502 3266 2519 3301 ,ζ

1371 3309 1491 3345 venire
1514 3309 1637 3345 debet:
1663 3319 1746 3344 nam
1770 3312 1806 3344 et
1823 3312 1962 3354 gestum
1982 3311 2037 3343 est
2054 3307 2148 3343 malo
2169 3318 2278 3350 more,
2303 3311 2339 3343 et
2357 3317 2460 3352 prae·

1371 3358 1430 3390 tor
1452 3364 1525 3391 nou
1548 3354 1713 3400 respicit,
1747 3364 1794 3389 an
1825 3353 1965 3389 adulter
1997 3352 2044 3389 sit
2066 3352 2127 3398 qui
2151 3352 2266 3395 dedit,
2299 3352 2361 3388 sed
2391 3352 2461 3389 hoc
2508 3360 2510 3362 ’

1371 3478 1440 3501 rem
1454 3468 1636 3500 iudicatam
1654 3469 1807 3502 Cuiacius

1417 3514 1475 3554 (¹2)
1500 3514 1567 3546 Ed.
1583 3521 1605 3547 1.
1618 3521 1716 3548 3010.
1732 3519 1843 3547 12...16.
1857 3519 1979 3551 19...21;
1993 3512 2079 3555 Pap.
2094 3519 2120 3545 2.
2136 3519 2177 3546 17.
2193 3518 2229 3545 22
2240 3521 2249 3550 3
2262 3511 2344 3545 Sab-
2358 3518 2399 3545 11.
2412 3517 2458 3546 18.

1371 3565 1416 3592 23.
1431 3577 1476 3582 -
1490 3559 1573 3591 Bas.
1592 3560 1643 3598 10,
1658 3565 1685 3592 2.
1699 3576 1744 3583 —
1760 3558 1812 3601 Cf.
1830 3557 1906 3591 cod.
1922 3558 1954 3599 2,
1967 3564 2003 3591 20
2075 3558 2133 3598 (13)
2147 3556 2374 3600 trepidatione
2386 3556 2422 3589 F
2427 3555 2456 3587 ¹2

1370 3606 1477 3635 metus
1488 3629 1495 3636 .
1506 3627 1513 3635 .
1525 3627 1532 3634 .
1544 3603 1727 3647 trepidatio
1737 3602 1929 3636 collocanda
1943 3603 1977 3635 in
1983 3602 2151 3646 principio
2162 3602 2204 3636 La
2213 3608 2289 3635 ante
2298 3600 2457 3634 Continet
2492 3636 2494 3638 v

1370 3649 1428 3690 (1⁴)
1442 3647 1598 3681 videatur
1609 3649 1664 3682 ΙΝ
1791 3648 1851 3689 (15)
1875 3663 1920 3676 ==
1932 3647 2060 3680 Paulus
2075 3648 2104 3687 1,
2118 3654 2146 3687 ¹1,
2160 3653 2176 3681 ¹1
2314 3648 2374 3687 (ιο)
2397 3654 2456 3678 au-

1369 3697 1435 3726 tem
1448 3706 1507 3726 om.
1523 3693 1626 3727 Pauli·
1635 3693 1713 3727 libri
1768 3693 1826 3734 (17)
1839 3692 1947 3725 maior
1955 3692 2059 3725 Pauli
2065 3692 2145 3725 libri
2199 3692 2259 3733 (18)
2272 3689 2456 3724 exactionis

1370 3738 1418 3772 F·
1513 3739 1572 3777 (19)
1599 3738 1768 3771 timuerim
1780 3737 1814 3771 F
1899 3739 1962 3777 (20)
1987 3738 2019 3770 ei
2033 3737 2069 3778 S,
2084 3740 2117 3769 et
2130 3737 2164 3769 F
