2528 3918
123 125 185 158 DE
212 124 424 158 nmmum
453 123 594 157 CAUSA

124 241 144 274 2
189 237 329 283 litigare
350 235 577 284 permittitur.
624 233 714 270 Cum
743 242 826 269 vero
855 232 937 269 talis
960 243 1065 269 nemo
1089 232 1179 269 alius
1193 234 1203 254 ¹

122 287 195 326 est,
234 283 296 328 qui
323 293 388 329 pro
419 292 462 318 eo
491 281 622 326 litiget,
656 283 744 315 tunc
773 278 1014 314 necessarium
1043 282 1098 314 est
1128 278 1206 313 dari

123 328 330 364 facultatem
353 328 459 364 etiam
482 324 666 362 matrisvel
687 323 829 360 filiabus
852 323 908 359 vel
927 324 1109 360 sororibus
1130 325 1205 359 eius

124 374 320 419 ceterisque
347 371 555 408 mulieribus
583 379 676 415 quae
705 369 750 405 de
787 369 997 414 cognatione
1032 373 1115 404 sunt
1150 368 1207 403 vel

123 419 229 454 etiam
251 418 355 454 uxori
377 417 475 452 adire
490 419 693 461 praetorem
708 418 745 450 et
759 414 828 450 1100
843 414 1013 454 indicare,
1039 418 1083 448 ut
1097 423 1207 448 causa

126 467 145 498 3
193 464 334 508 cognita
355 466 393 498 et
413 461 524 497 invito
548 461 581 496 ei
604 464 848 495 succurratur.
892 459 961 494 Sed
985 463 1022 494 et
1045 460 1076 494 si
1098 459 1205 494 liber-

122 513 199 544 tum
223 518 338 544 meum
360 507 414 543 vel
437 506 600 542 libertam
625 505 758 547 dicam,
788 504 879 540 idem
909 506 978 539 erit
1005 504 1205 539 dicendum.

168 553 195 590 4
228 553 351 589 GAIUS
379 551 429 587 ad
456 551 609 587 edictum
634 552 822 597 praetoris
855 550 990 584 urbani
1023 549 1126 584 titulo
1163 548 1208 583 de

123 598 266 635 liberali
285 607 396 633 causa
437 596 506 632 Sed
521 599 608 631 tunc
625 598 777 640 patrono
795 594 1002 630 conceditur
1018 605 1083 639 pro
1099 594 1206 628 liber-

121 647 196 679 tate
214 642 331 678 liberti
348 642 497 687 litigare,
521 642 553 677 si
576 651 619 677 eo
642 641 829 685 ignorante
851 641 1001 675 libertus
1025 639 1145 675 venire
1169 648 1208 674 se

147 698 250 723 assus
272 690 339 723 est.

122 699 145 734 p
167 731 193 770 5
237 731 431 768 Uzpmws
469 731 586 767 libro²
625 730 951 777 quinquaqensimo
989 733 1121 776 quarto
1159 728 1210 764 ad

121 778 273 814 edictum
327 778 481 813 Interest
516 776 609 812 enim
643 780 769 811 nostra
805 775 954 811 libertos
990 775 1208 819 libertasque

125 827 139 858 1
187 823 331 859 habere.
383 822 487 867 Quod
521 822 552 857 si
584 821 707 866 plures
736 831 781 856 ex
811 821 1015 856 memoratis
1043 820 1207 865 personis

120 868 294 910 existant,
319 868 380 913 qui
402 867 511 903 velint
533 877 599 912 pro
623 866 679 902 his
701 865 857 911 litigare,
885 865 1062 911 praetoris
1086 868 1207 911 partes

120 914 400 960 interponendae
424 916 526 955 sunt,
555 915 597 948 ut
625 912 750 957 eligat,
782 922 888 956 quem
917 911 1141 957 potissimum
1170 910 1208 944 in

120 959 190 995 hoc
224 969 304 995 esse
333 958 520 994 existimat.
577 958 673 1003 quod
710 961 748 993 et
782 958 820 992 in
848 957 1012 1003 pluribus
1045 955 1207 1002 patronis

121 1004 303 1040 observari
326 1003 442 1039 debet.

167 1047 193 1087 6
226 1049 349 1085 Gsws
374 1049 424 1084 ad
451 1048 605 1085 edictum
627 1047 818 1095 praetoris
837 1047 972 1083 urbam·
1014 1045 1207 1091 Benignius

121 1099 240 1130 autem
263 1095 332 1130 hoc
353 1093 639 1148 persequendum
662 1096 733 1135 est,
763 1096 819 1137 ut,
854 1092 885 1128 si
912 1092 1069 1128 furiosus
1094 1096 1130 1127 et
1152 1091 1206 1126 in-

121 1140 202 1176 fans
225 1143 281 1175 est
303 1151 364 1185 qui
386 1140 424 1174 in
446 1139 652 1175 servitutem
669 1138 834 1180 trahitur,
859 1148 932 1173 non
951 1137 1066 1173 solum
1082 1146 1206 1172 neces-

122 1186 225 1222 sariis
295 1185 430 1227 rsonis,
455 1184 519 1220 sed
541 1184 648 1219 etiam
671 1184 850 1219 extraneis
872 1184 942 1219 hoc
965 1182 1205 1228 permittatur.

168 1228 191 1268 7
252 1240 418 1266 LPJANUS
437 1230 528 1266 libro
571 1230 871 1282 uinquaqensimo
885 1231 1019 1282 quarto
1042 1228 1093 1263 ad
1113 1227 1208 1263 edic-

122 1280 195 1311 tum
240 1275 381 1311 Liberis
413 1275 520 1311 etiam
576 1274 772 1316 ominibus,
801 1283 954 1310 maxime
977 1273 1031 1308 si³
1054 1272 1207 1308 maiores

121 1321 242 1366 viginti
264 1321 367 1356 annis
390 1331 518 1356 venum
541 1329 581 1356 se
604 1319 682 1354 dari
704 1319 804 1365 passi
834 1322 920 1355 sunt
947 1318 1003 1355 vel
1032 1318 1070 1354 in
1097 1317 1207 1354 servi-

120 1371 233 1402 tutem
256 1376 327 1411 qua
351 1375 399 1401 ua
421 1365 561 1401 ratione
584 1364 724 1407 deduci,
748 1364 837 1400 nihil
859 1364 974 1407 obest,
998 1374 1070 1409 quo
1089 1363 1207 1398 minus

120 1412 260 1458 possint
281 1377 542 1447 mffibertatem
565 1410 800 1456 proclamare,
824 1409 893 1445 nisi
916 1409 1009 1445 forte
1026 1419 1065 1444 se
1079 1419 1208 1444 venum

125 1462 139 1493 1
188 1457 266 1493 dari
288 1456 388 1502 passi
410 1459 511 1499 sunt,
542 1457 606 1491 ut⁴
635 1455 930 1501 participaverint
956 1454 1121 1500 pretium.
1169 1453 1208 1489 Si

120 1503 199 1548 quis
221 1503 338 1538 minor
359 1501 482 1547 viginti
504 1501 608 1537 annis
632 1500 679 1536 ad
728 1500 953 1536 artiendum⁵
974 1500 1129 1546 pretium
1147 1509 1206 1535 ve-

119 1559 205 1584 num
232 1558 272 1584 se
301 1547 381 1583 dari
408 1557 538 1593 passus
568 1548 641 1589 est,
671 1556 709 1581 m
739 1546 747 1555 '
792 1546 825 1582 ei
853 1546 948 1581 hoc⁶
976 1549 1061 1591 post
1082 1543 1208 1590 viginti

120 1603 233 1629 annos
263 1592 418 1628 nocebit.
465 1591 530 1629 sed
551 1591 584 1628 si
607 1594 691 1627 ante
714 1591 856 1636 quidem
880 1601 919 1627 se
942 1601 1070 1627 venum
1097 1590 1207 1632 dedit,

119 1642 203 1685 post
225 1638 456 1674 vicensimum
479 1641 599 1673 autem
628 1647 760 1672 annum
782 1636 938 1682 pretium
960 1636 1116 1681 partitus
1140 1639 1206 1678 est,

120 1688 140 1720 2
187 1684 320 1730 poterit
347 1683 381 1719 ei
409 1683 557 1719 libertas
583 1682 762 1727 denegari.
810 1681 850 1718 Si
870 1682 953 1727 quis
977 1681 1095 1717 sciens
1118 1681 1206 1716 libe-

119 1740 199 1765 rum
222 1728 357 1770 emerit,
380 1738 454 1764 non
469 1728 666 1773 denegatur
682 1726 825 1763 vendito
844 1727 883 1763 in
899 1727 1104 1763 libertatem
1122 1737 1206 1771 pro-

121 1774 286 1810 clamatio
311 1773 481 1809 adversus
505 1783 586 1809 eum
616 1773 678 1818 qui
707 1783 788 1809 eum
818 1772 1055 1817 comparavit,
1086 1771 1206 1807 cuius-

120 1830 189 1866 que
213 1820 262 1856 sit
284 1819 413 1855 aetatis
437 1818 499 1872 qui
522 1821 662 1864 emptus
685 1822 758 1860 est,
786 1817 924 1854 idcirco
948 1817 1034 1863 quia
1057 1827 1129 1852 non
1153 1819 1208 1852 est

120 1865 224 1901 venia
247 1864 374 1919 dignus
398 1875 459 1909 qu1
482 1864 586 1908 emit,
618 1863 760 1900 etiamsi
782 1864 954 1899 scientem
976 1862 1206 1908 prudentem-

120 1921 189 1955 que
212 1920 251 1946 se
273 1910 426 1946 liberum
449 1909 583 1945 emerit.
619 1909 683 1945 sed
707 1908 801 1944 enim
824 1908 856 1944 si
871 1911 999 1954 postea
1015 1907 1108 1943 alius
1125 1918 1206 1943 eum

121 1956 245 1992 emerit
273 1955 319 1991 ab
348 1954 435 1997 hoc,
466 1954 527 1999 qui
550 1954 669 1998 scivit,
701 1954 713 1989 i
763 1963 887 1997 orans,
921 1952 1129 1998 deneganda
1151 1956 1207 1988 est

121 2005 140 2038 3
187 2001 222 2037 ei
248 2000 410 2036 libertas.
457 1999 497 2035 Si
525 1999 596 2035 duo
629 1965 761 2035 simul¹¹
765 1999 914 2035 emerint
943 2003 1081 2044 partes,
1113 1997 1207 2033 alter

120 2047 247 2090 sciens,
271 2045 363 2081 alter
384 2045 567 2089 ignoranS,
590 2043 781 2080 videndum
798 2044 877 2088 erit,
901 2054 987 2079 num
1011 2042 1075 2079 uid
1089 2042 1123 2079 is
1143 2042 1205 2088 qui

120 2092 189 2128 scit
210 2102 284 2127 non
306 2090 436 2126 debeat
452 2099 584 2125 nocere
597 2089 796 2135 ignoranti:
822 2088 919 2134 quod
934 2088 996 2133 qui
1021 2098 1077 2124 em
1091 2087 1205 2132 magis

121 2141 186 2173 est.
232 2135 297 2172 sed
325 2135 420 2171 enim
447 2135 510 2170 illa
538 2134 608 2171 erit
630 2133 809 2179 quaestio,
944 2144 980 2168 m
1003 2133 1116 2169 solam
1139 2133 1204 2168 ha-

119 2182 220 2218 bebit
246 2181 279 2217 is
310 2180 372 2226 qui
399 2180 578 2226 ignoravit
607 2190 654 2215 an
685 2180 826 2215 totum?
871 2182 908 2214 et
936 2178 1023 2224 quid
1046 2177 1205 2214 dicemus

120 2228 165 2263 de
187 2226 261 2262 alia
283 2226 411 2271 parte?
456 2235 504 2260 an
532 2224 579 2260 ad
606 2231 687 2260 eum
715 2225 777 2270 qui
799 2224 869 2260 scit
891 2224 1095 2269 pertineat?
1142 2223 1206 2259 sed

119 2273 181 2309 ille
208 2271 374 2316 indignus
407 2273 463 2306 est
490 2269 576 2315 quid
604 2270 755 2313 habere,
791 2270 877 2314 quia
913 2269 1029 2305 sciens
1068 2269 1204 2305 emerit.

120 2328 261 2353 rursum
292 2316 354 2361 qui
382 2315 575 2361 ignoravit,
614 2326 688 2351 non
718 2318 839 2360 potest
866 2315 1037 2350 maiorem
1065 2318 1205 2360 partem

121 2362 269 2398 dominii
291 2361 424 2397 habere
447 2371 553 2406 quam
577 2363 679 2397 emIt:
710 2360 828 2396 evenit
849 2359 864 2396 i
888 2360 975 2403 'tur‚
1000 2363 1042 2395 ut
1065 2360 1097 2395 ei
1120 2370 1204 2404 pro-

120 2409 168 2444 sit
214 2407 252 2442 ui
275 2417 355 2442 eum
378 2406 598 2452 comparavit
621 2405 756 2449 sciens,
781 2416 851 2451 quo
901 2405 992 2441 alius
1015 2405 1204 2449 ignoravit.

121 2458 142 2489 4
188 2419 280 2488 gunt
312 2456 348 2488 et
377 2452 471 2487 aliae
503 2461 653 2494 causae,
689 2461 734 2487 ex
768 2451 896 2496 quibus
930 2451 970 2486 in
1003 2450 1206 2486 libertatem

120 2498 354 2545 proclamatio
383 2497 596 2542 denegatur,
627 2496 738 2532 veluti
770 2497 801 2532 si
832 2496 912 2542 quis
944 2506 989 2532 ex
1020 2506 1062 2531 eo
1092 2499 1205 2531 testa-

121 2547 239 2580 mento
273 2543 364 2578 liber
397 2552 476 2578 esse
509 2541 666 2584 dicatur,
704 2541 800 2586 quod
833 2544 1084 2577 testamentum
1119 2551 1204 2586 ape-

120 2589 185 2625 riri
214 2591 361 2634 praetor
390 2590 506 2630 vetat,
542 2587 628 2632 quia
654 2590 807 2622 testator
837 2597 860 2621 a
890 2586 1025 2622 familia
1055 2590 1205 2622 necatus

121 2643 199 2670 esse
226 2633 384 2669 dicatur:
417 2643 499 2668 cum
521 2632 616 2668 enim
637 2631 675 2667 in
698 2642 740 2668 eo
765 2632 813 2668 sit
834 2631 921 2674 iste,
954 2635 995 2667 ut
1026 2631 1203 2676 supplicio

121 2679 214 2715 forte
247 2678 296 2714 sit
328 2676 566 2720 adficiendus,
606 2687 679 2712 non
712 2676 819 2713 debet
851 2676 1000 2712 liberale
1033 2676 1205 2712 iudicium

121 2724 155 2760 ei
186 2723 345 2759 concedi.
400 2722 466 2759 sed
494 2726 531 2758 et
559 2722 590 2758 si
620 2721 704 2758 data
733 2722 861 2765 fuerit,
893 2722 978 2767 quia
1006 2721 1204 2765 dubitatur,

121 2772 241 2805 utrum
263 2778 397 2804 nocens
420 2767 468 2803 sit
491 2777 538 2802 an
555 2767 740 2810 innocens,
766 2767 927 2803 differtur
945 2766 1094 2803 liberale
1110 2767 1205 2803 iudi-

121 2815 225 2858 cium,
250 2813 364 2849 donec
388 2816 527 2848 constet
550 2812 593 2848 de
615 2816 730 2848 morte
753 2813 842 2855 eius,
895 2812 932 2848 ui
956 2816 1105 2848 necatus
1130 2816 1203 2848 est:

121 2859 310 2940 gppssssibi‘
320 2857 808 2948 §ffiffuisussfflessvii’ffidss
827 2857 1049 2939 ffisssfffflxff
1062 2858 1205 2948 5301?

122 2953 215 2992 mat,
245 2948 408 2995 petitoris
438 2951 558 2993 partes
588 2948 756 2984 sustinet:
788 2948 820 2984 si
848 2958 933 2984 vero
966 2959 1009 2984 ex
1039 2948 1204 2984 libertate

121 2996 159 3032 in
180 2995 384 3031 servitutem
407 2997 570 3040 petatur,
598 2993 629 3028 is
659 2997 781 3039 partes
812 2994 944 3030 actoris
969 2994 1121 3029 sustinet
1144 2994 1204 3039 qui

122 3051 261 3077 servum
284 3051 388 3076 suum
412 3039 509 3074 dicit.
544 3038 651 3082 igitur
675 3049 754 3074 cum
778 3038 822 3074 de
843 3039 914 3075 hoc
935 3039 1112 3075 incertum
1136 3043 1201 3081 est,

122 3090 164 3122 ut
184 3086 300 3132 possit
321 3084 493 3121 iudicium
517 3083 675 3119 ordinem
698 3084 881 3129 accipere,
906 3084 976 3120 hoc
1000 3088 1084 3120 ante
1107 3084 1204 3130 apud

123 3142 223 3174 eum,
260 3130 322 3176 qui
351 3130 396 3165 de
425 3129 592 3165 libertate
621 3129 827 3173 cogniturus
858 3132 931 3172 est,
969 3129 1203 3175 disceptatur,

125 3180 243 3212 utrum
271 3186 316 3211 ex
345 3175 511 3211 libertate
539 3174 577 3209 in
600 3174 805 3210 servitutem
827 3178 892 3210 aut
914 3179 1041 3211 contra
1064 3178 1203 3220 agatur.

122 3225 159 3257 et
182 3221 213 3256 si
234 3220 328 3256 forte
351 3219 559 3265 apparuerit
581 3229 680 3261 eum,
706 3219 766 3264 qui
788 3218 832 3255 de
854 3220 1018 3256 libertate
1042 3230 1108 3256 sua
1131 3219 1203 3255 liti-

122 3270 195 3312 gat,
217 3265 256 3301 in
277 3265 443 3301 libertate
466 3265 543 3301 sine
566 3264 649 3300 dolo
673 3264 766 3299 malo
790 3264 912 3307 fuisse,
935 3265 967 3301 is
991 3265 1053 3310 qui
1076 3275 1115 3300 se
1138 3265 1202 3300 do-

122 3311 255 3347 minum
283 3310 369 3346 dicit
398 3310 530 3346 actoris
554 3313 675 3355 partes
699 3309 889 3345 sustinebit
912 3314 947 3345 et
969 3320 1116 3346 necesse
1138 3311 1202 3345 ha-

122 3356 222 3393 bebit
251 3366 392 3391 servum
419 3366 523 3391 suum
549 3355 722 3400 probare:
755 3354 852 3400 quod
881 3354 912 3390 si
933 3355 1203 3400 pronuntiatum

123 3401 230 3437 fuerit
251 3411 295 3437 eo
318 3403 488 3445 tempore,
511 3410 581 3445 quo
601 3400 644 3435 lis
662 3409 749 3445 prae
775 3399 956 3444 arabatur,
979 3400 1018 3436 in
1037 3400 1204 3436 libertate

123 3456 205 3482 eum
232 3456 306 3482 non
331 3445 444 3481 fuisse
475 3449 540 3480 aut
569 3445 651 3480 dolo
684 3454 742 3480 ma
758 3455 778 3480 0
807 3444 937 3487 fuisse,
967 3444 1045 3490 ipse
1074 3446 1136 3491 qui
1159 3445 1204 3480 de

123 3501 191 3528 sua
211 3490 379 3527 libertate
400 3489 516 3536 litigat
539 3489 645 3526 debet
666 3500 706 3526 se
728 3490 880 3526 liberum
901 3490 1067 3535 probare.

126 3605 164 3645 (1)
188 3603 285 3647 alius]
297 3603 463 3637 masculus
472 3615 534 3637 scr.
549 3615 618 3636 eum
631 3603 667 3636 B
755 3603 798 3644 (2)
822 3600 910 3634 libro
921 3614 980 3635 om.
994 3603 1030 3635 F
1108 3604 1151 3644 (3)
1175 3602 1203 3634 si

124 3649 263 3682 maxime
280 3649 422 3682 Arnaud
533 3649 577 3690 (4)
601 3658 635 3680 ss
651 3657 773 3680 venum
790 3646 863 3679 dari
881 3647 971 3689 passi
986 3649 1066 3680 sunt
1081 3650 1121 3680 ut
1138 3648 1201 3681 del.

125 3698 169 3735 (5)
191 3693 401 3736 pei-tiendum
413 3693 448 3726 F
522 3694 566 3734 (6)
589 3692 665 3734 1100]
678 3702 739 3725 nec
751 3704 812 3725 scr.
901 3692 944 3732 (7)
969 3692 1140 3725 vindicent
1151 3692 1202 3725 di-

127 3740 201 3771 cent
212 3738 264 3771 F²
309 3740 353 3780 (8)
377 3738 593 3783 ιαιιῒιωιράά.
640 3738 684 3779 (ο)
708 3736 845 3770 alterius
858 3737 932 3770 dett.
983 3738 1042 3779 (10)
1067 3738 1126 3780 qui
1139 3749 1200 3770 scr.

1194 105 1279 155 639

2103 112 2275 155 XXXX
2307 115 2358 154 12

1321 230 1345 270 8
1370 233 1478 269 lom!
1504 232 1596 269 libro
1651 233 1952 280 uinquaqensn‘mo
1976 235 2103 282 quinto
2131 235 2184 272 ad
2206 235 2360 273 edictum

1275 277 1437 323 Cognitio
1455 278 1500 313 de
1514 243 1656 313 liber-asi
1672 288 1782 313 causa
1797 280 2065 317 usufructuario
2082 280 2200 325 datur,
2219 280 2361 318 etiamsi

1275 324 1439 359 dominus
1462 333 1605 369 quoque
1622 323 1717 365 velit,
1742 324 1811 360 hoc
1834 329 1889 360 est
1912 326 1973 370 qui
1994 336 2034 362 se
2057 325 2238 362 dominum
2262 326 2360 369 dicit,

1282 372 1292 403 1
1344 379 1486 404 movere
1515 372 1631 404 status
1662 370 1950 406 controversiam.
1998 371 2036 406 Si
2058 371 2180 417 plures
2204 371 2273 408 sibi
2295 371 2359 407 do-

1274 414 1422 449 minium
1457 414 1549 450 servi
1583 413 1766 449 vindicant
1802 414 1984 451 dicentes⁷
2015 426 2094 452 esse
2126 427 2360 459 communem,

1275 459 1322 493 ad
1353 458 1503 494 eundem
1533 458 1688 494 iudicem
1718 459 1880 494 mittendi
1912 465 2033 496 erunt:
2067 465 2103 496 et
2131 462 2183 497 ita
2214 466 2361 498 senatus

1276 505 1424 539 censuit.
1474 508 1631 539 ceterum
1655 504 1687 539 si
1710 505 1954 549 unusquisque
1978 516 2082 541 suum
2106 517 2185 542 esse
2212 508 2249 543 in
2272 508 2359 543 soli-

1275 548 1371 590 dum,
1395 560 1467 584 non
1490 550 1527 584 in
1549 552 1690 603 partem
1711 549 1817 592 dicat,
1844 554 1961 585 cessat
1976 556 2120 586 senatus
2138 553 2357 588 consultum:

1275 604 1391 639 neque
1414 594 1506 629 enim
1529 597 1636 629 timor
1660 597 1726 636 est,
1750 604 1795 629 ne
1818 595 1914 630 varie
1937 595 2125 638 iudicetur,
2151 608 2232 632 cum
2250 608 2359 633 unus-

1275 642 1296 674 2
1343 639 1494 684 quisque
1523 639 1677 675 solidum
1709 639 1904 675 dominium
1927 640 1997 675 sibi
2019 641 2185 677 vindicet.
2232 642 2303 678 Sed
2326 647 2362 678 et

1274 684 1305 720 si
1343 684 1434 719 alter
1465 695 1569 719 usum
1603 684 1761 719 fructum
1790 687 1905 719 totum
1917 685 1940 727 ⁸,
1981 686 2072 721 alter
2108 687 2360 732 proprietatem

1275 729 1368 765 servi
1397 729 1571 772 vindicet,
1603 730 1688 764 item
1717 730 1749 765 si
1772 729 1864 765 alter
1887 729 2097 773 dominium,
2127 732 2216 767 alter
2238 733 2360 778 pigne-

1274 778 1392 810 ratum
1415 775 1484 809 sibi
1508 774 1616 816 dicat,
1641 775 1735 810 idem
1757 774 1865 810 iudex
1889 775 1974 810 erit:
2000 779 2036 810 et
2052 777 2151 821 parvi
2169 777 2289 822 refert,
2315 778 2360 813 ab

1275 820 1399 855 eodem
1423 830 1470 855 an
1493 820 1539 855 ab
1564 820 1635 855 alio
1659 820 1693 855 ei
1716 820 1854 866 pigneri
1876 820 1982 856 datus
2006 820 2064 856 sit.

1321 863 1346 902 9
1380 865 1504 901 Gsws
1537 865 1587 901 ad
1620 866 1775 901 edictum
1802 866 1991 912 praetoris
2021 866 2155 902 urbani
2184 868 2286 903 titulo
2317 868 2362 903 de

1275 910 1419 946 liberali
1440 920 1552 946 causa
1599 910 1636 946 Si
1659 910 1796 955 pariter
1813 911 1983 947 adversus
2003 921 2094 954 eum,
2120 912 2239 956 quide
2254 913 2361 949 liber-

1274 959 1349 991 tate
1372 956 1508 1000 litigat,
1541 955 1744 992 consistant
1773 956 1995 992 fructuarius
2026 959 2063 991 et
2092 957 2361 1002 proprietarius,

1274 1001 1354 1037 fieri
1375 1005 1512 1046 potest,
1543 1004 1585 1036 ut
1616 1001 1788 1037 alteruter
1817 1002 1930 1037 absit:
1963 1012 2033 1047 quo
2064 1012 2151 1037 casu
2181 1013 2227 1038 an
2258 1014 2361 1048 prae-

1275 1046 1369 1082 senti
1391 1046 1460 1082 soli
1481 1046 1719 1091 permissurus
1736 1047 1783 1083 sit
1797 1051 1945 1092 praetor
1963 1047 2134 1082 adversus
2150 1057 2231 1083 eum
2246 1058 2361 1093 agere,

1275 1092 1433 1127 dubitari
1463 1095 1598 1137 potest,
1633 1092 1720 1137 quia
1748 1103 1821 1128 non
1853 1092 1960 1128 debet
1989 1092 2136 1127 alterius
2167 1093 2362 1130 collusione

1274 1140 1339 1173 aut
1360 1137 1490 1172 inertia
1513 1137 1641 1173 alteri⁹
1662 1138 1719 1173 ius
1748 1137 1941 1183 corrumpi.
1989 1137 2053 1173 sed
2075 1138 2210 1173 rectius
2233 1139 2364 1174 dicitur

1274 1183 1383 1218 etiam
1406 1182 1571 1218 alterutri
1594 1193 1718 1218 eorum
1746 1182 2023 1228 permittendum
2051 1193 2174 1228 agere,
2204 1187 2245 1218 ut
2274 1184 2362 1219 alte-

1274 1228 1351 1264 rius
1373 1228 1431 1264 ius
1455 1227 1702 1281 incorruptum
1725 1232 1878 1264 maneat.
1916 1228 2013 1274 quod
2026 1230 2054 1250 ¹⁰
2076 1228 2109 1264 si
2131 1228 2250 1264 adhuc
2273 1240 2362 1265 non-

1275 1273 1361 1309 dum
1383 1272 1485 1309 finito
1509 1273 1642 1309 iudicio
1667 1274 1928 1319 supervenerit,
1961 1273 2008 1309 ad
2036 1273 2186 1310 eundem
2208 1274 2361 1310 iudicem

1274 1320 1454 1362 mittetur,
1488 1319 1559 1355 nisi
1589 1319 1620 1355 si
1648 1318 1781 1355 iustam
1811 1329 1957 1355 causam
1987 1318 2145 1362 adferat,
2177 1329 2287 1365 quare
2317 1320 2363 1355 ad

1274 1374 1356 1400 eum
1386 1364 1479 1399 mitti
1509 1375 1583 1399 non
1614 1363 1763 1408 debeat,
1795 1364 1889 1400 forte
1912 1365 1943 1400 si
1966 1375 2048 1401 eum
2070 1364 2226 1400 iudicem
2246 1365 2362 1400 inimi-

1278 1413 1291 1445 1
1344 1420 1425 1445 cum
1449 1409 1519 1445 sibi
1542 1419 1622 1445 esse
1645 1409 1820 1446 adfirmet.
1868 1410 1967 1445 Idem
1995 1410 2155 1446 dicemus
2179 1414 2215 1445 et
2238 1410 2270 1446 si
2292 1410 2363 1446 duo

1273 1455 1439 1500 pluresve
1463 1455 1597 1491 domini
1621 1465 1700 1491 esse
1722 1455 1888 1491 dicantur
1904 1459 1940 1491 et
1957 1455 2102 1500 quidam
2118 1459 2263 1502 praesto
2275 1456 2362 1498 sint,

1275 1504 1294 1536 2
1343 1499 1488 1546 quidam
1512 1500 1705 1536 aberintss.
1752 1500 1856 1536 Unde
1885 1500 1924 1536 in
1954 1505 2106 1546 utroque
2135 1511 2223 1537 casu
2251 1500 2362 1547 dispi-

1274 1546 1420 1590 ciamus,
1445 1556 1503 1589 an,
1528 1546 1559 1581 si
1581 1545 1613 1581 is
1638 1546 1699 1590 qui
1718 1546 1817 1591 prior
1837 1546 1947 1591 egerit
1966 1546 2082 1582 victus
2102 1546 2159 1589 sit,
2183 1546 2299 1592 prosit
2318 1547 2362 1589 ei,

1275 1591 1371 1637 quod
1401 1591 1580 1637 posterior
1607 1590 1750 1635 vicerit,
1781 1591 1838 1627 vel
1867 1594 2010 1635 contra,
2041 1591 2079 1627 id
2108 1595 2163 1627 est
2192 1594 2249 1635 ut,
2281 1602 2361 1628 cum

1275 1637 1417 1672 omnino
1449 1636 1624 1673 alteruter
1653 1637 1795 1679 vicerit,
1857 1636 1947 1672 rosit
1977 1637 2086 1673 etiam
2115 1637 2237 1681 alteri,
2269 1638 2364 1673 sicut

1274 1681 1424 1728 prodest
1445 1681 1568 1717 heredi
1590 1682 1720 1725 liberti,
1745 1692 1815 1727 quo
1863 1682 1903 1718 in
1926 1681 2090 1717 fraudem
2112 1681 2256 1728 patroni
2271 1683 2363 1718 servi

1274 1727 1483 1763 manumissi
1506 1728 1588 1763 sint.
1632 1727 1664 1762 si
1688 1727 1747 1763 cui
1768 1727 1912 1773 placeat
1934 1727 2115 1773 prodesse,
2141 1737 2363 1772 consequens

1275 1776 1340 1815 est,
1364 1776 1416 1815 ut,
1442 1783 1523 1808 cum
1544 1772 1639 1808 idem
1662 1775 1763 1818 petat
1776 1773 1814 1815 ¹²,
1844 1773 2046 1818 exceptioni
2057 1774 2085 1795 ¹³
2108 1773 2162 1809 rei
2182 1772 2363 1809 iudicatae

1275 1817 1456 1854 obiciatur
1478 1817 1683 1863 replicatio:
1708 1818 1740 1854 si
1759 1818 1818 1853 cui
1832 1828 1917 1854 vero
1934 1818 2078 1863 placeat
2093 1829 2166 1854 non
2181 1818 2363 1863 prodesse,

1273 1863 1304 1899 is
1328 1863 1476 1899 habebit
1499 1867 1706 1908 sequentem
1730 1863 1999 1907 dubitationem,
2023 1867 2144 1899 utrum
2165 1864 2215 1908 id,
2237 1863 2276 1900 in
2292 1874 2362 1910 quo

1275 1908 1353 1954 quis
1370 1908 1485 1944 victus
1503 1913 1569 1951 est,
1592 1908 1726 1944 nullius
1751 1909 1829 1951 erit,
1855 1919 1902 1944 an
1926 1908 2002 1944 eius
2021 1919 2100 1945 esse
2116 1908 2256 1951 debeat,
2282 1920 2362 1945 cum
2430 1942 2433 1945 ,

1275 1964 1345 1999 quo
1358 1954 1385 1975 ¹⁴
1410 1957 1530 1989 actum
1554 1954 1612 1995 sit,
1638 1964 1685 1989 an
1707 1954 1827 1999 potius
1852 1954 1928 1989 eius
1952 1953 2013 1999 qui
2036 1954 2186 1990 vicerit?
2227 1954 2364 1990 scilicet

1273 2002 1315 2034 ut
1342 1998 1441 2034 utilis
1471 1999 1566 2034 actio
1597 1998 1703 2034 detur
1730 1998 1765 2034 ei
1794 1999 1858 2044 qui
1885 1999 2027 2043 vicerit,
2066 1999 2209 2035 minime
2244 2003 2363 2035 autem

1274 2047 1421 2089 praetor
1443 2044 1519 2089 pati
1543 2043 1684 2086 debeat,
1708 2047 1750 2079 ut
1771 2054 1838 2089 pro
1861 2047 1965 2090 parte
1988 2043 2067 2089 quis
2090 2055 2214 2081 servus
2237 2044 2295 2081 sit.

1322 2087 1373 2127 10
1399 2089 1594 2125 Uzmzws
1608 2089 1699 2126 libro
1718 2090 2044 2142 quinquaqensimo
2059 2090 2185 2135 quinto
2203 2090 2254 2125 ad
2269 2090 2363 2126 edic-

1273 2137 1348 2169 tum
1394 2133 1499 2178 Quod
1522 2137 1643 2169 autem
1667 2134 1819 2170 diximus
1844 2134 1894 2170 ‘in
1909 2134 2076 2170 libertate
2091 2134 2215 2171 fuisse'
2239 2135 2292 2171 sic
2309 2139 2364 2171 est

1273 2178 1523 2224 accipiendum
1546 2190 1619 2215 non
1643 2183 1684 2214 ut
1707 2189 1747 2215 se
1769 2180 1920 2215 liberum
1944 2179 2073 2215 doceat
2101 2180 2152 2223 is,
2208 2180 2245 2215 ui
2273 2181 2363 2216 libe-

1272 2224 1349 2260 rale
1377 2223 1549 2259 iudicium
1577 2224 1731 2270 patitur,
1769 2224 1833 2260 sed
1862 2225 1902 2260 in
1931 2225 2158 2270 possessione
2215 2226 2363 2261 bertatis

1273 2270 1350 2305 sine
1374 2268 1456 2305 dolo
1479 2269 1574 2305 malo
1594 2269 1717 2306 fuisse.
1755 2269 1840 2315 quid
1857 2270 1904 2305 sit
1918 2274 2039 2306 autem
2064 2269 2152 2306 ‘sine
2168 2270 2249 2307 dolo
2265 2271 2360 2306 malo

1274 2315 1420 2359 ‘fuisse’‚
1451 2314 1646 2351 videamus.
1693 2325 1777 2350 nam
1800 2315 1960 2351 Iulianus
1985 2315 2037 2351 ait
2060 2326 2200 2359 omnes,
2232 2316 2294 2361 qui
2323 2326 2362 2352 se

1272 2360 1406 2396 liberos
1429 2363 1574 2405 putant,
1600 2360 1677 2396 sine
1701 2360 1783 2396 dolo
1807 2360 1900 2396 malo
1924 2361 1961 2395 in
1984 2360 2149 2396 libertate
2171 2360 2300 2404 fuisse,
2331 2361 2362 2397 si

1272 2405 1377 2441 modo
1402 2415 1442 2441 se
1464 2416 1528 2450 pro
1552 2405 1675 2441 liberis
1689 2409 1826 2451 gerant,
1851 2406 2011 2451 quamvis
2029 2406 2121 2441 servi
2136 2406 2217 2442 sint.
2244 2406 2361 2442 Varus

1273 2455 1393 2486 autem
1416 2451 1544 2486 scribit
1567 2461 1659 2494 eum,
1686 2451 1747 2496 qui
1770 2461 1808 2486 se
1831 2451 1981 2486 liberum
1996 2451 2097 2493 sciat,
2122 2451 2260 2486 durnin
2275 2451 2362 2496 fuga

1273 2496 1340 2539 sit,
1365 2506 1438 2532 non
1461 2495 1572 2531 videri
1596 2497 1673 2532 sine
1697 2496 1780 2532 dolo
1802 2496 1896 2532 malo
1919 2496 1959 2532 iu
1981 2496 2148 2532 libertate
2171 2507 2268 2533 esse:
2297 2497 2361 2533 sed

1273 2541 1378 2577 simul
1401 2545 1509 2586 atque
1534 2541 1679 2577 desierit
1702 2541 1806 2586 quasi
1829 2541 1996 2586 fugitivus
2026 2552 2065 2577 se
2095 2541 2212 2577 celare
2234 2545 2271 2578 et
2294 2553 2359 2588 pro

1272 2587 1386 2622 libe-ro
1410 2597 1532 2632 agere,
1562 2590 1650 2622 tunc
1680 2587 1839 2631 incipere
1869 2587 1946 2622 sine
1972 2586 2053 2622 dolo
2077 2587 2172 2623 malo
2194 2587 2232 2622 in
2255 2587 2360 2623 liber-

1273 2635 1348 2667 tate
1372 2642 1468 2668 esse:
1492 2632 1624 2668 etenim
1646 2632 1698 2667 ait
1716 2643 1807 2674 eum,
1833 2631 1894 2677 qui
1910 2631 1979 2667 scit
1995 2642 2034 2667 se
2048 2632 2211 2677 liberum,
2236 2632 2361 2668 deinde

1271 2688 1338 2723 pro
1368 2676 1516 2722 fugitivo
1547 2678 1637 2722 agit,
1667 2677 1737 2714 hoc
1766 2678 1862 2723 ipso,
1895 2676 1992 2722 quod
2020 2677 2059 2713 in
2085 2677 2172 2723 fuga
2200 2678 2263 2721 sit,
2293 2689 2359 2724 pro

1272 2733 1375 2759 servo
1399 2733 1515 2768 agere,

1321 2767 1368 2805 11
1400 2768 1523 2804 G-Alvs
1550 2767 1600 2803 ad
1628 2767 1782 2804 edictum
1806 2767 1995 2814 praetoris
2022 2767 2156 2804 urbam·
2182 2767 2286 2803 titulo
2315 2768 2360 2803 de

1272 2813 1416 2849 liberali
1444 2824 1557 2850 causa
1609 2812 1694 2849 licet
1729 2812 1837 2857 fugae
1873 2815 2033 2859 tempore
2067 2823 2133 2859 pro
2170 2813 2283 2849 libero
2320 2824 2358 2848 se

1270 2858 1438 2904 gesserit:
1469 2858 1628 2894 dicemus
1658 2857 1750 2894 enim
1779 2859 1901 2894 eum¹⁵
1923 2857 1960 2893 in
1984 2857 2109 2894 eadem
2133 2868 2244 2895 causa
2268 2868 2356 2894 esse.

1321 2901 1372 2941 12
1397 2903 1592 2940 ULPIANUS
1606 2903 1697 2939 libro
1715 2903 1878 2949 quinqua
1905 2903 2039 2939 ensae‘mo
2056 2905 2181 2949 quinto
2199 2903 2250 2938 ad
2264 2903 2356 2939 edic-

1273 2952 1347 2985 tum
1391 2948 1506 2993 Igitur
1529 2948 1714 2984 sciendum
1737 2952 1792 2983 est
1813 2951 1851 2984 et
1899 2948 2023 2984 berum
2040 2958 2148 2994 posse
2165 2948 2246 2983 dolo
2262 2948 2355 2983 malo

1270 2995 1308 3030 in
1330 2994 1495 3030 libertate
1519 3004 1597 3029 esse
1620 2997 1657 3029 et
1680 3003 1821 3029 servum
1877 3003 1957 3029 osse
1988 2994 2064 3029 sine
2096 2993 2178 3029 dolo
2202 2993 2295 3028 malo
2319 2993 2356 3028 in

1274 3043 1289 3074 1
1338 3040 1505 3074 libertate
1529 3048 1619 3074 esse.
1655 3038 1778 3074 Infans
1803 3049 1846 3075 su
1871 3049 1910 3074 re
1936 3042 1994 3075 tus
2019 3039 2115 3074 bona
2137 3038 2207 3073 fide
2225 3038 2262 3072 in
2281 3048 2355 3073 ser-

1269 3085 1382 3120 vitute
1410 3084 1495 3126 fuit,
1532 3094 1613 3119 cum
1641 3083 1735 3119 liber
1765 3087 1877 3126 esset,
1933 3084 2043 3126 einde,
2075 3094 2155 3119 cum
2187 3083 2231 3118 de
2260 3086 2355 3117 statu

1269 3130 1416 3175 ignarus
1449 3132 1559 3172 esset,
1593 3128 1743 3164 recessit
1774 3132 1810 3164 et
1841 3129 1934 3164 clam
1963 3129 2001 3164 in
2029 3128 2194 3164 libertate
2223 3128 2355 3162 morari

1271 3185 1336 3211 coe
1362 3174 1408 3209 it:
1433 3173 1492 3209 hic
1514 3184 1588 3209 non
1611 3174 1688 3210 sine
1711 3173 1794 3209 dolo
1818 3174 1912 3210 malo
1935 3174 1973 3209 in
1996 3174 2160 3209 libertate
2182 3175 2352 3207 moratur.

1271 3223 1291 3255 2
1369 3222 1463 3255 otest
1485 3223 1522 3254 et
1545 3229 1667 3254 servus
1691 3219 1767 3255 sine
1791 3218 1872 3255 dolo
1897 3219 1991 3254 malo
2019 3218 2057 3253 in
2084 3218 2249 3252 libertate
2277 3227 2353 3251 mo·

1270 3265 1362 3308 rari,
1402 3267 1443 3299 ut
1471 3267 1562 3308 puta
1591 3267 1805 3300 testamento
1837 3264 1976 3308 accepit
2005 3263 2219 3303 libertatem,
2258 3260 2354 3306 quod

1270 3310 1402 3345 nullius
1426 3309 1595 3344 momenti
1617 3319 1696 3345 esse
1719 3309 1869 3354 ignorat,
1893 3308 1949 3344 vel
1966 3307 2122 3343 vindicta
2139 3307 2172 3341 ei
2187 3306 2355 3351 imposita

1271 3359 1326 3391 est
1354 3354 1399 3389 ab
1430 3364 1491 3396 eo,
1529 3364 1634 3399 quem
1663 3354 1843 3390 dominum
1874 3363 1952 3389 esse
1980 3352 2135 3397 putavit,
2171 3361 2251 3386 cum
2281 3361 2351 3389 non

1271 3403 1376 3441 esset,
1400 3398 1456 3434 vel
1478 3398 1650 3435 educatus
1674 3403 1729 3435 est
1775 3399 1855 3434 uasi
1877 3398 1978 3439 liber,
2004 3407 2084 3431 cum
2103 3406 2227 3432 servus
2246 3398 2351 3431 esset.

1271 3448 1291 3480 3
1338 3444 1388 3479 Et
1410 3444 1623 3488 generaliter
1645 3443 1749 3480 dicen
1776 3455 1835 3479 um
1858 3443 1960 3485 est¹⁶‚
1990 3441 2152 3486 quotiens
2177 3440 2256 3485 quis
2277 3440 2352 3475 ius-

1269 3489 1316 3525 tis
1340 3489 1538 3526 rationibus
1563 3489 1691 3525 ductus
1715 3489 1771 3525 vel
1800 3499 1873 3523 non
1894 3486 2016 3529 iustis,
2048 3486 2125 3522 sine
2157 3484 2352 3521 calliditate

1272 3602 1327 3642 (11)
1351 3599 1462 3633 absint
1474 3601 1550 3634 cdd.

1272 3646 1364 3678 tione
1376 3646 1409 3678 F
1491 3648 1550 3687 (14)
1575 3657 1651 3680 011111
1664 3657 1702 3679 eo
1714 3645 1766 3679 ΡΞ

1270 3690 1411 3724 cendum
1423 3692 1473 3724 est
1484 3692 1547 3725 del.

1626 3603 1684 3643 (12)
1708 3601 1745 3633 in
1758 3610 1824 3642 quo
1836 3599 1943 3631 victus
1955 3599 2004 3630 est
2016 3599 2077 3631 im.

1851 3644 1910 3686 (15)
1935 3643 1994 3684 qui
2006 3644 2065 3676 im.
2080 3642 2132 3676 Ρ*

2152 3598 2352 3685 (md-‘1303
