<?xml version="1.0" encoding="UTF-8"?>
<!DOCTYPE html PUBLIC "-//W3C//DTD XHTML 1.0 Transitional//EN"
    "http://www.w3.org/TR/xhtml1/DTD/xhtml1-transitional.dtd">
<html xmlns="http://www.w3.org/1999/xhtml" xml:lang="en" lang="en">
 <head>
  <title>
</title>
<meta http-equiv="Content-Type" content="text/html;charset=utf-8" />
  <meta name='ocr-system' content='tesseract 3.04.00' />
  <meta name='ocr-capabilities' content='ocr_page ocr_carea ocr_par ocr_line ocrx_word'/>
</head>
<body>
  <div class='ocr_page' id='page_1' title='image "./corpusjuriscivil01krueuoft_0434.png"; bbox 0 0 2528 3918; ppageno 0'>
   <div class='ocr_carea' id='block_1_1' title="bbox 185 97 407 140">
    <p class='ocr_par' dir='ltr' id='par_1_1' title="bbox 185 97 407 140">
     <span class='ocr_line' id='line_1_1' title="bbox 185 97 407 140; baseline -0.009 1"><span class='ocrx_word' id='word_1_1' title='bbox 185 97 407 140; x_wconf 74' lang='lat' dir='ltr'>xxnnl</span> 
     </span>
    </p>
   </div>
   <div class='ocr_carea' id='block_1_2' title="bbox 173 217 1267 3387">
    <p class='ocr_par' dir='ltr' id='par_1_2' title="bbox 184 217 1267 653">
     <span class='ocr_line' id='line_1_2' title="bbox 187 217 1266 263; baseline 0.001 -10"><span class='ocrx_word' id='word_1_2' title='bbox 187 221 203 253; x_wconf 85' lang='lat'>1</span> <span class='ocrx_word' id='word_1_3' title='bbox 253 227 331 253; x_wconf 87' lang='lat' dir='ltr'>eam</span> <span class='ocrx_word' id='word_1_4' title='bbox 355 227 461 263; x_wconf 86' lang='lat' dir='ltr'>quam</span> <span class='ocrx_word' id='word_1_5' title='bbox 491 226 536 252; x_wconf 87' lang='lat' dir='ltr'>ex</span> <span class='ocrx_word' id='word_1_6' title='bbox 567 217 742 262; x_wconf 79' lang='lat' dir='ltr'><strong>emptione</strong></span> <span class='ocrx_word' id='word_1_7' title='bbox 774 222 956 263; x_wconf 87' lang='lat' dir='ltr'>praestare</span> <span class='ocrx_word' id='word_1_8' title='bbox 979 218 1116 254; x_wconf 90' lang='lat' dir='ltr'>debeat.</span> <span class='ocrx_word' id='word_1_9' title='bbox 1164 218 1266 263; x_wconf 79' lang='lat' dir='ltr'>Quod</span> 
     </span>
     <span class='ocr_line' id='line_1_3' title="bbox 185 262 1265 305; baseline 0.001 -7"><span class='ocrx_word' id='word_1_10' title='bbox 185 262 216 299; x_wconf 84' lang='lat' dir='ltr'>si</span> <span class='ocrx_word' id='word_1_11' title='bbox 239 262 366 297; x_wconf 90' lang='lat' dir='ltr'>mulier</span> <span class='ocrx_word' id='word_1_12' title='bbox 388 272 460 297; x_wconf 92' lang='lat' dir='ltr'>non</span> <span class='ocrx_word' id='word_1_13' title='bbox 485 264 619 296; x_wconf 89' lang='lat' dir='ltr'>emerat</span> <span class='ocrx_word' id='word_1_14' title='bbox 642 271 797 304; x_wconf 89' lang='lat' dir='ltr'>servum,</span> <span class='ocrx_word' id='word_1_15' title='bbox 830 262 893 297; x_wconf 89' lang='lat' dir='ltr'>sed</span> <span class='ocrx_word' id='word_1_16' title='bbox 918 266 957 297; x_wconf 92' lang='lat' dir='ltr'>ut</span> <span class='ocrx_word' id='word_1_17' title='bbox 980 267 1121 305; x_wconf 89' lang='lat' dir='ltr'>emeret,</span> <span class='ocrx_word' id='word_1_18' title='bbox 1146 273 1169 298; x_wconf 89' lang='lat' dir='ltr'>a</span> <span class='ocrx_word' id='word_1_19' title='bbox 1190 263 1265 299; x_wconf 89' lang='lat' dir='ltr'>viro</span> 
     </span>
     <span class='ocr_line' id='line_1_4' title="bbox 184 306 1265 352; baseline 0 -10"><span class='ocrx_word' id='word_1_20' title='bbox 184 307 372 352; x_wconf 89' lang='lat' dir='ltr'>pecuniam</span> <span class='ocrx_word' id='word_1_21' title='bbox 396 306 545 351; x_wconf 88' lang='lat' dir='ltr'>accepit,</span> <span class='ocrx_word' id='word_1_22' title='bbox 569 309 644 340; x_wconf 92' lang='lat' dir='ltr'>tum</span> <span class='ocrx_word' id='word_1_23' title='bbox 663 306 718 342; x_wconf 91' lang='lat' dir='ltr'>vel</span> <span class='ocrx_word' id='word_1_24' title='bbox 740 310 879 342; x_wconf 87' lang='lat' dir='ltr'>mortuo</span> <span class='ocrx_word' id='word_1_25' title='bbox 900 307 955 341; x_wconf 90' lang='lat' dir='ltr'>vel</span> <span class='ocrx_word' id='word_1_26' title='bbox 975 307 1146 342; x_wconf 87' lang='lat' dir='ltr'>deteriore</span> <span class='ocrx_word' id='word_1_27' title='bbox 1168 307 1265 342; x_wconf 82' lang='lat' dir='ltr'>facto</span> 
     </span>
     <span class='ocr_line' id='line_1_5' title="bbox 185 350 1267 397; baseline 0.001 -11"><span class='ocrx_word' id='word_1_28' title='bbox 185 361 285 386; x_wconf 90' lang='lat' dir='ltr'>servo</span> <span class='ocrx_word' id='word_1_29' title='bbox 311 350 478 385; x_wconf 88' lang='lat' dir='ltr'>damnum</span> <span class='ocrx_word' id='word_1_30' title='bbox 501 350 548 385; x_wconf 90' lang='lat' dir='ltr'>ad</span> <span class='ocrx_word' id='word_1_31' title='bbox 570 350 682 385; x_wconf 88' lang='lat' dir='ltr'>virum</span> <span class='ocrx_word' id='word_1_32' title='bbox 703 351 910 396; x_wconf 78' lang='lat' dir='ltr'><strong>pertinebit:</strong></span> <span class='ocrx_word' id='word_1_33' title='bbox 943 351 1025 396; x_wconf 87' lang='lat' dir='ltr'>quia</span> <span class='ocrx_word' id='word_1_34' title='bbox 1048 351 1142 397; x_wconf 90' lang='lat' dir='ltr'>quod</span> <span class='ocrx_word' id='word_1_35' title='bbox 1165 352 1267 387; x_wconf 84' lang='lat' dir='ltr'>aliter</span> 
     </span>
     <span class='ocr_line' id='line_1_6' title="bbox 186 394 1265 441; baseline 0.002 -12"><span class='ocrx_word' id='word_1_36' title='bbox 186 396 367 440; x_wconf 84' lang='lat' dir='ltr'>emptura¹</span> <span class='ocrx_word' id='word_1_37' title='bbox 403 406 475 430; x_wconf 91' lang='lat' dir='ltr'>non</span> <span class='ocrx_word' id='word_1_38' title='bbox 498 394 577 438; x_wconf 81' lang='lat' dir='ltr'>fuit,</span> <span class='ocrx_word' id='word_1_39' title='bbox 601 395 669 430; x_wconf 90' lang='lat' dir='ltr'>nisi</span> <span class='ocrx_word' id='word_1_40' title='bbox 698 396 884 440; x_wconf 88' lang='lat' dir='ltr'>pecuniam</span> <span class='ocrx_word' id='word_1_41' title='bbox 908 405 930 430; x_wconf 88' lang='lat' dir='ltr'>a</span> <span class='ocrx_word' id='word_1_42' title='bbox 961 396 1033 431; x_wconf 84' lang='lat' dir='ltr'>viro</span> <span class='ocrx_word' id='word_1_43' title='bbox 1058 396 1265 441; x_wconf 79' lang='lat' dir='ltr'>accepisset,</span> 
     </span>
     <span class='ocr_line' id='line_1_7' title="bbox 185 439 1265 485; baseline 0.002 -11"><span class='ocrx_word' id='word_1_44' title='bbox 185 440 253 474; x_wconf 92' lang='lat' dir='ltr'>hoc</span> <span class='ocrx_word' id='word_1_45' title='bbox 285 444 533 484; x_wconf 92' lang='lat' dir='ltr'>consumptum</span> <span class='ocrx_word' id='word_1_46' title='bbox 565 439 596 474; x_wconf 91' lang='lat' dir='ltr'>ei</span> <span class='ocrx_word' id='word_1_47' title='bbox 625 440 718 485; x_wconf 89' lang='lat' dir='ltr'>perit</span> <span class='ocrx_word' id='word_1_48' title='bbox 748 441 808 485; x_wconf 91' lang='lat' dir='ltr'>qui</span> <span class='ocrx_word' id='word_1_49' title='bbox 839 440 1001 482; x_wconf 85' lang='lat' dir='ltr'>donavit,</span> <span class='ocrx_word' id='word_1_50' title='bbox 1034 440 1063 475; x_wconf 92' lang='lat' dir='ltr'>si</span> <span class='ocrx_word' id='word_1_51' title='bbox 1093 440 1197 476; x_wconf 91' lang='lat' dir='ltr'>modo</span> <span class='ocrx_word' id='word_1_52' title='bbox 1229 441 1265 476; x_wconf 92' lang='lat' dir='ltr'>in</span> 
     </span>
     <span class='ocr_line' id='line_1_8' title="bbox 185 483 1264 530; baseline 0.002 -12"><span class='ocrx_word' id='word_1_53' title='bbox 185 494 303 518; x_wconf 88' lang='lat' dir='ltr'>rerum</span> <span class='ocrx_word' id='word_1_54' title='bbox 327 488 457 519; x_wconf 87' lang='lat' dir='ltr'>natura</span> <span class='ocrx_word' id='word_1_55' title='bbox 480 494 558 519; x_wconf 85' lang='lat' dir='ltr'>esse</span> <span class='ocrx_word' id='word_1_56' title='bbox 581 483 700 520; x_wconf 86' lang='lat' dir='ltr'>desiit:</span> <span class='ocrx_word' id='word_1_57' title='bbox 725 495 791 519; x_wconf 89' lang='lat' dir='ltr'>nec</span> <span class='ocrx_word' id='word_1_58' title='bbox 811 484 949 519; x_wconf 89' lang='lat' dir='ltr'>videtur</span> <span class='ocrx_word' id='word_1_59' title='bbox 967 485 1091 519; x_wconf 90' lang='lat' dir='ltr'>mulier</span> <span class='ocrx_word' id='word_1_60' title='bbox 1109 485 1264 530; x_wconf 90' lang='lat' dir='ltr'>locuple·</span> 
     </span>
     <span class='ocr_line' id='line_1_9' title="bbox 184 529 1267 574; baseline 0.001 -11"><span class='ocrx_word' id='word_1_61' title='bbox 184 529 254 563; x_wconf 91' lang='lat' dir='ltr'>tior</span> <span class='ocrx_word' id='word_1_62' title='bbox 287 538 383 570; x_wconf 87' lang='lat' dir='ltr'>esse,</span> <span class='ocrx_word' id='word_1_63' title='bbox 413 538 504 573; x_wconf 90' lang='lat' dir='ltr'>quae</span> <span class='ocrx_word' id='word_1_64' title='bbox 532 539 646 574; x_wconf 86' lang='lat' dir='ltr'>neque</span> <span class='ocrx_word' id='word_1_65' title='bbox 677 539 699 564; x_wconf 89' lang='lat' dir='ltr'>a</span> <span class='ocrx_word' id='word_1_66' title='bbox 731 529 903 564; x_wconf 83' lang='lat' dir='ltr'>creditore</span> <span class='ocrx_word' id='word_1_67' title='bbox 933 539 998 564; x_wconf 87' lang='lat' dir='ltr'>suo</span> <span class='ocrx_word' id='word_1_68' title='bbox 1029 529 1181 564; x_wconf 88' lang='lat' dir='ltr'>liberata</span> <span class='ocrx_word' id='word_1_69' title='bbox 1212 533 1267 565; x_wconf 92' lang='lat' dir='ltr'>est</span> 
     </span>
     <span class='ocr_line' id='line_1_10' title="bbox 185 572 1152 653; baseline 0.001 -46"><span class='ocrx_word' id='word_1_70' title='bbox 185 583 229 608; x_wconf 89' lang='lat' dir='ltr'>ne</span> <span class='ocrx_word' id='word_1_71' title='bbox 255 583 299 607; x_wconf 90' lang='lat' dir='ltr'>ue</span> <span class='ocrx_word' id='word_1_72' title='bbox 322 572 358 607; x_wconf 92' lang='lat' dir='ltr'>id</span> <span class='ocrx_word' id='word_1_73' title='bbox 380 573 539 618; x_wconf 82' lang='lat' dir='ltr'>possidet</span> <span class='ocrx_word' id='word_1_74' title='bbox 561 573 657 653; x_wconf 43' lang='lat' dir='ltr'>quod</span> <span class='ocrx_word' id='word_1_75' title='bbox 681 584 724 608; x_wconf 91' lang='lat' dir='ltr'>ex</span> <span class='ocrx_word' id='word_1_76' title='bbox 747 574 899 618; x_wconf 70' lang='lat' dir='ltr'>pecunia</span> <span class='ocrx_word' id='word_1_77' title='bbox 920 574 985 608; x_wconf 88' lang='lat' dir='ltr'>viri</span> <span class='ocrx_word' id='word_1_78' title='bbox 1009 578 1152 608; x_wconf 87' lang='lat' dir='ltr'>emerat.</span> 
     </span>
    </p>

    <p class='ocr_par' dir='ltr' id='par_1_3' title="bbox 184 584 1266 930">
     <span class='ocr_line' id='line_1_11' title="bbox 230 584 1265 663; baseline -0.002 -9"><span class='ocrx_word' id='word_1_79' title='bbox 230 584 279 654; x_wconf 60' lang='lat' dir='ltr'>gl</span> <span class='ocrx_word' id='word_1_80' title='bbox 308 617 537 654; x_wconf 70' lang='lat' dir='ltr'><em>POMPONIUS</em></span> <span class='ocrx_word' id='word_1_81' title='bbox 578 619 655 654; x_wconf 83' lang='lat' dir='ltr'>ibro</span> <span class='ocrx_word' id='word_1_82' title='bbox 689 619 814 663; x_wconf 79' lang='lat' dir='ltr'>quinto</span> <span class='ocrx_word' id='word_1_83' title='bbox 840 618 890 652; x_wconf 86' lang='lat' dir='ltr'>ad</span> <span class='ocrx_word' id='word_1_84' title='bbox 911 617 1080 660; x_wconf 79' lang='lat' dir='ltr'>Quintum</span> <span class='ocrx_word' id='word_1_85' title='bbox 1105 618 1265 654; x_wconf 84' lang='lat' dir='ltr'>Mucium</span> 
     </span>
     <span class='ocr_line' id='line_1_12' title="bbox 185 661 1264 706; baseline -0.001 -9"><span class='ocrx_word' id='word_1_86' title='bbox 185 661 336 706; x_wconf 78' lang='lat' dir='ltr'>Quintus</span> <span class='ocrx_word' id='word_1_87' title='bbox 370 662 512 698; x_wconf 85' lang='lat' dir='ltr'>Mucius</span> <span class='ocrx_word' id='word_1_88' title='bbox 547 663 615 704; x_wconf 87' lang='lat' dir='ltr'>ait,</span> <span class='ocrx_word' id='word_1_89' title='bbox 652 673 731 698; x_wconf 91' lang='lat' dir='ltr'>cum</span> <span class='ocrx_word' id='word_1_90' title='bbox 765 663 803 697; x_wconf 92' lang='lat' dir='ltr'>in</span> <span class='ocrx_word' id='word_1_91' title='bbox 844 663 1119 698; x_wconf 87' lang='lat' dir='ltr'>controversiam</span> <span class='ocrx_word' id='word_1_92' title='bbox 1159 663 1264 704; x_wconf 83' lang='lat' dir='ltr'>venit,</span> 
     </span>
     <span class='ocr_line' id='line_1_13' title="bbox 184 706 1263 752; baseline 0.001 -11"><span class='ocrx_word' id='word_1_93' title='bbox 184 706 278 741; x_wconf 90' lang='lat' dir='ltr'>unde</span> <span class='ocrx_word' id='word_1_94' title='bbox 302 706 348 741; x_wconf 88' lang='lat' dir='ltr'>ad</span> <span class='ocrx_word' id='word_1_95' title='bbox 371 707 552 743; x_wconf 87' lang='lat' dir='ltr'>mulierem</span> <span class='ocrx_word' id='word_1_96' title='bbox 575 707 658 752; x_wconf 89' lang='lat' dir='ltr'>quid</span> <span class='ocrx_word' id='word_1_97' title='bbox 681 707 889 752; x_wconf 86' lang='lat' dir='ltr'>pervenerit,</span> <span class='ocrx_word' id='word_1_98' title='bbox 922 711 958 742; x_wconf 91' lang='lat' dir='ltr'>et</span> <span class='ocrx_word' id='word_1_99' title='bbox 986 707 1102 743; x_wconf 91' lang='lat' dir='ltr'>verius</span> <span class='ocrx_word' id='word_1_100' title='bbox 1135 711 1171 742; x_wconf 91' lang='lat' dir='ltr'>et</span> <span class='ocrx_word' id='word_1_101' title='bbox 1200 708 1263 742; x_wconf 91' lang='lat' dir='ltr'>ho-</span> 
     </span>
     <span class='ocr_line' id='line_1_14' title="bbox 184 751 1266 797; baseline 0.001 -12"><span class='ocrx_word' id='word_1_102' title='bbox 184 751 319 786; x_wconf 90' lang='lat' dir='ltr'>nestius</span> <span class='ocrx_word' id='word_1_103' title='bbox 355 755 409 787; x_wconf 89' lang='lat' dir='ltr'>est</span> <span class='ocrx_word' id='word_1_104' title='bbox 450 751 545 797; x_wconf 90' lang='lat' dir='ltr'>quod</span> <span class='ocrx_word' id='word_1_105' title='bbox 589 763 660 787; x_wconf 90' lang='lat' dir='ltr'>non</span> <span class='ocrx_word' id='word_1_106' title='bbox 703 751 965 787; x_wconf 89' lang='lat' dir='ltr'>demonstratur</span> <span class='ocrx_word' id='word_1_107' title='bbox 1005 751 1101 787; x_wconf 89' lang='lat' dir='ltr'>unde</span> <span class='ocrx_word' id='word_1_108' title='bbox 1134 752 1266 787; x_wconf 87' lang='lat' dir='ltr'>habeat</span> 
     </span>
     <span class='ocr_line' id='line_1_15' title="bbox 184 795 1266 848; baseline 0.001 -18"><span class='ocrx_word' id='word_1_109' title='bbox 184 795 378 831; x_wconf 85' lang='lat' dir='ltr'>existimari</span> <span class='ocrx_word' id='word_1_110' title='bbox 407 806 431 831; x_wconf 89' lang='lat' dir='ltr'>a</span> <span class='ocrx_word' id='word_1_111' title='bbox 461 796 535 832; x_wconf 90' lang='lat' dir='ltr'>viro</span> <span class='ocrx_word' id='word_1_112' title='bbox 560 800 623 831; x_wconf 89' lang='lat' dir='ltr'>aut</span> <span class='ocrx_word' id='word_1_113' title='bbox 653 796 713 848; x_wconf 82' lang='lat' dir='ltr'>qui</span> <span class='ocrx_word' id='word_1_114' title='bbox 743 796 781 831; x_wconf 89' lang='lat' dir='ltr'>in</span> <span class='ocrx_word' id='word_1_115' title='bbox 803 799 980 841; x_wconf 82' lang='lat' dir='ltr'>potestate</span> <span class='ocrx_word' id='word_1_116' title='bbox 1004 797 1079 831; x_wconf 91' lang='lat' dir='ltr'>eius</span> <span class='ocrx_word' id='word_1_117' title='bbox 1103 800 1198 832; x_wconf 90' lang='lat' dir='ltr'>esset</span> <span class='ocrx_word' id='word_1_118' title='bbox 1220 796 1266 831; x_wconf 88' lang='lat' dir='ltr'>ad</span> 
     </span>
     <span class='ocr_line' id='line_1_16' title="bbox 184 840 1266 886; baseline 0.001 -12"><span class='ocrx_word' id='word_1_119' title='bbox 184 849 263 875; x_wconf 86' lang='lat' dir='ltr'>eam</span> <span class='ocrx_word' id='word_1_120' title='bbox 282 841 493 886; x_wconf 88' lang='lat' dir='ltr'>pervenisse.</span> <span class='ocrx_word' id='word_1_121' title='bbox 522 840 675 876; x_wconf 81' lang='lat' dir='ltr'>evitandi</span> <span class='ocrx_word' id='word_1_122' title='bbox 687 844 805 876; x_wconf 88' lang='lat' dir='ltr'>autem</span> <span class='ocrx_word' id='word_1_123' title='bbox 817 841 932 886; x_wconf 89' lang='lat' dir='ltr'>turpis</span> <span class='ocrx_word' id='word_1_124' title='bbox 967 845 1112 876; x_wconf 89' lang='lat' dir='ltr'>uaestus</span> <span class='ocrx_word' id='word_1_125' title='bbox 1128 841 1266 886; x_wconf 83' lang='lat' dir='ltr'>gratia²</span> 
     </span>
     <span class='ocr_line' id='line_1_17' title="bbox 185 885 1265 930; baseline 0 -10"><span class='ocrx_word' id='word_1_126' title='bbox 185 885 282 920; x_wconf 88' lang='lat' dir='ltr'>circa</span> <span class='ocrx_word' id='word_1_127' title='bbox 313 895 460 921; x_wconf 88' lang='lat' dir='ltr'>uxorem</span> <span class='ocrx_word' id='word_1_128' title='bbox 483 886 552 921; x_wconf 87' lang='lat' dir='ltr'>hoc</span> <span class='ocrx_word' id='word_1_129' title='bbox 582 885 721 920; x_wconf 86' lang='lat' dir='ltr'>videtur</span> <span class='ocrx_word' id='word_1_130' title='bbox 744 885 894 929; x_wconf 80' lang='lat' dir='ltr'>Quintus</span> <span class='ocrx_word' id='word_1_131' title='bbox 958 886 1059 920; x_wconf 88' lang='lat' dir='ltr'>ucius</span> <span class='ocrx_word' id='word_1_132' title='bbox 1082 886 1265 930; x_wconf 83' lang='lat' dir='ltr'>probasse.</span> 
     </span>
    </p>

    <p class='ocr_par' dir='ltr' id='par_1_4' title="bbox 180 927 1266 1509">
     <span class='ocr_line' id='line_1_18' title="bbox 230 927 1266 976; baseline -0.002 -9"><span class='ocrx_word' id='word_1_133' title='bbox 230 927 284 967; x_wconf 81' lang='lat'>52</span> <span class='ocrx_word' id='word_1_134' title='bbox 307 929 552 966; x_wconf 68' lang='lat' dir='ltr'><em>PAPJNJANUS</em></span> <span class='ocrx_word' id='word_1_135' title='bbox 579 931 668 965; x_wconf 87' lang='lat' dir='ltr'>libro</span> <span class='ocrx_word' id='word_1_136' title='bbox 700 929 834 965; x_wconf 83' lang='lat' dir='ltr'>decimo</span> <span class='ocrx_word' id='word_1_137' title='bbox 858 931 1107 976; x_wconf 80' lang='lat' dir='ltr'>quaestionum</span> <span class='ocrx_word' id='word_1_138' title='bbox 1153 930 1191 965; x_wconf 90' lang='lat' dir='ltr'>Si</span> <span class='ocrx_word' id='word_1_139' title='bbox 1213 930 1266 965; x_wconf 90' lang='lat' dir='ltr'>vir</span> 
     </span>
     <span class='ocr_line' id='line_1_19' title="bbox 183 973 1264 1017; baseline 0 -7"><span class='ocrx_word' id='word_1_140' title='bbox 183 974 288 1010; x_wconf 88' lang='lat' dir='ltr'>uxori</span> <span class='ocrx_word' id='word_1_141' title='bbox 318 973 519 1010; x_wconf 88' lang='lat' dir='ltr'>donationis</span> <span class='ocrx_word' id='word_1_142' title='bbox 551 984 661 1009; x_wconf 89' lang='lat' dir='ltr'>causa</span> <span class='ocrx_word' id='word_1_143' title='bbox 691 984 766 1009; x_wconf 88' lang='lat' dir='ltr'>rem</span> <span class='ocrx_word' id='word_1_144' title='bbox 797 975 900 1010; x_wconf 89' lang='lat' dir='ltr'>vilius</span> <span class='ocrx_word' id='word_1_145' title='bbox 923 974 1109 1017; x_wconf 79' lang='lat' dir='ltr'>locaverit,</span> <span class='ocrx_word' id='word_1_146' title='bbox 1134 974 1264 1010; x_wconf 89' lang='lat' dir='ltr'>locatio</span> 
     </span>
     <span class='ocr_line' id='line_1_20' title="bbox 183 1018 1264 1071; baseline 0 -17"><span class='ocrx_word' id='word_1_147' title='bbox 183 1019 283 1054; x_wconf 88' lang='lat' dir='ltr'>nulla</span> <span class='ocrx_word' id='word_1_148' title='bbox 306 1023 377 1055; x_wconf 91' lang='lat' dir='ltr'>est:</span> <span class='ocrx_word' id='word_1_149' title='bbox 411 1029 491 1054; x_wconf 92' lang='lat' dir='ltr'>cum</span> <span class='ocrx_word' id='word_1_150' title='bbox 515 1023 633 1054; x_wconf 85' lang='lat' dir='ltr'>autem</span> <span class='ocrx_word' id='word_1_151' title='bbox 657 1018 855 1064; x_wconf 91' lang='lat' dir='ltr'>depositum</span> <span class='ocrx_word' id='word_1_152' title='bbox 885 1019 977 1054; x_wconf 89' lang='lat' dir='ltr'>inter</span> <span class='ocrx_word' id='word_1_153' title='bbox 1009 1030 1069 1055; x_wconf 87' lang='lat' dir='ltr'>eas</span> <span class='ocrx_word' id='word_1_154' title='bbox 1089 1029 1264 1071; x_wconf 75' lang='lat' dir='ltr'>personas</span> 
     </span>
     <span class='ocr_line' id='line_1_21' title="bbox 183 1063 1262 1109; baseline 0 -10"><span class='ocrx_word' id='word_1_155' title='bbox 183 1063 329 1099; x_wconf 89' lang='lat' dir='ltr'>minoris</span> <span class='ocrx_word' id='word_1_156' title='bbox 353 1063 554 1099; x_wconf 88' lang='lat' dir='ltr'>donationis</span> <span class='ocrx_word' id='word_1_157' title='bbox 587 1073 695 1099; x_wconf 89' lang='lat' dir='ltr'>causa</span> <span class='ocrx_word' id='word_1_158' title='bbox 726 1064 950 1105; x_wconf 87' lang='lat' dir='ltr'>aestimatur,</span> <span class='ocrx_word' id='word_1_159' title='bbox 976 1064 1174 1109; x_wconf 73' lang='lat' dir='ltr'>depoffltum</span> <span class='ocrx_word' id='word_1_160' title='bbox 1199 1068 1262 1099; x_wconf 92' lang='lat' dir='ltr'>est.</span> 
     </span>
     <span class='ocr_line' id='line_1_22' title="bbox 182 1107 1263 1153; baseline 0 -10"><span class='ocrx_word' id='word_1_161' title='bbox 182 1108 273 1144; x_wconf 86' lang='lat' dir='ltr'>haec</span> <span class='ocrx_word' id='word_1_162' title='bbox 294 1107 374 1143; x_wconf 92' lang='lat' dir='ltr'>ideo</span> <span class='ocrx_word' id='word_1_163' title='bbox 398 1112 471 1143; x_wconf 92' lang='lat' dir='ltr'>tam</span> <span class='ocrx_word' id='word_1_164' title='bbox 494 1108 601 1150; x_wconf 89' lang='lat' dir='ltr'>varie,</span> <span class='ocrx_word' id='word_1_165' title='bbox 626 1108 710 1152; x_wconf 89' lang='lat' dir='ltr'>quia</span> <span class='ocrx_word' id='word_1_166' title='bbox 731 1108 861 1143; x_wconf 90' lang='lat' dir='ltr'>locatio</span> <span class='ocrx_word' id='word_1_167' title='bbox 895 1108 1034 1153; x_wconf 87' lang='lat' dir='ltr'>quidem</span> <span class='ocrx_word' id='word_1_168' title='bbox 1066 1109 1142 1144; x_wconf 90' lang='lat' dir='ltr'>sine</span> <span class='ocrx_word' id='word_1_169' title='bbox 1173 1119 1263 1143; x_wconf 92' lang='lat' dir='ltr'>mer-</span> 
     </span>
     <span class='ocr_line' id='line_1_23' title="bbox 184 1153 1266 1198; baseline -0.001 -10"><span class='ocrx_word' id='word_1_170' title='bbox 184 1153 270 1189; x_wconf 88' lang='lat' dir='ltr'>cede</span> <span class='ocrx_word' id='word_1_171' title='bbox 293 1156 391 1188; x_wconf 89' lang='lat' dir='ltr'>certa</span> <span class='ocrx_word' id='word_1_172' title='bbox 415 1153 578 1187; x_wconf 82' lang='lat' dir='ltr'>contrahi</span> <span class='ocrx_word' id='word_1_173' title='bbox 601 1163 673 1188; x_wconf 91' lang='lat' dir='ltr'>non</span> <span class='ocrx_word' id='word_1_174' title='bbox 696 1156 824 1197; x_wconf 90' lang='lat' dir='ltr'>potest,</span> <span class='ocrx_word' id='word_1_175' title='bbox 850 1153 1047 1198; x_wconf 90' lang='lat' dir='ltr'>depositum</span> <span class='ocrx_word' id='word_1_176' title='bbox 1079 1157 1198 1188; x_wconf 83' lang='lat' dir='ltr'>autem</span> <span class='ocrx_word' id='word_1_177' title='bbox 1230 1157 1266 1189; x_wconf 89' lang='lat' dir='ltr'>et</span> 
     </span>
     <span class='ocr_line' id='line_1_24' title="bbox 185 1197 1265 1243; baseline 0.001 -12"><span class='ocrx_word' id='word_1_178' title='bbox 185 1200 200 1232; x_wconf 91' lang='lat'>1</span> <span class='ocrx_word' id='word_1_179' title='bbox 252 1197 342 1232; x_wconf 88' lang='lat' dir='ltr'>citra</span> <span class='ocrx_word' id='word_1_180' title='bbox 377 1197 657 1232; x_wconf 83' lang='lat' dir='ltr'>aestimationem</span> <span class='ocrx_word' id='word_1_181' title='bbox 693 1207 834 1243; x_wconf 91' lang='lat' dir='ltr'>quoque</span> <span class='ocrx_word' id='word_1_182' title='bbox 869 1198 945 1233; x_wconf 90' lang='lat' dir='ltr'>dari</span> <span class='ocrx_word' id='word_1_183' title='bbox 977 1202 1107 1243; x_wconf 90' lang='lat' dir='ltr'>potest.</span> <span class='ocrx_word' id='word_1_184' title='bbox 1166 1197 1265 1234; x_wconf 83' lang='lat' dir='ltr'>Uxor</span> 
     </span>
     <span class='ocr_line' id='line_1_25' title="bbox 181 1241 1263 1288; baseline 0.001 -11"><span class='ocrx_word' id='word_1_185' title='bbox 181 1242 256 1277; x_wconf 89' lang='lat' dir='ltr'>viro</span> <span class='ocrx_word' id='word_1_186' title='bbox 281 1241 436 1277; x_wconf 79' lang='lat' dir='ltr'>fructum</span> <span class='ocrx_word' id='word_1_187' title='bbox 458 1241 560 1276; x_wconf 86' lang='lat' dir='ltr'>fundi</span> <span class='ocrx_word' id='word_1_188' title='bbox 583 1242 628 1276; x_wconf 91' lang='lat' dir='ltr'>ab</span> <span class='ocrx_word' id='word_1_189' title='bbox 652 1241 782 1277; x_wconf 88' lang='lat' dir='ltr'>herede</span> <span class='ocrx_word' id='word_1_190' title='bbox 805 1252 870 1277; x_wconf 90' lang='lat' dir='ltr'>suo</span> <span class='ocrx_word' id='word_1_191' title='bbox 895 1242 983 1284; x_wconf 90' lang='lat' dir='ltr'>dari,</span> <span class='ocrx_word' id='word_1_192' title='bbox 1008 1242 1103 1288; x_wconf 92' lang='lat' dir='ltr'>quod</span> <span class='ocrx_word' id='word_1_193' title='bbox 1116 1243 1147 1278; x_wconf 91' lang='lat' dir='ltr'>si</span> <span class='ocrx_word' id='word_1_194' title='bbox 1159 1242 1263 1278; x_wconf 88' lang='lat' dir='ltr'>datus</span> 
     </span>
     <span class='ocr_line' id='line_1_26' title="bbox 182 1286 1264 1332; baseline 0.001 -11"><span class='ocrx_word' id='word_1_195' title='bbox 182 1297 255 1322; x_wconf 87' lang='lat' dir='ltr'>non</span> <span class='ocrx_word' id='word_1_196' title='bbox 277 1286 420 1328; x_wconf 88' lang='lat' dir='ltr'>fuisset,</span> <span class='ocrx_word' id='word_1_197' title='bbox 454 1290 586 1321; x_wconf 88' lang='lat' dir='ltr'>certam</span> <span class='ocrx_word' id='word_1_198' title='bbox 616 1287 804 1331; x_wconf 88' lang='lat' dir='ltr'>pecuniam</span> <span class='ocrx_word' id='word_1_199' title='bbox 827 1287 949 1322; x_wconf 89' lang='lat' dir='ltr'>mortis</span> <span class='ocrx_word' id='word_1_200' title='bbox 974 1298 1083 1323; x_wconf 90' lang='lat' dir='ltr'>causa</span> <span class='ocrx_word' id='word_1_201' title='bbox 1106 1287 1264 1332; x_wconf 85' lang='lat' dir='ltr'>promitti</span> 
     </span>
     <span class='ocr_line' id='line_1_27' title="bbox 183 1330 1262 1377; baseline 0 -11"><span class='ocrx_word' id='word_1_202' title='bbox 183 1332 338 1366; x_wconf 88' lang='lat' dir='ltr'>curavit:</span> <span class='ocrx_word' id='word_1_203' title='bbox 380 1330 546 1366; x_wconf 83' lang='lat' dir='ltr'>defuncto</span> <span class='ocrx_word' id='word_1_204' title='bbox 580 1331 653 1366; x_wconf 89' lang='lat' dir='ltr'>viro</span> <span class='ocrx_word' id='word_1_205' title='bbox 686 1331 765 1366; x_wconf 87' lang='lat' dir='ltr'>viva</span> <span class='ocrx_word' id='word_1_206' title='bbox 795 1332 940 1367; x_wconf 92' lang='lat' dir='ltr'>muliere</span> <span class='ocrx_word' id='word_1_207' title='bbox 970 1332 1151 1377; x_wconf 83' lang='lat' dir='ltr'>stipulatio</span> <span class='ocrx_word' id='word_1_208' title='bbox 1191 1332 1262 1368; x_wconf 92' lang='lat' dir='ltr'>sol-</span> 
     </span>
     <span class='ocr_line' id='line_1_28' title="bbox 181 1375 1264 1420; baseline 0.003 -11"><span class='ocrx_word' id='word_1_209' title='bbox 181 1376 285 1417; x_wconf 87' lang='lat' dir='ltr'>vitur,</span> <span class='ocrx_word' id='word_1_210' title='bbox 310 1379 351 1410; x_wconf 93' lang='lat' dir='ltr'>ut</span> <span class='ocrx_word' id='word_1_211' title='bbox 372 1375 529 1418; x_wconf 88' lang='lat' dir='ltr'>traditio,</span> <span class='ocrx_word' id='word_1_212' title='bbox 554 1385 646 1420; x_wconf 90' lang='lat' dir='ltr'>quae</span> <span class='ocrx_word' id='word_1_213' title='bbox 658 1375 849 1411; x_wconf 84' lang='lat' dir='ltr'>mandante</span> <span class='ocrx_word' id='word_1_214' title='bbox 872 1387 982 1412; x_wconf 89' lang='lat' dir='ltr'>uxore</span> <span class='ocrx_word' id='word_1_215' title='bbox 1005 1377 1128 1412; x_wconf 90' lang='lat' dir='ltr'>mortis</span> <span class='ocrx_word' id='word_1_216' title='bbox 1153 1387 1264 1412; x_wconf 89' lang='lat' dir='ltr'>causa</span> 
     </span>
     <span class='ocr_line' id='line_1_29' title="bbox 180 1419 1261 1465; baseline 0.002 -10"><span class='ocrx_word' id='word_1_217' title='bbox 180 1419 279 1455; x_wconf 79' lang='lat' dir='ltr'>facta</span> <span class='ocrx_word' id='word_1_218' title='bbox 302 1423 374 1455; x_wconf 89' lang='lat' dir='ltr'>est:</span> <span class='ocrx_word' id='word_1_219' title='bbox 406 1430 489 1454; x_wconf 89' lang='lat' dir='ltr'>nam</span> <span class='ocrx_word' id='word_1_220' title='bbox 513 1430 581 1465; x_wconf 89' lang='lat' dir='ltr'>quo</span> <span class='ocrx_word' id='word_1_221' title='bbox 608 1430 695 1455; x_wconf 88' lang='lat' dir='ltr'>casu</span> <span class='ocrx_word' id='word_1_222' title='bbox 717 1421 810 1456; x_wconf 89' lang='lat' dir='ltr'>inter</span> <span class='ocrx_word' id='word_1_223' title='bbox 827 1425 966 1456; x_wconf 89' lang='lat' dir='ltr'>exteros</span> <span class='ocrx_word' id='word_1_224' title='bbox 982 1421 1156 1457; x_wconf 90' lang='lat' dir='ltr'>condictio</span> <span class='ocrx_word' id='word_1_225' title='bbox 1179 1431 1261 1456; x_wconf 91' lang='lat' dir='ltr'>nas-</span> 
     </span>
     <span class='ocr_line' id='line_1_30' title="bbox 183 1464 834 1509; baseline 0.002 -10"><span class='ocrx_word' id='word_1_226' title='bbox 183 1465 286 1507; x_wconf 84' lang='lat' dir='ltr'>citur,</span> <span class='ocrx_word' id='word_1_227' title='bbox 310 1464 404 1499; x_wconf 90' lang='lat' dir='ltr'>inter</span> <span class='ocrx_word' id='word_1_228' title='bbox 427 1465 574 1500; x_wconf 87' lang='lat' dir='ltr'>maritos</span> <span class='ocrx_word' id='word_1_229' title='bbox 598 1465 685 1500; x_wconf 86' lang='lat' dir='ltr'>nihil</span> <span class='ocrx_word' id='word_1_230' title='bbox 708 1466 834 1509; x_wconf 86' lang='lat' dir='ltr'>agitur.</span> 
     </span>
    </p>

    <p class='ocr_par' dir='ltr' id='par_1_5' title="bbox 177 1506 1262 2001">
     <span class='ocr_line' id='line_1_31' title="bbox 227 1506 1262 1556; baseline -0.001 -10"><span class='ocrx_word' id='word_1_231' title='bbox 227 1506 279 1546; x_wconf 87' lang='lat'>53</span> <span class='ocrx_word' id='word_1_232' title='bbox 306 1508 434 1544; x_wconf 59' lang='lat' dir='ltr'>Uos-u</span> <span class='ocrx_word' id='word_1_233' title='bbox 456 1509 545 1544; x_wconf 83' lang='lat' dir='ltr'>libro</span> <span class='ocrx_word' id='word_1_234' title='bbox 570 1514 701 1554; x_wconf 80' lang='lat' dir='ltr'>quarto</span> <span class='ocrx_word' id='word_1_235' title='bbox 724 1520 977 1556; x_wconf 85' lang='lat' dir='ltr'>responsorum</span> <span class='ocrx_word' id='word_1_236' title='bbox 1022 1510 1150 1545; x_wconf 87' lang='lat' dir='ltr'>Mortis</span> <span class='ocrx_word' id='word_1_237' title='bbox 1175 1520 1262 1546; x_wconf 85' lang='lat' dir='ltr'>suae</span> 
     </span>
     <span class='ocr_line' id='line_1_32' title="bbox 181 1553 1260 1598; baseline 0.001 -9"><span class='ocrx_word' id='word_1_238' title='bbox 181 1563 292 1589; x_wconf 86' lang='lat' dir='ltr'>causa</span> <span class='ocrx_word' id='word_1_239' title='bbox 313 1563 441 1598; x_wconf 88' lang='lat' dir='ltr'>genero</span> <span class='ocrx_word' id='word_1_240' title='bbox 466 1553 520 1588; x_wconf 87' lang='lat' dir='ltr'>vel</span> <span class='ocrx_word' id='word_1_241' title='bbox 542 1554 648 1588; x_wconf 90' lang='lat' dir='ltr'>nurui</span> <span class='ocrx_word' id='word_1_242' title='bbox 678 1564 840 1590; x_wconf 90' lang='lat' dir='ltr'>socerum</span> <span class='ocrx_word' id='word_1_243' title='bbox 862 1554 996 1590; x_wconf 84' lang='lat' dir='ltr'>frustra</span> <span class='ocrx_word' id='word_1_244' title='bbox 1019 1554 1152 1590; x_wconf 86' lang='lat' dir='ltr'>donare</span> <span class='ocrx_word' id='word_1_245' title='bbox 1176 1565 1260 1590; x_wconf 91' lang='lat' dir='ltr'>con-</span> 
     </span>
     <span class='ocr_line' id='line_1_33' title="bbox 178 1598 1259 1644; baseline 0.003 -12"><span class='ocrx_word' id='word_1_246' title='bbox 178 1598 294 1640; x_wconf 86' lang='lat' dir='ltr'>venit,</span> <span class='ocrx_word' id='word_1_247' title='bbox 326 1598 410 1642; x_wconf 88' lang='lat' dir='ltr'>quia</span> <span class='ocrx_word' id='word_1_248' title='bbox 444 1602 583 1633; x_wconf 88' lang='lat' dir='ltr'>mortuo</span> <span class='ocrx_word' id='word_1_249' title='bbox 615 1609 738 1634; x_wconf 90' lang='lat' dir='ltr'>socero</span> <span class='ocrx_word' id='word_1_250' title='bbox 774 1599 918 1644; x_wconf 88' lang='lat' dir='ltr'>nuptiae</span> <span class='ocrx_word' id='word_1_251' title='bbox 948 1610 1021 1635; x_wconf 90' lang='lat' dir='ltr'>non</span> <span class='ocrx_word' id='word_1_252' title='bbox 1059 1600 1259 1635; x_wconf 89' lang='lat' dir='ltr'>solvuntur:</span> 
     </span>
     <span class='ocr_line' id='line_1_34' title="bbox 179 1643 1259 1687; baseline 0.001 -10"><span class='ocrx_word' id='word_1_253' title='bbox 179 1653 245 1678; x_wconf 90' lang='lat' dir='ltr'>nec</span> <span class='ocrx_word' id='word_1_254' title='bbox 268 1643 425 1685; x_wconf 90' lang='lat' dir='ltr'>interest,</span> <span class='ocrx_word' id='word_1_255' title='bbox 450 1653 497 1677; x_wconf 91' lang='lat' dir='ltr'>an</span> <span class='ocrx_word' id='word_1_256' title='bbox 519 1647 622 1687; x_wconf 89' lang='lat' dir='ltr'>pater</span> <span class='ocrx_word' id='word_1_257' title='bbox 645 1643 756 1678; x_wconf 90' lang='lat' dir='ltr'>filium</span> <span class='ocrx_word' id='word_1_258' title='bbox 773 1644 829 1678; x_wconf 93' lang='lat' dir='ltr'>vel</span> <span class='ocrx_word' id='word_1_259' title='bbox 851 1643 960 1679; x_wconf 90' lang='lat' dir='ltr'>filiam</span> <span class='ocrx_word' id='word_1_260' title='bbox 984 1644 1259 1680; x_wconf 85' lang='lat' dir='ltr'>exheredaverit.</span> 
     </span>
     <span class='ocr_line' id='line_1_35' title="bbox 182 1687 1260 1732; baseline 0.002 -10"><span class='ocrx_word' id='word_1_261' title='bbox 182 1690 197 1722; x_wconf 92' lang='lat'>1</span> <span class='ocrx_word' id='word_1_262' title='bbox 247 1687 387 1723; x_wconf 91' lang='lat' dir='ltr'>divortii</span> <span class='ocrx_word' id='word_1_263' title='bbox 416 1687 552 1732; x_wconf 90' lang='lat' dir='ltr'>species</span> <span class='ocrx_word' id='word_1_264' title='bbox 584 1688 706 1723; x_wconf 88' lang='lat' dir='ltr'>eadem</span> <span class='ocrx_word' id='word_1_265' title='bbox 735 1688 876 1723; x_wconf 91' lang='lat' dir='ltr'>ratione</span> <span class='ocrx_word' id='word_1_266' title='bbox 907 1688 1045 1724; x_wconf 87' lang='lat' dir='ltr'>diversa</span> <span class='ocrx_word' id='word_1_267' title='bbox 1076 1693 1140 1724; x_wconf 91' lang='lat' dir='ltr'>est.</span> <span class='ocrx_word' id='word_1_268' title='bbox 1187 1689 1260 1725; x_wconf 85' lang='lat' dir='ltr'>Res</span> 
     </span>
     <span class='ocr_line' id='line_1_36' title="bbox 178 1731 1261 1769; baseline 0.003 -3"><span class='ocrx_word' id='word_1_269' title='bbox 178 1731 216 1766; x_wconf 90' lang='lat' dir='ltr'>in</span> <span class='ocrx_word' id='word_1_270' title='bbox 239 1731 359 1767; x_wconf 92' lang='lat' dir='ltr'>dotem</span> <span class='ocrx_word' id='word_1_271' title='bbox 382 1732 608 1767; x_wconf 59' lang='lat' dir='ltr'>aestimatas*</span> <span class='ocrx_word' id='word_1_272' title='bbox 634 1733 875 1768; x_wconf 85' lang='lat' dir='ltr'>consentiente</span> <span class='ocrx_word' id='word_1_273' title='bbox 892 1734 966 1768; x_wconf 90' lang='lat' dir='ltr'>viro</span> <span class='ocrx_word' id='word_1_274' title='bbox 983 1733 1109 1768; x_wconf 82' lang='lat' dir='ltr'>mulier</span> <span class='ocrx_word' id='word_1_275' title='bbox 1131 1734 1169 1768; x_wconf 92' lang='lat' dir='ltr'>in</span> <span class='ocrx_word' id='word_1_276' title='bbox 1191 1744 1261 1769; x_wconf 89' lang='lat' dir='ltr'>usu</span> 
     </span>
     <span class='ocr_line' id='line_1_37' title="bbox 177 1776 1259 1820; baseline 0.003 -9"><span class='ocrx_word' id='word_1_277' title='bbox 177 1776 321 1811; x_wconf 86' lang='lat' dir='ltr'>habuit:</span> <span class='ocrx_word' id='word_1_278' title='bbox 355 1778 447 1812; x_wconf 84' lang='lat' dir='ltr'>usu⁵</span> <span class='ocrx_word' id='word_1_279' title='bbox 470 1776 660 1813; x_wconf 89' lang='lat' dir='ltr'>deteriores</span> <span class='ocrx_word' id='word_1_280' title='bbox 684 1777 715 1813; x_wconf 91' lang='lat' dir='ltr'>si</span> <span class='ocrx_word' id='word_1_281' title='bbox 736 1778 844 1820; x_wconf 89' lang='lat' dir='ltr'>fiant,</span> <span class='ocrx_word' id='word_1_282' title='bbox 877 1778 996 1813; x_wconf 87' lang='lat' dir='ltr'>damni</span> <span class='ocrx_word' id='word_1_283' title='bbox 1019 1789 1097 1813; x_wconf 91' lang='lat' dir='ltr'>com</span> <span class='ocrx_word' id='word_1_284' title='bbox 1125 1779 1259 1814; x_wconf 90' lang='lat' dir='ltr'>ensatio</span> 
     </span>
     <span class='ocr_line' id='line_1_38' title="bbox 179 1820 1261 1868; baseline 0.003 -13"><span class='ocrx_word' id='word_1_285' title='bbox 179 1831 252 1856; x_wconf 89' lang='lat' dir='ltr'>non</span> <span class='ocrx_word' id='word_1_286' title='bbox 275 1820 482 1856; x_wconf 84' lang='lat' dir='ltr'>admittitur.</span> <span class='ocrx_word' id='word_1_287' title='bbox 516 1822 658 1857; x_wconf 89' lang='lat' dir='ltr'>easdem</span> <span class='ocrx_word' id='word_1_288' title='bbox 687 1832 744 1857; x_wconf 91' lang='lat' dir='ltr'>res</span> <span class='ocrx_word' id='word_1_289' title='bbox 776 1833 849 1858; x_wconf 90' lang='lat' dir='ltr'>non</span> <span class='ocrx_word' id='word_1_290' title='bbox 879 1824 1023 1868; x_wconf 80' lang='lat' dir='ltr'>potest⁶</span> <span class='ocrx_word' id='word_1_291' title='bbox 1045 1834 1105 1857; x_wconf 92' lang='lat' dir='ltr'>mu</span> <span class='ocrx_word' id='word_1_292' title='bbox 1121 1823 1171 1858; x_wconf 84' lang='lat' dir='ltr'>&#39;er</span> <span class='ocrx_word' id='word_1_293' title='bbox 1193 1823 1261 1859; x_wconf 91' lang='lat' dir='ltr'>sibi</span> 
     </span>
     <span class='ocr_line' id='line_1_39' title="bbox 180 1865 1259 1913; baseline 0.003 -13"><span class='ocrx_word' id='word_1_294' title='bbox 180 1866 283 1910; x_wconf 90' lang='lat' dir='ltr'>quasi</span> <span class='ocrx_word' id='word_1_295' title='bbox 313 1865 464 1901; x_wconf 87' lang='lat' dir='ltr'>donatas</span> <span class='ocrx_word' id='word_1_296' title='bbox 496 1866 685 1902; x_wconf 86' lang='lat' dir='ltr'>defendere</span> <span class='ocrx_word' id='word_1_297' title='bbox 717 1877 760 1902; x_wconf 86' lang='lat' dir='ltr'>ex</span> <span class='ocrx_word' id='word_1_298' title='bbox 790 1867 858 1902; x_wconf 86' lang='lat' dir='ltr'>illis</span> <span class='ocrx_word' id='word_1_299' title='bbox 881 1868 1008 1910; x_wconf 89' lang='lat' dir='ltr'>verbis,</span> <span class='ocrx_word' id='word_1_300' title='bbox 1044 1868 1172 1913; x_wconf 89' lang='lat' dir='ltr'>quibus</span> <span class='ocrx_word' id='word_1_301' title='bbox 1197 1868 1259 1903; x_wconf 93' lang='lat' dir='ltr'>do-</span> 
     </span>
     <span class='ocr_line' id='line_1_40' title="bbox 179 1910 1259 1958; baseline 0.003 -13"><span class='ocrx_word' id='word_1_302' title='bbox 179 1910 342 1946; x_wconf 81' lang='lat' dir='ltr'>nationes</span> <span class='ocrx_word' id='word_1_303' title='bbox 366 1911 398 1946; x_wconf 93' lang='lat' dir='ltr'>ei</span> <span class='ocrx_word' id='word_1_304' title='bbox 422 1921 444 1946; x_wconf 84' lang='lat' dir='ltr'>a</span> <span class='ocrx_word' id='word_1_305' title='bbox 466 1911 540 1946; x_wconf 88' lang='lat' dir='ltr'>viro</span> <span class='ocrx_word' id='word_1_306' title='bbox 564 1911 703 1956; x_wconf 81' lang='lat' dir='ltr'>legatae</span> <span class='ocrx_word' id='word_1_307' title='bbox 717 1916 812 1953; x_wconf 90' lang='lat' dir='ltr'>sunt,</span> <span class='ocrx_word' id='word_1_308' title='bbox 834 1922 915 1947; x_wconf 92' lang='lat' dir='ltr'>cum</span> <span class='ocrx_word' id='word_1_309' title='bbox 931 1912 1101 1948; x_wconf 89' lang='lat' dir='ltr'>eiusmodi</span> <span class='ocrx_word' id='word_1_310' title='bbox 1124 1913 1259 1958; x_wconf 89' lang='lat' dir='ltr'>species</span> 
     </span>
     <span class='ocr_line' id='line_1_41' title="bbox 179 1955 953 2001; baseline 0.003 -11"><span class='ocrx_word' id='word_1_311' title='bbox 179 1965 224 1990; x_wconf 92' lang='lat' dir='ltr'>ne</span> <span class='ocrx_word' id='word_1_312' title='bbox 249 1965 295 1990; x_wconf 91' lang='lat' dir='ltr'>ue</span> <span class='ocrx_word' id='word_1_313' title='bbox 318 1955 444 1991; x_wconf 84' lang='lat' dir='ltr'>donari</span> <span class='ocrx_word' id='word_1_314' title='bbox 466 1965 581 2001; x_wconf 91' lang='lat' dir='ltr'>neque</span> <span class='ocrx_word' id='word_1_315' title='bbox 604 1956 738 1992; x_wconf 80' lang='lat' dir='ltr'>auferri</span> <span class='ocrx_word' id='word_1_316' title='bbox 759 1956 953 1993; x_wconf 47' lang='lat' dir='ltr'>videntur!</span> 
     </span>
    </p>

    <p class='ocr_par' dir='ltr' id='par_1_6' title="bbox 176 1998 1260 2310">
     <span class='ocr_line' id='line_1_42' title="bbox 253 1998 1260 2047; baseline 0.001 -11"><span class='ocrx_word' id='word_1_317' title='bbox 253 1998 278 2036; x_wconf 89' lang='lat'>4</span> <span class='ocrx_word' id='word_1_318' title='bbox 310 1999 418 2035; x_wconf 70' lang='lat' dir='ltr'>Imm</span> <span class='ocrx_word' id='word_1_319' title='bbox 444 2000 535 2036; x_wconf 87' lang='lat' dir='ltr'>libro</span> <span class='ocrx_word' id='word_1_320' title='bbox 567 2004 691 2037; x_wconf 81' lang='lat' dir='ltr'>octavo</span> <span class='ocrx_word' id='word_1_321' title='bbox 724 2011 978 2047; x_wconf 80' lang='lat' dir='ltr'>responsorum</span> <span class='ocrx_word' id='word_1_322' title='bbox 1034 2001 1099 2037; x_wconf 88' lang='lat' dir='ltr'>Vir</span> <span class='ocrx_word' id='word_1_323' title='bbox 1133 2012 1260 2037; x_wconf 88' lang='lat' dir='ltr'>usuras</span> 
     </span>
     <span class='ocr_line' id='line_1_43' title="bbox 177 2044 1260 2098; baseline 0.003 -19"><span class='ocrx_word' id='word_1_324' title='bbox 177 2044 376 2090; x_wconf 83' lang='lat' dir='ltr'>promissae</span> <span class='ocrx_word' id='word_1_325' title='bbox 399 2044 491 2080; x_wconf 88' lang='lat' dir='ltr'>dotis</span> <span class='ocrx_word' id='word_1_326' title='bbox 514 2045 551 2080; x_wconf 92' lang='lat' dir='ltr'>in</span> <span class='ocrx_word' id='word_1_327' title='bbox 575 2045 782 2089; x_wconf 89' lang='lat' dir='ltr'>stipulatum</span> <span class='ocrx_word' id='word_1_328' title='bbox 806 2045 1003 2081; x_wconf 89' lang='lat' dir='ltr'>deduxerat</span> <span class='ocrx_word' id='word_1_329' title='bbox 1026 2056 1158 2098; x_wconf 60' lang='lat' dir='ltr'>easque</span> <span class='ocrx_word' id='word_1_330' title='bbox 1187 2057 1260 2082; x_wconf 91' lang='lat' dir='ltr'>non</span> 
     </span>
     <span class='ocr_line' id='line_1_44' title="bbox 178 2089 1259 2135; baseline 0.002 -12"><span class='ocrx_word' id='word_1_331' title='bbox 178 2089 348 2134; x_wconf 88' lang='lat' dir='ltr'>petierat:</span> <span class='ocrx_word' id='word_1_332' title='bbox 390 2099 471 2124; x_wconf 88' lang='lat' dir='ltr'>cum</span> <span class='ocrx_word' id='word_1_333' title='bbox 501 2099 567 2133; x_wconf 89' lang='lat' dir='ltr'>per</span> <span class='ocrx_word' id='word_1_334' title='bbox 597 2100 701 2124; x_wconf 92' lang='lat' dir='ltr'>omne</span> <span class='ocrx_word' id='word_1_335' title='bbox 732 2093 872 2135; x_wconf 88' lang='lat' dir='ltr'>tempus</span> <span class='ocrx_word' id='word_1_336' title='bbox 903 2090 1117 2126; x_wconf 79' lang='lat' dir='ltr'>matrimonii</span> <span class='ocrx_word' id='word_1_337' title='bbox 1140 2101 1259 2135; x_wconf 88' lang='lat' dir='ltr'>sump-</span> 
     </span>
     <span class='ocr_line' id='line_1_45' title="bbox 176 2133 1259 2177; baseline 0.002 -9"><span class='ocrx_word' id='word_1_338' title='bbox 176 2133 273 2169; x_wconf 89' lang='lat' dir='ltr'>tibus</span> <span class='ocrx_word' id='word_1_339' title='bbox 305 2133 378 2168; x_wconf 90' lang='lat' dir='ltr'>suis</span> <span class='ocrx_word' id='word_1_340' title='bbox 411 2143 558 2168; x_wconf 88' lang='lat' dir='ltr'>uxorem</span> <span class='ocrx_word' id='word_1_341' title='bbox 596 2138 631 2168; x_wconf 91' lang='lat' dir='ltr'>et</span> <span class='ocrx_word' id='word_1_342' title='bbox 661 2134 737 2169; x_wconf 91' lang='lat' dir='ltr'>eius</span> <span class='ocrx_word' id='word_1_343' title='bbox 774 2133 944 2169; x_wconf 84' lang='lat' dir='ltr'>familiam</span> <span class='ocrx_word' id='word_1_344' title='bbox 980 2135 1034 2170; x_wconf 91' lang='lat' dir='ltr'>vir</span> <span class='ocrx_word' id='word_1_345' title='bbox 1068 2135 1259 2177; x_wconf 84' lang='lat' dir='ltr'>exhiberet,</span> 
     </span>
     <span class='ocr_line' id='line_1_46' title="bbox 177 2177 1259 2223; baseline 0.002 -11"><span class='ocrx_word' id='word_1_346' title='bbox 177 2177 260 2213; x_wconf 84' lang='lat' dir='ltr'>dote</span> <span class='ocrx_word' id='word_1_347' title='bbox 282 2178 531 2223; x_wconf 85' lang='lat' dir='ltr'>praelegata⁷·,</span> <span class='ocrx_word' id='word_1_348' title='bbox 555 2178 618 2213; x_wconf 91' lang='lat' dir='ltr'>sed</span> <span class='ocrx_word' id='word_1_349' title='bbox 653 2183 689 2214; x_wconf 90' lang='lat' dir='ltr'>et</span> <span class='ocrx_word' id='word_1_350' title='bbox 722 2178 971 2214; x_wconf 85' lang='lat' dir='ltr'>donationibus</span> <span class='ocrx_word' id='word_1_351' title='bbox 1013 2180 1127 2215; x_wconf 89' lang='lat' dir='ltr'>verbis</span> <span class='ocrx_word' id='word_1_352' title='bbox 1161 2179 1259 2215; x_wconf 90' lang='lat' dir='ltr'>fidei-</span> 
     </span>
     <span class='ocr_line' id='line_1_47' title="bbox 178 2222 1260 2268; baseline 0.002 -11"><span class='ocrx_word' id='word_1_353' title='bbox 178 2222 355 2258; x_wconf 88' lang='lat' dir='ltr'>commissi</span> <span class='ocrx_word' id='word_1_354' title='bbox 378 2222 594 2258; x_wconf 88' lang='lat' dir='ltr'>confirmatis</span> <span class='ocrx_word' id='word_1_355' title='bbox 624 2223 739 2268; x_wconf 86' lang='lat' dir='ltr'>legato</span> <span class='ocrx_word' id='word_1_356' title='bbox 764 2223 905 2268; x_wconf 87' lang='lat' dir='ltr'>quidem</span> <span class='ocrx_word' id='word_1_357' title='bbox 928 2224 1020 2259; x_wconf 90' lang='lat' dir='ltr'>dotis</span> <span class='ocrx_word' id='word_1_358' title='bbox 1037 2234 1165 2259; x_wconf 89' lang='lat' dir='ltr'>usuras</span> <span class='ocrx_word' id='word_1_359' title='bbox 1188 2235 1260 2259; x_wconf 91' lang='lat' dir='ltr'>non</span> 
     </span>
     <span class='ocr_line' id='line_1_48' title="bbox 178 2267 1212 2310; baseline 0.002 -9"><span class='ocrx_word' id='word_1_360' title='bbox 178 2267 352 2302; x_wconf 87' lang='lat' dir='ltr'>contineri</span> <span class='ocrx_word' id='word_1_361' title='bbox 373 2267 571 2310; x_wconf 86' lang='lat' dir='ltr'>videbatur,</span> <span class='ocrx_word' id='word_1_362' title='bbox 597 2267 660 2303; x_wconf 89' lang='lat' dir='ltr'>sed</span> <span class='ocrx_word' id='word_1_363' title='bbox 682 2268 786 2303; x_wconf 89' lang='lat' dir='ltr'>titulo</span> <span class='ocrx_word' id='word_1_364' title='bbox 811 2268 1012 2304; x_wconf 88' lang='lat' dir='ltr'>donationis</span> <span class='ocrx_word' id='word_1_365' title='bbox 1036 2269 1212 2303; x_wconf 87' lang='lat' dir='ltr'>remissas.</span> 
     </span>
    </p>

    <p class='ocr_par' dir='ltr' id='par_1_7' title="bbox 175 2310 1259 3073">
     <span class='ocr_line' id='line_1_49' title="bbox 223 2310 1257 2358; baseline 0.001 -10"><span class='ocrx_word' id='word_1_366' title='bbox 223 2310 276 2348; x_wconf 84' lang='lat'>55</span> <span class='ocrx_word' id='word_1_367' title='bbox 301 2311 357 2347; x_wconf 71' lang='grc' dir='ltr'>ΡΑ</span> <span class='ocrx_word' id='word_1_368' title='bbox 365 2321 460 2347; x_wconf 74' lang='lat' dir='ltr'><em>ULUS</em></span> <span class='ocrx_word' id='word_1_369' title='bbox 479 2311 570 2348; x_wconf 84' lang='lat' dir='ltr'>libro</span> <span class='ocrx_word' id='word_1_370' title='bbox 593 2315 696 2347; x_wconf 70' lang='lat' dir='ltr'>sexto</span> <span class='ocrx_word' id='word_1_371' title='bbox 722 2314 969 2358; x_wconf 80' lang='lat' dir='ltr'>quaestionum</span> <span class='ocrx_word' id='word_1_372' title='bbox 1014 2313 1113 2349; x_wconf 85' lang='lat' dir='ltr'>Uxor</span> <span class='ocrx_word' id='word_1_373' title='bbox 1132 2314 1257 2349; x_wconf 89' lang='lat' dir='ltr'>marito</span> 
     </span>
     <span class='ocr_line' id='line_1_50' title="bbox 177 2356 1257 2403; baseline 0.002 -12"><span class='ocrx_word' id='word_1_374' title='bbox 177 2366 242 2391; x_wconf 88' lang='lat' dir='ltr'>suo</span> <span class='ocrx_word' id='word_1_375' title='bbox 266 2356 454 2401; x_wconf 89' lang='lat' dir='ltr'>pecuniam</span> <span class='ocrx_word' id='word_1_376' title='bbox 478 2356 640 2392; x_wconf 89' lang='lat' dir='ltr'>donavit:</span> <span class='ocrx_word' id='word_1_377' title='bbox 672 2357 821 2392; x_wconf 91' lang='lat' dir='ltr'>maritus</span> <span class='ocrx_word' id='word_1_378' title='bbox 853 2367 897 2392; x_wconf 89' lang='lat' dir='ltr'>ex</span> <span class='ocrx_word' id='word_1_379' title='bbox 927 2358 1081 2403; x_wconf 87' lang='lat' dir='ltr'>pecunia</span> <span class='ocrx_word' id='word_1_380' title='bbox 1104 2358 1171 2393; x_wconf 91' lang='lat' dir='ltr'>sibi</span> <span class='ocrx_word' id='word_1_381' title='bbox 1195 2358 1257 2393; x_wconf 90' lang='lat' dir='ltr'>do-</span> 
     </span>
     <span class='ocr_line' id='line_1_51' title="bbox 176 2401 1257 2447; baseline 0.003 -12"><span class='ocrx_word' id='word_1_382' title='bbox 176 2405 264 2436; x_wconf 87' lang='lat' dir='ltr'>nata</span> <span class='ocrx_word' id='word_1_383' title='bbox 288 2405 352 2436; x_wconf 91' lang='lat' dir='ltr'>aut</span> <span class='ocrx_word' id='word_1_384' title='bbox 370 2401 535 2436; x_wconf 89' lang='lat' dir='ltr'>mobilem</span> <span class='ocrx_word' id='word_1_385' title='bbox 555 2405 618 2436; x_wconf 92' lang='lat' dir='ltr'>aut</span> <span class='ocrx_word' id='word_1_386' title='bbox 641 2401 708 2437; x_wconf 89' lang='lat' dir='ltr'>soli</span> <span class='ocrx_word' id='word_1_387' title='bbox 729 2411 804 2437; x_wconf 91' lang='lat' dir='ltr'>rem</span> <span class='ocrx_word' id='word_1_388' title='bbox 828 2403 1066 2447; x_wconf 88' lang='lat' dir='ltr'>comparavit:</span> <span class='ocrx_word' id='word_1_389' title='bbox 1091 2403 1257 2438; x_wconf 89' lang='lat' dir='ltr'>solvendo</span> 
     </span>
     <span class='ocr_line' id='line_1_52' title="bbox 176 2447 1259 2489; baseline 0.003 -9"><span class='ocrx_word' id='word_1_390' title='bbox 176 2456 250 2481; x_wconf 91' lang='lat' dir='ltr'>non</span> <span class='ocrx_word' id='word_1_391' title='bbox 274 2450 328 2481; x_wconf 89' lang='lat' dir='ltr'>est</span> <span class='ocrx_word' id='word_1_392' title='bbox 363 2450 399 2481; x_wconf 90' lang='lat' dir='ltr'>et</span> <span class='ocrx_word' id='word_1_393' title='bbox 428 2456 485 2481; x_wconf 89' lang='lat' dir='ltr'>res</span> <span class='ocrx_word' id='word_1_394' title='bbox 517 2450 641 2481; x_wconf 86' lang='lat' dir='ltr'>extant</span> <span class='ocrx_word' id='word_1_395' title='bbox 654 2447 686 2481; x_wconf 86' lang='lat'>⁸:</span> <span class='ocrx_word' id='word_1_396' title='bbox 747 2456 870 2489; x_wconf 87' lang='lat' dir='ltr'>uaero,</span> <span class='ocrx_word' id='word_1_397' title='bbox 902 2447 933 2482; x_wconf 90' lang='lat' dir='ltr'>si</span> <span class='ocrx_word' id='word_1_398' title='bbox 962 2448 1088 2483; x_wconf 90' lang='lat' dir='ltr'>mulier</span> <span class='ocrx_word' id='word_1_399' title='bbox 1117 2452 1259 2483; x_wconf 88' lang='lat' dir='ltr'>revocet</span> 
     </span>
     <span class='ocr_line' id='line_1_53' title="bbox 177 2490 1257 2537; baseline 0.002 -12"><span class='ocrx_word' id='word_1_400' title='bbox 177 2490 415 2533; x_wconf 87' lang='lat' dir='ltr'>donationem,</span> <span class='ocrx_word' id='word_1_401' title='bbox 439 2501 487 2525; x_wconf 90' lang='lat' dir='ltr'>an</span> <span class='ocrx_word' id='word_1_402' title='bbox 509 2491 643 2526; x_wconf 89' lang='lat' dir='ltr'>utiliter</span> <span class='ocrx_word' id='word_1_403' title='bbox 667 2501 734 2527; x_wconf 91' lang='lat' dir='ltr'>con</span> <span class='ocrx_word' id='word_1_404' title='bbox 761 2491 878 2527; x_wconf 82' lang='lat' dir='ltr'>‘cticia</span> <span class='ocrx_word' id='word_1_405' title='bbox 902 2492 1128 2537; x_wconf 84' lang='lat' dir='ltr'>experiatur?</span> <span class='ocrx_word' id='word_1_406' title='bbox 1162 2492 1257 2527; x_wconf 90' lang='lat' dir='ltr'>vide-</span> 
     </span>
     <span class='ocr_line' id='line_1_54' title="bbox 175 2535 1256 2580; baseline 0.002 -10"><span class='ocrx_word' id='word_1_407' title='bbox 175 2539 236 2570; x_wconf 89' lang='lat' dir='ltr'>tur</span> <span class='ocrx_word' id='word_1_408' title='bbox 258 2535 350 2570; x_wconf 90' lang='lat' dir='ltr'>enim</span> <span class='ocrx_word' id='word_1_409' title='bbox 373 2535 532 2578; x_wconf 88' lang='lat' dir='ltr'>maritus,</span> <span class='ocrx_word' id='word_1_410' title='bbox 557 2535 714 2580; x_wconf 89' lang='lat' dir='ltr'>quamvis</span> <span class='ocrx_word' id='word_1_411' title='bbox 745 2536 910 2572; x_wconf 89' lang='lat' dir='ltr'>solvendo</span> <span class='ocrx_word' id='word_1_412' title='bbox 942 2547 1014 2572; x_wconf 90' lang='lat' dir='ltr'>non</span> <span class='ocrx_word' id='word_1_413' title='bbox 1038 2537 1102 2580; x_wconf 91' lang='lat' dir='ltr'>sit,</span> <span class='ocrx_word' id='word_1_414' title='bbox 1127 2547 1171 2572; x_wconf 86' lang='lat' dir='ltr'>ex</span> <span class='ocrx_word' id='word_1_415' title='bbox 1194 2536 1256 2572; x_wconf 89' lang='lat' dir='ltr'>do-</span> 
     </span>
     <span class='ocr_line' id='line_1_55' title="bbox 177 2579 1257 2626; baseline 0.003 -12"><span class='ocrx_word' id='word_1_416' title='bbox 177 2580 321 2615; x_wconf 85' lang='lat' dir='ltr'>natione</span> <span class='ocrx_word' id='word_1_417' title='bbox 357 2579 570 2625; x_wconf 87' lang='lat' dir='ltr'>locupletior</span> <span class='ocrx_word' id='word_1_418' title='bbox 601 2580 766 2623; x_wconf 86' lang='lat' dir='ltr'>effectus,</span> <span class='ocrx_word' id='word_1_419' title='bbox 807 2591 886 2616; x_wconf 90' lang='lat' dir='ltr'>cum</span> <span class='ocrx_word' id='word_1_420' title='bbox 921 2582 1073 2626; x_wconf 89' lang='lat' dir='ltr'>pecunia</span> <span class='ocrx_word' id='word_1_421' title='bbox 1102 2582 1257 2617; x_wconf 86' lang='lat' dir='ltr'>mulieris</span> 
     </span>
     <span class='ocr_line' id='line_1_56' title="bbox 175 2625 1258 2676; baseline 0.003 -17"><span class='ocrx_word' id='word_1_422' title='bbox 175 2634 233 2659; x_wconf 91' lang='lat' dir='ltr'>res</span> <span class='ocrx_word' id='word_1_423' title='bbox 266 2629 472 2676; x_wconf 84' lang='lat' dir='ltr'>comparata</span> <span class='ocrx_word' id='word_1_424' title='bbox 501 2629 627 2660; x_wconf 86' lang='lat' dir='ltr'>exstet.</span> <span class='ocrx_word' id='word_1_425' title='bbox 659 2625 842 2670; x_wconf 89' lang='lat' dir='ltr'>respondi:</span> <span class='ocrx_word' id='word_1_426' title='bbox 881 2625 1148 2671; x_wconf 90' lang='lat' dir='ltr'>locupletiorem</span> <span class='ocrx_word' id='word_1_427' title='bbox 1180 2636 1258 2662; x_wconf 86' lang='lat' dir='ltr'>esse</span> 
     </span>
     <span class='ocr_line' id='line_1_57' title="bbox 177 2668 1255 2716; baseline 0.004 -13"><span class='ocrx_word' id='word_1_428' title='bbox 177 2678 221 2703; x_wconf 88' lang='lat' dir='ltr'>ex</span> <span class='ocrx_word' id='word_1_429' title='bbox 244 2668 435 2704; x_wconf 77' lang='lat' dir='ltr'>donatione</span> <span class='ocrx_word' id='word_1_430' title='bbox 457 2670 579 2715; x_wconf 84' lang='lat' dir='ltr'>negari</span> <span class='ocrx_word' id='word_1_431' title='bbox 593 2680 666 2705; x_wconf 90' lang='lat' dir='ltr'>non</span> <span class='ocrx_word' id='word_1_432' title='bbox 680 2674 816 2715; x_wconf 89' lang='lat' dir='ltr'>potest:</span> <span class='ocrx_word' id='word_1_433' title='bbox 841 2681 915 2706; x_wconf 91' lang='lat' dir='ltr'>non</span> <span class='ocrx_word' id='word_1_434' title='bbox 935 2671 1027 2706; x_wconf 91' lang='lat' dir='ltr'>enim</span> <span class='ocrx_word' id='word_1_435' title='bbox 1043 2671 1255 2716; x_wconf 57' lang='lat' dir='ltr'>quaerimua</span> 
     </span>
     <span class='ocr_line' id='line_1_58' title="bbox 177 2713 1257 2761; baseline 0.004 -14"><span class='ocrx_word' id='word_1_436' title='bbox 177 2713 261 2758; x_wconf 88' lang='lat' dir='ltr'>quid</span> <span class='ocrx_word' id='word_1_437' title='bbox 285 2713 437 2749; x_wconf 88' lang='lat' dir='ltr'>deducto</span> <span class='ocrx_word' id='word_1_438' title='bbox 461 2724 544 2749; x_wconf 86' lang='lat' dir='ltr'>aere</span> <span class='ocrx_word' id='word_1_439' title='bbox 568 2714 683 2750; x_wconf 87' lang='lat' dir='ltr'>alieno</span> <span class='ocrx_word' id='word_1_440' title='bbox 714 2715 864 2750; x_wconf 91' lang='lat' dir='ltr'>liberum</span> <span class='ocrx_word' id='word_1_441' title='bbox 894 2716 1044 2759; x_wconf 88' lang='lat' dir='ltr'>habeat,</span> <span class='ocrx_word' id='word_1_442' title='bbox 1076 2715 1140 2751; x_wconf 90' lang='lat' dir='ltr'>sed</span> <span class='ocrx_word' id='word_1_443' title='bbox 1171 2716 1257 2761; x_wconf 89' lang='lat' dir='ltr'>quid</span> 
     </span>
     <span class='ocr_line' id='line_1_59' title="bbox 177 2758 1256 2806; baseline 0.004 -14"><span class='ocrx_word' id='word_1_444' title='bbox 177 2767 221 2792; x_wconf 90' lang='lat' dir='ltr'>ex</span> <span class='ocrx_word' id='word_1_445' title='bbox 250 2767 289 2792; x_wconf 92' lang='lat' dir='ltr'>re</span> <span class='ocrx_word' id='word_1_446' title='bbox 319 2758 474 2794; x_wconf 89' lang='lat' dir='ltr'>mulieris</span> <span class='ocrx_word' id='word_1_447' title='bbox 505 2759 692 2804; x_wconf 89' lang='lat' dir='ltr'>possideat.</span> <span class='ocrx_word' id='word_1_448' title='bbox 729 2760 805 2795; x_wconf 90' lang='lat' dir='ltr'>solo</span> <span class='ocrx_word' id='word_1_449' title='bbox 838 2760 954 2795; x_wconf 80' lang='lat' dir='ltr'>enim⁹</span> <span class='ocrx_word' id='word_1_450' title='bbox 983 2765 1171 2806; x_wconf 88' lang='lat' dir='ltr'>separatur</span> <span class='ocrx_word' id='word_1_451' title='bbox 1197 2760 1256 2796; x_wconf 88' lang='lat' dir='ltr'>hic</span> 
     </span>
     <span class='ocr_line' id='line_1_60' title="bbox 176 2801 1255 2849; baseline 0.004 -12"><span class='ocrx_word' id='word_1_452' title='bbox 176 2801 222 2837; x_wconf 88' lang='lat' dir='ltr'>ab</span> <span class='ocrx_word' id='word_1_453' title='bbox 254 2812 314 2844; x_wconf 90' lang='lat' dir='ltr'>eo,</span> <span class='ocrx_word' id='word_1_454' title='bbox 347 2803 406 2837; x_wconf 90' lang='lat' dir='ltr'>cui</span> <span class='ocrx_word' id='word_1_455' title='bbox 436 2813 493 2838; x_wconf 86' lang='lat' dir='ltr'>res</span> <span class='ocrx_word' id='word_1_456' title='bbox 524 2803 657 2839; x_wconf 87' lang='lat' dir='ltr'>donata</span> <span class='ocrx_word' id='word_1_457' title='bbox 689 2810 761 2847; x_wconf 92' lang='lat' dir='ltr'>est,</span> <span class='ocrx_word' id='word_1_458' title='bbox 793 2804 888 2849; x_wconf 89' lang='lat' dir='ltr'>quod</span> <span class='ocrx_word' id='word_1_459' title='bbox 910 2805 959 2840; x_wconf 92' lang='lat' dir='ltr'>ibi</span> <span class='ocrx_word' id='word_1_460' title='bbox 971 2806 999 2826; x_wconf 92' lang='lat'>¹⁰</span> <span class='ocrx_word' id='word_1_461' title='bbox 1021 2816 1079 2841; x_wconf 91' lang='lat' dir='ltr'>res</span> <span class='ocrx_word' id='word_1_462' title='bbox 1101 2805 1255 2841; x_wconf 90' lang='lat' dir='ltr'>mulieris</span> 
     </span>
     <span class='ocr_line' id='line_1_61' title="bbox 175 2847 1256 2894; baseline 0.005 -14"><span class='ocrx_word' id='word_1_463' title='bbox 175 2851 360 2892; x_wconf 86' lang='lat' dir='ltr'>permanet</span> <span class='ocrx_word' id='word_1_464' title='bbox 372 2851 408 2882; x_wconf 90' lang='lat' dir='ltr'>et</span> <span class='ocrx_word' id='word_1_465' title='bbox 426 2847 595 2883; x_wconf 88' lang='lat' dir='ltr'>vindicari</span> <span class='ocrx_word' id='word_1_466' title='bbox 614 2848 748 2884; x_wconf 88' lang='lat' dir='ltr'>directo</span> <span class='ocrx_word' id='word_1_467' title='bbox 768 2853 903 2894; x_wconf 85' lang='lat' dir='ltr'>potest:</span> <span class='ocrx_word' id='word_1_468' title='bbox 930 2851 1003 2885; x_wconf 87' lang='lat' dir='ltr'>et¹¹</span> <span class='ocrx_word' id='word_1_469' title='bbox 1025 2851 1092 2885; x_wconf 90' lang='lat' dir='ltr'>erit</span> <span class='ocrx_word' id='word_1_470' title='bbox 1104 2850 1256 2886; x_wconf 88' lang='lat' dir='ltr'>deterior</span> 
     </span>
     <span class='ocr_line' id='line_1_62' title="bbox 176 2892 1255 2938; baseline 0.005 -13"><span class='ocrx_word' id='word_1_471' title='bbox 176 2901 287 2926; x_wconf 85' lang='lat' dir='ltr'>causa</span> <span class='ocrx_word' id='word_1_472' title='bbox 319 2892 394 2933; x_wconf 87' lang='lat' dir='ltr'>viri,</span> <span class='ocrx_word' id='word_1_473' title='bbox 430 2893 461 2927; x_wconf 91' lang='lat' dir='ltr'>si</span> <span class='ocrx_word' id='word_1_474' title='bbox 495 2893 526 2927; x_wconf 89' lang='lat' dir='ltr'>ei</span> <span class='ocrx_word' id='word_1_475' title='bbox 559 2894 712 2937; x_wconf 88' lang='lat' dir='ltr'>pecunia</span> <span class='ocrx_word' id='word_1_476' title='bbox 745 2898 919 2938; x_wconf 85' lang='lat' dir='ltr'>quatenus</span> <span class='ocrx_word' id='word_1_477' title='bbox 953 2905 1010 2930; x_wconf 92' lang='lat' dir='ltr'>res</span> <span class='ocrx_word' id='word_1_478' title='bbox 1044 2895 1148 2937; x_wconf 91' lang='lat' dir='ltr'>valet,</span> <span class='ocrx_word' id='word_1_479' title='bbox 1183 2905 1255 2930; x_wconf 92' lang='lat' dir='ltr'>non</span> 
     </span>
     <span class='ocr_line' id='line_1_63' title="bbox 175 2935 1255 2982; baseline 0.005 -12"><span class='ocrx_word' id='word_1_480' title='bbox 175 2936 271 2971; x_wconf 89' lang='lat' dir='ltr'>ultra</span> <span class='ocrx_word' id='word_1_481' title='bbox 293 2935 331 2970; x_wconf 89' lang='lat' dir='ltr'>id</span> <span class='ocrx_word' id='word_1_482' title='bbox 353 2940 471 2971; x_wconf 87' lang='lat' dir='ltr'>tamen</span> <span class='ocrx_word' id='word_1_483' title='bbox 496 2937 591 2982; x_wconf 87' lang='lat' dir='ltr'>quod</span> <span class='ocrx_word' id='word_1_484' title='bbox 615 2938 784 2974; x_wconf 86' lang='lat' dir='ltr'>donatum</span> <span class='ocrx_word' id='word_1_485' title='bbox 808 2943 872 2982; x_wconf 88' lang='lat' dir='ltr'>est,</span> <span class='ocrx_word' id='word_1_486' title='bbox 898 2939 1117 2982; x_wconf 86' lang='lat' dir='ltr'>condicatur,</span> <span class='ocrx_word' id='word_1_487' title='bbox 1173 2950 1255 2975; x_wconf 86' lang='lat' dir='ltr'>uam</span> 
     </span>
     <span class='ocr_line' id='line_1_64' title="bbox 175 2979 1256 3029; baseline 0.005 -14"><span class='ocrx_word' id='word_1_488' title='bbox 175 2980 207 3016; x_wconf 94' lang='lat' dir='ltr'>si</span> <span class='ocrx_word' id='word_1_489' title='bbox 248 2979 341 3015; x_wconf 90' lang='lat' dir='ltr'>dotis</span> <span class='ocrx_word' id='word_1_490' title='bbox 393 2981 522 3016; x_wconf 87' lang='lat' dir='ltr'>iudicio</span> <span class='ocrx_word' id='word_1_491' title='bbox 567 2983 807 3018; x_wconf 88' lang='lat' dir='ltr'>conveniatur.</span> <span class='ocrx_word' id='word_1_492' title='bbox 865 2983 929 3019; x_wconf 91' lang='lat' dir='ltr'>sed</span> <span class='ocrx_word' id='word_1_493' title='bbox 970 2984 1057 3019; x_wconf 87' lang='lat' dir='ltr'>nihil</span> <span class='ocrx_word' id='word_1_494' title='bbox 1091 2995 1155 3029; x_wconf 89' lang='lat' dir='ltr'>pro</span> <span class='ocrx_word' id='word_1_495' title='bbox 1184 2984 1256 3020; x_wconf 84' lang='lat' dir='ltr'>‘bet</span> 
     </span>
     <span class='ocr_line' id='line_1_65' title="bbox 176 3024 1253 3073; baseline 0.005 -14"><span class='ocrx_word' id='word_1_496' title='bbox 176 3024 283 3060; x_wconf 85' lang='lat' dir='ltr'>etiam</span> <span class='ocrx_word' id='word_1_497' title='bbox 306 3025 344 3059; x_wconf 90' lang='lat' dir='ltr'>in</span> <span class='ocrx_word' id='word_1_498' title='bbox 367 3035 440 3060; x_wconf 90' lang='lat' dir='ltr'>rem</span> <span class='ocrx_word' id='word_1_499' title='bbox 460 3026 580 3061; x_wconf 89' lang='lat' dir='ltr'>utilem</span> <span class='ocrx_word' id='word_1_500' title='bbox 591 3027 729 3062; x_wconf 89' lang='lat' dir='ltr'>mulieri</span> <span class='ocrx_word' id='word_1_501' title='bbox 747 3027 892 3073; x_wconf 83' lang='lat' dir='ltr'>inipsas</span> <span class='ocrx_word' id='word_1_502' title='bbox 903 3038 961 3063; x_wconf 91' lang='lat' dir='ltr'>res</span> <span class='ocrx_word' id='word_1_503' title='bbox 974 3029 1253 3064; x_wconf 85' lang='lat' dir='ltr'>accommodare.</span> 
     </span>
    </p>

    <p class='ocr_par' dir='ltr' id='par_1_8' title="bbox 173 3067 1255 3329">
     <span class='ocr_line' id='line_1_66' title="bbox 221 3067 1255 3119; baseline 0.003 -13"><span class='ocrx_word' id='word_1_504' title='bbox 221 3067 275 3107; x_wconf 87' lang='lat'>56</span> <span class='ocrx_word' id='word_1_505' title='bbox 300 3068 502 3105; x_wconf 50' lang='lat' dir='ltr'>Sermoni</span> <span class='ocrx_word' id='word_1_506' title='bbox 526 3071 615 3106; x_wconf 86' lang='lat' dir='ltr'>libro</span> <span class='ocrx_word' id='word_1_507' title='bbox 640 3073 744 3107; x_wconf 83' lang='lat' dir='ltr'>tertio</span> <span class='ocrx_word' id='word_1_508' title='bbox 792 3074 1014 3108; x_wconf 82' lang='lat' dir='ltr'>uaestionum</span> <span class='ocrx_word' id='word_1_509' title='bbox 1057 3073 1094 3109; x_wconf 91' lang='lat' dir='ltr'>Si</span> <span class='ocrx_word' id='word_1_510' title='bbox 1117 3073 1213 3119; x_wconf 90' lang='lat' dir='ltr'>quod</span> <span class='ocrx_word' id='word_1_511' title='bbox 1227 3074 1255 3095; x_wconf 82' lang='lat'>¹²</span> 
     </span>
     <span class='ocr_line' id='line_1_67' title="bbox 174 3083 1253 3162; baseline 0.005 -13"><span class='ocrx_word' id='word_1_512' title='bbox 174 3113 260 3149; x_wconf 88' lang='lat' dir='ltr'>mihi</span> <span class='ocrx_word' id='word_1_513' title='bbox 284 3114 408 3150; x_wconf 89' lang='lat' dir='ltr'>mortis</span> <span class='ocrx_word' id='word_1_514' title='bbox 432 3125 542 3150; x_wconf 85' lang='lat' dir='ltr'>causa</span> <span class='ocrx_word' id='word_1_515' title='bbox 566 3115 699 3151; x_wconf 89' lang='lat' dir='ltr'>donare</span> <span class='ocrx_word' id='word_1_516' title='bbox 721 3083 842 3159; x_wconf 52' lang='lat' dir='ltr'>vega,</span> <span class='ocrx_word' id='word_1_517' title='bbox 867 3127 929 3162; x_wconf 84' lang='lat' dir='ltr'>ego</span> <span class='ocrx_word' id='word_1_518' title='bbox 979 3128 1042 3153; x_wconf 90' lang='lat' dir='ltr'>ure</span> <span class='ocrx_word' id='word_1_519' title='bbox 1064 3118 1167 3154; x_wconf 91' lang='lat' dir='ltr'>uxori</span> <span class='ocrx_word' id='word_1_520' title='bbox 1189 3118 1253 3154; x_wconf 92' lang='lat' dir='ltr'>do-</span> 
     </span>
     <span class='ocr_line' id='line_1_68' title="bbox 174 3129 1254 3210; baseline 0.005 -16"><span class='ocrx_word' id='word_1_521' title='bbox 174 3169 262 3210; x_wconf 77' lang='lat' dir='ltr'>nare</span> <span class='ocrx_word' id='word_1_522' title='bbox 284 3159 419 3201; x_wconf 87' lang='lat' dir='ltr'>vellem,</span> <span class='ocrx_word' id='word_1_523' title='bbox 444 3170 517 3195; x_wconf 90' lang='lat' dir='ltr'>non</span> <span class='ocrx_word' id='word_1_524' title='bbox 538 3161 631 3195; x_wconf 82' lang='lat' dir='ltr'>valet</span> <span class='ocrx_word' id='word_1_525' title='bbox 659 3161 754 3206; x_wconf 90' lang='lat' dir='ltr'>quod</span> <span class='ocrx_word' id='word_1_526' title='bbox 783 3162 886 3197; x_wconf 85' lang='lat' dir='ltr'>uxori</span> <span class='ocrx_word' id='word_1_527' title='bbox 913 3129 1018 3199; x_wconf 57' lang='lat' dir='ltr'>iugeo</span> <span class='ocrx_word' id='word_1_528' title='bbox 1048 3162 1141 3206; x_wconf 88' lang='lat' dir='ltr'>dari,</span> <span class='ocrx_word' id='word_1_529' title='bbox 1171 3163 1254 3208; x_wconf 86' lang='lat' dir='ltr'>quia</span> 
     </span>
     <span class='ocr_line' id='line_1_69' title="bbox 173 3203 1254 3250; baseline 0.005 -12"><span class='ocrx_word' id='word_1_530' title='bbox 173 3203 234 3238; x_wconf 88' lang='lat'><strong>1110</strong></span> <span class='ocrx_word' id='word_1_531' title='bbox 259 3203 528 3240; x_wconf 82' lang='lat' dir='ltr'>convalescente</span> <span class='ocrx_word' id='word_1_532' title='bbox 552 3205 774 3241; x_wconf 89' lang='lat' dir='ltr'>condictione</span> <span class='ocrx_word' id='word_1_533' title='bbox 796 3211 936 3250; x_wconf 89' lang='lat' dir='ltr'>teneor,</span> <span class='ocrx_word' id='word_1_534' title='bbox 965 3211 1104 3243; x_wconf 89' lang='lat' dir='ltr'>mortuo</span> <span class='ocrx_word' id='word_1_535' title='bbox 1134 3213 1254 3243; x_wconf 89' lang='lat' dir='ltr'>autem</span> 
     </span>
     <span class='ocr_line' id='line_1_70' title="bbox 174 3247 1254 3299; baseline 0.005 -16"><span class='ocrx_word' id='word_1_536' title='bbox 174 3247 284 3299; x_wconf 73' lang='lat' dir='ltr'>nihilo</span> <span class='ocrx_word' id='word_1_537' title='bbox 308 3248 424 3285; x_wconf 89' lang='lat' dir='ltr'>minus</span> <span class='ocrx_word' id='word_1_538' title='bbox 453 3249 644 3294; x_wconf 85' lang='lat' dir='ltr'>pauperior</span> <span class='ocrx_word' id='word_1_539' title='bbox 671 3260 765 3286; x_wconf 88' lang='lat' dir='ltr'>sum:</span> <span class='ocrx_word' id='word_1_540' title='bbox 797 3261 869 3287; x_wconf 88' lang='lat' dir='ltr'>non</span> <span class='ocrx_word' id='word_1_541' title='bbox 899 3251 991 3287; x_wconf 89' lang='lat' dir='ltr'>enim</span> <span class='ocrx_word' id='word_1_542' title='bbox 1018 3252 1133 3288; x_wconf 86' lang='lat' dir='ltr'>habeo</span> <span class='ocrx_word' id='word_1_543' title='bbox 1158 3252 1254 3298; x_wconf 89' lang='lat' dir='ltr'>quod</span> 
     </span>
     <span class='ocr_line' id='line_1_71' title="bbox 174 3292 511 3329; baseline 0.003 -1"><span class='ocrx_word' id='word_1_544' title='bbox 174 3292 363 3329; x_wconf 77' lang='lat' dir='ltr'>habiturus</span> <span class='ocrx_word' id='word_1_545' title='bbox 387 3303 511 3329; x_wconf 85' lang='lat' dir='ltr'>essem.</span> 
     </span>
    </p>

    <p class='ocr_par' dir='ltr' id='par_1_9' title="bbox 220 3335 1254 3387">
     <span class='ocr_line' id='line_1_72' title="bbox 220 3335 1254 3387; baseline 0.003 -13"><span class='ocrx_word' id='word_1_546' title='bbox 220 3335 273 3374; x_wconf 90' lang='lat'>57</span> <span class='ocrx_word' id='word_1_547' title='bbox 299 3337 353 3373; x_wconf 77' lang='grc' dir='ltr'>ΡΑ</span> <span class='ocrx_word' id='word_1_548' title='bbox 363 3347 457 3374; x_wconf 78' lang='lat' dir='ltr'>vws</span> <span class='ocrx_word' id='word_1_549' title='bbox 476 3338 566 3373; x_wconf 84' lang='lat' dir='ltr'>libro</span> <span class='ocrx_word' id='word_1_550' title='bbox 589 3340 739 3385; x_wconf 83' lang='lat' dir='ltr'>septimo</span> <span class='ocrx_word' id='word_1_551' title='bbox 762 3351 1015 3386; x_wconf 81' lang='lat' dir='ltr'>responsorum</span> <span class='ocrx_word' id='word_1_552' title='bbox 1059 3341 1127 3384; x_wconf 89' lang='lat' dir='ltr'>Ea,</span> <span class='ocrx_word' id='word_1_553' title='bbox 1163 3351 1254 3387; x_wconf 85' lang='lat' dir='ltr'>quae</span> 
     </span>
    </p>
   </div>
   <div class='ocr_carea' id='block_1_3' title="bbox 173 3450 1252 3670">
    <p class='ocr_par' dir='ltr' id='par_1_10' title="bbox 173 3450 1252 3496">
     <span class='ocr_line' id='line_1_73' title="bbox 173 3450 1252 3496; baseline 0.001 -11"><span class='ocrx_word' id='word_1_554' title='bbox 173 3451 213 3492; x_wconf 80' lang='grc'><strong>(1)</strong></span> <span class='ocrx_word' id='word_1_555' title='bbox 238 3450 324 3483; x_wconf 83' lang='lat' dir='ltr'>alter</span> <span class='ocrx_word' id='word_1_556' title='bbox 336 3455 483 3493; x_wconf 87' lang='lat' dir='ltr'>emptum</span> <span class='ocrx_word' id='word_1_557' title='bbox 495 3450 531 3484; x_wconf 83' lang='lat' dir='ltr'><em>F</em></span> <span class='ocrx_word' id='word_1_558' title='bbox 593 3452 637 3493; x_wconf 83' lang='lat'>(2)</span> <span class='ocrx_word' id='word_1_559' title='bbox 662 3451 836 3485; x_wconf 82' lang='lat' dir='ltr'>evitandae</span> <span class='ocrx_word' id='word_1_560' title='bbox 849 3458 959 3485; x_wconf 89' lang='lat' dir='ltr'>autem</span> <span class='ocrx_word' id='word_1_561' title='bbox 972 3454 1081 3496; x_wconf 83' lang='lat' dir='ltr'>turpis</span> <span class='ocrx_word' id='word_1_562' title='bbox 1095 3457 1252 3495; x_wconf 80' lang='lat' dir='ltr'>quaestus</span> 
     </span>
    </p>

    <p class='ocr_par' dir='ltr' id='par_1_11' title="bbox 174 3496 1250 3540">
     <span class='ocr_line' id='line_1_74' title="bbox 174 3496 1250 3540; baseline 0.005 -13"><span class='ocrx_word' id='word_1_563' title='bbox 174 3496 379 3537; x_wconf 80' lang='lat' dir='ltr'>quaestionis</span> <span class='ocrx_word' id='word_1_564' title='bbox 391 3496 503 3538; x_wconf 79' lang='lat' dir='ltr'>gratia</span> <span class='ocrx_word' id='word_1_565' title='bbox 513 3508 577 3529; x_wconf 66' lang='lat' dir='ltr'>scr.</span> <span class='ocrx_word' id='word_1_566' title='bbox 691 3498 732 3534; x_wconf 78' lang='grc'><strong>(3)</strong></span> <span class='ocrx_word' id='word_1_567' title='bbox 758 3498 835 3530; x_wconf 77' lang='lat' dir='ltr'>citat</span> <span class='ocrx_word' id='word_1_568' title='bbox 852 3498 1013 3540; x_wconf 68' lang='lat' dir='ltr'>Ulpianus</span> <span class='ocrx_word' id='word_1_569' title='bbox 1025 3499 1055 3531; x_wconf 79' lang='grc' dir='ltr'>Ιι.</span> <span class='ocrx_word' id='word_1_570' title='bbox 1070 3507 1090 3533; x_wconf 77' lang='lat' dir='ltr'>t.</span> <span class='ocrx_word' id='word_1_571' title='bbox 1105 3499 1124 3532; x_wconf 84' lang='lat'>1.</span> <span class='ocrx_word' id='word_1_572' title='bbox 1140 3505 1175 3532; x_wconf 81' lang='lat'>³2</span> <span class='ocrx_word' id='word_1_573' title='bbox 1190 3503 1250 3538; x_wconf 77' lang='lat'>§16</span> 
     </span>
    </p>

    <p class='ocr_par' dir='ltr' id='par_1_12' title="bbox 174 3540 1250 3584">
     <span class='ocr_line' id='line_1_75' title="bbox 174 3540 1250 3584; baseline 0.002 -11"><span class='ocrx_word' id='word_1_574' title='bbox 174 3541 218 3581; x_wconf 80' lang='grc'>(4)</span> <span class='ocrx_word' id='word_1_575' title='bbox 243 3540 338 3572; x_wconf 84' lang='lat' dir='ltr'>datas</span> <span class='ocrx_word' id='word_1_576' title='bbox 351 3542 410 3574; x_wconf 80' lang='lat' dir='ltr'>ins.</span> <span class='ocrx_word' id='word_1_577' title='bbox 509 3541 553 3583; x_wconf 74' lang='lat'>(5)</span> <span class='ocrx_word' id='word_1_578' title='bbox 576 3551 656 3573; x_wconf 86' lang='lat' dir='ltr'>usus</span> <span class='ocrx_word' id='word_1_579' title='bbox 668 3541 703 3573; x_wconf 80' lang='lat' dir='ltr'>F·</span> <span class='ocrx_word' id='word_1_580' title='bbox 796 3543 839 3581; x_wconf 80' lang='lat'>(6)</span> <span class='ocrx_word' id='word_1_581' title='bbox 865 3543 971 3583; x_wconf 80' lang='lat' dir='ltr'>possit</span> <span class='ocrx_word' id='word_1_582' title='bbox 983 3542 1035 3575; x_wconf 77' lang='lat' dir='ltr'>F²</span> <span class='ocrx_word' id='word_1_583' title='bbox 1126 3544 1168 3584; x_wconf 83' lang='lat'>(7)</span> <span class='ocrx_word' id='word_1_584' title='bbox 1201 3543 1250 3575; x_wconf 90' lang='lat' dir='ltr'>vi-</span> 
     </span>
    </p>

    <p class='ocr_par' dir='ltr' id='par_1_13' title="bbox 173 3584 1249 3670">
     <span class='ocr_line' id='line_1_76' title="bbox 173 3584 1249 3670; baseline 0.006 -55"><span class='ocrx_word' id='word_1_585' title='bbox 173 3584 422 3670; x_wconf 47' lang='grc' dir='ltr'>ἳειίιιζξῑῗέΐ)</span> <span class='ocrx_word' id='word_1_586' title='bbox 436 3585 585 3627; x_wconf 79' lang='lat' dir='ltr'>relegata</span> <span class='ocrx_word' id='word_1_587' title='bbox 597 3598 661 3619; x_wconf 75' lang='lat' dir='ltr'>scr.</span> <span class='ocrx_word' id='word_1_588' title='bbox 698 3586 742 3626; x_wconf 86' lang='lat'>(8)</span> <span class='ocrx_word' id='word_1_589' title='bbox 752 3589 844 3618; x_wconf 81' lang='lat' dir='ltr'>extat</span> <span class='ocrx_word' id='word_1_590' title='bbox 853 3588 925 3619; x_wconf 79' lang='lat' dir='ltr'>edd.</span> <span class='ocrx_word' id='word_1_591' title='bbox 974 3589 1017 3629; x_wconf 79' lang='grc'>(9)</span> <span class='ocrx_word' id='word_1_592' title='bbox 1028 3588 1131 3629; x_wconf 88' lang='lat' dir='ltr'>enim]</span> <span class='ocrx_word' id='word_1_593' title='bbox 1140 3598 1178 3620; x_wconf 83' lang='lat' dir='ltr'>eo</span> <span class='ocrx_word' id='word_1_594' title='bbox 1186 3600 1249 3621; x_wconf 74' lang='lat' dir='ltr'>ncr-</span> 
     </span>
     <span class='ocr_line' id='line_1_77' title="bbox 188 3636 310 3662; baseline -0.008 0"><span class='ocrx_word' id='word_1_595' title='bbox 188 3636 220 3662; x_wconf 87' lang='lat'>10</span> <span class='ocrx_word' id='word_1_596' title='bbox 244 3640 273 3661; x_wconf 76' lang='lat' dir='ltr'>si</span> <span class='ocrx_word' id='word_1_597' title='bbox 299 3640 310 3661; x_wconf 85' lang='lat'>1</span> 
     </span>
    </p>
   </div>
   <div class='ocr_carea' id='block_1_4' title="bbox 173 3673 860 3715">
    <p class='ocr_par' dir='ltr' id='par_1_14' title="bbox 173 3673 860 3715">
     <span class='ocr_line' id='line_1_78' title="bbox 173 3673 860 3715; baseline 0.006 -11"><span class='ocrx_word' id='word_1_598' title='bbox 173 3673 222 3704; x_wconf 84' lang='lat' dir='ltr'>ita</span> <span class='ocrx_word' id='word_1_599' title='bbox 235 3673 307 3705; x_wconf 83' lang='lat' dir='ltr'>dari</span> <span class='ocrx_word' id='word_1_600' title='bbox 327 3674 399 3706; x_wconf 84' lang='lat' dir='ltr'>fleri</span> <span class='ocrx_word' id='word_1_601' title='bbox 419 3676 480 3708; x_wconf 75' lang='lat' dir='ltr'>ine.</span> <span class='ocrx_word' id='word_1_602' title='bbox 596 3675 653 3715; x_wconf 78' lang='grc'><strong>(14)</strong></span> <span class='ocrx_word' id='word_1_603' title='bbox 679 3675 806 3708; x_wconf 73' lang='lat' dir='ltr'>credita</span> <span class='ocrx_word' id='word_1_604' title='bbox 825 3676 860 3708; x_wconf 79' lang='lat' dir='ltr'><em>F</em></span> 
     </span>
    </p>
   </div>
   <div class='ocr_carea' id='block_1_5' title="bbox 1261 95 1343 143">
    <p class='ocr_par' dir='ltr' id='par_1_15' title="bbox 1261 95 1343 143">
     <span class='ocr_line' id='line_1_79' title="bbox 1261 95 1343 143; baseline -0.012 0"><span class='ocrx_word' id='word_1_605' title='bbox 1261 95 1343 143; x_wconf 82' lang='lat'>318</span> 
     </span>
    </p>
   </div>
   <div class='ocr_carea' id='block_1_6' title="bbox 418 3630 1586 3717">
    <p class='ocr_par' dir='ltr' id='par_1_16' title="bbox 418 3630 1586 3717">
     <span class='ocr_line' id='line_1_80' title="bbox 418 3630 1492 3675; baseline -0.001 -11"><span class='ocrx_word' id='word_1_606' title='bbox 418 3633 473 3672; x_wconf 83' lang='grc' dir='ltr'>(ιι)</span> <span class='ocrx_word' id='word_1_607' title='bbox 484 3631 529 3671; x_wconf 88' lang='lat' dir='ltr'>et]</span> <span class='ocrx_word' id='word_1_608' title='bbox 543 3639 605 3662; x_wconf 89' lang='lat' dir='ltr'>nec</span> <span class='ocrx_word' id='word_1_609' title='bbox 617 3631 693 3663; x_wconf 79' lang='lat' dir='ltr'>Ant.</span> <span class='ocrx_word' id='word_1_610' title='bbox 706 3630 815 3663; x_wconf 75' lang='lat' dir='ltr'>Faber</span> <span class='ocrx_word' id='word_1_611' title='bbox 873 3636 929 3672; x_wconf 80' lang='lat'><strong>(¹2)</strong></span> <span class='ocrx_word' id='word_1_612' title='bbox 944 3632 1019 3673; x_wconf 81' lang='lat' dir='ltr'>quis</span> <span class='ocrx_word' id='word_1_613' title='bbox 1032 3634 1093 3667; x_wconf 78' lang='lat' dir='ltr'>ins.</span> <span class='ocrx_word' id='word_1_614' title='bbox 1140 3634 1197 3673; x_wconf 77' lang='lat'><strong>(18)</strong></span> <span class='ocrx_word' id='word_1_615' title='bbox 1211 3642 1250 3665; x_wconf 84' lang='lat' dir='ltr'>ea</span> <span class='ocrx_word' id='word_1_616' title='bbox 1317 3635 1492 3675; x_wconf 81' lang='lat' dir='ltr'>reparatur</span> 
     </span>
     <span class='ocr_line' id='line_1_81' title="bbox 954 3676 1586 3717; baseline 0.002 -8"><span class='ocrx_word' id='word_1_617' title='bbox 954 3679 1010 3717; x_wconf 84' lang='lat'><strong>(15)</strong></span> <span class='ocrx_word' id='word_1_618' title='bbox 1043 3677 1178 3710; x_wconf 82' lang='lat' dir='ltr'>fuerunt</span> <span class='ocrx_word' id='word_1_619' title='bbox 1198 3676 1249 3710; x_wconf 73' lang='lat' dir='ltr'>F&#39;</span> <span class='ocrx_word' id='word_1_620' title='bbox 1317 3677 1380 3709; x_wconf 87' lang='lat' dir='ltr'>hoc</span> <span class='ocrx_word' id='word_1_621' title='bbox 1393 3676 1586 3716; x_wconf 53' lang='lat' dir='ltr'>solamur.</span> 
     </span>
    </p>
   </div>
   <div class='ocr_carea' id='block_1_7' title="bbox 1726 112 2407 148">
    <p class='ocr_par' dir='ltr' id='par_1_17' title="bbox 1726 112 2407 148">
     <span class='ocr_line' id='line_1_82' title="bbox 1726 112 2407 148; baseline 0.007 -5"><span class='ocrx_word' id='word_1_622' title='bbox 1726 113 1788 144; x_wconf 74' lang='lat' dir='ltr'>DE:</span> <span class='ocrx_word' id='word_1_623' title='bbox 1817 112 1984 145; x_wconf 74' lang='lat' dir='ltr'>DONAT.</span> <span class='ocrx_word' id='word_1_624' title='bbox 2014 114 2102 146; x_wconf 76' lang='lat' dir='ltr'>INT.</span> <span class='ocrx_word' id='word_1_625' title='bbox 2132 115 2220 146; x_wconf 79' lang='lat' dir='ltr'>vm.</span> <span class='ocrx_word' id='word_1_626' title='bbox 2250 116 2307 146; x_wconf 84' lang='grc' dir='ltr'>ΕΤ</span> <span class='ocrx_word' id='word_1_627' title='bbox 2335 117 2407 148; x_wconf 78' lang='grc' dir='ltr'>ΠΧ.</span> 
     </span>
    </p>
   </div>
   <div class='ocr_carea' id='block_1_8' title="bbox 1486 147 1555 210">
    <p class='ocr_par' dir='ltr' id='par_1_18' title="bbox 1486 147 1555 210">
     <span class='ocr_line' id='line_1_83' title="bbox 1486 147 1555 210; baseline 0 0"><span class='ocrx_word' id='word_1_628' title='bbox 1486 147 1488 159; x_wconf 47' lang='lat'>¹</span> <span class='ocrx_word' id='word_1_629' title='bbox 1519 165 1555 210; x_wconf 43' lang='lat' dir='ltr'>*s</span> 
     </span>
    </p>
   </div>
   <div class='ocr_carea' id='block_1_9' title="bbox 1319 215 2411 3387">
    <p class='ocr_par' dir='ltr' id='par_1_19' title="bbox 1331 215 2411 1068">
     <span class='ocr_line' id='line_1_84' title="bbox 1333 215 2409 270; baseline 0.007 -18"><span class='ocrx_word' id='word_1_630' title='bbox 1333 229 1355 270; x_wconf 78' lang='lat'>²³:</span> <span class='ocrx_word' id='word_1_631' title='bbox 1373 219 1497 253; x_wconf 87' lang='lat' dir='ltr'>marito</span> <span class='ocrx_word' id='word_1_632' title='bbox 1516 215 1582 262; x_wconf 62' lang='lat' dir='ltr'>suo</span> <span class='ocrx_word' id='word_1_633' title='bbox 1600 221 1787 264; x_wconf 85' lang='lat' dir='ltr'>pecuniam</span> <span class='ocrx_word' id='word_1_634' title='bbox 1805 231 1848 257; x_wconf 87' lang='lat' dir='ltr'>ex</span> <span class='ocrx_word' id='word_1_635' title='bbox 1867 231 1977 258; x_wconf 87' lang='lat' dir='ltr'>causa</span> <span class='ocrx_word' id='word_1_636' title='bbox 1994 221 2194 258; x_wconf 88' lang='lat' dir='ltr'>donationis</span> <span class='ocrx_word' id='word_1_637' title='bbox 2212 230 2409 270; x_wconf 88' lang='lat' dir='ltr'>acceperat,</span> 
     </span>
     <span class='ocr_line' id='line_1_85' title="bbox 1331 263 2411 312; baseline 0.006 -15"><span class='ocrx_word' id='word_1_638' title='bbox 1331 263 1468 299; x_wconf 89' lang='lat' dir='ltr'>htteras</span> <span class='ocrx_word' id='word_1_639' title='bbox 1492 263 1539 298; x_wconf 87' lang='lat' dir='ltr'>ad</span> <span class='ocrx_word' id='word_1_640' title='bbox 1562 265 1642 299; x_wconf 85' lang='lat' dir='ltr'>eum</span> <span class='ocrx_word' id='word_1_641' title='bbox 1665 265 1760 300; x_wconf 88' lang='lat' dir='ltr'>misit</span> <span class='ocrx_word' id='word_1_642' title='bbox 1781 265 1999 301; x_wconf 88' lang='lat' dir='ltr'>huiusmodi:</span> <span class='ocrx_word' id='word_1_643' title='bbox 2036 270 2128 302; x_wconf 89' lang='lat' dir='ltr'>‘cum</span> <span class='ocrx_word' id='word_1_644' title='bbox 2165 268 2298 312; x_wconf 89' lang='lat' dir='ltr'>petenti</span> <span class='ocrx_word' id='word_1_645' title='bbox 2326 269 2411 304; x_wconf 89' lang='lat' dir='ltr'>mihi</span> 
     </span>
     <span class='ocr_line' id='line_1_86' title="bbox 1334 307 2410 356; baseline 0.006 -15"><span class='ocrx_word' id='word_1_646' title='bbox 1334 310 1368 342; x_wconf 86' lang='lat' dir='ltr'>‘a</span> <span class='ocrx_word' id='word_1_647' title='bbox 1401 311 1453 350; x_wconf 91' lang='lat' dir='ltr'>te,</span> <span class='ocrx_word' id='word_1_648' title='bbox 1490 307 1628 343; x_wconf 90' lang='lat' dir='ltr'>domine</span> <span class='ocrx_word' id='word_1_649' title='bbox 1664 310 1863 352; x_wconf 85' lang='lat' dir='ltr'>carissime,</span> <span class='ocrx_word' id='word_1_650' title='bbox 1901 311 2064 346; x_wconf 85' lang='lat' dir='ltr'>adnuerit</span> <span class='ocrx_word' id='word_1_651' title='bbox 2096 310 2314 356; x_wconf 84' lang='lat' dir='ltr'>indulgentia</span> <span class='ocrx_word' id='word_1_652' title='bbox 2347 318 2410 348; x_wconf 88' lang='lat' dir='ltr'>tua</span> 
     </span>
     <span class='ocr_line' id='line_1_87' title="bbox 1333 351 2410 403; baseline 0.006 -18"><span class='ocrx_word' id='word_1_653' title='bbox 1333 351 1465 395; x_wconf 82' lang='lat' dir='ltr'>‘viginti</span> <span class='ocrx_word' id='word_1_654' title='bbox 1506 351 1551 387; x_wconf 89' lang='lat' dir='ltr'>ad</span> <span class='ocrx_word' id='word_1_655' title='bbox 1579 353 1827 403; x_wconf 43' lang='lat' dir='ltr'>,expediendas</span> <span class='ocrx_word' id='word_1_656' title='bbox 1863 356 2034 400; x_wconf 83' lang='lat' dir='ltr'>quasdam</span> <span class='ocrx_word' id='word_1_657' title='bbox 2067 365 2125 390; x_wconf 85' lang='lat' dir='ltr'>res</span> <span class='ocrx_word' id='word_1_658' title='bbox 2159 366 2255 391; x_wconf 89' lang='lat' dir='ltr'>meas</span> <span class='ocrx_word' id='word_1_659' title='bbox 2269 382 2278 399; x_wconf 91' lang='lat'>‚</span> <span class='ocrx_word' id='word_1_660' title='bbox 2320 367 2410 402; x_wconf 86' lang='lat' dir='ltr'>qnae</span> 
     </span>
     <span class='ocr_line' id='line_1_88' title="bbox 1334 397 2408 443; baseline 0.006 -13"><span class='ocrx_word' id='word_1_661' title='bbox 1334 399 1482 431; x_wconf 88' lang='lat' dir='ltr'>‘summa</span> <span class='ocrx_word' id='word_1_662' title='bbox 1505 397 1587 431; x_wconf 78' lang='lat' dir='ltr'>mihi</span> <span class='ocrx_word' id='word_1_663' title='bbox 1611 401 1796 434; x_wconf 87' lang='lat' dir='ltr'>numerata</span> <span class='ocrx_word' id='word_1_664' title='bbox 1818 403 1872 434; x_wconf 88' lang='lat' dir='ltr'>est</span> <span class='ocrx_word' id='word_1_665' title='bbox 1894 400 1960 435; x_wconf 90' lang='lat' dir='ltr'>sub</span> <span class='ocrx_word' id='word_1_666' title='bbox 1986 410 2028 434; x_wconf 90' lang='lat' dir='ltr'>ea</span> <span class='ocrx_word' id='word_1_667' title='bbox 2052 399 2274 442; x_wconf 90' lang='lat' dir='ltr'>condicione,</span> <span class='ocrx_word' id='word_1_668' title='bbox 2299 406 2356 443; x_wconf 91' lang='lat' dir='ltr'>ut,</span> <span class='ocrx_word' id='word_1_669' title='bbox 2380 402 2408 437; x_wconf 90' lang='lat' dir='ltr'>si</span> 
     </span>
     <span class='ocr_line' id='line_1_89' title="bbox 1334 443 2409 519; baseline 0.006 -45"><span class='ocrx_word' id='word_1_670' title='bbox 1334 443 1409 519; x_wconf 59' lang='lat' dir='ltr'>:ger</span> <span class='ocrx_word' id='word_1_671' title='bbox 1432 451 1495 493; x_wconf 38' lang='lat' dir='ltr'>me·</span> <span class='ocrx_word' id='word_1_672' title='bbox 1509 452 1675 486; x_wconf 91' lang='lat' dir='ltr'>meosque</span> <span class='ocrx_word' id='word_1_673' title='bbox 1699 453 1812 478; x_wconf 89' lang='lat' dir='ltr'>mores</span> <span class='ocrx_word' id='word_1_674' title='bbox 1835 444 1919 496; x_wconf 77' lang='lat' dir='ltr'>quid</span> <span class='ocrx_word' id='word_1_675' title='bbox 1949 444 2101 496; x_wconf 70' lang='lat' dir='ltr'>steterit,</span> <span class='ocrx_word' id='word_1_676' title='bbox 2132 454 2200 489; x_wconf 90' lang='lat' dir='ltr'>quo</span> <span class='ocrx_word' id='word_1_677' title='bbox 2231 445 2344 480; x_wconf 90' lang='lat' dir='ltr'>minus</span> <span class='ocrx_word' id='word_1_678' title='bbox 2359 446 2409 498; x_wconf 43' lang='lat' dir='ltr'>&#39;in</span> 
     </span>
     <span class='ocr_line' id='line_1_90' title="bbox 1371 490 2410 534; baseline 0.006 -15"><span class='ocrx_word' id='word_1_679' title='bbox 1371 495 1438 519; x_wconf 78' lang='lat' dir='ltr'>iem</span> <span class='ocrx_word' id='word_1_680' title='bbox 1464 490 1556 521; x_wconf 90' lang='lat' dir='ltr'>v1tae</span> <span class='ocrx_word' id='word_1_681' title='bbox 1598 491 1741 522; x_wconf 85' lang='lat' dir='ltr'>nostrae</span> <span class='ocrx_word' id='word_1_682' title='bbox 1779 493 2037 523; x_wconf 77' lang='lat' dir='ltr'>matrimomum</span> <span class='ocrx_word' id='word_1_683' title='bbox 2076 494 2302 534; x_wconf 88' lang='lat' dir='ltr'>permaneat,</span> <span class='ocrx_word' id='word_1_684' title='bbox 2338 500 2410 525; x_wconf 74' lang='lat' dir='ltr'>sive</span> 
     </span>
     <span class='ocr_line' id='line_1_91' title="bbox 1334 530 2409 569; baseline 0.006 -6"><span class='ocrx_word' id='word_1_685' title='bbox 1334 530 1452 565; x_wconf 84' lang='lat' dir='ltr'>‘invito</span> <span class='ocrx_word' id='word_1_686' title='bbox 1478 534 1514 564; x_wconf 90' lang='lat' dir='ltr'>te</span> <span class='ocrx_word' id='word_1_687' title='bbox 1537 530 1731 567; x_wconf 87' lang='lat' dir='ltr'>discessero</span> <span class='ocrx_word' id='word_1_688' title='bbox 1764 531 1808 567; x_wconf 93' lang='lat' dir='ltr'>de</span> <span class='ocrx_word' id='word_1_689' title='bbox 1837 532 1940 567; x_wconf 90' lang='lat' dir='ltr'>domo</span> <span class='ocrx_word' id='word_1_690' title='bbox 1970 537 2033 567; x_wconf 90' lang='lat' dir='ltr'>tua</span> <span class='ocrx_word' id='word_1_691' title='bbox 2061 533 2115 568; x_wconf 92' lang='lat' dir='ltr'>vel</span> <span class='ocrx_word' id='word_1_692' title='bbox 2138 543 2177 568; x_wconf 91' lang='lat' dir='ltr'>re</span> <span class='ocrx_word' id='word_1_693' title='bbox 2202 533 2323 568; x_wconf 86' lang='lat' dir='ltr'>udium</span> <span class='ocrx_word' id='word_1_694' title='bbox 2345 535 2409 569; x_wconf 90' lang='lat' dir='ltr'>tibi</span> 
     </span>
     <span class='ocr_line' id='line_1_92' title="bbox 1333 574 2410 626; baseline 0.006 -18"><span class='ocrx_word' id='word_1_695' title='bbox 1333 574 1422 609; x_wconf 89' lang='lat' dir='ltr'>‘sine</span> <span class='ocrx_word' id='word_1_696' title='bbox 1450 574 1523 609; x_wconf 91' lang='lat' dir='ltr'>ulla</span> <span class='ocrx_word' id='word_1_697' title='bbox 1552 575 1708 626; x_wconf 84' lang='lat' dir='ltr'>querella</span> <span class='ocrx_word' id='word_1_698' title='bbox 1737 577 1864 612; x_wconf 88' lang='lat' dir='ltr'>misero</span> <span class='ocrx_word' id='word_1_699' title='bbox 1889 577 2144 622; x_wconf 90' lang='lat' dir='ltr'>divortiumque</span> <span class='ocrx_word' id='word_1_700' title='bbox 2194 582 2313 613; x_wconf 87' lang='lat' dir='ltr'>actum</span> <span class='ocrx_word' id='word_1_701' title='bbox 2373 589 2410 614; x_wconf 90' lang='lat' dir='ltr'>er</span> 
     </span>
     <span class='ocr_line' id='line_1_93' title="bbox 1333 619 2408 670; baseline 0.007 -18"><span class='ocrx_word' id='word_1_702' title='bbox 1333 619 1650 670; x_wconf 55' lang='lat' dir='ltr'>‘me-probabitur,</span> <span class='ocrx_word' id='word_1_703' title='bbox 1680 623 1766 656; x_wconf 91' lang='lat' dir='ltr'>tunc</span> <span class='ocrx_word' id='word_1_704' title='bbox 1793 622 1930 666; x_wconf 87' lang='lat' dir='ltr'>viginti,</span> <span class='ocrx_word' id='word_1_705' title='bbox 1955 631 2046 667; x_wconf 90' lang='lat' dir='ltr'>quae</span> <span class='ocrx_word' id='word_1_706' title='bbox 2068 622 2153 656; x_wconf 90' lang='lat' dir='ltr'>mihi</span> <span class='ocrx_word' id='word_1_707' title='bbox 2175 623 2244 657; x_wconf 82' lang='lat' dir='ltr'>hac</span> <span class='ocrx_word' id='word_1_708' title='bbox 2268 622 2323 658; x_wconf 92' lang='lat' dir='ltr'>die</span> <span class='ocrx_word' id='word_1_709' title='bbox 2371 634 2408 659; x_wconf 94' lang='lat' dir='ltr'>o-</span> 
     </span>
     <span class='ocr_line' id='line_1_94' title="bbox 1333 664 2411 707; baseline 0.006 -10"><span class='ocrx_word' id='word_1_710' title='bbox 1333 665 1497 698; x_wconf 77' lang='lat' dir='ltr'>‘natioms</span> <span class='ocrx_word' id='word_1_711' title='bbox 1512 674 1622 699; x_wconf 90' lang='lat' dir='ltr'>causa</span> <span class='ocrx_word' id='word_1_712' title='bbox 1634 664 1719 700; x_wconf 89' lang='lat' dir='ltr'>dare</span> <span class='ocrx_word' id='word_1_713' title='bbox 1737 665 1889 707; x_wconf 87' lang='lat' dir='ltr'>voluisti,</span> <span class='ocrx_word' id='word_1_714' title='bbox 1904 666 2067 701; x_wconf 82' lang='lat' dir='ltr'>daturam</span> <span class='ocrx_word' id='word_1_715' title='bbox 2090 666 2333 702; x_wconf 88' lang='lat' dir='ltr'>restituturam</span> <span class='ocrx_word' id='word_1_716' title='bbox 2355 678 2411 703; x_wconf 90' lang='lat' dir='ltr'>me</span> 
     </span>
     <span class='ocr_line' id='line_1_95' title="bbox 1333 707 2409 755; baseline 0.006 -14"><span class='ocrx_word' id='word_1_717' title='bbox 1333 707 1420 742; x_wconf 93' lang='lat' dir='ltr'>‘sine</span> <span class='ocrx_word' id='word_1_718' title='bbox 1443 708 1516 742; x_wconf 89' lang='lat' dir='ltr'>ulla</span> <span class='ocrx_word' id='word_1_719' title='bbox 1539 708 1723 745; x_wconf 90' lang='lat' dir='ltr'>dilatione:</span> <span class='ocrx_word' id='word_1_720' title='bbox 1753 710 1780 731; x_wconf 86' lang='lat'>¹³</span> <span class='ocrx_word' id='word_1_721' title='bbox 1789 711 1966 755; x_wconf 88' lang='lat' dir='ltr'>spondeo’.</span> <span class='ocrx_word' id='word_1_722' title='bbox 1993 721 2135 755; x_wconf 87' lang='lat' dir='ltr'>quaero,</span> <span class='ocrx_word' id='word_1_723' title='bbox 2157 721 2214 753; x_wconf 91' lang='lat' dir='ltr'>an,</span> <span class='ocrx_word' id='word_1_724' title='bbox 2239 711 2269 746; x_wconf 87' lang='lat' dir='ltr'>si</span> <span class='ocrx_word' id='word_1_725' title='bbox 2289 712 2409 747; x_wconf 88' lang='lat' dir='ltr'>eadem</span> 
     </span>
     <span class='ocr_line' id='line_1_96' title="bbox 1333 751 2409 801; baseline 0.006 -15"><span class='ocrx_word' id='word_1_726' title='bbox 1333 751 1425 787; x_wconf 89' lang='lat' dir='ltr'>Titio</span> <span class='ocrx_word' id='word_1_727' title='bbox 1457 753 1583 788; x_wconf 88' lang='lat' dir='ltr'>marito</span> <span class='ocrx_word' id='word_1_728' title='bbox 1623 763 1687 789; x_wconf 91' lang='lat' dir='ltr'>suo</span> <span class='ocrx_word' id='word_1_729' title='bbox 1726 755 1910 800; x_wconf 90' lang='lat' dir='ltr'>repudium</span> <span class='ocrx_word' id='word_1_730' title='bbox 1945 756 2094 797; x_wconf 87' lang='lat' dir='ltr'>miserit,</span> <span class='ocrx_word' id='word_1_731' title='bbox 2133 756 2320 801; x_wconf 87' lang='lat' dir='ltr'>pecuniam</span> <span class='ocrx_word' id='word_1_732' title='bbox 2353 767 2409 792; x_wconf 88' lang='lat' dir='ltr'>re·</span> 
     </span>
     <span class='ocr_line' id='line_1_97' title="bbox 1332 796 2409 846; baseline 0.006 -16"><span class='ocrx_word' id='word_1_733' title='bbox 1332 796 1479 832; x_wconf 88' lang='lat' dir='ltr'>stituere</span> <span class='ocrx_word' id='word_1_734' title='bbox 1508 797 1646 833; x_wconf 88' lang='lat' dir='ltr'>debeat.</span> <span class='ocrx_word' id='word_1_735' title='bbox 1698 798 1831 834; x_wconf 89' lang='lat' dir='ltr'>Paulus</span> <span class='ocrx_word' id='word_1_736' title='bbox 1861 800 2042 844; x_wconf 87' lang='lat' dir='ltr'>respondit</span> <span class='ocrx_word' id='word_1_737' title='bbox 2071 800 2272 845; x_wconf 89' lang='lat' dir='ltr'>pecuniam,</span> <span class='ocrx_word' id='word_1_738' title='bbox 2304 811 2409 846; x_wconf 90' lang='lat' dir='ltr'>quam</span> 
     </span>
     <span class='ocr_line' id='line_1_98' title="bbox 1331 841 2408 895; baseline 0.006 -20"><span class='ocrx_word' id='word_1_739' title='bbox 1331 841 1384 875; x_wconf 88' lang='lat' dir='ltr'>vir</span> <span class='ocrx_word' id='word_1_740' title='bbox 1406 842 1510 876; x_wconf 85' lang='lat' dir='ltr'>uxori</span> <span class='ocrx_word' id='word_1_741' title='bbox 1534 842 1693 885; x_wconf 85' lang='lat' dir='ltr'>donavit,</span> <span class='ocrx_word' id='word_1_742' title='bbox 1725 853 1769 878; x_wconf 87' lang='lat' dir='ltr'>ex</span> <span class='ocrx_word' id='word_1_743' title='bbox 1798 844 2024 889; x_wconf 89' lang='lat' dir='ltr'>stipulatione</span> <span class='ocrx_word' id='word_1_744' title='bbox 2053 845 2245 895; x_wconf 89' lang='lat' dir='ltr'>proposita,</span> <span class='ocrx_word' id='word_1_745' title='bbox 2270 846 2300 881; x_wconf 89' lang='lat' dir='ltr'>si</span> <span class='ocrx_word' id='word_1_746' title='bbox 2324 856 2408 881; x_wconf 88' lang='lat' dir='ltr'>con-</span> 
     </span>
     <span class='ocr_line' id='line_1_99' title="bbox 1332 885 2410 934; baseline 0.005 -14"><span class='ocrx_word' id='word_1_747' title='bbox 1332 885 1423 920; x_wconf 86' lang='lat' dir='ltr'>dicio</span> <span class='ocrx_word' id='word_1_748' title='bbox 1449 887 1523 921; x_wconf 90' lang='lat' dir='ltr'>eius</span> <span class='ocrx_word' id='word_1_749' title='bbox 1547 887 1690 929; x_wconf 85' lang='lat' dir='ltr'>exstitit,</span> <span class='ocrx_word' id='word_1_750' title='bbox 1715 889 1787 933; x_wconf 89' lang='lat' dir='ltr'>peti</span> <span class='ocrx_word' id='word_1_751' title='bbox 1811 899 1934 934; x_wconf 89' lang='lat' dir='ltr'>posse,</span> <span class='ocrx_word' id='word_1_752' title='bbox 1959 899 2124 934; x_wconf 84' lang='lat' dir='ltr'>quomam</span> <span class='ocrx_word' id='word_1_753' title='bbox 2154 899 2197 924; x_wconf 89' lang='lat' dir='ltr'>ex</span> <span class='ocrx_word' id='word_1_754' title='bbox 2220 890 2410 926; x_wconf 85' lang='lat' dir='ltr'>donatione</span> 
     </span>
     <span class='ocr_line' id='line_1_100' title="bbox 1331 930 2408 980; baseline 0.006 -16"><span class='ocrx_word' id='word_1_755' title='bbox 1331 930 1368 964; x_wconf 93' lang='lat' dir='ltr'>in</span> <span class='ocrx_word' id='word_1_756' title='bbox 1391 931 1577 974; x_wconf 90' lang='lat' dir='ltr'>pecuniam</span> <span class='ocrx_word' id='word_1_757' title='bbox 1601 932 1806 967; x_wconf 77' lang='lat' dir='ltr'>creditam¹⁴</span> <span class='ocrx_word' id='word_1_758' title='bbox 1831 943 2002 968; x_wconf 89' lang='lat' dir='ltr'>conversa</span> <span class='ocrx_word' id='word_1_759' title='bbox 2025 938 2094 969; x_wconf 89' lang='lat' dir='ltr'>est:</span> <span class='ocrx_word' id='word_1_760' title='bbox 2126 934 2221 979; x_wconf 90' lang='lat' dir='ltr'>quod</span> <span class='ocrx_word' id='word_1_761' title='bbox 2243 934 2274 969; x_wconf 87' lang='lat' dir='ltr'>si</span> <span class='ocrx_word' id='word_1_762' title='bbox 2297 935 2408 980; x_wconf 87' lang='lat' dir='ltr'>stipu-</span> 
     </span>
     <span class='ocr_line' id='line_1_101' title="bbox 1331 975 2407 1024; baseline 0.006 -15"><span class='ocrx_word' id='word_1_763' title='bbox 1331 975 1415 1010; x_wconf 86' lang='lat' dir='ltr'>latio</span> <span class='ocrx_word' id='word_1_764' title='bbox 1441 976 1628 1011; x_wconf 87' lang='lat' dir='ltr'>commissa</span> <span class='ocrx_word' id='word_1_765' title='bbox 1644 987 1717 1012; x_wconf 91' lang='lat' dir='ltr'>non</span> <span class='ocrx_word' id='word_1_766' title='bbox 1732 978 1913 1022; x_wconf 88' lang='lat' dir='ltr'>probetur,</span> <span class='ocrx_word' id='word_1_767' title='bbox 1938 982 2024 1013; x_wconf 89' lang='lat' dir='ltr'>tunc</span> <span class='ocrx_word' id='word_1_768' title='bbox 2048 982 2186 1013; x_wconf 86' lang='lat' dir='ltr'>tantum</span> <span class='ocrx_word' id='word_1_769' title='bbox 2204 979 2277 1023; x_wconf 89' lang='lat' dir='ltr'>peti</span> <span class='ocrx_word' id='word_1_770' title='bbox 2291 989 2407 1024; x_wconf 87' lang='lat' dir='ltr'>posse,</span> 
     </span>
     <span class='ocr_line' id='line_1_102' title="bbox 1332 1021 2371 1068; baseline 0.005 -14"><span class='ocrx_word' id='word_1_771' title='bbox 1332 1023 1464 1064; x_wconf 90' lang='lat' dir='ltr'>quanto</span> <span class='ocrx_word' id='word_1_772' title='bbox 1488 1021 1699 1065; x_wconf 89' lang='lat' dir='ltr'>locupletior</span> <span class='ocrx_word' id='word_1_773' title='bbox 1723 1031 1766 1056; x_wconf 88' lang='lat' dir='ltr'>ex</span> <span class='ocrx_word' id='word_1_774' title='bbox 1789 1032 1832 1057; x_wconf 87' lang='lat' dir='ltr'>ea</span> <span class='ocrx_word' id='word_1_775' title='bbox 1856 1022 2046 1058; x_wconf 88' lang='lat' dir='ltr'>donatione</span> <span class='ocrx_word' id='word_1_776' title='bbox 2069 1022 2166 1058; x_wconf 88' lang='lat' dir='ltr'>facta</span> <span class='ocrx_word' id='word_1_777' title='bbox 2188 1023 2371 1068; x_wconf 90' lang='lat' dir='ltr'>probetur.</span> 
     </span>
    </p>

    <p class='ocr_par' dir='ltr' id='par_1_20' title="bbox 1327 1061 2409 1958">
     <span class='ocr_line' id='line_1_103' title="bbox 1377 1061 2408 1114; baseline 0.003 -14"><span class='ocrx_word' id='word_1_778' title='bbox 1377 1061 1429 1101; x_wconf 86' lang='lat'>58</span> <span class='ocrx_word' id='word_1_779' title='bbox 1473 1064 1674 1100; x_wconf 73' lang='lat' dir='ltr'><em>SCAEVOLA</em></span> <span class='ocrx_word' id='word_1_780' title='bbox 1717 1066 1807 1102; x_wconf 85' lang='lat' dir='ltr'>libro</span> <span class='ocrx_word' id='word_1_781' title='bbox 1848 1067 2004 1102; x_wconf 84' lang='lat' dir='ltr'>secundo</span> <span class='ocrx_word' id='word_1_782' title='bbox 2045 1078 2297 1114; x_wconf 78' lang='lat' dir='ltr'>responsorum</span> <span class='ocrx_word' id='word_1_783' title='bbox 2372 1068 2408 1104; x_wconf 90' lang='lat' dir='ltr'>Si</span> 
     </span>
     <span class='ocr_line' id='line_1_104' title="bbox 1331 1109 2407 1155; baseline 0.005 -12"><span class='ocrx_word' id='word_1_784' title='bbox 1331 1109 1476 1153; x_wconf 87' lang='lat' dir='ltr'>praedia</span> <span class='ocrx_word' id='word_1_785' title='bbox 1500 1113 1536 1145; x_wconf 93' lang='lat' dir='ltr'>et</span> <span class='ocrx_word' id='word_1_786' title='bbox 1557 1110 1733 1155; x_wconf 86' lang='lat' dir='ltr'>mancipia</span> <span class='ocrx_word' id='word_1_787' title='bbox 1751 1110 1852 1146; x_wconf 86' lang='lat' dir='ltr'>Seiae</span> <span class='ocrx_word' id='word_1_788' title='bbox 1871 1111 1956 1147; x_wconf 87' lang='lat' dir='ltr'>data</span> <span class='ocrx_word' id='word_1_789' title='bbox 1980 1111 2106 1147; x_wconf 87' lang='lat' dir='ltr'>effecta</span> <span class='ocrx_word' id='word_1_790' title='bbox 2129 1112 2200 1147; x_wconf 90' lang='lat' dir='ltr'>sint</span> <span class='ocrx_word' id='word_1_791' title='bbox 2222 1112 2296 1148; x_wconf 90' lang='lat' dir='ltr'>eius</span> <span class='ocrx_word' id='word_1_792' title='bbox 2319 1116 2407 1148; x_wconf 88' lang='lat' dir='ltr'>tem·</span> 
     </span>
     <span class='ocr_line' id='line_1_105' title="bbox 1331 1154 2409 1209; baseline 0.005 -21"><span class='ocrx_word' id='word_1_793' title='bbox 1331 1163 1417 1198; x_wconf 88' lang='lat' dir='ltr'>pore</span> <span class='ocrx_word' id='word_1_794' title='bbox 1453 1154 1709 1190; x_wconf 88' lang='lat' dir='ltr'>concubinatus</span> <span class='ocrx_word' id='word_1_795' title='bbox 1751 1166 1794 1190; x_wconf 88' lang='lat' dir='ltr'>ac</span> <span class='ocrx_word' id='word_1_796' title='bbox 1835 1160 1960 1200; x_wconf 88' lang='lat' dir='ltr'>postea</span> <span class='ocrx_word' id='word_1_797' title='bbox 1999 1161 2157 1209; x_wconf 80' lang='lat' dir='ltr'>tempore</span> <span class='ocrx_word' id='word_1_798' title='bbox 2198 1157 2409 1193; x_wconf 88' lang='lat' dir='ltr'>matrimonii</span> 
     </span>
     <span class='ocr_line' id='line_1_106' title="bbox 1331 1198 2409 1247; baseline 0.003 -14"><span class='ocrx_word' id='word_1_799' title='bbox 1331 1198 1409 1234; x_wconf 87' lang='lat' dir='ltr'>aliis</span> <span class='ocrx_word' id='word_1_800' title='bbox 1433 1199 1589 1244; x_wconf 90' lang='lat' dir='ltr'>acceptis</span> <span class='ocrx_word' id='word_1_801' title='bbox 1613 1199 1752 1235; x_wconf 87' lang='lat' dir='ltr'>reddita</span> <span class='ocrx_word' id='word_1_802' title='bbox 1775 1205 1875 1242; x_wconf 90' lang='lat' dir='ltr'>sunt,</span> <span class='ocrx_word' id='word_1_803' title='bbox 1901 1201 1986 1246; x_wconf 87' lang='lat' dir='ltr'>quid</span> <span class='ocrx_word' id='word_1_804' title='bbox 2007 1202 2094 1237; x_wconf 77' lang='lat' dir='ltr'>iuris</span> <span class='ocrx_word' id='word_1_805' title='bbox 2118 1202 2197 1236; x_wconf 80' lang='lat' dir='ltr'>est?</span> <span class='ocrx_word' id='word_1_806' title='bbox 2227 1202 2409 1247; x_wconf 89' lang='lat' dir='ltr'>respondit</span> 
     </span>
     <span class='ocr_line' id='line_1_107' title="bbox 1331 1243 2407 1296; baseline 0.004 -18"><span class='ocrx_word' id='word_1_807' title='bbox 1331 1243 1525 1278; x_wconf 89' lang='lat' dir='ltr'>secundum</span> <span class='ocrx_word' id='word_1_808' title='bbox 1561 1254 1603 1279; x_wconf 87' lang='lat' dir='ltr'>ea</span> <span class='ocrx_word' id='word_1_809' title='bbox 1638 1255 1729 1296; x_wconf 80' lang='lat' dir='ltr'>quae</span> <span class='ocrx_word' id='word_1_810' title='bbox 1761 1249 2044 1290; x_wconf 88' lang='lat' dir='ltr'>proponerentur</span> <span class='ocrx_word' id='word_1_811' title='bbox 2078 1246 2255 1290; x_wconf 83' lang='lat' dir='ltr'>negotium</span> <span class='ocrx_word' id='word_1_812' title='bbox 2289 1247 2407 1291; x_wconf 87' lang='lat' dir='ltr'>potius</span> 
     </span>
     <span class='ocr_line' id='line_1_108' title="bbox 1333 1288 2408 1333; baseline 0.004 -11"><span class='ocrx_word' id='word_1_813' title='bbox 1333 1291 1348 1322; x_wconf 94' lang='lat'>1</span> <span class='ocrx_word' id='word_1_814' title='bbox 1397 1291 1535 1333; x_wconf 85' lang='lat' dir='ltr'>gestum</span> <span class='ocrx_word' id='word_1_815' title='bbox 1545 1288 1665 1330; x_wconf 79' lang='lat' dir='ltr'>videri,</span> <span class='ocrx_word' id='word_1_816' title='bbox 1709 1299 1791 1324; x_wconf 89' lang='lat' dir='ltr'>uam</span> <span class='ocrx_word' id='word_1_817' title='bbox 1805 1290 2030 1326; x_wconf 87' lang='lat' dir='ltr'>donationem</span> <span class='ocrx_word' id='word_1_818' title='bbox 2047 1290 2285 1326; x_wconf 88' lang='lat' dir='ltr'>intervenisse.</span> <span class='ocrx_word' id='word_1_819' title='bbox 2319 1291 2408 1326; x_wconf 90' lang='lat' dir='ltr'>Item</span> 
     </span>
     <span class='ocr_line' id='line_1_109' title="bbox 1331 1335 2406 1381; baseline 0.004 -14"><span class='ocrx_word' id='word_1_820' title='bbox 1331 1342 1411 1368; x_wconf 91' lang='lat' dir='ltr'>cum</span> <span class='ocrx_word' id='word_1_821' title='bbox 1435 1338 1662 1377; x_wconf 84' lang='lat' dir='ltr'>quaereretur</span> <span class='ocrx_word' id='word_1_822' title='bbox 1710 1344 1729 1369; x_wconf 93' lang='lat' dir='ltr'>e</span> <span class='ocrx_word' id='word_1_823' title='bbox 1753 1335 1893 1370; x_wconf 88' lang='lat' dir='ltr'>cibariis</span> <span class='ocrx_word' id='word_1_824' title='bbox 1918 1335 2183 1380; x_wconf 87' lang='lat' dir='ltr'>mancipiorum,</span> <span class='ocrx_word' id='word_1_825' title='bbox 2206 1336 2406 1381; x_wconf 88' lang='lat' dir='ltr'>respondit:</span> 
     </span>
     <span class='ocr_line' id='line_1_110' title="bbox 1329 1377 2407 1425; baseline 0.003 -13"><span class='ocrx_word' id='word_1_826' title='bbox 1329 1380 1488 1422; x_wconf 91' lang='lat' dir='ltr'>tempore</span> <span class='ocrx_word' id='word_1_827' title='bbox 1509 1377 1649 1423; x_wconf 89' lang='lat' dir='ltr'>quidem</span> <span class='ocrx_word' id='word_1_828' title='bbox 1670 1379 1928 1415; x_wconf 84' lang='lat' dir='ltr'>concubinatus</span> <span class='ocrx_word' id='word_1_829' title='bbox 1952 1379 2036 1415; x_wconf 88' lang='lat' dir='ltr'>data</span> <span class='ocrx_word' id='word_1_830' title='bbox 2049 1380 2181 1415; x_wconf 86' lang='lat' dir='ltr'>cibaria</span> <span class='ocrx_word' id='word_1_831' title='bbox 2201 1380 2313 1425; x_wconf 89' lang='lat' dir='ltr'>repeti</span> <span class='ocrx_word' id='word_1_832' title='bbox 2335 1390 2407 1416; x_wconf 90' lang='lat' dir='ltr'>non</span> 
     </span>
     <span class='ocr_line' id='line_1_111' title="bbox 1329 1422 2408 1468; baseline 0.004 -12"><span class='ocrx_word' id='word_1_833' title='bbox 1329 1425 1489 1467; x_wconf 89' lang='lat' dir='ltr'>possunt,</span> <span class='ocrx_word' id='word_1_834' title='bbox 1514 1422 1577 1458; x_wconf 90' lang='lat' dir='ltr'>sed</span> <span class='ocrx_word' id='word_1_835' title='bbox 1599 1432 1666 1458; x_wconf 91' lang='lat' dir='ltr'>nec</span> <span class='ocrx_word' id='word_1_836' title='bbox 1688 1427 1845 1468; x_wconf 88' lang='lat' dir='ltr'>tempore</span> <span class='ocrx_word' id='word_1_837' title='bbox 1863 1425 2087 1466; x_wconf 87' lang='lat' dir='ltr'>matrimonii,</span> <span class='ocrx_word' id='word_1_838' title='bbox 2111 1425 2142 1460; x_wconf 91' lang='lat' dir='ltr'>si</span> <span class='ocrx_word' id='word_1_839' title='bbox 2165 1434 2208 1459; x_wconf 88' lang='lat' dir='ltr'>ea</span> <span class='ocrx_word' id='word_1_840' title='bbox 2231 1425 2347 1461; x_wconf 91' lang='lat' dir='ltr'>manci</span> <span class='ocrx_word' id='word_1_841' title='bbox 2372 1425 2408 1460; x_wconf 89' lang='lat' dir='ltr'>ia</span> 
     </span>
     <span class='ocr_line' id='line_1_112' title="bbox 1329 1467 2406 1505; baseline 0.004 -4"><span class='ocrx_word' id='word_1_842' title='bbox 1329 1469 1349 1501; x_wconf 86' lang='lat'><strong>2</strong></span> <span class='ocrx_word' id='word_1_843' title='bbox 1395 1467 1518 1502; x_wconf 88' lang='lat' dir='ltr'>uxoris</span> <span class='ocrx_word' id='word_1_844' title='bbox 1551 1468 1589 1502; x_wconf 88' lang='lat' dir='ltr'>in</span> <span class='ocrx_word' id='word_1_845' title='bbox 1623 1469 1799 1503; x_wconf 90' lang='lat' dir='ltr'>communi</span> <span class='ocrx_word' id='word_1_846' title='bbox 1833 1479 1900 1504; x_wconf 92' lang='lat' dir='ltr'>usu</span> <span class='ocrx_word' id='word_1_847' title='bbox 1933 1469 2115 1504; x_wconf 78' lang='lat' dir='ltr'>fuerint¹⁵.</span> <span class='ocrx_word' id='word_1_848' title='bbox 2161 1468 2273 1504; x_wconf 85' lang='lat' dir='ltr'>Filius</span> <span class='ocrx_word' id='word_1_849' title='bbox 2301 1479 2340 1505; x_wconf 90' lang='lat' dir='ltr'>re</span> <span class='ocrx_word' id='word_1_850' title='bbox 2365 1478 2406 1505; x_wconf 88' lang='lat' dir='ltr'>us</span> 
     </span>
     <span class='ocr_line' id='line_1_113' title="bbox 1328 1511 2407 1558; baseline 0.004 -13"><span class='ocrx_word' id='word_1_851' title='bbox 1328 1511 1450 1547; x_wconf 85' lang='lat' dir='ltr'>matris</span> <span class='ocrx_word' id='word_1_852' title='bbox 1475 1511 1684 1547; x_wconf 87' lang='lat' dir='ltr'>intervenire</span> <span class='ocrx_word' id='word_1_853' title='bbox 1707 1513 1832 1548; x_wconf 91' lang='lat' dir='ltr'>solitus</span> <span class='ocrx_word' id='word_1_854' title='bbox 1855 1514 2007 1558; x_wconf 89' lang='lat' dir='ltr'>pecunia</span> <span class='ocrx_word' id='word_1_855' title='bbox 2023 1514 2144 1549; x_wconf 88' lang='lat' dir='ltr'>matris</span> <span class='ocrx_word' id='word_1_856' title='bbox 2165 1514 2407 1550; x_wconf 88' lang='lat' dir='ltr'>consentiente</span> 
     </span>
     <span class='ocr_line' id='line_1_114' title="bbox 1327 1556 2407 1610; baseline 0.003 -20"><span class='ocrx_word' id='word_1_857' title='bbox 1327 1556 1406 1601; x_wconf 89' lang='lat' dir='ltr'>ipsa</span> <span class='ocrx_word' id='word_1_858' title='bbox 1428 1556 1606 1601; x_wconf 88' lang='lat' dir='ltr'>mancipia</span> <span class='ocrx_word' id='word_1_859' title='bbox 1629 1560 1665 1591; x_wconf 91' lang='lat' dir='ltr'>et</span> <span class='ocrx_word' id='word_1_860' title='bbox 1686 1567 1743 1592; x_wconf 90' lang='lat' dir='ltr'>res</span> <span class='ocrx_word' id='word_1_861' title='bbox 1758 1562 1934 1593; x_wconf 88' lang='lat' dir='ltr'>mercatus</span> <span class='ocrx_word' id='word_1_862' title='bbox 1948 1559 2162 1610; x_wconf 85' lang='lat' dir='ltr'>emptionum</span> <span class='ocrx_word' id='word_1_863' title='bbox 2173 1558 2407 1594; x_wconf 88' lang='lat' dir='ltr'>instrumenta</span> 
     </span>
     <span class='ocr_line' id='line_1_115' title="bbox 1328 1601 2404 1648; baseline 0.003 -13"><span class='ocrx_word' id='word_1_864' title='bbox 1328 1610 1392 1635; x_wconf 90' lang='lat' dir='ltr'>suo</span> <span class='ocrx_word' id='word_1_865' title='bbox 1429 1601 1569 1636; x_wconf 88' lang='lat' dir='ltr'>nomine</span> <span class='ocrx_word' id='word_1_866' title='bbox 1604 1601 1773 1637; x_wconf 88' lang='lat' dir='ltr'>confecit:</span> <span class='ocrx_word' id='word_1_867' title='bbox 1818 1602 1969 1638; x_wconf 89' lang='lat' dir='ltr'>decessit</span> <span class='ocrx_word' id='word_1_868' title='bbox 2001 1614 2039 1638; x_wconf 90' lang='grc' dir='ltr'>ιιι</span> <span class='ocrx_word' id='word_1_869' title='bbox 2074 1603 2185 1648; x_wconf 87' lang='lat' dir='ltr'>patris</span> <span class='ocrx_word' id='word_1_870' title='bbox 2219 1606 2404 1648; x_wconf 82' lang='lat' dir='ltr'>potestate.</span> 
     </span>
     <span class='ocr_line' id='line_1_116' title="bbox 1328 1645 2407 1692; baseline 0.003 -12"><span class='ocrx_word' id='word_1_871' title='bbox 1328 1645 1526 1690; x_wconf 87' lang='lat' dir='ltr'>quaesitum</span> <span class='ocrx_word' id='word_1_872' title='bbox 1557 1649 1629 1689; x_wconf 90' lang='lat' dir='ltr'>est,</span> <span class='ocrx_word' id='word_1_873' title='bbox 1653 1656 1700 1682; x_wconf 86' lang='lat' dir='ltr'>an</span> <span class='ocrx_word' id='word_1_874' title='bbox 1723 1650 1836 1682; x_wconf 90' lang='lat' dir='ltr'>mater</span> <span class='ocrx_word' id='word_1_875' title='bbox 1859 1657 1939 1682; x_wconf 91' lang='lat' dir='ltr'>cum</span> <span class='ocrx_word' id='word_1_876' title='bbox 1961 1647 2086 1683; x_wconf 86' lang='lat' dir='ltr'>marito</span> <span class='ocrx_word' id='word_1_877' title='bbox 2111 1657 2175 1683; x_wconf 94' lang='lat' dir='ltr'>suo</span> <span class='ocrx_word' id='word_1_878' title='bbox 2199 1648 2349 1692; x_wconf 86' lang='lat' dir='ltr'>experiri</span> <span class='ocrx_word' id='word_1_879' title='bbox 2372 1652 2407 1683; x_wconf 89' lang='lat' dir='ltr'>et</span> 
     </span>
     <span class='ocr_line' id='line_1_117' title="bbox 1328 1690 2404 1737; baseline 0.002 -12"><span class='ocrx_word' id='word_1_880' title='bbox 1328 1700 1399 1734; x_wconf 90' lang='lat' dir='ltr'>qua</span> <span class='ocrx_word' id='word_1_881' title='bbox 1421 1690 1561 1726; x_wconf 86' lang='lat' dir='ltr'>actione</span> <span class='ocrx_word' id='word_1_882' title='bbox 1583 1691 1636 1726; x_wconf 91' lang='lat' dir='ltr'>uti</span> <span class='ocrx_word' id='word_1_883' title='bbox 1658 1692 1782 1736; x_wconf 89' lang='lat' dir='ltr'>possit.</span> <span class='ocrx_word' id='word_1_884' title='bbox 1818 1692 2000 1736; x_wconf 89' lang='lat' dir='ltr'>respondit</span> <span class='ocrx_word' id='word_1_885' title='bbox 2012 1693 2050 1734; x_wconf 85' lang='lat'>¹⁶,</span> <span class='ocrx_word' id='word_1_886' title='bbox 2085 1692 2115 1727; x_wconf 90' lang='lat' dir='ltr'>si</span> <span class='ocrx_word' id='word_1_887' title='bbox 2137 1695 2251 1727; x_wconf 91' lang='lat' dir='ltr'>mater</span> <span class='ocrx_word' id='word_1_888' title='bbox 2273 1692 2404 1737; x_wconf 82' lang='lat' dir='ltr'>obliga-</span> 
     </span>
     <span class='ocr_line' id='line_1_118' title="bbox 1327 1734 2406 1787; baseline 0.003 -18"><span class='ocrx_word' id='word_1_889' title='bbox 1327 1738 1402 1769; x_wconf 92' lang='lat' dir='ltr'>tum</span> <span class='ocrx_word' id='word_1_890' title='bbox 1425 1734 1534 1770; x_wconf 91' lang='lat' dir='ltr'>filium</span> <span class='ocrx_word' id='word_1_891' title='bbox 1556 1735 1594 1770; x_wconf 89' lang='lat' dir='ltr'>in</span> <span class='ocrx_word' id='word_1_892' title='bbox 1617 1745 1659 1770; x_wconf 89' lang='lat' dir='ltr'>ea</span> <span class='ocrx_word' id='word_1_893' title='bbox 1689 1736 1840 1787; x_wconf 88' lang='lat' dir='ltr'>pecunia</span> <span class='ocrx_word' id='word_1_894' title='bbox 1870 1737 1982 1772; x_wconf 88' lang='lat' dir='ltr'>voluit</span> <span class='ocrx_word' id='word_1_895' title='bbox 2011 1747 2106 1779; x_wconf 88' lang='lat' dir='ltr'>esse,</span> <span class='ocrx_word' id='word_1_896' title='bbox 2137 1737 2233 1772; x_wconf 89' lang='lat' dir='ltr'>intra</span> <span class='ocrx_word' id='word_1_897' title='bbox 2262 1747 2406 1779; x_wconf 88' lang='lat' dir='ltr'>annum,</span> 
     </span>
     <span class='ocr_line' id='line_1_119' title="bbox 1329 1779 2406 1827; baseline 0.002 -13"><span class='ocrx_word' id='word_1_898' title='bbox 1329 1789 1434 1824; x_wconf 88' lang='lat' dir='ltr'>quam</span> <span class='ocrx_word' id='word_1_899' title='bbox 1457 1779 1550 1815; x_wconf 90' lang='lat' dir='ltr'>filius</span> <span class='ocrx_word' id='word_1_900' title='bbox 1574 1780 1736 1823; x_wconf 80' lang='lat' dir='ltr'>decesslt,</span> <span class='ocrx_word' id='word_1_901' title='bbox 1761 1780 1804 1816; x_wconf 93' lang='lat' dir='ltr'>de</span> <span class='ocrx_word' id='word_1_902' title='bbox 1826 1781 1964 1826; x_wconf 90' lang='lat' dir='ltr'>peculio</span> <span class='ocrx_word' id='word_1_903' title='bbox 1998 1792 2078 1817; x_wconf 89' lang='lat' dir='ltr'>cum</span> <span class='ocrx_word' id='word_1_904' title='bbox 2101 1785 2222 1827; x_wconf 89' lang='lat' dir='ltr'>patre,</span> <span class='ocrx_word' id='word_1_905' title='bbox 2245 1781 2282 1816; x_wconf 89' lang='lat' dir='ltr'>in</span> <span class='ocrx_word' id='word_1_906' title='bbox 2306 1782 2406 1817; x_wconf 88' lang='lat' dir='ltr'>cuius</span> 
     </span>
     <span class='ocr_line' id='line_1_120' title="bbox 1327 1825 2404 1870; baseline 0.003 -11"><span class='ocrx_word' id='word_1_907' title='bbox 1327 1828 1504 1869; x_wconf 91' lang='lat' dir='ltr'>potestate</span> <span class='ocrx_word' id='word_1_908' title='bbox 1526 1825 1637 1860; x_wconf 87' lang='lat' dir='ltr'>fuisse</span> <span class='ocrx_word' id='word_1_909' title='bbox 1659 1830 1891 1870; x_wconf 85' lang='lat' dir='ltr'>proponatur,</span> <span class='ocrx_word' id='word_1_910' title='bbox 1916 1826 2091 1862; x_wconf 91' lang='lat' dir='ltr'>actionem</span> <span class='ocrx_word' id='word_1_911' title='bbox 2113 1826 2261 1861; x_wconf 84' lang='lat' dir='ltr'>habere:</span> <span class='ocrx_word' id='word_1_912' title='bbox 2286 1826 2317 1861; x_wconf 89' lang='lat' dir='ltr'>si</span> <span class='ocrx_word' id='word_1_913' title='bbox 2343 1826 2404 1862; x_wconf 93' lang='lat' dir='ltr'>do-</span> 
     </span>
     <span class='ocr_line' id='line_1_121' title="bbox 1327 1869 2406 1916; baseline 0.003 -13"><span class='ocrx_word' id='word_1_914' title='bbox 1327 1869 1434 1911; x_wconf 89' lang='lat' dir='ltr'>navit,</span> <span class='ocrx_word' id='word_1_915' title='bbox 1459 1869 1570 1914; x_wconf 89' lang='lat' dir='ltr'>repeti</span> <span class='ocrx_word' id='word_1_916' title='bbox 1589 1879 1705 1914; x_wconf 91' lang='lat' dir='ltr'>posse,</span> <span class='ocrx_word' id='word_1_917' title='bbox 1725 1874 1856 1915; x_wconf 87' lang='lat' dir='ltr'>quanto</span> <span class='ocrx_word' id='word_1_918' title='bbox 1876 1871 2142 1916; x_wconf 86' lang='lat' dir='ltr'>locupletiorex</span> <span class='ocrx_word' id='word_1_919' title='bbox 2154 1881 2197 1906; x_wconf 91' lang='lat' dir='ltr'>ea</span> <span class='ocrx_word' id='word_1_920' title='bbox 2215 1870 2406 1906; x_wconf 89' lang='lat' dir='ltr'>donatione</span> 
     </span>
     <span class='ocr_line' id='line_1_122' title="bbox 1327 1913 1659 1958; baseline 0.003 -11"><span class='ocrx_word' id='word_1_921' title='bbox 1327 1917 1431 1958; x_wconf 86' lang='lat' dir='ltr'>pater</span> <span class='ocrx_word' id='word_1_922' title='bbox 1452 1913 1571 1949; x_wconf 85' lang='lat' dir='ltr'>factus</span> <span class='ocrx_word' id='word_1_923' title='bbox 1595 1918 1659 1949; x_wconf 90' lang='lat' dir='ltr'>est.</span> 
     </span>
    </p>

    <p class='ocr_par' dir='ltr' id='par_1_21' title="bbox 1326 1955 2405 2089">
     <span class='ocr_line' id='line_1_123' title="bbox 1373 1955 2405 2005; baseline 0 -10"><span class='ocrx_word' id='word_1_924' title='bbox 1373 1955 1426 1995; x_wconf 82' lang='lat'>59</span> <span class='ocrx_word' id='word_1_925' title='bbox 1458 1958 1515 1993; x_wconf 72' lang='grc' dir='ltr'>ΡΑ</span> <span class='ocrx_word' id='word_1_926' title='bbox 1523 1968 1616 1994; x_wconf 80' lang='lat' dir='ltr'>ULUs</span> <span class='ocrx_word' id='word_1_927' title='bbox 1643 1958 1734 1994; x_wconf 84' lang='lat' dir='ltr'>libro</span> <span class='ocrx_word' id='word_1_928' title='bbox 1764 1959 1919 1995; x_wconf 78' lang='lat' dir='ltr'>secundo</span> <span class='ocrx_word' id='word_1_929' title='bbox 1949 1961 2204 1995; x_wconf 81' lang='lat' dir='ltr'>sententiarum</span> <span class='ocrx_word' id='word_1_930' title='bbox 2258 1959 2296 1995; x_wconf 89' lang='lat' dir='ltr'>Si</span> <span class='ocrx_word' id='word_1_931' title='bbox 2327 1960 2405 2005; x_wconf 89' lang='lat' dir='ltr'>quis</span> 
     </span>
     <span class='ocr_line' id='line_1_124' title="bbox 1327 2003 2404 2049; baseline 0.002 -12"><span class='ocrx_word' id='word_1_932' title='bbox 1327 2003 1431 2038; x_wconf 90' lang='lat' dir='ltr'>uxori</span> <span class='ocrx_word' id='word_1_933' title='bbox 1454 2012 1496 2038; x_wconf 88' lang='lat' dir='ltr'>ea</span> <span class='ocrx_word' id='word_1_934' title='bbox 1520 2003 1727 2038; x_wconf 87' lang='lat' dir='ltr'>condicione</span> <span class='ocrx_word' id='word_1_935' title='bbox 1743 2003 1897 2046; x_wconf 90' lang='lat' dir='ltr'>donavit,</span> <span class='ocrx_word' id='word_1_936' title='bbox 1916 2008 1958 2039; x_wconf 92' lang='lat' dir='ltr'>ut</span> <span class='ocrx_word' id='word_1_937' title='bbox 1972 2003 2067 2049; x_wconf 89' lang='lat' dir='ltr'>quod</span> <span class='ocrx_word' id='word_1_938' title='bbox 2079 2003 2222 2039; x_wconf 87' lang='lat' dir='ltr'>donavit</span> <span class='ocrx_word' id='word_1_939' title='bbox 2240 2004 2404 2040; x_wconf 89' lang='lat' dir='ltr'>indotem</span> 
     </span>
     <span class='ocr_line' id='line_1_125' title="bbox 1326 2047 2213 2089; baseline 0.002 -7"><span class='ocrx_word' id='word_1_940' title='bbox 1326 2048 1404 2082; x_wconf 89' lang='lat' dir='ltr'>acci</span> <span class='ocrx_word' id='word_1_941' title='bbox 1429 2048 1498 2089; x_wconf 92' lang='lat' dir='ltr'>iat,</span> <span class='ocrx_word' id='word_1_942' title='bbox 1523 2047 1690 2083; x_wconf 81' lang='lat' dir='ltr'>defuncto</span> <span class='ocrx_word' id='word_1_943' title='bbox 1703 2049 1731 2069; x_wconf 91' lang='lat'>¹⁷</span> <span class='ocrx_word' id='word_1_944' title='bbox 1755 2058 1796 2084; x_wconf 91' lang='lat' dir='ltr'>eo</span> <span class='ocrx_word' id='word_1_945' title='bbox 1821 2048 1965 2084; x_wconf 89' lang='lat' dir='ltr'>donatio</span> <span class='ocrx_word' id='word_1_946' title='bbox 1990 2048 2213 2084; x_wconf 85' lang='lat' dir='ltr'>convalescit.</span> 
     </span>
    </p>

    <p class='ocr_par' dir='ltr' id='par_1_22' title="bbox 1326 2090 2405 2350">
     <span class='ocr_line' id='line_1_126' title="bbox 1372 2090 2404 2140; baseline -0.001 -11"><span class='ocrx_word' id='word_1_947' title='bbox 1372 2090 1397 2129; x_wconf 89' lang='grc'><strong>6</strong></span> <span class='ocrx_word' id='word_1_948' title='bbox 1459 2091 1802 2128; x_wconf 75' lang='lat' dir='ltr'><em>HERMOGENJANUS</em></span> <span class='ocrx_word' id='word_1_949' title='bbox 1839 2093 1929 2129; x_wconf 83' lang='lat' dir='ltr'>libro</span> <span class='ocrx_word' id='word_1_950' title='bbox 1970 2093 2127 2129; x_wconf 82' lang='lat' dir='ltr'>secundo</span> <span class='ocrx_word' id='word_1_951' title='bbox 2169 2093 2260 2128; x_wconf 83' lang='lat' dir='ltr'>iuris</span> <span class='ocrx_word' id='word_1_952' title='bbox 2293 2098 2404 2140; x_wconf 72' lang='lat' dir='ltr'>epito-</span> 
     </span>
     <span class='ocr_line' id='line_1_127' title="bbox 1326 2136 2405 2182; baseline 0.003 -12"><span class='ocrx_word' id='word_1_953' title='bbox 1326 2147 1464 2171; x_wconf 87' lang='lat' dir='ltr'>marum</span> <span class='ocrx_word' id='word_1_954' title='bbox 1516 2136 1673 2172; x_wconf 88' lang='lat' dir='ltr'>Vitricus</span> <span class='ocrx_word' id='word_1_955' title='bbox 1706 2141 1741 2172; x_wconf 90' lang='lat' dir='ltr'>et</span> <span class='ocrx_word' id='word_1_956' title='bbox 1770 2137 1949 2182; x_wconf 82' lang='lat' dir='ltr'>privignus</span> <span class='ocrx_word' id='word_1_957' title='bbox 1979 2138 2129 2173; x_wconf 90' lang='lat' dir='ltr'>invicem</span> <span class='ocrx_word' id='word_1_958' title='bbox 2167 2137 2234 2173; x_wconf 92' lang='lat' dir='ltr'>sibi</span> <span class='ocrx_word' id='word_1_959' title='bbox 2272 2138 2405 2173; x_wconf 88' lang='lat' dir='ltr'>donare</span> 
     </span>
     <span class='ocr_line' id='line_1_128' title="bbox 1331 2182 2404 2227; baseline 0.002 -12"><span class='ocrx_word' id='word_1_960' title='bbox 1331 2184 1344 2215; x_wconf 87' lang='lat'>1</span> <span class='ocrx_word' id='word_1_961' title='bbox 1393 2184 1578 2225; x_wconf 86' lang='lat' dir='ltr'>praetexto</span> <span class='ocrx_word' id='word_1_962' title='bbox 1612 2182 1824 2217; x_wconf 90' lang='lat' dir='ltr'>matrimonii</span> <span class='ocrx_word' id='word_1_963' title='bbox 1850 2193 1921 2218; x_wconf 92' lang='lat' dir='ltr'>non</span> <span class='ocrx_word' id='word_1_964' title='bbox 1954 2183 2197 2227; x_wconf 87' lang='lat' dir='ltr'>prohibentur.</span> <span class='ocrx_word' id='word_1_965' title='bbox 2255 2182 2404 2218; x_wconf 87' lang='lat' dir='ltr'>Divortii</span> 
     </span>
     <span class='ocr_line' id='line_1_129' title="bbox 1327 2225 2404 2263; baseline 0.003 -3"><span class='ocrx_word' id='word_1_966' title='bbox 1327 2235 1437 2261; x_wconf 86' lang='lat' dir='ltr'>causa</span> <span class='ocrx_word' id='word_1_967' title='bbox 1460 2225 1668 2261; x_wconf 87' lang='lat' dir='ltr'>donationes</span> <span class='ocrx_word' id='word_1_968' title='bbox 1702 2226 1794 2261; x_wconf 90' lang='lat' dir='ltr'>inter</span> <span class='ocrx_word' id='word_1_969' title='bbox 1823 2227 1936 2262; x_wconf 88' lang='lat' dir='ltr'>virum</span> <span class='ocrx_word' id='word_1_970' title='bbox 1969 2231 2005 2262; x_wconf 89' lang='lat' dir='ltr'>et</span> <span class='ocrx_word' id='word_1_971' title='bbox 2033 2237 2179 2262; x_wconf 88' lang='lat' dir='ltr'>uxorem</span> <span class='ocrx_word' id='word_1_972' title='bbox 2214 2237 2404 2263; x_wconf 89' lang='lat' dir='ltr'>concessae</span> 
     </span>
     <span class='ocr_line' id='line_1_130' title="bbox 1327 2271 2403 2316; baseline 0.002 -11"><span class='ocrx_word' id='word_1_973' title='bbox 1327 2274 1426 2305; x_wconf 88' lang='lat' dir='ltr'>sunt:</span> <span class='ocrx_word' id='word_1_974' title='bbox 1450 2280 1558 2315; x_wconf 89' lang='lat' dir='ltr'>saepe</span> <span class='ocrx_word' id='word_1_975' title='bbox 1581 2271 1673 2306; x_wconf 89' lang='lat' dir='ltr'>enim</span> <span class='ocrx_word' id='word_1_976' title='bbox 1696 2271 1826 2313; x_wconf 87' lang='lat' dir='ltr'>evenit,</span> <span class='ocrx_word' id='word_1_977' title='bbox 1850 2271 1903 2306; x_wconf 91' lang='lat' dir='ltr'>uti</span> <span class='ocrx_word' id='word_1_978' title='bbox 1924 2275 2071 2316; x_wconf 91' lang='lat' dir='ltr'>propter</span> <span class='ocrx_word' id='word_1_979' title='bbox 2093 2272 2327 2307; x_wconf 88' lang='lat' dir='ltr'>sacerdotium</span> <span class='ocrx_word' id='word_1_980' title='bbox 2349 2272 2403 2307; x_wconf 92' lang='lat' dir='ltr'>vel</span> 
     </span>
     <span class='ocr_line' id='line_1_131' title="bbox 1326 2315 1676 2350; baseline 0.003 -1"><span class='ocrx_word' id='word_1_981' title='bbox 1326 2315 1432 2350; x_wconf 89' lang='lat' dir='ltr'>etiam</span> <span class='ocrx_word' id='word_1_982' title='bbox 1455 2315 1676 2350; x_wconf 88' lang='lat' dir='ltr'>sterilitatem</span> 
     </span>
    </p>

    <p class='ocr_par' dir='ltr' id='par_1_23' title="bbox 1324 2357 2401 2501">
     <span class='ocr_line' id='line_1_132' title="bbox 1371 2357 2401 2396; baseline -0.002 0"><span class='ocrx_word' id='word_1_983' title='bbox 1371 2357 1420 2396; x_wconf 89' lang='grc'>61</span> <span class='ocrx_word' id='word_1_984' title='bbox 1451 2359 1574 2396; x_wconf 74' lang='lat' dir='ltr'>GAIUs</span> <span class='ocrx_word' id='word_1_985' title='bbox 1604 2359 1694 2396; x_wconf 85' lang='lat' dir='ltr'>libro</span> <span class='ocrx_word' id='word_1_986' title='bbox 1724 2359 1911 2396; x_wconf 82' lang='lat' dir='ltr'>undecimo</span> <span class='ocrx_word' id='word_1_987' title='bbox 1935 2359 1985 2395; x_wconf 86' lang='lat' dir='ltr'>ad</span> <span class='ocrx_word' id='word_1_988' title='bbox 2005 2359 2157 2396; x_wconf 77' lang='lat' dir='ltr'>edictum</span> <span class='ocrx_word' id='word_1_989' title='bbox 2227 2360 2401 2396; x_wconf 80' lang='lat' dir='ltr'>ovinoiale</span> 
     </span>
     <span class='ocr_line' id='line_1_133' title="bbox 1324 2404 2401 2441; baseline 0.002 -3"><span class='ocrx_word' id='word_1_990' title='bbox 1324 2404 1379 2439; x_wconf 84' lang='lat' dir='ltr'>vel</span> <span class='ocrx_word' id='word_1_991' title='bbox 1412 2408 1630 2439; x_wconf 89' lang='lat' dir='ltr'>senectutem</span> <span class='ocrx_word' id='word_1_992' title='bbox 1664 2408 1727 2439; x_wconf 88' lang='lat' dir='ltr'>aut</span> <span class='ocrx_word' id='word_1_993' title='bbox 1759 2404 1994 2440; x_wconf 87' lang='lat' dir='ltr'>valetudinem</span> <span class='ocrx_word' id='word_1_994' title='bbox 2027 2408 2091 2440; x_wconf 89' lang='lat' dir='ltr'>aut</span> <span class='ocrx_word' id='word_1_995' title='bbox 2161 2405 2168 2412; x_wconf 90' lang='grc'><em>“</em></span> <span class='ocrx_word' id='word_1_996' title='bbox 2195 2404 2282 2439; x_wconf 87' lang='lat' dir='ltr'>tiam</span> <span class='ocrx_word' id='word_1_997' title='bbox 2314 2405 2401 2441; x_wconf 86' lang='lat' dir='ltr'>satis</span> 
     </span>
     <span class='ocr_line' id='line_1_134' title="bbox 1326 2448 2200 2501; baseline 0.001 -18"><span class='ocrx_word' id='word_1_998' title='bbox 1326 2448 1508 2484; x_wconf 88' lang='lat' dir='ltr'>commode</span> <span class='ocrx_word' id='word_1_999' title='bbox 1530 2449 1672 2484; x_wconf 90' lang='lat' dir='ltr'>retineri</span> <span class='ocrx_word' id='word_1_1000' title='bbox 1694 2449 1954 2484; x_wconf 88' lang='lat' dir='ltr'>matrimonium</span> <span class='ocrx_word' id='word_1_1001' title='bbox 1976 2459 2047 2484; x_wconf 88' lang='lat' dir='ltr'>non</span> <span class='ocrx_word' id='word_1_1002' title='bbox 2070 2449 2200 2501; x_wconf 84' lang='lat' dir='ltr'>possit:</span> 
     </span>
    </p>

    <p class='ocr_par' dir='ltr' id='par_1_24' title="bbox 1322 2491 2401 2842">
     <span class='ocr_line' id='line_1_135' title="bbox 1371 2491 2401 2530; baseline -0.002 0"><span class='ocrx_word' id='word_1_1003' title='bbox 1371 2491 1424 2530; x_wconf 84' lang='lat'>62</span> <span class='ocrx_word' id='word_1_1004' title='bbox 1444 2493 1786 2528; x_wconf 62' lang='lat' dir='ltr'>Hmuooemfflvs</span> <span class='ocrx_word' id='word_1_1005' title='bbox 1794 2493 1885 2530; x_wconf 80' lang='lat' dir='ltr'>libro</span> <span class='ocrx_word' id='word_1_1006' title='bbox 1897 2493 2051 2529; x_wconf 81' lang='lat' dir='ltr'>secundo</span> <span class='ocrx_word' id='word_1_1007' title='bbox 2064 2495 2186 2529; x_wconf 70' lang='lat' dir='ltr'>iuris-e</span> <span class='ocrx_word' id='word_1_1008' title='bbox 2213 2494 2401 2529; x_wconf 82' lang='lat' dir='ltr'>itomarum</span> 
     </span>
     <span class='ocr_line' id='line_1_136' title="bbox 1327 2537 2400 2583; baseline 0.001 -11"><span class='ocrx_word' id='word_1_1009' title='bbox 1327 2542 1342 2572; x_wconf 89' lang='lat'>1</span> <span class='ocrx_word' id='word_1_1010' title='bbox 1393 2542 1428 2573; x_wconf 90' lang='lat' dir='ltr'>et</span> <span class='ocrx_word' id='word_1_1011' title='bbox 1449 2537 1528 2573; x_wconf 90' lang='lat' dir='ltr'>ideo</span> <span class='ocrx_word' id='word_1_1012' title='bbox 1552 2538 1647 2573; x_wconf 87' lang='lat' dir='ltr'>bona</span> <span class='ocrx_word' id='word_1_1013' title='bbox 1668 2538 1784 2583; x_wconf 85' lang='lat' dir='ltr'>gratia</span> <span class='ocrx_word' id='word_1_1014' title='bbox 1805 2538 2067 2573; x_wconf 86' lang='lat' dir='ltr'>matrimonium</span> <span class='ocrx_word' id='word_1_1015' title='bbox 2090 2537 2184 2574; x_wconf 78' lang='lat' dir='ltr'>(lisso</span> <span class='ocrx_word' id='word_1_1016' title='bbox 2198 2538 2300 2573; x_wconf 90' lang='lat' dir='ltr'>vitur.</span> <span class='ocrx_word' id='word_1_1017' title='bbox 2337 2537 2400 2573; x_wconf 92' lang='lat' dir='ltr'>Di-</span> 
     </span>
     <span class='ocr_line' id='line_1_137' title="bbox 1325 2582 2399 2618; baseline 0.001 -1"><span class='ocrx_word' id='word_1_1018' title='bbox 1325 2583 1437 2618; x_wconf 86' lang='lat' dir='ltr'>vortio</span> <span class='ocrx_word' id='word_1_1019' title='bbox 1467 2582 1565 2617; x_wconf 82' lang='lat' dir='ltr'>facto</span> <span class='ocrx_word' id='word_1_1020' title='bbox 1597 2593 1663 2618; x_wconf 92' lang='lat' dir='ltr'>nec</span> <span class='ocrx_word' id='word_1_1021' title='bbox 1693 2582 1891 2618; x_wconf 86' lang='lat' dir='ltr'>instaurato</span> <span class='ocrx_word' id='word_1_1022' title='bbox 1921 2583 2144 2618; x_wconf 87' lang='lat' dir='ltr'>matrimonio</span> <span class='ocrx_word' id='word_1_1023' title='bbox 2176 2593 2249 2618; x_wconf 88' lang='lat' dir='ltr'>non</span> <span class='ocrx_word' id='word_1_1024' title='bbox 2272 2583 2399 2618; x_wconf 88' lang='lat' dir='ltr'>confir-</span> 
     </span>
     <span class='ocr_line' id='line_1_138' title="bbox 1324 2627 2400 2664; baseline 0 -2"><span class='ocrx_word' id='word_1_1025' title='bbox 1324 2627 1479 2662; x_wconf 86' lang='lat' dir='ltr'>mabitur</span> <span class='ocrx_word' id='word_1_1026' title='bbox 1501 2628 1594 2662; x_wconf 89' lang='lat' dir='ltr'>inter</span> <span class='ocrx_word' id='word_1_1027' title='bbox 1623 2627 1735 2662; x_wconf 89' lang='lat' dir='ltr'>virum</span> <span class='ocrx_word' id='word_1_1028' title='bbox 1768 2631 1803 2662; x_wconf 89' lang='lat' dir='ltr'>et</span> <span class='ocrx_word' id='word_1_1029' title='bbox 1833 2637 1976 2662; x_wconf 88' lang='lat' dir='ltr'>uxorem</span> <span class='ocrx_word' id='word_1_1030' title='bbox 2008 2627 2107 2663; x_wconf 82' lang='lat' dir='ltr'>facta</span> <span class='ocrx_word' id='word_1_1031' title='bbox 2138 2627 2301 2664; x_wconf 89' lang='lat' dir='ltr'>donatio:</span> <span class='ocrx_word' id='word_1_1032' title='bbox 2334 2637 2400 2663; x_wconf 85' lang='lat' dir='ltr'>nec</span> 
     </span>
     <span class='ocr_line' id='line_1_139' title="bbox 1322 2671 2401 2724; baseline 0.001 -17"><span class='ocrx_word' id='word_1_1033' title='bbox 1322 2671 1416 2707; x_wconf 90' lang='lat' dir='ltr'>inter</span> <span class='ocrx_word' id='word_1_1034' title='bbox 1434 2676 1626 2724; x_wconf 80' lang='lat' dir='ltr'>patronum</span> <span class='ocrx_word' id='word_1_1035' title='bbox 1651 2676 1686 2707; x_wconf 94' lang='lat' dir='ltr'>et</span> <span class='ocrx_word' id='word_1_1036' title='bbox 1707 2672 1880 2714; x_wconf 90' lang='lat' dir='ltr'>libertam,</span> <span class='ocrx_word' id='word_1_1037' title='bbox 1904 2672 1934 2707; x_wconf 90' lang='lat' dir='ltr'>si</span> <span class='ocrx_word' id='word_1_1038' title='bbox 1957 2672 2003 2707; x_wconf 90' lang='lat' dir='ltr'>ab</span> <span class='ocrx_word' id='word_1_1039' title='bbox 2027 2682 2068 2708; x_wconf 89' lang='lat' dir='ltr'>eo</span> <span class='ocrx_word' id='word_1_1040' title='bbox 2091 2672 2200 2708; x_wconf 90' lang='lat' dir='ltr'>invito</span> <span class='ocrx_word' id='word_1_1041' title='bbox 2231 2672 2401 2708; x_wconf 85' lang='lat' dir='ltr'>divertere</span> 
     </span>
     <span class='ocr_line' id='line_1_140' title="bbox 1323 2716 2399 2759; baseline 0 -8"><span class='ocrx_word' id='word_1_1042' title='bbox 1323 2727 1396 2752; x_wconf 92' lang='lat' dir='ltr'>non</span> <span class='ocrx_word' id='word_1_1043' title='bbox 1418 2716 1520 2759; x_wconf 87' lang='lat' dir='ltr'>hcet,</span> <span class='ocrx_word' id='word_1_1044' title='bbox 1543 2716 1642 2752; x_wconf 86' lang='lat' dir='ltr'>facta</span> <span class='ocrx_word' id='word_1_1045' title='bbox 1665 2716 1808 2752; x_wconf 91' lang='lat' dir='ltr'>donatio</span> <span class='ocrx_word' id='word_1_1046' title='bbox 1832 2727 1870 2751; x_wconf 90' lang='lat' dir='ltr'>se</span> <span class='ocrx_word' id='word_1_1047' title='bbox 1896 2721 2019 2751; x_wconf 89' lang='lat' dir='ltr'>aratur</span> <span class='ocrx_word' id='word_1_1048' title='bbox 2030 2717 2068 2759; x_wconf 83' lang='lat'>¹⁸,</span> <span class='ocrx_word' id='word_1_1049' title='bbox 2101 2727 2180 2752; x_wconf 90' lang='lat' dir='ltr'>cum</span> <span class='ocrx_word' id='word_1_1050' title='bbox 2211 2717 2304 2752; x_wconf 86' lang='lat' dir='ltr'>inter</span> <span class='ocrx_word' id='word_1_1051' title='bbox 2332 2717 2399 2752; x_wconf 90' lang='lat' dir='ltr'>hos</span> 
     </span>
     <span class='ocr_line' id='line_1_141' title="bbox 1324 2761 2400 2807; baseline 0 -11"><span class='ocrx_word' id='word_1_1052' title='bbox 1324 2761 1510 2796; x_wconf 89' lang='lat' dir='ltr'>divortium</span> <span class='ocrx_word' id='word_1_1053' title='bbox 1519 2761 1725 2797; x_wconf 88' lang='lat' dir='ltr'>intercedat.</span> <span class='ocrx_word' id='word_1_1054' title='bbox 1750 2761 1849 2806; x_wconf 89' lang='lat' dir='ltr'>perin</span> <span class='ocrx_word' id='word_1_1055' title='bbox 1876 2771 1895 2796; x_wconf 91' lang='lat' dir='ltr'>e</span> <span class='ocrx_word' id='word_1_1056' title='bbox 1910 2761 2046 2796; x_wconf 91' lang='lat' dir='ltr'>enimid</span> <span class='ocrx_word' id='word_1_1057' title='bbox 2057 2761 2152 2807; x_wconf 87' lang='lat' dir='ltr'>quod</span> <span class='ocrx_word' id='word_1_1058' title='bbox 2164 2761 2334 2797; x_wconf 90' lang='lat' dir='ltr'>donatum</span> <span class='ocrx_word' id='word_1_1059' title='bbox 2347 2765 2400 2796; x_wconf 87' lang='lat' dir='ltr'>est</span> 
     </span>
     <span class='ocr_line' id='line_1_142' title="bbox 1322 2805 2398 2842; baseline 0 -2"><span class='ocrx_word' id='word_1_1060' title='bbox 1322 2806 1475 2841; x_wconf 89' lang='lat' dir='ltr'>habetur</span> <span class='ocrx_word' id='word_1_1061' title='bbox 1486 2805 1633 2842; x_wconf 89' lang='lat' dir='ltr'>divortio</span> <span class='ocrx_word' id='word_1_1062' title='bbox 1644 2805 1883 2841; x_wconf 90' lang='lat' dir='ltr'>intercedente</span> <span class='ocrx_word' id='word_1_1063' title='bbox 1890 2816 1933 2841; x_wconf 93' lang='lat' dir='ltr'>ac</span> <span class='ocrx_word' id='word_1_1064' title='bbox 1945 2806 1976 2841; x_wconf 91' lang='lat' dir='ltr'>si</span> <span class='ocrx_word' id='word_1_1065' title='bbox 1994 2805 2163 2841; x_wconf 90' lang='lat' dir='ltr'>donatum</span> <span class='ocrx_word' id='word_1_1066' title='bbox 2174 2817 2245 2842; x_wconf 90' lang='lat' dir='ltr'>non</span> <span class='ocrx_word' id='word_1_1067' title='bbox 2262 2805 2398 2841; x_wconf 80' lang='lat' dir='ltr'>fuisset.</span> 
     </span>
    </p>

    <p class='ocr_par' dir='ltr' id='par_1_25' title="bbox 1319 2847 2399 3333">
     <span class='ocr_line' id='line_1_143' title="bbox 1368 2847 2397 2891; baseline -0.003 -3"><span class='ocrx_word' id='word_1_1068' title='bbox 1368 2847 1420 2888; x_wconf 89' lang='lat'>63</span> <span class='ocrx_word' id='word_1_1069' title='bbox 1454 2849 1612 2886; x_wconf 50' lang='lat' dir='ltr'>Panos</span> <span class='ocrx_word' id='word_1_1070' title='bbox 1647 2851 1738 2886; x_wconf 86' lang='lat' dir='ltr'>libro</span> <span class='ocrx_word' id='word_1_1071' title='bbox 1773 2851 1876 2886; x_wconf 81' lang='lat' dir='ltr'>tertio</span> <span class='ocrx_word' id='word_1_1072' title='bbox 1918 2850 1968 2886; x_wconf 86' lang='lat' dir='ltr'>ad</span> <span class='ocrx_word' id='word_1_1073' title='bbox 2000 2850 2187 2886; x_wconf 79' lang='lat' dir='ltr'>Neratium</span> <span class='ocrx_word' id='word_1_1074' title='bbox 2245 2850 2300 2885; x_wconf 93' lang='lat' dir='ltr'>De</span> <span class='ocrx_word' id='word_1_1075' title='bbox 2343 2860 2397 2891; x_wconf 91' lang='lat' dir='ltr'>eo,</span> 
     </span>
     <span class='ocr_line' id='line_1_144' title="bbox 1322 2894 2397 2939; baseline 0 -9"><span class='ocrx_word' id='word_1_1076' title='bbox 1322 2895 1418 2939; x_wconf 89' lang='lat' dir='ltr'>quod</span> <span class='ocrx_word' id='word_1_1077' title='bbox 1441 2895 1562 2930; x_wconf 85' lang='lat' dir='ltr'>uxoris</span> <span class='ocrx_word' id='word_1_1078' title='bbox 1595 2895 1634 2930; x_wconf 89' lang='lat' dir='ltr'>in</span> <span class='ocrx_word' id='word_1_1079' title='bbox 1667 2894 1867 2930; x_wconf 88' lang='lat' dir='ltr'>aedificium</span> <span class='ocrx_word' id='word_1_1080' title='bbox 1899 2895 1965 2930; x_wconf 83' lang='lat' dir='ltr'>viri</span> <span class='ocrx_word' id='word_1_1081' title='bbox 1997 2895 2049 2930; x_wconf 87' lang='lat' dir='ltr'>ita</span> <span class='ocrx_word' id='word_1_1082' title='bbox 2080 2895 2308 2930; x_wconf 88' lang='lat' dir='ltr'>coniunctum</span> <span class='ocrx_word' id='word_1_1083' title='bbox 2333 2899 2397 2937; x_wconf 87' lang='lat' dir='ltr'>est,</span> 
     </span>
     <span class='ocr_line' id='line_1_145' title="bbox 1322 2939 2399 2985; baseline 0 -10"><span class='ocrx_word' id='word_1_1084' title='bbox 1322 2944 1362 2975; x_wconf 91' lang='lat' dir='ltr'>ut</span> <span class='ocrx_word' id='word_1_1085' title='bbox 1384 2939 1582 2975; x_wconf 89' lang='lat' dir='ltr'>detractum</span> <span class='ocrx_word' id='word_1_1086' title='bbox 1605 2939 1755 2975; x_wconf 86' lang='lat' dir='ltr'>alicuius</span> <span class='ocrx_word' id='word_1_1087' title='bbox 1779 2949 1863 2975; x_wconf 87' lang='lat' dir='ltr'>usus</span> <span class='ocrx_word' id='word_1_1088' title='bbox 1888 2950 1965 2975; x_wconf 88' lang='lat' dir='ltr'>esse</span> <span class='ocrx_word' id='word_1_1089' title='bbox 1987 2940 2110 2985; x_wconf 90' lang='lat' dir='ltr'>possit,</span> <span class='ocrx_word' id='word_1_1090' title='bbox 2135 2939 2323 2975; x_wconf 88' lang='lat' dir='ltr'>dicendum</span> <span class='ocrx_word' id='word_1_1091' title='bbox 2345 2944 2399 2975; x_wconf 89' lang='lat' dir='ltr'>est</span> 
     </span>
     <span class='ocr_line' id='line_1_146' title="bbox 1321 2983 2397 3030; baseline -0.001 -10"><span class='ocrx_word' id='word_1_1092' title='bbox 1321 2984 1379 3030; x_wconf 81' lang='lat' dir='ltr'>agi</span> <span class='ocrx_word' id='word_1_1093' title='bbox 1435 2994 1534 3027; x_wconf 88' lang='lat' dir='ltr'>osse,</span> <span class='ocrx_word' id='word_1_1094' title='bbox 1565 2984 1649 3030; x_wconf 86' lang='lat' dir='ltr'>quia</span> <span class='ocrx_word' id='word_1_1095' title='bbox 1664 2984 1692 3006; x_wconf 81' lang='lat'>¹⁹</span> <span class='ocrx_word' id='word_1_1096' title='bbox 1721 2983 1820 3019; x_wconf 84' lang='lat' dir='ltr'>nulla</span> <span class='ocrx_word' id='word_1_1097' title='bbox 1842 2985 1936 3020; x_wconf 85' lang='lat' dir='ltr'>actio</span> <span class='ocrx_word' id='word_1_1098' title='bbox 1961 2987 2025 3027; x_wconf 89' lang='lat' dir='ltr'>est,</span> <span class='ocrx_word' id='word_1_1099' title='bbox 2049 2994 2093 3020; x_wconf 87' lang='lat' dir='ltr'>ex</span> <span class='ocrx_word' id='word_1_1100' title='bbox 2115 2984 2190 3028; x_wconf 85' lang='lat' dir='ltr'>lege</span> <span class='ocrx_word' id='word_1_1101' title='bbox 2213 2983 2397 3019; x_wconf 89' lang='lat' dir='ltr'>duodecim</span> 
     </span>
     <span class='ocr_line' id='line_1_147' title="bbox 1320 3028 2398 3074; baseline 0 -10"><span class='ocrx_word' id='word_1_1102' title='bbox 1320 3029 1382 3064; x_wconf 89' lang='lat' dir='ltr'>tab</span> <span class='ocrx_word' id='word_1_1103' title='bbox 1445 3039 1534 3071; x_wconf 90' lang='lat' dir='ltr'>rum,</span> <span class='ocrx_word' id='word_1_1104' title='bbox 1559 3029 1716 3074; x_wconf 89' lang='lat' dir='ltr'>quamvis</span> <span class='ocrx_word' id='word_1_1105' title='bbox 1740 3029 1955 3065; x_wconf 90' lang='lat' dir='ltr'>decemviros</span> <span class='ocrx_word' id='word_1_1106' title='bbox 1986 3040 2059 3065; x_wconf 88' lang='lat' dir='ltr'>non</span> <span class='ocrx_word' id='word_1_1107' title='bbox 2089 3029 2136 3064; x_wconf 92' lang='lat' dir='ltr'>sit</span> <span class='ocrx_word' id='word_1_1108' title='bbox 2165 3028 2331 3064; x_wconf 88' lang='lat' dir='ltr'>credibile</span> <span class='ocrx_word' id='word_1_1109' title='bbox 2353 3028 2398 3064; x_wconf 88' lang='lat' dir='ltr'>de</span> 
     </span>
     <span class='ocr_line' id='line_1_148' title="bbox 1320 3073 2397 3119; baseline -0.001 -10"><span class='ocrx_word' id='word_1_1110' title='bbox 1320 3074 1376 3109; x_wconf 91' lang='lat' dir='ltr'>his</span> <span class='ocrx_word' id='word_1_1111' title='bbox 1400 3074 1562 3116; x_wconf 88' lang='lat' dir='ltr'>sensisse,</span> <span class='ocrx_word' id='word_1_1112' title='bbox 1587 3084 1736 3119; x_wconf 88' lang='lat' dir='ltr'>quorum</span> <span class='ocrx_word' id='word_1_1113' title='bbox 1759 3074 1939 3109; x_wconf 86' lang='lat' dir='ltr'>voluntate</span> <span class='ocrx_word' id='word_1_1114' title='bbox 1961 3083 2018 3109; x_wconf 88' lang='lat' dir='ltr'>res</span> <span class='ocrx_word' id='word_1_1115' title='bbox 2043 3084 2163 3109; x_wconf 89' lang='lat' dir='ltr'>eorum</span> <span class='ocrx_word' id='word_1_1116' title='bbox 2185 3073 2222 3108; x_wconf 89' lang='lat' dir='ltr'>in</span> <span class='ocrx_word' id='word_1_1117' title='bbox 2245 3073 2397 3108; x_wconf 88' lang='lat' dir='ltr'>alienum</span> 
     </span>
     <span class='ocr_line' id='line_1_149' title="bbox 1320 3117 2397 3154; baseline -0.002 0"><span class='ocrx_word' id='word_1_1118' title='bbox 1320 3118 1519 3154; x_wconf 89' lang='lat' dir='ltr'>aedificium</span> <span class='ocrx_word' id='word_1_1119' title='bbox 1543 3118 1754 3154; x_wconf 87' lang='lat' dir='ltr'>coniunctae</span> <span class='ocrx_word' id='word_1_1120' title='bbox 1778 3122 1906 3154; x_wconf 89' lang='lat' dir='ltr'>essent.</span> <span class='ocrx_word' id='word_1_1121' title='bbox 1951 3118 2098 3153; x_wconf 66' lang='lat' dir='ltr'>Patmos</span> <span class='ocrx_word' id='word_1_1122' title='bbox 2122 3122 2240 3153; x_wconf 90' lang='lat' dir='ltr'>notat:</span> <span class='ocrx_word' id='word_1_1123' title='bbox 2274 3117 2338 3153; x_wconf 88' lang='lat' dir='ltr'>sed</span> <span class='ocrx_word' id='word_1_1124' title='bbox 2358 3117 2397 3153; x_wconf 91' lang='lat' dir='ltr'>in</span> 
     </span>
     <span class='ocr_line' id='line_1_150' title="bbox 1319 3162 2398 3214; baseline -0.001 -16"><span class='ocrx_word' id='word_1_1125' title='bbox 1319 3163 1389 3199; x_wconf 87' lang='lat' dir='ltr'>hoc</span> <span class='ocrx_word' id='word_1_1126' title='bbox 1413 3163 1526 3198; x_wconf 88' lang='lat' dir='ltr'>solum</span> <span class='ocrx_word' id='word_1_1127' title='bbox 1557 3173 1578 3198; x_wconf 90' lang='lat' dir='ltr'>a</span> <span class='ocrx_word' id='word_1_1128' title='bbox 1603 3163 1611 3169; x_wconf 90' lang='grc'><em>“</em></span> <span class='ocrx_word' id='word_1_1129' title='bbox 1642 3167 1762 3214; x_wconf 88' lang='lat' dir='ltr'>potest</span> <span class='ocrx_word' id='word_1_1130' title='bbox 1771 3163 1812 3205; x_wconf 81' lang='lat'>²⁰,</span> <span class='ocrx_word' id='word_1_1131' title='bbox 1845 3167 1885 3198; x_wconf 92' lang='lat' dir='ltr'>ut</span> <span class='ocrx_word' id='word_1_1132' title='bbox 1907 3162 1984 3198; x_wconf 88' lang='lat' dir='ltr'>sola</span> <span class='ocrx_word' id='word_1_1133' title='bbox 2005 3162 2194 3197; x_wconf 84' lang='lat' dir='ltr'>vindicatio</span> <span class='ocrx_word' id='word_1_1134' title='bbox 2218 3162 2336 3198; x_wconf 84' lang='lat' dir='ltr'>soluta</span> <span class='ocrx_word' id='word_1_1135' title='bbox 2357 3172 2398 3207; x_wconf 71' lang='lat' dir='ltr'>re</span> 
     </span>
     <span class='ocr_line' id='line_1_151' title="bbox 1321 3173 2396 3252; baseline -0.001 -9"><span class='ocrx_word' id='word_1_1136' title='bbox 1321 3218 1399 3243; x_wconf 89' lang='lat' dir='ltr'>com</span> <span class='ocrx_word' id='word_1_1137' title='bbox 1426 3211 1500 3243; x_wconf 90' lang='lat' dir='ltr'>etat</span> <span class='ocrx_word' id='word_1_1138' title='bbox 1521 3173 1679 3250; x_wconf 53' lang='lat' dir='ltr'>muffen,</span> <span class='ocrx_word' id='word_1_1139' title='bbox 1714 3218 1787 3243; x_wconf 87' lang='lat' dir='ltr'>non</span> <span class='ocrx_word' id='word_1_1140' title='bbox 1815 3208 1854 3242; x_wconf 92' lang='lat' dir='ltr'>in</span> <span class='ocrx_word' id='word_1_1141' title='bbox 1877 3206 2023 3252; x_wconf 90' lang='lat' dir='ltr'>duplum</span> <span class='ocrx_word' id='word_1_1142' title='bbox 2046 3217 2091 3242; x_wconf 82' lang='lat' dir='ltr'>ex</span> <span class='ocrx_word' id='word_1_1143' title='bbox 2111 3206 2188 3252; x_wconf 80' lang='lat' dir='ltr'>lege</span> <span class='ocrx_word' id='word_1_1144' title='bbox 2211 3206 2396 3242; x_wconf 89' lang='lat' dir='ltr'>duodecim</span> 
     </span>
     <span class='ocr_line' id='line_1_152' title="bbox 1319 3251 2396 3297; baseline -0.001 -9"><span class='ocrx_word' id='word_1_1145' title='bbox 1319 3252 1381 3288; x_wconf 90' lang='lat' dir='ltr'>tab</span> <span class='ocrx_word' id='word_1_1146' title='bbox 1532 3264 1542 3287; x_wconf 73' lang='grc' dir='ltr'>ε</span> <span class='ocrx_word' id='word_1_1147' title='bbox 1574 3262 1689 3297; x_wconf 88' lang='lat' dir='ltr'>neque</span> <span class='ocrx_word' id='word_1_1148' title='bbox 1721 3253 1813 3288; x_wconf 89' lang='lat' dir='ltr'>enim</span> <span class='ocrx_word' id='word_1_1149' title='bbox 1842 3251 2009 3287; x_wconf 85' lang='lat' dir='ltr'>furtivum</span> <span class='ocrx_word' id='word_1_1150' title='bbox 2040 3256 2111 3294; x_wconf 86' lang='lat' dir='ltr'>est,</span> <span class='ocrx_word' id='word_1_1151' title='bbox 2145 3251 2241 3296; x_wconf 86' lang='lat' dir='ltr'>quod</span> <span class='ocrx_word' id='word_1_1152' title='bbox 2262 3251 2396 3287; x_wconf 87' lang='lat' dir='ltr'>sciente</span> 
     </span>
     <span class='ocr_line' id='line_1_153' title="bbox 1319 3295 1746 3333; baseline -0.002 0"><span class='ocrx_word' id='word_1_1153' title='bbox 1319 3296 1460 3333; x_wconf 89' lang='lat' dir='ltr'>domino</span> <span class='ocrx_word' id='word_1_1154' title='bbox 1482 3295 1658 3332; x_wconf 88' lang='lat' dir='ltr'>inclusum</span> <span class='ocrx_word' id='word_1_1155' title='bbox 1682 3301 1746 3333; x_wconf 89' lang='lat' dir='ltr'>est.</span> 
     </span>
    </p>

    <p class='ocr_par' dir='ltr' id='par_1_26' title="bbox 1364 3339 2395 3387">
     <span class='ocr_line' id='line_1_154' title="bbox 1364 3339 2395 3387; baseline -0.002 -9"><span class='ocrx_word' id='word_1_1156' title='bbox 1364 3339 1419 3380; x_wconf 89' lang='grc'>64</span> <span class='ocrx_word' id='word_1_1157' title='bbox 1430 3340 1478 3376; x_wconf 65' lang='lat' dir='ltr'>Is</span> <span class='ocrx_word' id='word_1_1158' title='bbox 1486 3350 1655 3376; x_wconf 65' lang='lat' dir='ltr'>romnus</span> <span class='ocrx_word' id='word_1_1159' title='bbox 1663 3341 1754 3378; x_wconf 83' lang='lat' dir='ltr'>libro</span> <span class='ocrx_word' id='word_1_1160' title='bbox 1765 3344 1869 3377; x_wconf 78' lang='lat' dir='ltr'>sexto</span> <span class='ocrx_word' id='word_1_1161' title='bbox 1881 3351 1931 3376; x_wconf 81' lang='lat' dir='ltr'>ex</span> <span class='ocrx_word' id='word_1_1162' title='bbox 1943 3339 2207 3387; x_wconf 81' lang='lat' dir='ltr'>posterioribus</span> <span class='ocrx_word' id='word_1_1163' title='bbox 2217 3339 2395 3376; x_wconf 79' lang='lat' dir='ltr'>Labeonis</span> 
     </span>
    </p>
   </div>
   <div class='ocr_carea' id='block_1_10' title="bbox 1318 3453 2393 3675">
    <p class='ocr_par' dir='ltr' id='par_1_27' title="bbox 1320 3453 2372 3496">
     <span class='ocr_line' id='line_1_155' title="bbox 1320 3453 2372 3496; baseline -0.002 -8"><span class='ocrx_word' id='word_1_1164' title='bbox 1320 3456 1379 3495; x_wconf 75' lang='lat'><strong>(1⁶)</strong></span> <span class='ocrx_word' id='word_1_1165' title='bbox 1403 3453 1561 3495; x_wconf 81' lang='lat' dir='ltr'>respondi</span> <span class='ocrx_word' id='word_1_1166' title='bbox 1575 3453 1627 3486; x_wconf 53' lang='grc' dir='ltr'>Γ,</span> <span class='ocrx_word' id='word_1_1167' title='bbox 1718 3455 1775 3494; x_wconf 78' lang='grc'><strong>(17)</strong></span> <span class='ocrx_word' id='word_1_1168' title='bbox 1799 3453 1995 3486; x_wconf 83' lang='lat' dir='ltr'>defunotiF</span> <span class='ocrx_word' id='word_1_1169' title='bbox 2088 3455 2147 3494; x_wconf 80' lang='lat'><strong>(18)</strong></span> <span class='ocrx_word' id='word_1_1170' title='bbox 2164 3454 2372 3496; x_wconf 73' lang='lat' dir='ltr'>suitsicfcre</span> 
     </span>
    </p>

    <p class='ocr_par' dir='ltr' id='par_1_28' title="bbox 1318 3497 2393 3675">
     <span class='ocr_line' id='line_1_156' title="bbox 1319 3497 2393 3531; baseline -0.001 -1"><span class='ocrx_word' id='word_1_1171' title='bbox 1319 3498 1474 3531; x_wconf 89' lang='lat' dir='ltr'>Divortio</span> <span class='ocrx_word' id='word_1_1172' title='bbox 1501 3498 1590 3531; x_wconf 81' lang='lat' dir='ltr'>facto</span> <span class='ocrx_word' id='word_1_1173' title='bbox 1609 3508 1671 3531; x_wconf 86' lang='lat' dir='ltr'>nec</span> <span class='ocrx_word' id='word_1_1174' title='bbox 1694 3498 1883 3531; x_wconf 79' lang='lat' dir='ltr'>instaurato</span> <span class='ocrx_word' id='word_1_1175' title='bbox 1904 3498 2118 3530; x_wconf 85' lang='lat' dir='ltr'>matrimonio</span> <span class='ocrx_word' id='word_1_1176' title='bbox 2142 3497 2393 3530; x_wconf 81' lang='lat' dir='ltr'>confirmabitur</span> 
     </span>
     <span class='ocr_line' id='line_1_157' title="bbox 1318 3542 2391 3584; baseline -0.001 -9"><span class='ocrx_word' id='word_1_1177' title='bbox 1318 3543 1408 3575; x_wconf 83' lang='lat' dir='ltr'>inter</span> <span class='ocrx_word' id='word_1_1178' title='bbox 1421 3543 1528 3575; x_wconf 83' lang='lat' dir='ltr'>virum</span> <span class='ocrx_word' id='word_1_1179' title='bbox 1539 3546 1573 3575; x_wconf 90' lang='lat' dir='ltr'>et</span> <span class='ocrx_word' id='word_1_1180' title='bbox 1584 3553 1717 3576; x_wconf 84' lang='lat' dir='ltr'>uxorem</span> <span class='ocrx_word' id='word_1_1181' title='bbox 1737 3542 1826 3575; x_wconf 77' lang='lat' dir='ltr'>sacta</span> <span class='ocrx_word' id='word_1_1182' title='bbox 1845 3542 2003 3575; x_wconf 81' lang='lat' dir='ltr'>donatio.-</span> <span class='ocrx_word' id='word_1_1183' title='bbox 2026 3553 2087 3576; x_wconf 86' lang='lat' dir='ltr'>nec</span> <span class='ocrx_word' id='word_1_1184' title='bbox 2106 3542 2195 3575; x_wconf 87' lang='lat' dir='ltr'>inter</span> <span class='ocrx_word' id='word_1_1185' title='bbox 2214 3545 2391 3584; x_wconf 80' lang='lat' dir='ltr'>patronum</span> 
     </span>
     <span class='ocr_line' id='line_1_158' title="bbox 1318 3586 2391 3628; baseline -0.001 -9"><span class='ocrx_word' id='word_1_1186' title='bbox 1318 3590 1352 3620; x_wconf 87' lang='lat' dir='ltr'>et</span> <span class='ocrx_word' id='word_1_1187' title='bbox 1369 3586 1534 3628; x_wconf 85' lang='lat' dir='ltr'>libertam,</span> <span class='ocrx_word' id='word_1_1188' title='bbox 1554 3588 1583 3619; x_wconf 85' lang='lat' dir='ltr'>si</span> <span class='ocrx_word' id='word_1_1189' title='bbox 1604 3587 1645 3619; x_wconf 86' lang='lat' dir='ltr'>ab</span> <span class='ocrx_word' id='word_1_1190' title='bbox 1666 3598 1705 3620; x_wconf 91' lang='lat' dir='ltr'>eo</span> <span class='ocrx_word' id='word_1_1191' title='bbox 1723 3587 1832 3620; x_wconf 86' lang='lat' dir='ltr'>invito</span> <span class='ocrx_word' id='word_1_1192' title='bbox 1852 3587 2013 3620; x_wconf 85' lang='lat' dir='ltr'>divertere</span> <span class='ocrx_word' id='word_1_1193' title='bbox 2034 3587 2124 3626; x_wconf 84' lang='lat' dir='ltr'>licet,</span> <span class='ocrx_word' id='word_1_1194' title='bbox 2146 3586 2235 3619; x_wconf 81' lang='lat' dir='ltr'>facta</span> <span class='ocrx_word' id='word_1_1195' title='bbox 2253 3586 2391 3620; x_wconf 83' lang='lat' dir='ltr'>donatio</span> 
     </span>
     <span class='ocr_line' id='line_1_159' title="bbox 1583 3630 2389 3675; baseline -0.004 -9"><span class='ocrx_word' id='word_1_1196' title='bbox 1583 3633 1641 3673; x_wconf 75' lang='lat'><strong>(19)</strong></span> <span class='ocrx_word' id='word_1_1197' title='bbox 1666 3632 1734 3664; x_wconf 80' lang='lat' dir='ltr'>alin</span> <span class='ocrx_word' id='word_1_1198' title='bbox 1746 3633 1805 3665; x_wconf 69' lang='lat' dir='ltr'>ins.</span> <span class='ocrx_word' id='word_1_1199' title='bbox 1899 3635 1961 3674; x_wconf 78' lang='lat'><strong>(20)</strong></span> <span class='ocrx_word' id='word_1_1200' title='bbox 1985 3632 2042 3674; x_wconf 73' lang='lat' dir='ltr'>agi</span> <span class='ocrx_word' id='word_1_1201' title='bbox 2061 3634 2182 3675; x_wconf 79' lang='lat' dir='ltr'>potest,</span> <span class='ocrx_word' id='word_1_1202' title='bbox 2195 3630 2252 3664; x_wconf 83' lang='lat' dir='ltr'>sed</span> <span class='ocrx_word' id='word_1_1203' title='bbox 2265 3631 2340 3671; x_wconf 74' lang='lat' dir='ltr'>(del.</span> <span class='ocrx_word' id='word_1_1204' title='bbox 2354 3631 2389 3664; x_wconf 84' lang='lat' dir='ltr'>in</span> 
     </span>
    </p>
   </div>
  </div>
 </body>
</html>
