2528 3918
111 90 174 123 DE
200 87 496 124 ADEMP'HONE
522 88 800 122 menmium

110 214 176 251 per
198 212 355 245 errorem
377 201 498 239 soluta
519 201 632 247 repeti
657 211 729 236 non
778 208 860 236 osse
883 199 996 236 sacris
1029 199 1203 236 constitu-

111 253 155 286 26
201 248 357 285 tionibus
377 250 523 284 cautum
542 249 621 282 erat
633 247 655 281 ¹.
699 246 733 267 ²⁹
765 248 906 282 ostumo
927 255 1071 292 quoque
1087 245 1203 282 alieno

111 294 291 331 'inutiliter
311 293 514 339 legabatur:
541 295 596 328 est
619 294 739 327 autem
763 291 900 327 alienus
919 294 1119 336 postumus,
1143 290 1204 338 qui

111 341 226 376 'natus
249 339 344 375 inter
366 348 450 374 suos
474 337 625 373 heredes
648 336 832 373 testatoris
856 336 999 373 futurus
1024 347 1097 373 non
1129 340 1202 373 est:

111 385 272 431 ’ideoque
295 394 339 420 ex
362 384 587 428 emancipato
611 382 684 418 filio
710 385 915 427 conceptus
940 392 1052 428 nepos
1085 386 1202 418 extra-

109 433 149 466 27
200 430 298 466 'neus
330 432 409 465 erat
438 433 626 475 postumus
657 428 746 464 avo!
794 427 865 463 Sed
896 437 963 463 nec
1001 427 1204 463 huiusmodi

108 475 245 522 species
276 474 417 521 penitus
449 478 504 510 est
527 474 605 510 sine
627 473 724 509 iusta
748 472 994 509 emendatione
1018 473 1201 516 derelicta,

109 531 190 557 cum
223 520 262 556 in
293 523 417 556 nostro
451 519 575 556 codice
607 519 817 555 constitutio
831 519 845 540 ³
875 519 996 564 posita
1031 522 1104 562 est,
1139 529 1205 564 per

132 576 215 602 uam
246 568 284 601 et
313 565 398 601 huic
419 565 514 611 parti
538 564 778 601 medevimus⁴
802 574 877 599 non
900 564 1016 600 solum
1039 563 1077 599 in
1100 564 1203 600 here-

132 611 290 655 itatibus,
315 611 379 647 sed
394 611 502 646 etiam
516 611 555 646 in
573 610 697 656 legatis
723 613 759 645 et
779 609 1082 645 fideicommissis:
1109 608 1205 655 quod

108 657 288 694 evidenter
319 666 364 692 ex
394 656 506 702 ipsius
538 655 805 692 constitutionis
836 655 992 691 lectione
1026 655 1202 691 clarescit.

107 707 206 739 tutor
230 705 349 738 autem
373 712 439 738 nec
462 712 528 747 per
551 704 710 737 nostram
733 700 1024 736 constitutionem
1044 701 1203 737 incertus

108 749 185 784 dari
209 748 349 790 debeat,
374 748 459 793 quia
483 751 581 783 certo
605 747 737 783 iudicio
763 746 870 782 debet
892 746 972 791 quis
995 756 1062 792 pro
1085 746 1204 782 tutela

107 797 150 830 28
198 804 286 829 suae
309 793 512 838 posteritati
536 803 674 829 cavere.
710 792 905 828 Postumus
922 795 1043 827 autem
1067 791 1203 828 alienus

107 840 209 875 heres
232 838 371 874 institui
395 842 432 874 et
454 842 562 874 antea
584 841 728 884 poterat
761 840 797 874 et
828 847 927 873 nunc
960 840 1102 883 potest,
1134 837 1204 873 nisi

107 886 143 920 in
174 888 277 920 utero
312 884 388 920 eius
419 884 483 928 sit,
539 891 608 920 uae
638 884 715 919 iure
738 884 888 919 nostra⁵
912 894 1004 919 uxor
1028 893 1106 919 esse
1129 893 1204 919 non

108 933 150 966 29
192 933 328 983 potest.
384 929 422 966 Si
458 930 519 976 qui
553 931 567 951 ⁶
601 929 639 965 in
674 929 818 965 nomine
853 928 1063 974 cognomine
1099 938 1203 974 prae-

107 986 248 1012 nomme
271 975 433 1021 legatarii
451 975 621 1011 erraverit
639 977 802 1017 testator,
828 973 859 1009 si
879 974 924 1009 de
941 984 1097 1027 persona
1117 984 1203 1010 con-

107 1025 190 1064 stat,
214 1021 325 1056 nihilo
350 1021 466 1056 minus
490 1021 586 1056 valet
607 1020 783 1066 legatum:
817 1019 911 1054 idem
941 1031 979 1054 1n
1010 1019 1203 1055 heredibus

107 1069 268 1102 servatur
300 1069 337 1102 et
365 1069 481 1102 recte:
514 1065 660 1102 nomina
684 1065 779 1101 enim
802 1064 1114 1110 significandorum
1136 1065 1203 1101 ho-

107 1113 240 1148 minum
305 1111 380 1147 atia
402 1115 546 1157 reperta
569 1115 663 1154 sunt,
690 1110 751 1157 qui
774 1110 806 1146 si
850 1110 985 1146 uolibet
1005 1111 1075 1146 alio
1096 1110 1203 1146 modo

107 1161 150 1193 30
196 1122 468 1203 ἰηιθῗθςαιιῒιιτ,
502 1157 591 1193 nihil
622 1157 779 1192 interest.
863 1156 922 1191 uic
953 1156 1117 1202 proxima
1149 1159 1205 1192 est

105 1203 167 1239 illa
197 1202 284 1239 iuris
315 1203 439 1248 regula
469 1202 564 1238 falsa
594 1201 902 1239 demonstratione
932 1202 1090 1247 legatum
1130 1211 1203 1237 non

106 1248 252 1295 peremi.
288 1248 396 1285 veluti
428 1248 458 1284 si
513 1248 569 1284 uis
592 1248 645 1283 ita
667 1247 838 1293 legaverit
862 1246 1038 1283 ‘Stichum
1062 1257 1203 1283 servum

106 1300 234 1331 ‘meum
256 1303 402 1330 vernam
425 1293 472 1330 do
510 1293 606 1339 ego’:
638 1294 724 1329 licet
755 1293 848 1329 enim
882 1303 955 1328 non
985 1303 1113 1335 verna,
1139 1292 1203 1328 sed

106 1343 246 1386 emptus
269 1339 336 1383 sit,
368 1339 413 1375 de
435 1349 536 1375 servo
561 1342 681 1375 tamen
705 1342 870 1382 constat,
902 1338 989 1374 utile
1020 1342 1076 1374 est
1105 1338 1202 1384 lega-

105 1389 195 1422 tum.
243 1388 280 1421 et
304 1384 557 1421 convenienter
580 1384 610 1420 si
632 1384 684 1420 ita
709 1383 1006 1420 demonstraverit
1029 1383 1204 1419 ‘Stichum

106 1434 277 1474 ‘servum,
303 1440 409 1476 quem
432 1440 455 1466 a
478 1429 559 1466 Seio
593 1430 686 1473 emi',
702 1430 835 1476 ..sitque
867 1429 913 1464 ab
946 1429 1016 1465 alio
1050 1433 1203 1475 emptus,

106 1479 145 1512 31
195 1477 282 1512 utile
304 1476 460 1522 legatum
492 1479 566 1518 est,
600 1476 631 1511 si
663 1475 707 1511 de
736 1485 839 1511 servo
874 1478 1029 1511 constat.
1078 1475 1204 1520 Longe

106 1521 217 1575 magis
241 1521 383 1567 legato⁷
406 1521 501 1557 falsa
524 1531 636 1557 causa
660 1531 734 1557 non
757 1523 875 1557 nocet.
911 1520 1023 1556 veluti
1047 1531 1128 1556 cum
1152 1521 1204 1556 ita

105 1577 184 1613 quis
208 1566 355 1603 dixerit:
382 1567 511 1610 ‘Titio,
567 1567 650 1602 uia⁸
683 1567 832 1602 absente
861 1576 918 1602 me
949 1566 1093 1611 negotia
1123 1576 1204 1601 mea

105 1612 272 1656 ‘curavit‚
297 1611 459 1648 Stichum
490 1612 536 1648 do
575 1612 663 1658 ego',
687 1612 743 1648 vel
765 1612 835 1647 ita:
863 1611 989 1655 ‘Titio,
1022 1611 1107 1657 quia
1137 1621 1202 1657 pa-

106 1658 268 1694 ‘trocinio
285 1658 360 1694 eius
385 1658 532 1704 capitali
556 1657 703 1694 crimine
725 1658 898 1693 liberatus
923 1667 1013 1700 sum,
1040 1657 1203 1693 Stichum

106 1704 162 1740 ‘do
194 1704 305 1749 lego':
342 1704 427 1739 licet
458 1704 552 1740 enim
583 1714 700 1749 neque
731 1703 876 1748 negotia
906 1702 1090 1739 testatoris
1124 1713 1202 1738 um-

105 1759 227 1831 aaa
242 1749 353 1830 iffi
372 1748 500 1830 {aa
514 1748 1203 1831 vssfdueseffiassi‘t‘iffifficffintffi'ffisss

162 1822 171 1838 ,
613 1822 621 1830 .

105 1840 194 1876 tiata
233 1839 326 1876 uerit
349 1850 479 1884 causa,
512 1840 610 1876 aliud
633 1840 719 1876 iuris
745 1843 817 1882 est,
848 1839 959 1875 veluti
981 1839 1052 1875 hoc
1075 1839 1201 1875 modo:

105 1885 233 1929 ‘Titio‚
264 1885 297 1922 si
327 1886 472 1931 negotia
494 1896 575 1922 mea
606 1885 801 1927 curaverit,
835 1884 989 1920 fundum
1020 1884 1067 1921 do
1099 1884 1202 1930 lego'.

106 1934 149 1967 32
195 1931 255 1966 An
285 1940 387 1967 servo
419 1931 562 1967 heredis
593 1934 692 1967 recte
722 1931 901 1976 legamus,
934 1930 1131 1976 quaeritur.
1168 1933 1204 1966 et

106 1979 249 2012 constat
271 1987 362 2023 pure
384 1976 558 2012 inutiliter
579 1977 690 2022 legari
713 1986 780 2012 nec
805 1975 998 2022 quidquam
1014 1975 1201 2021 proficere,

105 2022 136 2058 si
165 2022 244 2058 vivo
276 2025 449 2058 testatore
481 2022 525 2058 de
554 2025 735 2068 potestate
766 2021 909 2057 heredis
942 2021 1085 2063 exierit,
1118 2021 1204 2067 quia

106 2067 202 2114 quod
236 2067 362 2104 inutile
393 2067 487 2104 foret
518 2068 694 2114 legatum,
731 2066 762 2103 si
796 2066 918 2102 statim
952 2069 1037 2113 post
1065 2066 1203 2102 factum

105 2117 357 2149 testamentum
373 2113 587 2150 decessisset
609 2116 773 2155 testator,
797 2113 867 2148 hoc
891 2122 965 2148 non
990 2111 1096 2148 debet
1119 2111 1202 2148 ideo

105 2158 239 2202 valere,
271 2158 356 2204 quia
387 2159 520 2195 diutius
543 2162 695 2194 testator
718 2157 854 2194 vixerit.
892 2158 959 2193 sub
992 2157 1203 2194 condicione

106 2213 187 2240 vero
211 2209 309 2240 recte
331 2204 488 2249 legatur,
511 2208 553 2240 ut
576 2204 819 2250 requiramus,
844 2213 912 2246 an,
945 2213 1017 2248 quo
1041 2206 1203 2249 tempore

107 2250 149 2285 33
196 2249 272 2285 dies
292 2250 399 2295 legati
418 2250 523 2293 cedit,
542 2251 581 2285 in
600 2252 781 2296 potestate
801 2248 942 2284 heredis
962 2259 1036 2284 non
1048 2248 1104 2284 sit.
1141 2248 1203 2284 Ex

106 2294 243 2330 diverso
256 2294 386 2331 herede
397 2295 562 2331 instituto
584 2305 686 2331 servo
707 2294 793 2341 quin
813 2293 955 2330 domino
976 2297 1075 2330 recte
1096 2294 1203 2329 etiam

106 2340 182 2376 sine
206 2340 417 2376 condicione
447 2340 601 2386 legetur,
638 2351 712 2376 non
747 2339 944 2377 dubitatur.
989 2350 1073 2375 nam
1105 2343 1141 2374 et
1172 2339 1203 2375 si

105 2385 226 2421 statim
256 2389 340 2431 post
368 2385 506 2422 factum
535 2389 789 2422 testamentum
821 2385 1016 2421 decesserit
1037 2388 1201 2427 testator,

105 2441 178 2467 non
200 2434 321 2467 tamen
345 2431 443 2477 apud
467 2442 547 2468 eum
594 2432 633 2468 ui
655 2432 759 2468 heres
784 2430 832 2467 sit
850 2430 926 2467 dies
946 2430 1054 2476 legati
1074 2431 1203 2466 cedere

106 2476 337 2522 intellegitur,
372 2487 454 2513 cum
484 2443 665 2514 hereditas
697 2486 720 2512 a
750 2476 869 2522 legato
903 2479 1073 2521 separata
1096 2476 1144 2512 sit
1167 2479 1204 2512 et

105 2522 219 2567 possit
242 2532 305 2568 per
328 2532 410 2558 eum
443 2533 583 2559 servum
614 2523 705 2559 alius
734 2521 840 2558 heres
873 2521 986 2564 effici,
1024 2521 1055 2557 si
1086 2522 1200 2567 prius,

106 2577 212 2648 &1¹3¹
225 2567 1062 2659 ΞῗέεἲἒῖοΞὲΐιζᾞῖῗεέἳίξῖρῖἑθέἰὲῐέἓὲἓίξῖἆίφ
1071 2571 1202 2658 ἑῖιῗὲἓξ

273 2639 282 2656 ,
1036 2639 1045 2648 .

107 2658 249 2694 casibus
280 2658 368 2694 utile
399 2662 455 2694 est
485 2659 659 2705 legatum:
696 2657 824 2704 quodsi
857 2657 896 2693 in
931 2657 1055 2694 eadem
1091 2668 1203 2693 causa

107 2703 343 2749 permanserit
367 2707 403 2739 et
426 2704 527 2740 iussu
550 2705 562 2740 l
607 2703 714 2740 atarii
737 2703 875 2746 adierit,
901 2703 1083 2739 evanescit
1105 2703 1201 2748 lega-

107 2752 150 2784 34
196 2753 284 2785 tum.
334 2749 463 2785 ⁹*Ante
494 2751 578 2786 here
606 2751 634 2785 's
665 2748 926 2785 institutionem
944 2748 1118 2784 inutiliter
1135 2759 1200 2784 an-

107 2794 176 2830 'tea
197 2794 400 2840 legabatur,
434 2795 571 2832 scilicet
593 2795 678 2841 quia
700 2798 916 2830 testamenta
937 2794 1008 2829 vim
1032 2803 1077 2829 ex
1098 2794 1200 2829 insti-

108 2840 255 2876 'tutione
277 2840 450 2877 heredum
473 2841 658 2887 accipiunt
681 2843 718 2876 et
741 2840 788 2875 ob
812 2838 850 2874 id
872 2839 981 2875 veluti
1005 2843 1114 2884 caput
1146 2843 1201 2874 at-

107 2885 187 2966 ’ffiise
208 2884 481 2922 fundamentum
504 2886 719 2932 intellegitur
743 2885 854 2921 totius
873 2883 1080 2920 testamenti
1098 2884 1200 2920 here-

108 2930 116 2944 '
143 2930 151 2938 “
195 2930 382 2967 institutio.
446 2931 500 2967 ari
523 2932 665 2968 ratione
687 2941 755 2966 nec
779 2930 926 2966 libertas
952 2934 1036 2966 ante
1059 2929 1200 2965 heredis

108 2975 375 3012 'institutionem
434 2977 488 3012 ari
521 2978 686 3023 poterat.⁴
731 2976 794 3012 sed
829 2976 914 3022 quia
948 2975 1088 3011 incivile
1123 2984 1202 3011 esse

132 3021 308 3057 utavimus
333 3021 494 3058 ordinem
518 3022 660 3068 quidem
684 3022 754 3058 scri
780 3024 885 3057 turae
909 3021 1010 3066 sequi
1034 3020 1145 3066 (quod
1165 3023 1203 3056 et

119 3066 176 3112 psi
207 3066 412 3113 antiquitati
442 3067 717 3114 vituperandum
763 3070 868 3103 uerat
897 3067 1046 3110 visum),
1080 3065 1202 3111 sperni

108 3115 228 3148 autem
249 3113 433 3148 testatoris
463 3114 703 3150 voluntatem:
763 3123 801 3148 er
832 3116 993 3148 nostram
1026 3111 1199 3147 constitu-

107 3157 240 3193 tionem
253 3158 281 3179 ¹⁰
310 3161 347 3193 et
378 3158 447 3194 hoc
477 3159 601 3195 vitium
632 3168 734 3194 emen
761 3157 917 3201 avimus,
951 3160 994 3193 ut
1026 3157 1135 3192 liceat
1165 3159 1201 3192 et

108 3205 192 3238 ante
223 3202 364 3239 heredis
388 3203 656 3246 ;instituti0nem
687 3207 723 3239 et
753 3203 846 3238 inter
869 3203 1004 3238 medias
1027 3202 1200 3238 heredum

107 3247 348 3284 institutiones
370 3248 526 3294 legatum
548 3250 746 3295 relinquere
770 3252 806 3284 et
829 3248 938 3284 multo
963 3248 1074 3293 magis
1092 3247 1200 3282 liber-

109 3295 151 3328 35
197 3296 320 3337 tatem,
346 3294 448 3330 cuius
471 3306 559 3332 usus
581 3294 812 3331 favorabilior
836 3297 901 3329 est.
945 3294 970 3315 ¹¹
984 3293 1082 3329 'Post
1104 3303 1198 3328 mor-

109 3337 189 3374 ’tem
218 3349 287 3385 quo
313 3349 359 3375 ue
388 3339 529 3377 heredis
562 3344 627 3377 aut
648 3339 809 3384 legatarii
833 3339 938 3374 simili
961 3338 1067 3374 modo
1091 3337 1199 3373 inuti-

109 3383 199 3420 'liter
219 3384 298 3430 lega
324 3387 423 3420 atur:
457 3387 567 3422 veluti
589 3386 622 3422 si
645 3385 723 3432 quis
745 3385 798 3420 ita
822 3384 936 3420 dicat:
971 3387 1065 3420 ‘cum
1096 3383 1199 3418 heres

109 3501 149 3540 (1)
173 3500 258 3540 erat]
271 3498 400 3538 BEW,
414 3498 580 3532 estPcum
592 3498 622 3531 Θ
714 3499 757 3539 (2)
787 3498 863 3532 Gai.
875 3499 906 3538 2,
920 3505 972 3532 241
1043 3498 1086 3539 (3)
1116 3496 1195 3530 C'od.

110 3545 141 3586 6,
153 3551 200 3584 ⁴8,
211 3551 224 3578 1
301 3545 344 3586 (4)
368 3545 417 3578 sic
427 3541 511 3577 BE»
521 3543 588 3583 W‘⁸‚
608 3543 817 3576 medebimur
826 3543 908 3576 PEa
918 3541 974 3577 W⁶
1068 3543 1111 3584 (5)
1136 3552 1196 3573 no-

110 3590 192 3629 stra]
202 3589 238 3622 Ε
247 3589 293 3629 W,
303 3592 421 3622 nostro
432 3589 468 3623 B
546 3590 590 3630 (6)
616 3588 711 3630 quid]
723 3589 822 3629 BE‘,
833 3588 910 3630 quis
922 3586 1006 3620 ΕῡΘ
1083 3589 1126 3626 (7)
1150 3587 1199 3620 sic

111 3634 146 3667 Ε
155 3634 236 3674 We,
245 3633 394 3675 legatum
405 3634 441 3667 Β
499 3633 544 3675 (8)
558 3633 650 3676 quia]
669 3631 771 3674 Wm,
781 3634 841 3675 qui
852 3633 923 3666 ΒΕ
932 3632 988 3666 Wss
1055 3633 1101 3672 (9)
1120 3630 1197 3665 Gai.

111 3679 288 3718 2,22s.2³o
448 3680 507 3719 (ιο)
536 3679 613 3712 Ood.
624 3679 656 3719 6,
668 3685 762 3718 ηπ

111 3726 171 3767 (12)
201 3723 363 3807 Ciaraefgtsm
376 3723 488 3767 (ss),11
664 3726 723 3766 (13)
752 3723 995 3763 §seinaimilis
1008 3722 1200 3763 &aivam
1247 3764 1249 3766 ‚

1202 74 1266 126 25

1940 73 2089 117 INST.
2119 74 2175 129 Π,
2207 78 2375 120 20—22

1275 198 1396 235 ’‘meus
1415 201 1580 235 mortuus
1599 199 1677 243 erit,
1695 199 1741 236 do
1760 199 1872 246 lego’:
1893 199 1978 236 item
1998 199 2125 246 ‘pridie
2143 210 2250 246 quam
2270 200 2373 237 heres

1275 246 1361 280 “aut
1389 244 1583 290 legatarius
1616 245 1820 281 morietur’.¹
1865 246 1929 282 sed
1960 245 2065 282 simili
2095 246 2201 282 modo
2237 250 2274 282 et
2304 247 2374 283 hoc

1275 290 1493 326 correximus
1508 291 1536 312 ¹²
1560 290 1763 325 firmitatem
1795 291 2000 328 huiusmodi
2030 290 2156 337 legatis
2189 291 2236 326 ad
2269 291 2371 327 fidei-

1275 335 1545 372 commissorum
1559 336 1825 372 similitudinem
1844 340 2082 382 praestantes,
2106 346 2152 372 ne
2171 337 2226 372 vel
2246 337 2283 372 in
2303 338 2374 373 hoc

1275 391 1363 416 casu
1387 381 1543 417 deterior
1567 391 1679 416 causa
1710 381 1908 426 legatorum
1940 392 2048 428 quam
2078 381 2372 418 fideicommisso-

1274 429 1318 462 36
1364 437 1444 462 rum
1479 427 1690 462 inveniatur.
1753 427 1933 463 ¹³Poenae
1969 438 2111 474 quoque
2145 428 2286 464 nomine
2319 428 2373 463 in-

1273 472 1408 507 utiliter
1439 472 1628 517 legabatur
1659 475 1695 507 et
1730 471 1953 508 adimebatur
1985 474 2039 509 vel
2073 473 2372 509 transferebatur.

1300 527 1412 553 oenae
1437 522 1557 554 autem
1581 518 1725 553 nomine
1747 518 1857 562 legari
1881 519 2038 562 videtur,
2065 520 2160 566 quod
2186 520 2374 556 coercendi

1273 528 1415 599 {eredis
1441 573 1553 599 causa
1576 563 1798 608 relinquitur,
1825 574 1896 608 quo
1920 565 2030 609 magis
2050 565 2080 601 is
2108 565 2243 611 aliquid
2261 565 2375 601 faciat

1274 612 1339 644 aut
1361 619 1434 644 non
1456 609 1588 645 faciat:
1621 609 1730 644 veluti
1762 609 1792 643 si
1825 609 1903 654 quis
1936 610 1987 644 ita
2020 611 2090 645 scri
2118 611 2222 647 serit:
2257 611 2374 651 ‘heres

1275 657 1385 690 ‘meus
1419 654 1450 690 si
1480 654 1590 690 filiam
1614 665 1717 690 suam
1740 654 1777 689 in
1802 655 2067 690 matrimonium
2124 656 2188 692 itio
2215 656 2373 692 colloca-

1274 700 1386 736 ‘verit’
1413 701 1480 743 (vel
1505 711 1549 736 ex
1573 700 1711 736 diverso
1738 700 1780 735 ‘si
1804 710 1876 735 non
1902 701 2166 744 collocaverit’)‚
2193 703 2289 738 ‘dato
2311 702 2373 737 de-

1274 748 1364 781 ‘cem
1388 756 1517 782 aureos
1543 745 1648 789 Seio',
1682 749 1745 781 aut
1777 746 1807 780 si
1838 746 1891 780 ita
1922 746 2106 791 scripserit
2130 747 2242 783 ‘heres
2274 757 2373 782 meus

1275 791 1318 827 ‘si
1354 801 1494 827 servum
1531 791 1695 828 Stichum
1731 791 1950 827 alienaverit'
1985 792 2053 833 (vel
2085 802 2128 827 ex
2160 792 2299 828 diverso
2332 793 2374 828 ‘si

1275 840 1359 872 ‘non
1393 837 1647 881 alienaverit'),
1673 836 1780 872 ‘Titio
1816 837 1939 872 decem
1971 847 2100 872 aureos
2133 837 2240 874 dato'.
2278 841 2315 873 et
2336 838 2374 873 in

1273 886 1417 918 tantum
1441 883 1532 919 haec
1556 883 1681 928 regula
1704 883 1975 926 observabatur,
1999 886 2042 918 ut
2063 892 2128 936 per
2153 893 2235 918 uam
2258 883 2371 929 pluri—

1273 929 1341 964 bus
1376 928 1637 981 principalibus
1682 928 2000 964 constitutionibus
2044 928 2135 973 signi
2163 932 2264 964 cetur
2305 939 2373 964 nec

1298 974 1470 1019 rincipem
1495 974 1637 1019 quidem
1660 983 1867 1019 agnoscere,
1893 974 1989 1019 quod
2013 973 2047 1009 ei
2069 984 2208 1019 poenae
2231 974 2374 1010 nomine

1272 985 1430 1064 sagatum
1462 1020 1519 1055 sit.
1557 1030 1624 1055 nec
1658 1030 1703 1055 ex
1733 1019 1855 1054 militis
1879 1019 2023 1064 quidem
2045 1022 2260 1055 testamento
2287 1020 2374 1054 talia

1272 1065 1393 1110 legata
1415 1065 1583 1101 valebant
1598 1095 1605 1110 ‚
1628 1064 1789 1109 quamvis
1804 1064 1897 1100 aliae
1908 1066 1934 1087 ¹⁴
1947 1064 2098 1099 militum
2112 1063 2316 1099 voluntates
2337 1066 2373 1100 in

1273 1110 1480 1146 ordinandis
1505 1110 1727 1147 testamentis
1750 1110 1855 1146 valde
1878 1110 2125 1146 observantur.
2160 1110 2246 1156 quin
2267 1111 2374 1146 etiam

1273 1166 1340 1192 nec
1364 1156 1567 1192 libertatem
1598 1166 1738 1202 poenae
1771 1155 1913 1191 nomine
1945 1155 2024 1191 dari
2048 1166 2162 1209 posse
2193 1156 2372 1201 placebat.

1274 1212 1315 1238 eo
1341 1201 1493 1248 amplius
1518 1212 1585 1238 nec
1609 1201 1776 1238 heredem
1799 1211 1939 1247 poenae
1961 1211 2105 1237 nomme
2141 1201 2236 1237 adici
2293 1211 2374 1237 osse

1273 1247 1428 1283 Sabinus
1453 1247 1698 1291 existimabat,
1730 1247 1839 1283 veluti
1872 1247 1902 1283 si
1926 1247 2006 1292 quis
2029 1247 2082 1282 ita
2106 1247 2218 1283 dicat:
2244 1250 2253 1266 ‘
2289 1247 2373 1282 itius

1273 1293 1388 1329 ‘heres
1420 1297 1518 1329 esto:
1550 1293 1582 1329 si
1605 1293 1723 1329 Titius
1754 1292 1865 1328 filiam
1896 1303 1998 1328 suam
2022 1292 2104 1329 Seio
2127 1293 2165 1328 in
2189 1293 2372 1329 matrimo-

1273 1339 1384 1374 ‘nium
1417 1339 1665 1382 collocaverit,
1698 1338 1801 1374 Seius
1832 1348 1973 1391 quoque
2004 1338 2108 1374 heres
2141 1339 2252 1374 esto':
2286 1337 2374 1374 nihil

1273 1384 1366 1420 enim
1389 1383 1575 1427 intererat,
1600 1395 1672 1430 qua
1695 1384 1836 1420 ratione
1861 1384 1978 1419 Titius
2004 1388 2227 1427 coerceatur,
2252 1388 2373 1420 utrum

1272 1430 1380 1475 legati
1404 1429 1549 1466 datione
1573 1441 1621 1466 an
1645 1429 1830 1467 coheredis
1854 1429 2065 1465 adiectione.
2108 1433 2147 1466 at
2168 1429 2374 1465 huiusmodi

1273 1476 1534 1521 scrupulositas
1558 1475 1663 1512 nobis
1683 1486 1757 1512 non
1775 1475 1914 1522 placuit
1931 1479 1966 1511 et
1984 1476 2198 1521 generaliter
2218 1484 2262 1510 ea
2281 1485 2373 1521 quae

1272 1521 1544 1567 relinquuntur,
1575 1522 1661 1558 licet
1683 1531 1823 1568 poenae
1846 1521 1989 1557 nomine
2011 1520 2146 1557 fuerint
2168 1520 2295 1556 relicta
2317 1521 2373 1557 vel

1273 1567 1378 1603 adem
1404 1570 1443 1602 ta
1465 1567 1522 1603 vel
1544 1567 1582 1603 in
1607 1565 1737 1603 alios¹⁵
1761 1567 1958 1609 translata,
1989 1566 2078 1602 nihil
2110 1566 2244 1602 distare
2267 1577 2290 1602 a
2314 1576 2371 1602 ce-

1272 1613 1359 1648 teris
1396 1613 1509 1658 egatis
1534 1612 1784 1649 constituimus
1796 1612 1824 1634 ¹⁶
1847 1612 1904 1648 vel
1926 1612 1964 1648 in
1988 1611 2107 1648 dando
2139 1613 2195 1648 vel
2224 1611 2262 1647 in
2294 1612 2371 1648 adi-

1272 1658 1401 1694 mendo
1437 1659 1492 1694 vel
1525 1658 1564 1694 in
1596 1658 1867 1694 transferendo:
1905 1658 2067 1704 exceptis
2102 1658 2159 1693 his
2194 1657 2371 1700 videlicet,

1273 1713 1367 1750 quae
1388 1703 1624 1750 impossibilia
1647 1707 1733 1740 sunt
1754 1704 1809 1740 vel
1831 1703 1970 1749 legibus
1986 1703 2178 1739 interdicta
2198 1707 2262 1738 aut
2282 1703 2372 1739 alias

1272 1750 1467 1795 probrosa:
1504 1749 1712 1786 huiusmodi
1745 1749 1839 1786 enim
1870 1752 2086 1785 testatorum
2121 1748 2372 1794 dispositiones

1271 1796 1391 1831 valere
1414 1798 1516 1832 secta
1538 1798 1742 1842 temporum
1764 1805 1924 1831 meorum
1948 1805 2020 1830 non
2043 1794 2190 1840 patitur.

1751 1887 1880 1928 XXIV!

1339 1958 1402 1992 DE
1424 1956 2033 2037 ΔΒΕΜΡΤΙΟΝΕΒέξΙἏΫἿἸέΟΒΠΜ
2056 1958 2117 1991 ΕΤ
2139 1956 2302 1991 TRANS-

1322 2070 1514 2116 Ademptio
1529 2070 1741 2115 legatorum,
1755 2070 1829 2106 sive
1841 2070 1965 2106 eodem
1976 2073 2191 2107 testamento
2204 2069 2365 2106 adiman-

1277 2117 1340 2152 tur
1353 2116 1427 2152 sive
1445 2115 1631 2158 codicillis,
1654 2115 1758 2152 firma
1772 2119 1839 2159 est,
1863 2115 1937 2152 sive
1956 2116 2147 2152 contrariis
2161 2115 2280 2152 verbis
2300 2114 2367 2150 fiat

1279 2161 1380 2197 adem
1406 2161 1470 2203 tio,
1494 2161 1604 2196 veluti
1624 2161 1667 2203 si,
1691 2161 1789 2207 quod
1811 2161 1864 2197 ita
1882 2161 1962 2207 quis
1986 2161 2156 2206 legaverit
2180 2161 2238 2197 ‘do
2261 2160 2366 2205 lego'‚

1278 2207 1330 2242 ita
1352 2217 1374 2242 a
1401 2207 1534 2242 imatur
1558 2209 1642 2242 ‘non
1665 2206 1711 2242 do
1735 2218 1808 2243 non
1831 2207 1934 2252 lego'‚
1967 2206 2040 2243 sive
2067 2217 2140 2242 non
2163 2205 2365 2247 contrariis,

1284 2255 1298 2287 1
1348 2252 1386 2287 id
1409 2254 1465 2287 est
1484 2251 1563 2287 aliis
1584 2252 1867 2298 quibuscumque
1886 2252 2015 2288 verbis.
2052 2252 2258 2288 Transferri
2276 2261 2364 2297 quo-

1281 2306 1351 2378 aue
1368 2297 1525 2342 legatum
1543 2297 1589 2333 ab
1608 2297 1678 2333 alio
1697 2297 1742 2333 ad
1759 2298 1867 2333 alium
1888 2301 2019 2343 potest,
2040 2297 2151 2334 veluti
2170 2298 2201 2334 si
2242 2297 2299 2333 uis
2315 2297 2368 2331 ita

1306 2342 1430 2378 ixerit:
1451 2342 1641 2379 ‘hominem
1654 2343 1830 2385 Stichum,
1851 2353 1954 2388 quern
1968 2343 2063 2379 Titio
2083 2343 2208 2387 legavi,
2248 2342 2303 2378 cio
2321 2341 2366 2376 do

1282 2388 1397 2433 ‘lego',
1417 2388 1492 2424 sive
1509 2388 1547 2424 in
1567 2388 1692 2424 eodem
1714 2390 1930 2424 testamento
1952 2388 2026 2424 sive
2046 2388 2084 2424 in
2105 2387 2278 2424 codicillis
2298 2387 2367 2421 hoc

1282 2433 1426 2470 fecerit:
1447 2444 1518 2479 quo
1532 2443 1620 2470 casu
1633 2434 1738 2470 simul
1751 2434 1846 2469 Titio
1863 2434 1971 2469 adimi
1982 2433 2122 2469 videtur
2135 2435 2172 2469 et
2183 2432 2263 2468 Seio
2277 2431 2365 2468 dari.

1736 2522 1849 2563 XXII
1865 2521 1893 2543 n

1588 2588 1650 2622 DE
1675 2589 1801 2622 LEGE
1825 2587 2053 2623 FALOIDIA.

1316 2656 1498 2702 Superest,
1522 2659 1564 2691 ut
1588 2655 1633 2692 de
1652 2655 1730 2700 lege
1750 2654 1915 2691 Falcidia
1935 2655 2175 2701 dispiciamus,
2200 2666 2273 2710 qua
2291 2667 2368 2692 mo-

1271 2702 1338 2738 dus
1361 2701 1552 2738 novissime
1574 2701 1587 2736 l
1632 2701 1700 2736 atis
1723 2701 1912 2746 impositus
1946 2704 2011 2736 est.
2048 2711 2130 2738 cum
2161 2712 2254 2738 emm
2285 2701 2369 2738 olim

1269 2748 1347 2793 lege
1372 2747 1559 2783 duodecim
1578 2749 1617 2782 ta
1642 2746 1783 2782 ularum
1802 2746 1918 2782 libera
1937 2749 2015 2782 erat
2033 2746 2175 2792 legandi
2194 2751 2367 2793 potestas,

1270 2797 1313 2829 ut
1345 2793 1470 2829 liceret
1504 2792 1560 2828 vel
1593 2795 1711 2827 totum
1751 2791 2006 2838 patrimonium
2047 2792 2173 2838 legatis
2217 2802 2368 2839 erogare

1272 2838 1419 2891 (quippe
1450 2847 1493 2874 ea
1523 2838 1600 2883 lege
1630 2837 1683 2873 ita
1715 2840 1862 2874 cautum
1886 2841 1999 2874 esset:
2025 2838 2090 2874 ‘uti
2112 2838 2258 2891 legassit
2280 2849 2368 2875 suae

1271 2883 1352 2925 ‘rei‚
1376 2886 1430 2919 ita
1450 2883 1506 2919 ius
1531 2882 1655 2926 esto'):
1687 2882 1803 2919 visum
1826 2886 1882 2919 est
1904 2883 2000 2920 hanc
2021 2883 2163 2929 legand1
2186 2883 2368 2920 licentiam

1271 2931 1456 2971 coartare,
1487 2927 1596 2974 idque
1625 2927 1787 2974 ipsorum
1810 2931 2025 2965 testatorum
2046 2929 2164 2975 gratia
2186 2929 2368 2982 provisum

1271 2977 1326 3011 est
1350 2974 1396 3010 ob
1419 2973 1476 3016 id,
1499 2973 1609 3019 [quod
1638 2973 1848 3020 plerumque
1877 2973 2039 3010 intestati
2052 2975 2080 2996 ¹⁹
2110 2975 2366 3017 moriebantur,

1269 3019 1521 3055 recusantibus
1545 3018 1688 3065 scriptis
1711 3019 1904 3056 heredibus
1927 3031 1993 3066 pro
2018 3019 2114 3055 nullo
2137 3023 2201 3055 aut
2221 3020 2366 3056 minimo

1269 3065 1368 3101 lucro
1401 3064 1618 3100 hereditates
1650 3064 1760 3101 adire.
1798 3068 1835 3101 et
1867 3076 1948 3101 cum
1980 3075 2088 3111 super
2118 3066 2189 3101 hoc
2212 3068 2287 3101 tam
2310 3065 2367 3102 lex

1268 3110 1381 3145 Furia
1404 3120 1512 3156 quam
1533 3109 1593 3146 lex
1614 3109 1777 3147 Voconia
1799 3111 1896 3147 latae
1920 3114 2023 3155 sunt,
2056 3121 2208 3156 quarum
2238 3114 2367 3147 neutra

1269 3155 1452 3191 sufficiens
1476 3154 1524 3191 ad
1555 3155 1608 3191 rei
1638 3156 1979 3192 consummationem
2009 3156 2215 3192 videbatur:
2246 3157 2365 3192 novis-

1270 3201 1357 3236 sime
1380 3201 1455 3236 lata
1478 3203 1534 3236 est
1555 3200 1614 3236 lex
1636 3200 1817 3244 Falcidia,
1850 3212 1922 3247 qua
1946 3205 2109 3244 cavetur,
2143 3211 2188 3238 ne
2210 3202 2291 3248 plus
2314 3202 2364 3237 le-

1268 3257 1353 3291 gare
1383 3246 1510 3289 liceat,
1541 3256 1648 3292 quam
1679 3246 1891 3283 dodrantem
1922 3250 2079 3283 totorum
2102 3248 2297 3290 bonorum,
2327 3247 2365 3281 id

1270 3295 1325 3328 est
1357 3295 1416 3334 ut,
1449 3291 1524 3328 sive
1553 3302 1647 3328 unus
1677 3292 1781 3328 heres
1804 3292 1990 3328 institutus
2016 3296 2112 3328 esset
2135 3293 2208 3328 sive
2257 3293 2363 3334 lures,

1274 3340 1287 3372 l
1338 3337 1434 3382 apud
1458 3347 1539 3373 eum
1561 3347 1666 3374 eosve
1687 3348 1772 3383 pars
1797 3341 1927 3383 quarta
1950 3341 2160 3373 remaneret.
2243 3340 2259 3371 t
2283 3347 2362 3372 cum

1270 3382 1471 3428 quaesitum
1503 3386 1617 3433 esset,
1652 3382 1791 3419 duobus
1815 3383 2005 3419 heredibus
2029 3382 2221 3426 institutis,
2254 3381 2362 3417 veluti

1274 3495 1333 3536 (14)
1356 3493 1440 3526 alias
1458 3495 1533 3527 dett.
1553 3507 1622 3527 cum
1644 3494 1674 3527 Θ
1751 3496 1811 3534 (15)
1836 3494 1883 3526 sic
1907 3493 1961 3525 W⁰
1982 3504 2049 3524 oum
2070 3492 2111 3532 Θ,
2130 3489 2197 3522 alio
2217 3482 2288 3522 ΒΕ
2300 3487 2357 3524 W⁶

1274 3541 1335 3581 (ιι)
1364 3539 1440 3573 God.
1454 3541 1487 3579 6,
1500 3546 1568 3578 «ιω

1317 3584 1379 3626 (1¹1)
1406 3584 1457 3626 C's.
1469 3583 1552 3628 Diq.
1566 3586 1620 3625 34,
1634 3591 1651 3618 4

1316 3632 1376 3672 (ts)
1405 3631 1455 3677 CJt
1473 3631 1549 3666 Gai.
1560 3633 1592 3671 2,
1602 3639 1740 3666 nanas
1765 3632 1940 3676 Di9.35‚2
1969 3631 2135 3673 Cod.6‚⁶0
2229 3632 2289 3671 (ιο)
2312 3631 2362 3664 εἰσ

930 3678 984 3719 (11)
1014 3677 1090 3711 Gai.
1102 3678 1132 3716 2,
1145 3683 1200 3710 232
1270 3676 1347 3717 ΕΘ,
1359 3675 1779 3718 intestatoBW,intesto
1798 3677 1856 3712 W·

2038 3780 2061 3810 4
