2528 3918
184 99 311 142 1114

184 224 206 257 6
253 223 289 256 et
319 219 350 255 si
380 229 445 264 per
478 217 706 253 donationem
735 217 917 253 successio
948 217 1048 253 facta
1079 217 1137 252 sit.
1186 216 1276 252 Cum

183 274 372 312 possessor
395 264 532 299 alienae
562 262 770 298 hereditatis
801 266 929 309 pactus
963 265 1035 305 est,
1067 261 1209 304 heredi,
1245 261 1277 297 si

184 310 342 352 evicerit,
363 319 479 354 neque
498 318 628 344 nocere
647 318 764 360 neque
775 307 947 353 prodesse
959 307 1120 352 plerique
1131 309 1274 352 putant.

185 357 206 391 7
253 354 365 391 Filius
390 363 557 389 servusve
580 353 611 389 si
634 356 883 399 paciscantur,
914 363 961 389 ne
992 363 1015 388 a
1037 355 1141 398 patre
1163 351 1276 388 domi-

189 411 280 436 nove
303 403 458 446 petatur,

233 442 285 483 18
313 444 436 481 zevs
456 443 548 480 libro
561 444 686 491 primo
705 443 756 480 ad
774 443 928 479 edictum
943 441 1173 489 provinciale
1204 442 1278 478 sive

185 491 229 526 de
253 500 294 526 eo
319 489 560 535 paciscantur,
586 488 684 534 quod
707 499 789 525 cuin
810 488 910 534 ipsis,
936 488 1009 524 sive
1033 487 1077 523 de
1102 497 1156 530 eo,
1181 487 1279 533 quod

185 546 269 572 cum
292 539 398 580 patre
421 534 609 571 dominove
633 537 858 570 contractum
882 536 948 576 est,

234 577 284 617 19
310 579 367 615 ΡΑ
375 589 471 616 ULUS
490 579 582 616 libro
606 581 710 615 tertio
735 579 785 615 ad
807 579 960 615 edictum
1007 577 1198 623 adquirent
1217 587 1278 613 ex-

185 635 227 662 ce
251 625 396 661 tionem.
430 624 525 661 idem
545 628 601 661 est
621 628 656 661 et
673 625 712 660 in
729 624 796 667 his,
846 623 883 659 ui
901 623 999 659 bona
1019 622 1090 660 fide
1109 622 1277 659 serviunt.

187 674 202 707 1
227 636 329 707 litem
352 670 384 706 si
398 669 492 706 filius
507 669 661 706 familias
684 672 814 715 pactus
847 667 940 703 uerit
957 676 1003 702 ne
1018 676 1041 702 a
1058 675 1097 702 se
1120 667 1276 710 petatur,

184 715 345 760 proderit
376 715 425 758 ei,
458 719 495 751 et
524 715 620 761 patri
651 725 811 760 quoque,
844 715 875 750 si
908 714 952 749 de
983 713 1125 758 peculio
1150 723 1278 749 conve-

186 760 307 796 niatur

231 803 285 843 20
315 804 440 841 GAIUS
458 805 551 841 libro
568 806 692 852 primo
716 804 766 839 ad
788 804 942 840 edictum
960 803 1190 850 provinciale
1224 803 1281 839 vel

185 850 230 887 de
253 851 290 885 in
313 860 389 886 rem
411 860 533 892 verso,
566 849 622 886 vel
644 850 699 886 si¹
723 850 826 895 quasi
850 848 1017 885 defensor
1039 848 1123 892 filii,
1156 849 1188 884 si
1209 848 1279 885 hoc

185 895 360 939 maluerit,
384 896 628 938 conveniatur,

231 938 282 978 21
310 939 472 977 Pieros
492 941 583 976 libro
607 940 712 975 tertio
737 939 787 975 ad
808 939 963 975 edictum
1011 942 1046 974 et
1068 938 1191 974 heredi
1214 948 1277 984 pa-

184 986 250 1022 tris
272 985 351 1022 vivo
375 985 466 1022 filio:
499 989 582 1031 post
613 988 763 1020 mortem
794 995 878 1020 vero
910 984 974 1020 filii
1003 994 1070 1020 nec
1094 983 1191 1030 patri
1214 994 1280 1020 nec

187 1034 203 1066 1
253 1030 377 1067 heredi
401 1031 496 1073 eius,
521 1030 606 1076 quia
627 1030 815 1076 personale
838 1034 985 1075 pactum
1009 1033 1073 1065 est.
1123 1028 1227 1074 Quod
1250 1029 1281 1064 si

184 1085 319 1119 servus,
345 1086 390 1111 ne
413 1086 436 1111 a
459 1086 498 1111 se
521 1079 713 1121 peteretur,
737 1078 867 1120 pactus
890 1075 1012 1119 fuerit,
1036 1074 1125 1110 nihil
1147 1074 1281 1110 valebit

184 1125 349 1167 pactum:
386 1121 431 1157 de
453 1121 524 1156 doli
548 1121 757 1166 exceptione
780 1119 973 1156 videamus.
1010 1124 1046 1156 et
1077 1120 1108 1156 si
1137 1119 1175 1155 in
1205 1130 1281 1155 rem

184 1166 403 1212 paciscatur,
427 1165 590 1218 proderit
613 1166 756 1201 domino
781 1169 818 1200 et
836 1165 959 1201 heredi
980 1165 1055 1201 eius
1076 1165 1175 1210 pacti
1194 1175 1279 1201 con-

184 1211 280 1248 venti
304 1215 485 1256 exceptio:
511 1211 609 1256 quod
632 1211 663 1246 si
686 1211 724 1246 in
747 1221 938 1256 personam
957 1214 1106 1256 pactum
1126 1221 1280 1256 concep-

185 1259 206 1292 2
253 1260 330 1291 tum
354 1260 418 1299 est,
443 1260 531 1292 tunc
551 1256 693 1292 domino
716 1256 789 1292 doli
807 1261 972 1302 superest
992 1256 1166 1301 exceptio.
1203 1255 1280 1291 Nos

184 1305 306 1337 autem
328 1301 403 1343 his,
429 1301 490 1346 qui
513 1301 550 1336 in
573 1304 698 1337 nostra
721 1304 901 1347 potestate
925 1305 1028 1344 sunt,
1087 1300 1278 1336 aciscendo

183 1347 356 1392 prodesse
379 1357 452 1382 non
475 1357 685 1392 possumus:
711 1346 775 1382 sed
798 1347 901 1382 nobis
925 1347 963 1382 id
984 1357 1050 1392 pro
1069 1350 1225 1389 uturum,
1250 1346 1281 1382 si

184 1392 327 1428 nomine
352 1402 474 1427 eorum
499 1392 771 1435 conveniamur,
803 1392 980 1427 Proculus
1006 1392 1074 1427 ait:
1109 1391 1205 1437 quod
1228 1391 1281 1427 ita

184 1441 283 1473 recte
305 1437 446 1479 dicitur,
471 1437 502 1472 si
524 1437 562 1472 in
581 1437 800 1489 paciscendo
824 1437 862 1472 id
885 1441 1007 1473 actum
1030 1438 1087 1473 sit.
1125 1440 1281 1473 ceterum

185 1482 216 1518 si
234 1482 410 1528 paciscar,
435 1492 481 1517 ne
504 1493 527 1518 a
546 1482 640 1518 Titio
665 1485 779 1527 petas,
804 1482 931 1518 deinde
955 1483 1132 1519 actionem
1157 1481 1281 1518 adver·

184 1537 246 1563 sus
270 1537 326 1562 me
350 1527 493 1563 nomine
517 1527 593 1563 eius
616 1528 804 1571 instituas,
840 1538 912 1563 non
944 1531 1001 1564 est
1031 1527 1152 1564 danda
1182 1527 1282 1573 pacti

185 1572 350 1608 conventi
363 1573 545 1618 exceptio:
571 1583 655 1608 nam
678 1573 775 1618 quod
797 1573 868 1618 ipsi
891 1573 1017 1609 inutile
1041 1576 1107 1616 est,
1131 1583 1198 1608 nec
1219 1572 1280 1608 de-

182 1617 317 1653 fensori
342 1618 522 1663 competit.
572 1618 757 1654 ²Iulianus
782 1629 925 1664 quoque
947 1618 1084 1661 scribit,
1116 1618 1146 1654 si
1176 1622 1282 1663 pater

183 1666 313 1708 pactus
338 1663 386 1699 sit
409 1673 454 1698 ne
478 1673 500 1698 a
524 1674 563 1698 se
588 1674 675 1699 neve
699 1673 722 1699 a
745 1662 817 1699 filio
868 1667 999 1707 etatur,
1024 1663 1137 1709 magis
1162 1667 1218 1699 est
1240 1666 1282 1698 ut

182 1708 281 1753 pacti
306 1708 470 1754 exceptio
495 1708 568 1744 filio
593 1708 747 1744 familias
772 1708 844 1745 dan
870 1719 893 1744 a
915 1719 990 1744 non
1013 1709 1080 1752 sit,
1113 1708 1177 1744 sed
1209 1708 1282 1744 doli

183 1755 203 1789 3
251 1753 376 1798 prosit.
425 1753 519 1789 Filia
540 1753 695 1789 familias
719 1754 855 1799 pacisci
877 1757 1017 1799 potest,
1051 1764 1097 1789 ne
1128 1753 1173 1789 de
1197 1753 1281 1789 dote

183 1801 205 1833 4
251 1802 346 1844 agat,
372 1809 455 1834 cum
478 1798 532 1834 sui
556 1799 645 1834 iuris
670 1809 749 1835 esse
777 1799 945 1844 coeperit.
993 1799 1084 1835 Item
1106 1799 1201 1834 filius
1224 1798 1279 1834 fa·

182 1843 298 1879 milias
322 1843 367 1879 de
392 1854 446 1886 eo,
471 1844 568 1889 quod
591 1844 658 1879 sub
684 1843 894 1880 condicione
916 1843 1073 1889 legatum
1093 1848 1158 1886 est,
1182 1850 1281 1880 recte

183 1891 203 1923 5
252 1889 470 1934 paciscetur.
519 1889 586 1924 Ιιι3
608 1889 685 1932 his,
710 1889 772 1935 qui
795 1888 953 1925 eiusdem
974 1889 1151 1935 pecuniae
1175 1899 1279 1925 exac-

182 1933 318 1969 tionem
352 1934 489 1970 habent
517 1934 554 1969 in
578 1934 733 1970 solidum
756 1935 812 1970 vel
836 1935 897 1980 qui
921 1934 1080 1971 eiusdem
1103 1935 1280 1980 pecuniae

182 1978 363 2015 debitores
377 1983 497 2031 sunt,
531 1983 707 2032 quatenus
740 1979 800 2015 alii
832 1990 975 2032 quoque
998 1980 1113 2025 prosit
1135 1980 1191 2016 vel
1214 1990 1277 2015 no-

183 2028 265 2060 ceat
288 2027 387 2069 pacti
413 2027 596 2070 exceptio,
621 2028 816 2070 quaeritur.
853 2028 889 2061 et
911 2036 948 2060 ιιι
971 2035 1047 2060 rem
1096 2030 1179 2061 acta
1202 2036 1278 2061 om-

182 2069 289 2106 nibus
313 2072 487 2115 prosunt,
514 2080 665 2115 quorum
689 2070 942 2116 obligationem
965 2070 1061 2106 disso
1077 2074 1176 2106 utam
1201 2080 1280 2106 esse

183 2114 345 2166 eius-qui
393 2115 620 2151 aciscebatur
641 2115 815 2151 interfuit.
851 2115 975 2161 itaque
1000 2116 1171 2152 debitoris
1193 2126 1278 2152 con·

181 2163 301 2196 ventio
326 2160 351 2194 fi
378 2160 598 2196 eiussoribus
622 2159 798 2206 proficiet,

229 2202 283 2242 22
316 2204 513 2241 ULPJANUS
541 2205 632 2241 libro
667 2209 799 2251 quarto
831 2205 882 2241 ad
904 2206 1058 2242 edictum
1105 2206 1175 2241 nisi
1207 2205 1278 2241 hoc

182 2254 305 2286 actum
330 2254 403 2293 est,
436 2253 478 2286 ut
501 2249 689 2286 dumtaxat
711 2260 734 2285 a
756 2261 817 2286 reo
842 2261 915 2286 non
939 2254 1104 2296 petatur,
1137 2261 1160 2286 a
1189 2250 1277 2286 fide-

181 2295 320 2376 iusffie
343 2298 505 2341 petatur:
529 2299 618 2331 tunc
642 2295 736 2331 enim
759 2295 949 2332 fideiussor
972 2296 1183 2341 exceptione
1205 2306 1278 2331 non

182 2344 243 2376 ute
306 2367 314 2375 .

228 2382 280 2424 23
306 2384 363 2421 ΡΑ
372 2394 468 2421 Utus
495 2384 588 2421 libro
620 2386 725 2422 tertio
757 2385 808 2421 ad
836 2385 991 2422 edictum
1038 2385 1277 2422 Fideiussoris

181 2435 303 2466 autem
328 2430 516 2467 conventio
541 2430 630 2466 nihil
653 2430 814 2476 proderit
843 2441 927 2474 reo,
963 2431 1047 2477 quia
1077 2431 1166 2467 nihil
1198 2431 1274 2466 eius

181 2475 334 2518 interest
364 2486 387 2511 a
418 2476 578 2512 debitore
610 2476 800 2521 pecuniam
831 2487 905 2512 non
935 2476 1024 2527 peti.
1067 2476 1174 2512 immo
1210 2486 1276 2511 nec

183 2520 522 2557 confideiussoribus
546 2521 715 2566 proderit.
750 2530 864 2565 neque
887 2530 981 2555 enim
1005 2531 1147 2566 quoquo
1166 2521 1272 2557 modo

183 2565 356 2610 cuiusque
394 2566 559 2609 interest,
602 2577 683 2601 cum
721 2564 804 2600 alii⁴
837 2565 1024 2602 conventio
1055 2565 1155 2602 facta
1189 2577 1271 2612 pro-

184 2610 280 2650 dest,
314 2610 377 2646 sed
400 2614 487 2647 tunc
511 2611 668 2654 demum,
701 2620 783 2646 cuin
806 2620 871 2655 per
894 2621 993 2654 eum,
1026 2611 1086 2647 cui
1109 2611 1271 2665 exceptio

182 2655 308 2708 datur,
332 2656 579 2708 principaliter
602 2656 634 2691 ei
657 2656 719 2710 qui
741 2661 871 2702 pactus
896 2661 952 2693 est
973 2656 1158 2703 proficiat:
1184 2660 1277 2693 sicut

181 2711 220 2736 in
244 2711 305 2736 reo
354 2701 560 2737 romittendi
584 2705 619 2737 et
641 2701 697 2737 his
745 2702 782 2738 ui
806 2713 870 2748 pro
895 2704 983 2738 reo⁵
1006 2701 1154 2748 obligati
1178 2705 1273 2738 sunt.

230 2743 284 2782 24
332 2755 417 2781 Dm!
435 2746 527 2782 libro
552 2748 656 2782 tertio
680 2713 745 2782 ‹thl
751 2747 936 2784 Plautium
983 2746 1055 2783 Sed
1078 2747 1109 2783 si
1131 2746 1275 2783 fideius-

182 2801 244 2827 sor
267 2790 306 2826 in
328 2800 403 2825 rem
426 2801 529 2826 suam
554 2791 766 2837 spopondit,
790 2793 860 2829 hoc
885 2803 973 2829 casu
995 2792 1186 2828 fideiussor
1208 2803 1274 2839 pro

181 2846 244 2916 {gg
267 2835 510 2916 ί.ιέξῖιέἰῲθιὲᾱιιε,
542 2841 663 2916 esittet
686 2842 833 2882 pactum
858 2849 939 2874 cum
964 2848 1005 2873 eo
1031 2837 1170 2874 factum
1194 2848 1275 2873 cum

344 2892 404 2916 um
450 2892 507 2917 sse
529 2893 562 2917 vi
588 2892 606 2917 e
624 2893 675 2917 ur.

229 2923 282 2963 25
306 2924 416 2960 low
435 2925 525 2961 libro
550 2928 654 2963 tertio
679 2927 729 2963 ad
750 2926 904 2963 edictum
951 2927 1050 2963 Idem
1073 2928 1110 2964 in
1134 2927 1275 2964 duobus

185 2974 200 3006 1
249 2970 320 3006 reis
341 2971 570 3015 promittendi
590 2975 626 3007 et
645 2972 785 3009 duobus
806 2973 1014 3017 argentariis
1034 2973 1152 3009 sociis.
1188 2973 1274 3010 Per-

181 3015 306 3052 sonale
317 3019 465 3061 pactum
477 3016 523 3051 ad
543 3017 651 3051 alium
674 3028 746 3053 non
764 3018 953 3063 pertinere,
976 3018 1275 3064 quemadmodum

182 3063 203 3096 2
251 3071 319 3096 nec
343 3060 390 3096 ad
413 3061 598 3103 heredem,
630 3062 751 3098 Labeo
782 3063 844 3098 ait.
891 3062 963 3099 Sed
996 3064 1156 3109 quamvis
1187 3063 1274 3100 fide-

181 3105 332 3142 iussoris
363 3110 510 3151 pactum
541 3117 603 3141 reo
637 3118 708 3142 non
731 3108 847 3153 prosit
858 3108 883 3150 ⁶,
940 3108 1124 3155 lerumque
1154 3112 1275 3145 tamen

182 3150 257 3187 doli
281 3151 526 3196 exceptionem
549 3162 610 3187 reo
635 3152 861 3196 profuturam
884 3153 901 3188 Ι
942 3153 1043 3189 ‘anus
1068 3154 1205 3196 scribit,

230 3193 284 3234 26
315 3195 511 3232 Uipsanas
532 3196 621 3232 libro
646 3201 776 3242 quarto
801 3198 851 3233 ad
873 3198 1027 3235 edictum
1061 3199 1225 3234 videlicet
1245 3199 1275 3235 si

182 3241 254 3277 hoc
278 3245 399 3277 actum
423 3240 480 3283 sit,
506 3251 551 3277 ne
573 3252 596 3276 a
618 3252 678 3277 reo
704 3253 846 3288 quoque
869 3247 1024 3289 petatur.
1061 3243 1154 3280 idem
1179 3248 1215 3280 et
1237 3245 1275 3280 in

181 3285 522 3322 confideiussoribus
546 3290 610 3322 est.

229 3328 283 3369 27
307 3330 365 3367 ΡΑ
373 3340 468 3367 orvs
487 3330 578 3367 libro
603 3332 707 3367 tertio
731 3332 781 3367 ad
802 3332 956 3369 edictum
979 3332 1018 3368 Si
1037 3344 1131 3370 unus
1151 3343 1196 3370 ex
1214 3344 1273 3370 ar-

180 3376 352 3421 gentariis
375 3375 482 3412 sociis
515 3386 596 3411 cuin
628 3375 787 3411 debitore
819 3382 948 3422 pactus
984 3378 1049 3421 sit,
1085 3389 1131 3414 an
1167 3378 1274 3414 etiam

181 3421 285 3457 alteri
320 3424 450 3458 noceat
480 3421 669 3466 exceptio?
714 3421 883 3457 Neratius
914 3422 1104 3459 Atilicinus
1137 3423 1272 3459 Procu-

180 3465 248 3508 lus,
273 3477 340 3502 nec
364 3466 395 3502 si
417 3466 455 3502 in
478 3476 553 3502 rem
576 3470 705 3512 pactus
729 3466 794 3509 sit,
827 3467 929 3502 alteri
953 3478 1100 3504 nocere:
1133 3472 1273 3504 tantum

181 3511 275 3546 enim
312 3511 565 3552 constitutum.
601 3515 642 3546 ut
677 3511 827 3547 solidum
864 3512 954 3547 alter
989 3517 1110 3558 petere
1145 3513 1270 3559 possit.

186 3623 227 3663 (1)
253 3623 295 3664 si]
309 3624 338 3655 is
351 3624 384 3657 F
391 3623 400 3644 ¹
526 3626 569 3666 (2)
594 3626 628 3657 et
641 3624 676 3658 id
690 3626 751 3658 ins.
763 3625 951 3659 Rueckerus

183 3669 227 3708 (4)
255 3681 311 3702 em.
327 3669 374 3702 ad
383 3669 428 3709 B,
441 3668 509 3701 alio
523 3669 580 3703 FS
672 3671 714 3710 (5)
740 3682 795 3703 em.
810 3671 858 3703 ad
868 3669 913 3713 B,
927 3680 965 3703 eo
982 3670 1037 3703 FS

184 3710 231 3744 sit
244 3712 335 3755 1⁹³8,
351 3714 458 3755 possit
471 3714 522 3747 F¹
639 3715 682 3753 (Ἰ)
707 3714 810 3746 etthis
822 3715 858 3748 F

1065 3628 1110 3667 (3)
1135 3626 1184 3667 in]
1199 3626 1237 3659 ni
1247 3626 1281 3659 F'

1127 3674 1171 3712 (6)
1196 3681 1273 3714 Ρῐο·

966 3717 1009 3756 (8)
1035 3715 1168 3749 videtur
1181 3716 1273 3749 Hal.:

1277 89 1335 139 30

2381 107 2443 141 nn

1346 261 1379 297 ei
1401 263 1498 296 recte
1531 260 1710 296 solvatur:
1742 261 1795 296 sic
1826 261 1920 296 enim
1952 264 1989 297 et
2020 261 2111 304 his⁷,
2149 261 2210 307 qui
2244 261 2283 297 in
2318 264 2442 298 nostra

1345 309 1525 352 potestate
1549 309 1644 348 sunt,
1669 309 1767 342 recte
1790 306 1880 342 solvi
1904 306 2000 352 quod
2023 306 2250 349 crediderint,
2274 306 2359 342 licet
2377 317 2440 343 no·

1345 361 1430 387 vare
1453 361 1526 386 non
1548 350 1699 403 possint.
1735 351 1833 396 quod
1857 355 1911 387 est
1933 362 2066 387 verum.
2103 351 2268 397 idemque
2290 351 2328 388 in
2352 351 2440 388 duo·

1349 399 1364 431 1
1414 396 1483 431 bus
1506 406 1577 432 reis
1602 395 1798 441 stipulandi
1822 396 2011 432 dicendum
2034 400 2100 433 est.
2149 396 2188 432 Si
2211 407 2294 433 cum
2311 407 2373 432 reo
2394 396 2440 433 ad

1347 444 1485 477 certum
1507 445 1648 486 tempus
1671 442 1791 487 pactio
1813 440 1914 478 facta
1937 442 2002 485 sit,
2036 442 2131 478 ultra
2154 452 2270 488 neque
2293 452 2355 478 reo
2379 451 2440 478 ne·

1348 497 1417 532 que
1451 486 1652 522 fideiussori
1685 486 1842 532 prodest.
1891 486 1988 532 quod
2019 488 2050 523 si
2081 487 2158 523 sine
2188 497 2345 533 persona
2375 497 2442 524 sua

1347 542 1429 567 reus
1452 542 1498 577 pe
1523 531 1637 577 igerit,
1661 542 1707 568 ne
1729 542 1752 567 a
1774 530 1985 568 fideiussore
2007 535 2163 577 petatur,
2188 532 2276 568 nihil
2297 531 2336 567 id
2359 542 2441 578 pro-

1348 577 1452 614 desse
1514 576 1688 613 deiussori
1745 577 1866 612 uidam
1895 581 2045 622 putant,
2079 587 2187 623 quam
2210 587 2295 613 uam
2324 577 2361 612 id
2392 577 2443 614 rei

1347 622 1506 658 intersit:
1540 621 1624 668 quia
1648 632 1691 658 ea
1739 632 1856 658 emum
1881 625 2082 668 competere
2106 622 2139 658 ei
2161 622 2206 658 de
2231 626 2291 658 eat
2314 632 2442 668 excep-

1347 668 1420 711 tio,
1433 677 1538 720 ‚quae
1561 670 1598 703 et
1620 677 1694 703 reo.
1723 677 1807 720 'ego
1832 667 1940 720 didici
1953 667 2134 720 ‘prodes-se
2157 666 2359 703 fideiussori
2382 677 2442 703 ex·

1349 712 1976 810 {iifffinitaffipssffqffl'ffacffi
1994 722 2059 800 Ξῗέ,
2081 712 2230 794 ἓξὲξᾝ
2238 723 2443 794 ciffi?

1349 806 1370 839 2
1418 813 1488 848 quo
1512 803 1590 839 iure
1613 806 1756 839 utimur.
1804 803 1951 845 Pactus,
1971 813 2017 838 ne
2036 806 2187 848 peteret,
2208 806 2336 848 postea
2357 813 2442 839 con-

1348 848 1446 884 venit
1477 851 1520 884 ut
1549 851 1706 894 peteret:
1739 848 1839 900 prius
1874 851 2022 893 pactum
2043 858 2109 893 per
2157 848 2311 884 osterius
2336 848 2442 884 elide-

1349 897 1428 937 tur,
1461 904 1535 930 non
1566 893 1707 939 quidem
1738 904 1816 938 ipso
1847 893 1942 936 iure,
1975 894 2070 929 sicut
2098 896 2136 929 to
2166 893 2236 930 ‘tur
2258 893 2441 939 stipulatio

1349 949 1415 985 per
1439 938 1716 985 stipulationem,
1742 939 1773 974 si
1795 939 1866 974 hoc
1890 942 2011 974 actum
2035 942 2101 981 est,
2125 938 2210 984 quia
2232 939 2270 974 in
2292 939 2441 984 stipula·

1348 984 1508 1020 tionibus
1531 984 1588 1020 ius
1612 983 1825 1027 continetur,
1850 984 1888 1019 in
1910 984 2027 1030 pactis
2045 983 2182 1020 factum
2202 987 2383 1020 versatur:
2409 987 2444 1020 et
2512 967 2522 1014 f

1348 1029 1428 1065 ideo
1463 1029 1694 1082 replicatione
1729 1030 1891 1074 exceptio
1929 1028 2090 1065 elidetur.
2139 1029 2265 1065 eadem
2305 1029 2445 1065 ratione
2516 1036 2521 1076 j

1354 1075 1537 1119 contingit,
1563 1084 1608 1110 ne
1630 1073 1899 1110 fideiussoribus
1923 1075 2024 1119 prius
2047 1078 2196 1120 pactum
2218 1074 2344 1127 prosit.
2381 1074 2445 1111 sed

1343 215 1438 252 idem
1461 215 1604 251 Labeo:
1639 225 1722 251 nain
1744 226 1814 251 nec
1837 226 1972 252 novare
1995 216 2105 252 alium
2127 226 2255 262 posse,
2280 217 2441 262 quamvis
2503 193 2528 262 'gf

2519 270 2528 284 ι

1350 1121 1382 1156 si
1403 1124 1552 1166 pactum
1575 1123 1789 1156 conventum
1812 1120 1885 1155 tale
1907 1119 1995 1162 fuit,
2028 1119 2124 1165 quod
2155 1123 2332 1156 actionem
2355 1130 2442 1166 quo·
2507 1147 2511 1154 s

1350 1176 1420 1211 que
1451 1165 1611 1208 tolleret,
1642 1165 1739 1200 velut
1769 1165 1999 1208 iniuriarum,
2043 1176 2116 1201 non
2147 1165 2280 1218 poterit
2318 1168 2446 1217 postea
2508 1179 2513 1187 Ἀ

1349 1210 1564 1256 paciscendo
1599 1214 1641 1246 ut
1675 1220 1780 1256 agere
1810 1210 1925 1256 possit
1956 1211 2105 1255 agere⁹:
2142 1221 2227 1256 quia
2260 1213 2296 1246 et
2329 1220 2444 1263 prima

1350 1256 1445 1292 actio
1479 1256 1623 1291 sublata
1658 1259 1714 1291 est
1746 1259 1782 1291 et
1814 1255 1994 1300 posterius
2025 1259 2173 1307 pactum
2197 1255 2244 1291 ad
2266 1258 2444 1291 actionem
2507 1260 2510 1266 ’

1349 1301 1550 1347 parandam
1573 1300 1744 1336 inefficax
1776 1305 1850 1337 est:
1883 1311 1956 1336 non
1980 1311 2073 1337 enim
2098 1311 2142 1337 ex
2164 1306 2272 1347 pacto
2297 1299 2443 1336 iniuria·
2508 1341 2511 1345 Δ

1349 1358 1429 1382 rum
1453 1346 1546 1382 actio
1572 1346 1741 1389 nascitur,
1767 1345 1830 1382 sed
1855 1357 1899 1382 ex
1923 1346 2148 1382 contumelia.
2181 1345 2275 1382 idem
2288 1345 2443 1382 dicemus

1351 1395 1387 1428 et
1410 1391 1448 1427 in
1472 1392 1589 1427 bonae
1612 1390 1696 1427 fidei
1721 1391 1979 1434 contractibus,
2004 1391 2036 1427 si
2058 1395 2205 1436 pactum
2230 1395 2443 1427 conventum

1349 1440 1463 1473 totam
1484 1437 1736 1482 obligationem
1757 1436 1953 1480 sustulerit,
1977 1436 2087 1473 veluti
2107 1436 2233 1482 empti:
2258 1447 2333 1472 non
2352 1436 2443 1472 enim

1350 1493 1395 1518 ex
1418 1493 1510 1518 novo
1535 1485 1642 1528 pacto
1692 1482 1767 1518 rior
1791 1482 1960 1527 obligatio
1983 1482 2239 1530 resuscitatur,
2274 1481 2338 1518 sed
2360 1491 2443 1527 pro-

1349 1527 1447 1563 ficiet
1468 1532 1615 1573 pactum
1639 1493 1691 1562 ag
1709 1538 1840 1563 novum
1864 1530 2100 1563 contractum.
2134 1527 2230 1573 quod
2253 1527 2285 1563 si
2308 1538 2382 1562 non
2403 1530 2444 1562 ut

1349 1576 1466 1608 totum
1490 1576 1717 1609 contractum
1738 1572 1899 1616 tolleret,
1924 1576 2073 1618 pactum
2097 1575 2311 1609 conventum
2333 1572 2443 1608 inter·
2504 1573 2518 1614 ἓ

1350 1618 1476 1661 cessit,
1510 1617 1575 1654 sed
1591 1621 1640 1670 ‘ut
1661 1617 1904 1661 imminueret,
1936 1618 2116 1664 posterius
2146 1622 2295 1671 pactum
2325 1620 2445 1670 potest

1349 1666 1958 1754 ξὶζῃὲζῗῖἓωξᾞὲἓᾱέῗὲξῖἳῖἒῗ.
1975 1712 2066 1754 puta
2086 1711 2231 1754 pactam
2250 1708 2443 1750 mulierem,

1996 1663 2094 1709 quod
2117 1666 2154 1698 et
2175 1674 2213 1698 in
2235 1673 2357 1709 specie
2379 1661 2443 1699 do·
2506 1654 2521 1702 Τ

1350 1757 1391 1789 ιιι
1413 1753 1596 1799 praesenti
1619 1753 1677 1788 die
1701 1753 1766 1789 dos
1797 1753 2026 1797 redderetur,
2058 1753 2185 1790 deinde
2216 1753 2370 1799 pacisci,
2403 1756 2445 1788 ut
2509 1763 2516 1794 ζ,

1350 1802 1509 1852 tempore
1533 1799 1566 1834 ei
1588 1798 1726 1844 legibus
1760 1798 1844 1834 dato
1878 1799 1943 1835 dos
1974 1799 2164 1835 reddatur:
2199 1799 2347 1844 incipiet
2376 1797 2441 1835 dos
2509 1799 2517 1831 ἶ

1350 1844 1467 1880 redire
1502 1843 1549 1880 ad
1579 1844 1635 1879 ius
1668 1854 1786 1880 suum.
1822 1854 1888 1880 nec
1921 1843 2111 1880 dicendum
2142 1847 2198 1880 est
2232 1843 2444 1880 deteriorem

1350 1889 1596 1925 condicionem
1620 1888 1715 1925 dotis
1748 1889 1826 1925 fieri
1855 1899 1920 1935 per
1950 1893 2115 1935 pactum:
2141 1889 2306 1935 quotiens
2351 1889 2443 1925 enim
2511 1899 2514 1906 ²

1348 1934 1397 1970 ad
1419 1934 1494 1977 ius,
1519 1933 1616 1980 quod
1639 1934 1697 1970 lex
1720 1937 1873 1970 naturae
1896 1935 1972 1970 eius
1996 1934 2139 1978 tribuit,
2172 1934 2218 1970 de
2241 1934 2324 1970 dote
2347 1934 2442 1970 actio
2513 1951 2518 1971 .—

1348 1979 1461 2023 redi't,
1486 1990 1559 2015 non
1582 1979 1624 2015 fit
1647 1990 1759 2015 causa
1783 1979 1877 2016 dotis
1900 1979 2077 2023 deterior,
2109 1979 2174 2016 sed
2195 1979 2333 2016 formae
2355 1989 2444 2016 suae
2504 1987 2515 2021 ζ’

1349 2028 1369 2061 3
1417 2024 1589 2061 redditur.
1609 2025 1700 2061 haec
1713 2028 1749 2061 et
1761 2024 1954 2061 Scaevolae
1965 2029 2088 2061 nostro
2100 2025 2325 2071 placuerunt.
2350 2024 2442 2060 Illud
2512 2034 2513 2038 ¹

1348 2070 1447 2106 nulla
1458 2070 1626 2117 pactione
1639 2069 1733 2106 effici
1744 2074 1875 2116 potest,
1896 2081 1941 2106 ne
1959 2070 2062 2107 dolus
2074 2073 2293 2116 praestetur:
2319 2080 2442 2116 quam-

1347 2116 1400 2152 vis
1424 2115 1456 2152 si
1488 2116 1567 2162 quis
1598 2115 1806 2161 paciscatur
1835 2126 1882 2152 ne
1915 2116 2066 2162 depositi
2096 2119 2198 2162 agat,
2233 2115 2269 2151 vi
2296 2115 2378 2161 ipsa
2407 2114 2442 2152 id

1347 2164 1477 2207 pactus
1500 2161 1674 2204 videatur,
1699 2171 1745 2197 ne
1768 2161 1813 2197 de
1836 2161 1918 2197 dolo
1943 2164 2045 2207 agat:
2070 2161 2167 2206 quod
2188 2163 2334 2207 pactum
2357 2170 2440 2206 pro-

1348 2209 1370 2241 4
1417 2206 1518 2242 derit.
1566 2206 1692 2249 Pacta,
1714 2216 1806 2252 quae
1824 2210 1966 2252 turpem
1987 2217 2134 2242 causam
2154 2206 2349 2249 continent,
2369 2216 2442 2242 non

1347 2255 1432 2287 sunt
1463 2250 1706 2287 observanda:
1742 2251 1852 2287 veluti
1882 2252 1914 2287 si
1945 2251 2112 2297 paciscar
2142 2261 2188 2287 ne
2217 2250 2306 2286 furti
2383 2261 2440 2286 ain

1346 2296 1402 2332 vel
1424 2296 1654 2338 iniuriarum,
1690 2296 1720 2331 si
1743 2293 1890 2332 feceris:
1924 2296 2068 2342 expedit
2090 2296 2183 2332 enim
2206 2296 2330 2331 timere
2369 2295 2440 2332 urti

1347 2341 1401 2378 vel
1423 2341 1635 2376 iniuriarum
1656 2351 1830 2387 poenam:
1865 2341 1929 2377 sed
1959 2345 2042 2387 post
2073 2341 2230 2377 admissa
2260 2341 2351 2376 haec
2373 2351 2439 2387 pa-

1348 2386 1435 2422 cisci
1457 2396 1660 2432 possumus.
1695 2386 1781 2422 item
1804 2396 1851 2422 ne
1875 2386 2039 2432 experiar
2060 2386 2250 2422 interdicto
2275 2386 2371 2422 unde
2393 2387 2439 2429 vi,

1347 2434 1524 2477 quatenus
1559 2431 1742 2477 publicam
1777 2441 1926 2467 causam
1960 2431 2152 2477 contingit,
2196 2431 2333 2477 pacisci
2367 2442 2439 2467 non

1346 2487 1549 2522 possumus.
1587 2480 1624 2512 et
1648 2477 1686 2511 in
1709 2487 1867 2520 summa,
1892 2477 1923 2513 si
1946 2480 2095 2523 pactum
2120 2480 2334 2513 conventum
2356 2487 2379 2512 a
2402 2486 2440 2512 re

1346 2522 1487 2568 privata
1509 2525 1686 2558 remotum
1710 2522 1766 2564 sit,
1792 2533 1864 2558 non
1886 2525 1941 2558 est
1960 2521 2193 2558 servandum:
2218 2525 2302 2558 ante
2321 2522 2439 2557 omnia

1347 2567 1440 2603 enim
1471 2567 1822 2604 animadvertendum
1858 2571 1933 2610 est,
1965 2577 2010 2603 ne
2034 2567 2221 2604 conventio
2245 2567 2282 2602 in
2306 2567 2378 2603 alia
2401 2577 2439 2603 re

1345 2612 1445 2648 facta
1467 2616 1530 2648 aut
1554 2623 1636 2648 cum
1659 2612 1731 2648 alia
1752 2622 1909 2658 persona
1930 2612 1969 2648 in
1992 2612 2063 2647 alia
2084 2623 2125 2648 re
2147 2612 2261 2648 aliave
2282 2621 2439 2657 persona

1346 2661 1366 2693 5
1414 2661 1554 2693 noceat.
1602 2657 1641 2693 Si
1661 2668 1742 2693 cum
1762 2657 1885 2693 decem
1902 2657 1987 2693 mihi
2007 2657 2165 2700 deberes,
2189 2657 2368 2703 pepigero,
2393 2667 2439 2693 ne

1345 2713 1368 2739 a
1390 2706 1428 2738 te
1450 2703 1572 2748 viginti
1621 2707 1733 2739 etam:
1757 2703 1795 2738 in
1819 2703 1941 2738 decem
1958 2702 2130 2748 prodesse
2147 2703 2213 2738 tibi
2234 2702 2332 2748 pacti
2351 2713 2436 2738 con·

1345 2748 1440 2784 venti
1462 2748 1518 2783 vel
1541 2713 1618 2784 doli)
1634 2748 1878 2794 exceptionem
1897 2748 2026 2794 placet.
2058 2748 2143 2783 item
2165 2748 2196 2783 si
2215 2758 2297 2783 cum
2316 2747 2436 2793 viginti

1345 2793 1514 2836 deberes,
1549 2793 1741 2839 pepigerim
1754 2794 1792 2836 ¹⁰,
1829 2803 1874 2829 ne
1905 2793 2028 2829 decem
2058 2796 2197 2838 petam:
2234 2791 2438 2828 efficeretur

1344 2849 1409 2884 per
1432 2849 1519 2875 exce
1545 2839 1678 2875 tionem
1701 2838 1787 2874 mihi
1810 2849 1831 2874 o
1883 2837 2078 2880 onendam,
2111 2841 2153 2873 ut
2182 2841 2323 2873 tantum
2353 2838 2435 2873 reli-

1346 2887 1366 2919 6
1413 2894 1485 2930 qua
1534 2894 1631 2919 ecem
1655 2883 1794 2928 exigere
1814 2849 1858 2918 dle
1883 2893 1972 2918 eam.
2021 2882 2092 2919 Sed
2110 2883 2141 2918 si
2160 2883 2353 2929 stipulatus
2374 2882 2434 2919 de-

1345 2939 1423 2965 cem
1457 2933 1522 2964 aut
1553 2928 1715 2965 Stichum
1749 2928 1794 2964 de
1826 2927 1949 2964 decem
1980 2932 2111 2973 pactus
2146 2928 2213 2964 sim
2247 2931 2283 2964 et
2312 2931 2435 2973 petam

1345 2974 1508 3010 Stichum
1537 2979 1602 3009 aut
1633 2973 1773 3010 decem:
1805 2973 2051 3019 exceptionem
2081 2973 2180 3019 pacti
2210 2973 2374 3009 conventi
2397 2973 2434 3008 in

1343 3022 1460 3055 totum
1483 3018 1727 3055 obstaturam:
1762 3028 1846 3054 nam
1878 3022 1919 3054 ut
1941 3018 2120 3054 solutione
2143 3021 2180 3054 et
2202 3018 2375 3064 petitione
2397 3022 2434 3054 et

1344 3063 1618 3109 acceptilatione
1647 3063 1753 3099 unius
1767 3064 1793 3085 ¹¹
1826 3064 1878 3099 rei
1910 3067 1989 3100 tota
2023 3063 2190 3109 obligatio
2225 3063 2433 3106 solveretur,

1343 3109 1395 3145 ita
1425 3112 1531 3154 pacto
1564 3118 1706 3154 quoque
1738 3112 1912 3144 convento
1946 3108 1992 3145 de
2025 3119 2098 3144 una
2119 3118 2160 3144 re
2182 3119 2255 3144 non
2278 3108 2434 3154 petenda

1343 3153 1553 3199 interposito
1585 3156 1699 3189 totam
1722 3153 1973 3199 obligationem
1995 3153 2218 3190 summoveri.
2256 3153 2319 3189 sed
2341 3153 2372 3194 si
2395 3153 2431 3188 id

1344 3203 1465 3235 actum
1497 3198 1591 3234 inter
1621 3209 1687 3234 nos
1718 3199 1785 3242 sit,
1821 3210 1867 3235 ne
1901 3199 2023 3235 decem
2057 3198 2161 3240 mihi,
2198 3197 2263 3233 sed
2287 3198 2431 3234 Stichus

1343 3247 1560 3290 praestetur:
1585 3254 1732 3289 possum
1755 3243 1950 3280 efficaciter
1972 3243 2016 3280 de
2039 3242 2161 3279 Sticho
2231 3253 2310 3286 ere,
2334 3243 2433 3278 nulla

2497 2669 2520 2729 227-34:
2500 2650 2516 2663 ,ν

2492 3224 2514 3270 ¹42¹..
2500 3199 2511 3213 ¹-
2501 3186 2507 3195 ·
2492 3059 2525 3182 (ἔπξὶὙιζτῒς
2496 2792 2520 3052 μήῦμῑήὲὶὴψέιιρῢῑ]
2502 2755 2515 2785 va.
2502 2734 2511 2750 -r

1343 3288 1552 3334 exceptione
1575 3288 1801 3334 opponenda.
1836 3289 1931 3325 idem
1955 3292 2009 3325 est
2031 3291 2067 3325 et
2090 3288 2121 3323 si
2143 3287 2188 3323 de
2238 3288 2335 3324 ticho
2359 3299 2432 3324 non

1343 3336 1363 3369 7
1380 3378 1387 3386 .
1410 3333 1564 3379 petendo
1600 3334 1814 3370 convenerit.
1861 3333 1932 3370 Sed
1964 3333 1995 3369 si
2023 3333 2234 3377 generaliter
2256 3333 2342 3369 mihi
2365 3333 2430 3368 ho-

1342 3389 1472 3415 minem
1496 3378 1627 3415 debeas
1652 3382 1687 3415 et
1716 3379 1898 3424 paciscar,
1923 3388 1969 3414 ne
1999 3377 2160 3414 Stichum
2186 3381 2327 3430 petam:
2360 3377 2431 3413 Sti·

1343 3424 1449 3460 chum
1473 3424 1616 3469 quidem
1638 3424 1792 3469 petendo
1809 3424 1907 3469 pacti
1928 3423 2088 3468 exceptio
2109 3423 2196 3458 mihi
2217 3427 2428 3468 opponetur,

1343 3471 1362 3505 8
1410 3469 1519 3504 alium
1539 3473 1658 3504 autem
1678 3469 1855 3505 hominem
1875 3468 1906 3504 si
1924 3471 2055 3514 petam,
2074 3472 2172 3504 recte
2236 3478 2304 3503 arn.
2341 3468 2430 3503 Item

1342 3513 1374 3550 si
1396 3518 1524 3559 pactus
1537 3540 1546 3556 ,
1580 3524 1625 3550 ne
1647 3514 1880 3551 hereditatem
1904 3517 2082 3558 peterem,
2114 3479 2272 3558 singffias
2301 3523 2358 3548 res
2390 3516 2431 3547 ut

1343 3626 1404 3660 sed
1417 3628 1528 3670 potius
1538 3639 1602 3670 pro
1622 3626 1687 3659 vid.
1704 3637 1734 3690 q
1748 3626 1771 3659 i.
1785 3626 1913 3659 utimur
1923 3638 1986 3659 scr.
2006 3625 2224 3669 videmurque
2238 3637 2277 3679 eo
2290 3627 2363 3679 iure
2377 3627 2428 3659 uti

1344 3672 1389 3712 (9)
1414 3682 1512 3714 agere
1524 3671 1585 3711 F¹‚
1600 3683 1660 3705 om.
1674 3671 1708 3704 F
1725 3670 1763 3711 S,
1783 3683 1847 3706 scr.
1866 3671 1975 3704 facere
2123 3672 2183 3714 (ιο)
2208 3682 2388 3715 penger-im
2401 3671 2434 3706 P

1344 3718 1399 3758 (u)
1426 3716 1526 3749 unius
1539 3716 1568 3750 S
1579 3729 1647 3750 cum
1660 3715 1707 3757 B,
1720 3716 1756 3748 in
1770 3716 1823 3748 ius
1834 3716 1870 3750 F
