2528 3918
139 125 198 156 DE
228 121 493 160 MANUMISSIS
521 124 814 160 TESTAMENTO

139 238 403 284 adipiscendam
434 238 468 275 ei
498 239 580 292 qui¹
612 249 695 274 suas
727 238 885 274 rationes
916 238 1050 275 reddit:
1089 239 1120 275 si
1143 249 1226 275 vero

139 285 255 329 simul,
279 295 351 320 non
374 284 462 320 alias
486 284 595 319 videri
618 284 770 319 alterum
791 285 971 336 paruisse,
1003 285 1071 320 nisi
1094 285 1226 320 utrius-

139 341 207 375 que
230 330 367 375 reliqua
389 329 588 365 exsolverit.
624 329 661 364 in
685 330 831 375 reliqu1s
855 330 1019 375 accipere
1044 330 1225 374 debemus,

139 379 158 410 3
207 380 246 410 ut
268 378 306 410 et
327 375 408 420 ipsa
430 374 608 410 volumina
637 375 817 410 rationum
840 375 1047 411 reddantur.
1097 375 1167 411 Sed
1192 379 1227 410 et

138 420 169 456 si
193 420 322 456 ancilla
345 430 427 455 cum
449 418 531 454 filiis
556 420 669 455 libera
694 431 772 455 esse
795 421 894 456 iussa
918 421 982 464 sit,
1017 421 1085 456 etsi
1109 421 1226 456 nullos

137 466 278 506 habeat,
302 463 370 500 erit
393 464 521 499 libera:
546 465 603 500 vel
626 465 656 501 si
680 466 813 501 habeat
837 466 996 511 quidem,
1020 466 1084 501 filii
1107 470 1226 501 autem

137 511 214 546 eius
237 510 283 545 ad
311 508 514 545 libertatem
543 510 719 555 pertinere
742 522 816 547 non
847 511 1006 556 possint,
1041 511 1135 547 idem
1160 512 1227 546 erit

138 555 341 591 dicendum:
382 558 419 589 et
449 554 480 589 si
510 555 589 599 ipsa
619 556 733 591 libera
764 567 842 592 esse
881 567 954 592 non
990 557 1122 602 possit,
1163 556 1226 591 filii

139 606 255 636 tamen
279 599 353 635 eius
378 600 584 645 pervenient
608 601 655 636 ad
678 601 891 639 libertatem.
941 613 1024 638 nam
1047 603 1137 637 haec
1162 601 1225 636 ad-

135 646 239 681 iectio
271 648 364 680 ‘cum
393 644 486 680 filiis’
518 657 590 680 non
621 645 710 681 facit
742 647 1006 691 condicionem,
1039 648 1108 683 nisi
1140 647 1226 682 mihi

134 700 315 735 proponas
354 689 462 724 aliam
502 691 716 726 sententiam
749 693 934 728 testatoris
971 693 1098 729 fuisse:
1138 697 1225 728 tunc

133 735 227 771 enim
257 746 323 787 pro
355 735 565 772 condicione
597 741 703 772 erunt
742 738 832 773 haec
860 738 970 773 verba
1001 738 1222 783 accipienda.

134 780 377 816 condicionem
409 784 528 816 autem
560 792 633 817 non
674 782 794 819 facere
831 788 1040 828 argumento
1074 787 1129 819 est
1166 785 1225 819 et²

132 826 286 861 edictum
316 827 512 870 praetoris,
553 838 623 872 quo
663 828 715 863 ita
752 834 899 864 cavetur
937 832 1105 865 ‘ventrem
1143 839 1224 863 cum

133 870 265 907 ‘liberis
297 870 335 905 in
362 872 626 924 possessionem
659 883 738 909 esse
769 875 929 910 iubebo':
968 875 1088 919 placet
1119 874 1223 915 enim,

131 915 199 951 etsi
228 916 318 951 nulli
345 916 472 952 hberi³
504 917 591 960 sint,
623 923 781 954 ventrem
813 924 932 955 tamen
964 930 1010 955 ex
1039 919 1155 955 edicto
1187 920 1224 954 10

130 962 393 1007 possessionem
417 962 638 998 mittendum.

180 1005 231 1043 14
255 1007 362 1042 IDEM
387 1008 478 1042 libro
504 1015 630 1044 octavo
655 1009 940 1055 disputationum
989 1011 1077 1046 Cum
1101 1021 1223 1047 servus

130 1062 219 1097 pure
247 1052 339 1088 liber
368 1052 538 1088 scribitur
562 1058 597 1088 et
620 1054 723 1089 heres
748 1055 815 1090 sub
841 1055 1069 1099 condicione,
1105 1056 1226 1100 placet

131 1097 318 1133 deficiente
343 1098 551 1134 condicione
574 1100 707 1135 habere
732 1110 813 1134 eum
836 1101 1051 1136 libertatem.

179 1141 228 1179 15
253 1142 446 1178 IULIANUS
466 1143 557 1179 libro
583 1146 791 1190 triqensimo
815 1147 973 1181 secundo
1004 1147 1223 1193 ctiyestorum

132 1188 306 1223 ‘Stichum
331 1188 541 1233 Sempronio
566 1189 611 1225 do
636 1190 726 1234 lego.
764 1190 794 1225 si
818 1191 1050 1236 Sempronius
1064 1191 1224 1226 Stichum

131 1234 236 1268 ‘intra
267 1244 399 1269 annum
432 1245 504 1269 non
535 1236 796 1278 manumiserit,
831 1236 926 1271 idem
958 1237 1102 1272 Stichus
1134 1237 1224 1271 liber

130 1280 242 1314 ‘esto'.
299 1280 498 1323 quaesitum
538 1286 606 1324 est,
650 1281 735 1325 quid
776 1282 863 1316 iuris
902 1282 959 1317 sit.
1015 1282 1223 1327 respondit*

131 1325 200 1358 hoc
223 1324 329 1359 modo
363 1325 528 1359 libertate
561 1326 646 1360 data
679 1327 721 1360 ‘si
746 1326 977 1371 Sempronius
1002 1338 1074 1362 non
1098 1338 1223 1362 manu-

133 1369 294 1412 ‘miserit‚
322 1369 464 1405 Stichus
487 1371 578 1406 liber
603 1372 690 1406 esto'
716 1371 980 1417 Sempronium,
1006 1373 1074 1408 nisi
1098 1384 1223 1408 manu-

129 1415 273 1456 miserit,
298 1415 386 1449 nihil
405 1415 492 1450 iuris
514 1416 551 1450 in
573 1416 734 1451 Stichum
752 1417 970 1460 habiturum,
992 1418 1055 1453 sed
1073 1418 1224 1454 liberum

129 1470 208 1494 eum
232 1460 404 1495 futurum.

178 1502 227 1542 16
258 1505 364 1540 IDEM
395 1506 486 1541 libro
524 1507 732 1553 tricensimo
771 1511 877 1543 sexto
916 1509 1138 1555 diqestorum
1186 1508 1224 1543 Si

128 1551 178 1585 ita
207 1550 379 1595 scriptum
411 1551 538 1587 fuerit:
581 1557 674 1587 ‘cum
707 1553 822 1588 Titius
865 1564 1041 1589 annorum
1079 1554 1224 1598 triginta

129 1596 225 1638 ‘erit,
259 1596 403 1631 Stichus
433 1597 524 1632 liber
556 1604 631 1633 esto
665 1598 769 1643 eique
803 1599 909 1634 heres
941 1610 1042 1635 meus
1072 1599 1223 1634 fundum

128 1641 236 1676 ‘dato’
269 1645 305 1676 et
335 1642 471 1685 Titius,
510 1647 703 1688 antequam
735 1643 782 1678 ad
814 1655 948 1679 annum
979 1645 1222 1690 trigensimum

127 1686 346 1732 perveniret,
371 1687 583 1731 decesserit,
609 1689 731 1724 Sticho
756 1690 904 1724 libertas
931 1695 1126 1735 competet,
1160 1691 1223 1725 sed

127 1733 282 1776 legatum
306 1743 378 1767 non
402 1732 601 1768 debebitur.
645 1745 728 1769 nam
752 1735 874 1770 favore
898 1736 1073 1771 libertatis
1098 1747 1222 1781 recep-

128 1782 202 1812 tum
226 1783 291 1819 est,
317 1782 357 1812 ut
380 1784 520 1814 mortuo
538 1779 632 1814 Titio
657 1783 797 1824 tempus
822 1791 1011 1825 superesse
1030 1781 1221 1823 videretur,

128 1834 197 1868 quo
220 1823 366 1867 impleto
392 1823 540 1858 libertas
561 1825 796 1870 contingeret:
823 1826 921 1861 circa
944 1827 1100 1871 legatum
1125 1827 1221 1861 defe-

127 1868 219 1903 cisse
244 1868 406 1903 condicio
430 1869 507 1904 visa
531 1874 596 1904 est.

176 1911 251 1950 17⁵
283 1913 390 1948 IDEM
421 1914 511 1949 libro
543 1915 684 1960 quadra
713 1917 847 1950 ensinio
878 1915 1035 1951 secundo
1067 1915 1222 1961 00903ίο-

127 1971 206 1994 rum
253 1959 441 2001 Libertas,
476 1971 567 2004 quae
595 1961 633 1994 in
658 1961 820 1995 utimum
843 1962 936 1996 vitae
968 1965 1109 2005 tempus
1135 1973 1219 1996 con—

129 2004 259 2046 fertur,
300 2005 410 2039 veluti
447 2004 601 2040 ‘Stichus
645 2017 726 2040 cum
760 2007 950 2050 morietur,
993 2006 1084 2041 liber
1119 2008 1219 2048 esto',

128 2049 259 2084 nullius
283 2050 452 2085 momenti
478 2051 712 2085 existimanda
737 2057 803 2086 est.
840 2051 939 2086 Haec
963 2057 1082 2086 autem
1106 2053 1219 2096 scrip-

128 2100 209 2130 tura
231 2094 386 2130 ‘Stichus
408 2096 437 2130 si
457 2095 672 2140 Capitolium
692 2108 764 2131 non
785 2097 995 2138 ascenderit,
1020 2097 1110 2132 liber
1131 2098 1219 2132 esto'

126 2142 178 2174 ita
208 2140 418 2184 accipienda
443 2146 498 2175 est
529 2141 571 2175 ‘si
596 2153 676 2176 cum
700 2142 851 2186 primum
875 2143 1049 2187 potuerit,
1077 2142 1218 2187 Capito-

131 2185 226 2220 *lium
260 2196 333 2220 non
369 2186 599 2222 ascenderit’:
643 2187 710 2222 isto
754 2187 846 2222 enim
887 2187 994 2222 modo
1038 2189 1220 2232 perveniet

128 2231 271 2266 Stichus
301 2230 347 2265 ad
377 2231 596 2275 libertatem,
630 2233 660 2267 si
692 2233 864 2267 facultate
889 2233 975 2267 data
1004 2233 1220 2268 ascendendi

133 2280 144 2310 l
196 2276 410 2320 Capitolium
429 2277 653 2312 abstinuerit.
692 2278 794 2312 Ηο06
816 2279 996 2323 scriptura
1016 2279 1220 2313 testamenti

129 2322 346 2365 ‘Pamphilus
380 2322 471 2357 liber
505 2327 602 2363 esto,
644 2324 695 2357 ita
730 2327 770 2357 ut
806 2323 886 2358 filiis
922 2324 1008 2358 meis
1045 2324 1219 2359 rationem

128 2366 275 2401 *reddat'
309 2378 355 2401 an
388 2368 455 2403 sub
489 2368 697 2403 condicione
734 2369 881 2403 libertas
914 2369 998 2403 data
1028 2369 1218 2412 videretur,

128 2413 327 2456 quaesitum
357 2417 421 2447 est.
470 2414 638 2458 respondi
668 2425 757 2458 pure
791 2414 930 2458 quidem
963 2415 1083 2448 datam
1112 2415 1217 2449 liber-

128 2462 236 2492 tatem
269 2462 304 2491 et
335 2458 431 2492 illam
462 2459 697 2494 adiectionem
730 2460 791 2493 ‘ita
824 2464 863 2493 ut
893 2460 1050 2494 rationes
1080 2460 1217 2494 reddat'

128 2502 373 2538 condicionem
397 2503 555 2538 libertati
579 2515 651 2539 non
676 2505 823 2539 inicere:
856 2509 976 2539 tamen
1000 2505 1082 2549 quia
1106 2506 1217 2540 mani—

129 2547 221 2583 festa
246 2549 409 2583 voluntas
434 2549 599 2584 testantis
625 2550 892 2594 exprimeretur,
919 2551 1115 2594 cogendum
1138 2562 1217 2586 eum

128 2597 147 2627 2
195 2593 240 2627 ad
275 2593 432 2628 rationes
467 2594 679 2629 reddendas.
736 2595 823 2629 Post
865 2606 979 2630 annos
1013 2595 1219 2631 indistincte

128 2639 216 2673 liber
240 2649 319 2673 esse
343 2639 461 2673 iussus
492 2645 575 2683 post
610 2640 789 2674 biennium
813 2640 904 2674 liber
934 2641 1018 2675 erit:
1052 2641 1159 2686 idque
1184 2647 1219 2676 et

128 2684 229 2718 favor
262 2684 437 2718 libertatis
472 2685 596 2728 exigit,
631 2690 666 2719 et
698 2685 805 2719 verba
838 2686 1063 2728 patiuntur⁷z
1097 2687 1219 2721 nisisi

127 2728 225 2762 aliud
250 2729 403 2764 sensisse
420 2733 563 2773 patrem
582 2730 735 2764 familias
756 2730 1051 2765 manifestissimis
1072 2732 1217 2766 rationi-

131 2775 195 2808 bus
221 2774 261 2816 is,
287 2785 309 2808 a
333 2785 401 2818 quo
427 2775 574 2809 libertas
599 2776 723 2809 relicta
749 2780 818 2817 est,
843 2776 1057 2819 probaverit.

181 2816 227 2856 18
254 2819 358 2854 lom!
380 2820 469 2854 libro
493 2821 650 2855 secundo
675 2821 724 2854 αιί
754 2820 914 2855 Urseium
938 2821 1110 2855 Ferocem
1151 2821 1219 2866 Qui

129 2865 218 2899 duos
243 2864 391 2900 heredes
415 2865 645 2905 instituebat,
679 2870 761 2910 post
790 2866 937 2900 alterius
969 2870 1119 2900 mortem
1143 2878 1217 2902 ser-

129 2921 209 2945 vum
233 2910 382 2944 liberum
404 2921 482 2944 esse
506 2910 674 2945 iusserat:
698 2910 728 2945 is
754 2922 797 2945 ex
817 2911 919 2945 cuius
940 2916 1053 2946 morte
1071 2912 1217 2946 libertas

130 2955 319 2999 pendebat,
346 2955 420 2990 vivo
446 2959 617 2990 testatore
641 2958 855 2990 decesserat.
894 2957 1047 2991 Sabinus
1069 2968 1215 3002 respon—

135 3005 145 3034 1
197 3000 272 3034 dit⁸
303 3000 451 3035 liberum
483 3000 654 3035 futurum.
701 3002 800 3036 Haec
833 3002 993 3036 condicio
1026 3005 1119 3036 ‘cum
1142 3013 1216 3038 mo-

129 3045 222 3081 ‘riar.
248 3045 337 3080 liber
361 3046 449 3080 esto'
474 3045 565 3080 vitae
590 3051 728 3090 tempus
755 3047 1000 3091 complectitur
1025 3051 1059 3081 et
1083 3047 1216 3082 idcirco

129 3090 262 3124 inutilis
288 3102 365 3125 esse
388 3090 537 3125 videtur.
587 3091 648 3125 sed
672 3092 796 3126 melius
821 3096 876 3127 est
898 3092 1008 3127 verba
1034 3093 1216 3136 benignius

129 3135 371 3179 interpretari,
403 3142 443 3170 ut
466 3140 549 3181 post
572 3140 722 3171 mortem
754 3148 855 3172 suam
878 3137 1043 3172 videatur
1067 3142 1217 3173 testator

131 3183 149 3213 2
198 3180 230 3214 ei
250 3180 450 3215 libertatem
471 3182 667 3226 reliquisse.
704 3182 774 3216 Sed
794 3183 904 3217 multo
924 3183 1034 3227 magis
1052 3183 1141 3218 haec
1159 3185 1215 3218 ‘ad

130 3228 273 3259 ‘aunum
295 3226 385 3260 liber
408 3227 496 3261 esto’
521 3226 576 3261 vel
599 3227 650 3260 ita
675 3227 790 3271 accipi
812 3231 931 3272 potest
955 3230 1049 3272 ‘post
1072 3239 1214 3270 annum,

130 3272 248 3313 ‘quam
270 3271 412 3314 moriar,
437 3271 527 3306 liber
551 3272 638 3306 esto'
664 3275 709 3315 et,
735 3272 818 3307 licet
841 3274 908 3307 hoc
933 3273 1038 3308 modo
1059 3274 1214 3318 accipia-

129 3319 188 3349 tur
209 3316 302 3358 ‘post
326 3326 467 3360 annum,
494 3328 600 3361 quam
624 3317 692 3351 hoc
714 3321 963 3352 testamentum
983 3319 1118 3353 factum
1138 3319 1214 3361 erit,

130 3360 230 3394 ‘liber
252 3362 352 3404 esto',
378 3362 407 3396 si
431 3362 605 3403 evenerit,
640 3366 680 3397 ut
703 3362 798 3397 intra
821 3373 954 3398 annum
978 3367 1129 3399 testator
1154 3365 1212 3399 de-

130 3404 234 3440 cedat
244 3406 269 3446 9,
293 3406 426 3441 inutilis
451 3418 522 3441 non
547 3407 623 3442 erit.

180 3448 229 3487 19
253 3450 358 3486 IDEM
387 3452 477 3487 libro
508 3454 612 3487 tertio
644 3452 694 3487 ad
723 3451 882 3488 Urseium
914 3454 1083 3489 Ferocem
1130 3454 1214 3498 Qui-

130 3494 212 3530 dam
243 3495 409 3531 heredem
440 3507 543 3532 suum
567 3501 763 3541 rogaverat,
797 3500 837 3532 ut
861 3508 1001 3533 servum
1024 3500 1214 3534 manumit-

129 3543 233 3575 teret:
259 3541 395 3584 deinde,
421 3542 451 3576 si
470 3543 573 3578 heres
593 3553 675 3577 eum
695 3553 766 3577 non
785 3543 1040 3586 manumiserit‚
1064 3545 1215 3580 liberum

129 3595 209 3620 eum
233 3596 311 3622 esse
334 3586 488 3622 iusserat
511 3587 612 3633 eique
635 3588 832 3633 legaverat:
856 3588 962 3624 heres
985 3599 1067 3624 eum
1088 3600 1213 3626 manu-

616 3705 658 3740 (2)
683 3702 716 3732 et
730 3701 791 3733 del.
807 3699 857 3733 F²

635 3747 676 3785 (4)
701 3745 857 3786 respondi
874 3758 935 3778 scr.

130 3697 170 3739 (1)
196 3697 227 3729 ei
241 3699 311 3740 qui]
323 3699 350 3730 si
363 3700 437 3740 quis
449 3712 509 3732 scr.

131 3741 201 3775 beri
219 3743 280 3784 F1,
301 3743 339 3776 de
358 3743 472 3777 liberis
491 3745 541 3777 F,
963 3702 1006 3743 (3)
1030 3700 1142 3743 libem]
1158 3702 1213 3734 de·
1246 3705 1251 3775 Ι

1028 3747 1071 3786 (5)
1098 3748 1212 3790 adpr.
1247 3779 1249 3783 .

1218 108 1301 161 617

2159 121 2331 164 XXXX
2362 127 2387 162 4

1295 239 1420 274 missit.
1457 239 1618 284 plerique
1637 240 1844 276 existimant
1862 241 1958 278 hunc
1983 253 2027 278 ex
2047 245 2260 279 testamento
2281 244 2389 279 liber-

1296 289 1407 365 {latlem
1437 285 1624 330 consequi:
1666 287 1864 322 secundum
1896 288 1963 323 hoc
1995 289 2152 334 legatum
2184 300 2325 335 quoque
2356 290 2390 325 ei

1320 341 1338 365 e
1367 334 1457 365 etur.

1342 373 1395 413 20
1426 376 1655 411 AFRICANUS
1692 376 1782 412 libro
1808 378 1932 423 primo
1964 381 2213 424 quaestionum
2260 380 2389 417 Servos

1294 420 1424 465 legavit
1447 425 1484 456 et
1502 422 1595 456 cavit
1616 421 1683 456 ita:
1710 424 1820 466 ‘rog0,
1845 423 1876 457 si
1895 427 1930 458 te
1954 430 2238 469 promeruerunt,
2265 426 2389 471 dignos

1297 468 1368 502 ‘eos
1392 466 1559 502 libertate
1583 466 1786 502 existimes'.
1835 470 2012 512 praetoris
2043 471 2110 506 hae
2138 475 2260 516 partes
2293 477 2388 513 sunt,

1296 515 1336 546 ut
1368 515 1473 556 cogat
1504 511 1705 547 libertatem
1739 514 1926 557 praestari,
1963 515 2031 549 nisi
2066 516 2097 551 si
2132 517 2216 561 quid
2247 517 2320 552 tale
2352 517 2390 551 hi

1295 556 1387 591 servi
1411 557 1630 599 admiserint,
1654 562 1696 592 ut
1718 557 1854 602 indigni
1879 558 1960 601 sint,
2010 571 2055 595 uo
2077 561 2278 597 libertatem
2303 573 2388 597 con-

1295 606 1509 646 sequantur,
1543 613 1616 638 non
1640 603 1747 638 etiam
1771 608 1812 638 ut
1841 604 1929 638 talia
1954 616 1973 640 o
2018 605 2073 640 cia
2097 607 2142 641 ab
2166 608 2221 641 his
2246 608 2388 652 exigan-

1295 651 1364 689 tur,
1390 658 1454 692 pro
1481 648 1611 692 quibus
1635 648 1838 683 libertatem
1862 650 1990 684 mereri
2014 650 2154 686 debent.
2203 653 2389 687 arbitrium

1294 696 1414 727 tamen
1439 693 1514 728 eius
1539 693 1607 728 erit
1631 694 1692 738 qui
1716 698 1862 738 rogatus
1886 695 1952 735 sit,
1986 706 2055 740 quo
2083 700 2244 741 tempore
2269 708 2389 743 quem-

1296 748 1364 782 que
1388 738 1472 773 velit
1495 740 1756 781 manumittere,
1780 739 1832 774 ita
1856 743 1906 782 ut,
1932 740 1963 775 si
1981 741 2079 775 vivus
2101 753 2173 777 non
2196 743 2389 778 manumis-

1295 783 1410 827 sisset,
1435 783 1540 819 heres
1565 784 1641 820 eius
1666 785 1787 820 statim
1806 785 2010 820 libertatem
2027 791 2211 830 praestare
2231 793 2389 832 cogatur.

1342 826 1391 865 21
1419 827 1527 863 IDEM
1541 829 1632 864 libro
1653 834 1784 875 quarto
1829 831 2054 865 uaestionum
2092 832 2257 876 ‘Stichus,
2282 834 2388 868 immo

1296 873 1517 919 ‘Pamphilus
1541 874 1633 909 liber
1657 876 1757 910 esto’.
1837 876 2033 928 amphilum
2057 876 2206 912 liberum
2230 879 2390 913 futurum

1294 919 1499 964 respondit:
1548 920 1810 964 quodammodo
1855 932 1948 956 emm
1989 922 2195 958 emendasse
2236 934 2390 959 errorem

1294 975 1400 1000 suum
1431 968 1651 1000 testatorem.
1699 966 1862 1010 idemque
1892 966 1981 1002 iuris
2013 967 2091 1002 fore
2123 968 2246 1010 etiam,
2280 969 2311 1004 si
2339 970 2390 1003 ita

1293 1011 1466 1055 scriptum
1490 1010 1617 1046 fuerit:
1644 1011 1799 1047 ‘Stichus
1824 1012 1914 1047 liber
1937 1016 2026 1056 esto,
2052 1013 2158 1048 immo
2183 1013 2389 1059 Pamphilus

1293 1055 1383 1090 liber
1407 1057 1508 1090 esto'.

1340 1099 1393 1137 22
1418 1100 1527 1135 IDEM
1555 1101 1645 1136 libro
1676 1112 1771 1136 nono
1797 1104 2046 1147 quaestionum
2094 1103 2162 1147 Qui
2191 1103 2302 1138 filium
2325 1104 2389 1138 im-

1294 1147 1465 1191 puberem
1490 1146 1657 1181 heredem
1680 1146 1854 1190 instituit,
1888 1148 2048 1183 Stichum
2079 1149 2218 1183 ratione
2243 1151 2388 1193 argenti,

1295 1191 1391 1236 quod
1415 1193 1481 1227 sub
1510 1203 1597 1226 cura
1622 1192 1696 1226 eius
1723 1196 1835 1235 esset,
1869 1193 2010 1228 reddita
2039 1194 2191 1228 liberum
2215 1205 2293 1229 esse
2318 1195 2389 1229 ius-

1295 1241 1408 1272 serat:
1442 1238 1472 1272 is
1505 1248 1629 1272 servus
1653 1242 1757 1282 parte
1787 1239 1925 1283 argenti
1955 1239 2142 1274 subtracta
2167 1251 2247 1274 cum
2271 1243 2390 1275 tutore

1295 1283 1413 1317 divisit
1444 1287 1552 1326 atque
1577 1282 1628 1317 ita
1651 1287 1752 1318 tutor
1776 1284 1807 1317 ei
1830 1295 1955 1329 parem
1988 1285 2163 1320 rationem
2189 1286 2389 1330 adscripsit.

1295 1329 1490 1372 consultus,
1516 1339 1562 1362 an
1587 1327 1729 1363 Stichus
1755 1328 1847 1364 liber
1873 1334 1983 1371 esset,
2008 1331 2193 1375 respondit
2218 1342 2288 1366 000
2314 1342 2389 1366 0330

1294 1373 1461 1409 liberum:
1503 1384 1586 1408 nam
1625 1374 1721 1418 quod
1753 1374 1910 1419 alioquin
1944 1376 2104 1420 placeat,
2142 1377 2171 1411 si
2204 1377 2391 1411 statuliber

1293 1419 1482 1463 pecuniam
1502 1418 1588 1453 dare
1611 1418 1732 1454 iussus
1757 1420 1869 1455 tutori
1894 1420 1954 1456 det
1973 1421 2028 1457 vel
2051 1432 2116 1465 per
2134 1426 2290 1456 tutorem
2308 1426 2388 1463 stet,

1293 1475 1364 1508 quo
1401 1465 1519 1499 minus
1552 1464 1754 1499 condicioni
1784 1470 1974 1510 pareatur,
2016 1467 2200 1511 pervenire
2234 1474 2313 1503 eu'm
2344 1467 2390 1502 ad

1293 1510 1512 1551 libertatem,
1549 1510 1601 1544 ita
1632 1510 1897 1555 accipiendum,
1932 1515 1972 1546 ut
2003 1512 2099 1547 bona
2130 1512 2201 1547 fide
2233 1518 2268 1547 et
2300 1513 2391 1547 citra

1293 1555 1456 1590 fraudem
1489 1555 1690 1590 statuliberi
1727 1560 1763 1590 et
1802 1557 1932 1591 tutoris
1964 1557 2001 1591 id
2041 1558 2122 1600 fiat,
2162 1558 2256 1593 sicut
2287 1563 2322 1592 et
2351 1558 2389 1592 in

1293 1600 1567 1636 alienationibus
1593 1611 1713 1635 rerum
1737 1602 1967 1646 pupillarium
1992 1607 2166 1638 servatur.
2210 1604 2330 1648 itaque
2355 1608 2390 1638 et

1293 1646 1323 1680 si
1359 1645 1531 1681 offerente
1567 1646 1776 1681 statulibero
1810 1648 2000 1691 pecuniam
2030 1652 2130 1683 tutor
2160 1649 2197 1683 in
2227 1649 2389 1683 fraudem

1292 1691 1419 1735 pupilli
1451 1691 1615 1735 accipere
1647 1691 1757 1733 nolit,
1793 1703 1866 1726 non
1890 1693 1992 1728 aliter
2023 1693 2225 1729 libertatem
2251 1694 2388 1729 contin-

1292 1747 1394 1780 gere,
1428 1747 1535 1780 quam
1568 1737 1598 1771 si
1628 1747 1752 1772 servus
1783 1737 1911 1773 fraude
1943 1743 2074 1773 careat.
2126 1739 2321 1784 eademque
2354 1744 2389 1774 et

1293 1782 1338 1816 de
1363 1785 1529 1816 curatore
1553 1781 1715 1816 dicenda.
1763 1783 1848 1817 item
1880 1784 2080 1828 quaesitum
2111 1789 2180 1828 est,
2214 1786 2388 1820 rationem

1293 1827 1431 1871 argenti
1456 1827 1605 1862 reddere
1628 1827 1748 1862 iussus
1772 1828 1809 1862 in
1834 1839 1938 1872 quem
1962 1829 2107 1864 modum
2130 1830 2386 1875 intellegendus

1292 1872 1338 1907 sit
1364 1872 1567 1907 condicioni
1597 1873 1780 1917 paruisse,
1810 1873 1848 1908 id
1871 1878 1927 1909 est
1951 1884 2014 1917 an,
2049 1875 2079 1910 si
2105 1875 2278 1919 quaedam
2302 1886 2388 1911 vasa

1292 1917 1368 1952 sine
1394 1918 1501 1962 culpa
1525 1918 1601 1952 eius
1625 1918 1797 1962 perierint
1831 1922 1939 1963 atque
1968 1920 2019 1954 ita
2049 1920 2186 1965 reliqua
2215 1931 2302 1957 vasa
2325 1921 2386 1956 110-

1292 1963 1368 1997 redi
1394 1963 1488 1997 bona
1513 1962 1582 1997 fide
1607 1963 1862 2007 adsignaverit,
1896 1966 2081 2008 perveniat
2106 1966 2152 2000 ad
2174 1966 2386 2001 libertatem.

1291 2007 1476 2052 respondit
1494 2012 1765 2052 perventurum:
1790 2020 1874 2043 nam
1898 2009 2075 2053 sufficere,
2101 2012 2131 2046 si
2152 2021 2195 2046 ex
2214 2022 2327 2056 aequo
2354 2016 2389 2047 et

1292 2054 1385 2088 bono
1410 2054 1586 2088 rationem
1609 2053 1752 2089 reddat:
1779 2054 1930 2100 denique
1954 2065 2060 2099 quam
2083 2057 2259 2091 rationem
2273 2057 2387 2092 bonus

1290 2104 1393 2143 pater
1416 2099 1570 2134 familias
1595 2099 1787 2143 reciperet,
1821 2110 1864 2135 ea
1887 2100 2010 2135 heredi
2041 2101 2183 2137 reddita
2206 2102 2386 2147 impletam

1291 2144 1535 2179 condicionem
1559 2144 1680 2179 videri.

1337 2186 1388 2226 23
1415 2189 1654 2224 MARCIANUS
1682 2190 1775 2224 libro
1801 2191 1924 2236 primo
1949 2192 2212 2228 institutionum
2259 2192 2385 2228 Testa-

1289 2242 1410 2270 mento
1435 2236 1675 2270 manumissus
1699 2236 1751 2269 ita
1775 2234 1916 2270 demum
1939 2235 1981 2270 fit
2003 2236 2112 2279 liber,
2139 2238 2170 2272 si
2193 2242 2383 2273 testamen-

1290 2284 1366 2315 tum
1399 2280 1518 2316 valeat
1541 2285 1577 2315 et
1602 2291 1646 2315 ex
1679 2291 1720 2315 eo
1746 2280 1844 2315 adita
1869 2281 1915 2315 sit
1938 2281 2136 2324 hereditas,
2173 2284 2228 2318 vel
2253 2283 2282 2318 si
2307 2284 2385 2328 quis

1291 2326 1424 2360 omissa
1449 2336 1560 2360 causa
1582 2326 1788 2360 testamenti
1812 2327 1859 2361 ab
1882 2326 2054 2362 intestato
2079 2328 2263 2371 possideat
2282 2329 2383 2363 here-

1293 2374 1306 2404 1
1358 2371 1518 2406 ditatem.
1568 2371 1796 2406 Testamento
1823 2372 1907 2406 data
1930 2372 2077 2407 libertas
2103 2374 2272 2417 competit
2295 2385 2384 2418 pure

1289 2416 1432 2460 quidem
1456 2416 1541 2451 data
1565 2417 1704 2458 statim,
1737 2427 1842 2461 quam
1868 2417 1966 2451 adita
1994 2417 2102 2452 fuerit
2126 2419 2304 2454 hereditas
2329 2420 2382 2455 vel

1289 2462 1334 2496 ab
1360 2472 1431 2496 000
1452 2472 1496 2496 ex
1519 2462 1731 2496 heredibus:
1758 2462 1789 2496 si
1812 2463 1849 2496 in
1874 2462 1965 2497 diem
1986 2467 2106 2497 autem
2129 2464 2276 2500 libertas
2299 2464 2386 2500 data

1289 2511 1343 2541 est
1367 2507 1422 2541 vel
1447 2507 1513 2541 sub
1539 2507 1767 2548 condicione,
1800 2511 1886 2541 tunc
1912 2509 2082 2553 competit
2104 2509 2269 2552 libertas,
2303 2521 2382 2545 cum

1289 2552 1363 2586 dies
1389 2553 1524 2587 venerit
1546 2553 1600 2586 vel
1627 2552 1788 2588 condicio
1814 2553 1982 2587 extiterit.

1335 2595 1388 2633 24
1417 2597 1539 2632 Galus
1568 2598 1659 2633 libro
1686 2599 1811 2643 primo
1844 2609 1965 2632 rerum
1997 2600 2276 2634 cottidianarum
2308 2602 2382 2635 sive

1289 2654 1482 2677 aureorum
1528 2642 1747 2677 Nominatim
1769 2643 1935 2679 videntur
1958 2643 2061 2678 liberi
2086 2655 2163 2680 esse
2186 2646 2290 2689 iussi,
2322 2646 2381 2690 qui

1289 2688 1340 2722 vel
1374 2698 1417 2722 ex
1454 2688 1605 2722 artificio
1643 2689 1696 2723 vel
1735 2688 1854 2723 officio
1888 2689 1942 2723 vel
1976 2690 2134 2733 quolibet
2173 2691 2243 2725 alio
2275 2691 2380 2726 modo

1289 2733 1466 2767 evidenter
1499 2733 1659 2768 denotati
1694 2738 1830 2776 essent,
1865 2735 1974 2769 veluti
2004 2735 2242 2779 ‘dispensator
2270 2737 2380 2771 meus'

1289 2778 1465 2813 ‘cellarius
1504 2780 1614 2814 meus'
1652 2783 1773 2814 ‘cocus
1813 2780 1924 2815 meus’
1961 2780 2150 2825 ‘Pamphili
2185 2781 2276 2816 servi
2313 2782 2379 2815 mei

1288 2824 1417 2858 ‘filius’.

1334 2867 1386 2904 25
1408 2868 1603 2903 ULPMNUS
1623 2869 1714 2904 libro
1740 2873 1871 2914 quarto
1895 2871 2105 2916 reyularum
2149 2871 2377 2906 Testamento

1286 2914 1377 2948 liber
1401 2924 1480 2949 esse
1502 2913 1621 2948 iussus
1645 2918 1721 2948 tum
1746 2915 1787 2948 fit
1810 2915 1919 2958 liber,
1957 2926 2038 2950 cum
2062 2916 2161 2950 adita
2184 2917 2293 2951 fuerit
2315 2917 2376 2950 he-

1286 2959 1419 2993 reditas
1445 2959 1604 3003 qualibet
1629 2970 1673 2994 01(
1695 2964 1809 3004 parte,
1835 2959 1866 2995 si
1890 2960 1995 2996 modo
2021 2962 2066 2996 ab
2091 2972 2132 2997 eo
2157 2961 2281 3005 gradu,
2307 2973 2375 3005 quo

1286 3004 1376 3038 liber
1400 3014 1479 3038 esse
1502 3004 1621 3039 iussus
1641 3008 1704 3048 est,
1730 3005 1828 3039 adita
1850 3005 1960 3040 fuerit
1984 3010 2019 3041 et
2042 3017 2133 3051 pure
2157 3007 2234 3051 quis
2252 3017 2374 3041 manu-

1286 3049 1414 3084 missus
1440 3049 1497 3084 sit.

1332 3091 1385 3130 26
1411 3094 1648 3129 MARCJANUS
1668 3094 1759 3129 libro
1778 3096 1900 3141 primo
1921 3097 2129 3148 reqularum
2165 3096 2275 3131 Divus
2288 3095 2374 3130 Pius

1285 3144 1322 3174 et
1346 3139 1416 3173 divi
1439 3140 1568 3174 fratres
1594 3139 1837 3175 favorabiliter
1860 3148 2135 3186 rescripserunt,
2167 3152 2245 3175 cum
2271 3150 2372 3175 servo

1287 3195 1367 3219 cum
1390 3185 1556 3219 libertate
1588 3185 1781 3220 substituto
1814 3186 1969 3231 legatum
1993 3191 2087 3228 erat,
2121 3187 2151 3221 si
2176 3186 2275 3220 heres
2300 3196 2372 3219 nou

1286 3234 1389 3271 esset,
1416 3241 1487 3264 non
1511 3230 1693 3275 adscripta
1717 3231 1900 3274 libertate,
1930 3232 2076 3276 perinde
2098 3231 2239 3272 haberi,
2264 3234 2372 3274 atque

1286 3276 1314 3309 si
1340 3274 1522 3319 adscripta
1547 3280 1641 3310 esset
1664 3280 1700 3311 et
1714 3278 1740 3296 ¹⁰
1762 3277 1920 3311 libertas.

1331 3317 1383 3356 27
1410 3319 1569 3354 PAULUS
1590 3321 1680 3355 libro
1697 3323 1822 3368 primo
1846 3322 1896 3356 ad
1919 3322 2030 3367 leqem
2048 3320 2185 3355 Aeliam
2210 3321 2369 3354 dentiam

1285 3365 1352 3408 Qui
1376 3365 1558 3409 potuerint
1580 3366 1676 3410 apud
1697 3367 1883 3402 consilium
1901 3365 2179 3399 manumittendo
2199 3364 2245 3398 ad
2264 3365 2368 3399 liber-

1284 3414 1394 3444 tatem
1417 3410 1623 3455 perducere,
1648 3416 1800 3456 possunt
1818 3412 1923 3447 etiam
1947 3410 2186 3445 necessarium
2205 3409 2369 3444 heredem

1284 3455 1438 3508 facere&
1464 3459 1505 3508 ut
1537 3455 1626 3491 haec
1656 3457 1737 3501 ipsa
1776 3455 1970 3491 necessitas
2001 3455 2220 3500 probabilem
2258 3455 2369 3489 faciat

1283 3511 1606 3536 manumissmnem.

1329 3542 1382 3583 28
1407 3545 1513 3581 IDEM
1533 3546 1624 3581 libro
1644 3546 1827 3592 sinqulari
1841 3545 1886 3580 de
1906 3545 1984 3579 iure
2003 3543 2247 3596 codicillorum
2286 3543 2366 3578 ‘Sti-

1284 3590 1405 3633 ‘chus,
1440 3591 1472 3627 si
1503 3591 1675 3627 codicillis
1705 3601 1785 3626 eum
1815 3600 1888 3625 non
1919 3593 2065 3624 vetuero
2096 3589 2245 3623 liberum
2277 3598 2367 3631 esse,

2239 3704 2287 3753 (τ),
2306 3713 2365 3745 po-

2175 3750 2234 3789 (10)
2260 3758 2290 3779 el
2301 3760 2366 3784 scr.

1943 3705 1985 3743 (6)
2011 3703 2091 3734 haec
2106 3702 2141 3734 F

1861 3749 1904 3790 (9)
1930 3748 2064 3780 decedet
2077 3748 2112 3779 F

2050 3806 2091 3836 ‘as

1284 3704 1326 3745 ef.
1343 3703 1364 3738 l.
1380 3710 1409 3737 61
1419 3716 1475 3747 pr.
1489 3705 1519 3737 Ιι.
1535 3711 1555 3737 t.
1572 3712 1602 3737 et
1613 3705 1657 3736 D.
1673 3706 1727 3744 40,
1742 3711 1768 3744 7,
1781 3710 1834 3743 4,1

1283 3748 1415 3781 tiuntur
1428 3750 1463 3781 F
1531 3751 1573 3789 (s)
1599 3750 1711 3780 statim
1726 3750 1782 3781 ins.
