<?xml version="1.0" encoding="UTF-8"?>
<!DOCTYPE html PUBLIC "-//W3C//DTD XHTML 1.0 Transitional//EN"
    "http://www.w3.org/TR/xhtml1/DTD/xhtml1-transitional.dtd">
<html xmlns="http://www.w3.org/1999/xhtml" xml:lang="en" lang="en">
 <head>
  <title>
</title>
<meta http-equiv="Content-Type" content="text/html;charset=utf-8" />
  <meta name='ocr-system' content='tesseract 3.04.00' />
  <meta name='ocr-capabilities' content='ocr_page ocr_carea ocr_par ocr_line ocrx_word'/>
</head>
<body>
  <div class='ocr_page' id='page_1' title='image "./corpusjuriscivil01krueuoft_0254.png"; bbox 0 0 2528 3918; ppageno 0'>
   <div class='ocr_carea' id='block_1_1' title="bbox 188 96 285 140">
    <p class='ocr_par' dir='ltr' id='par_1_1' title="bbox 188 96 285 140">
     <span class='ocr_line' id='line_1_1' title="bbox 188 96 285 140; baseline -0.021 0"><span class='ocrx_word' id='word_1_1' title='bbox 188 96 285 140; x_wconf 84' lang='lat' dir='ltr'><strong>X2</strong></span> 
     </span>
    </p>
   </div>
   <div class='ocr_carea' id='block_1_2' title="bbox 187 210 1279 487">
    <p class='ocr_par' dir='ltr' id='par_1_2' title="bbox 187 210 1279 487">
     <span class='ocr_line' id='line_1_2' title="bbox 187 210 1276 262; baseline -0.004 -10"><span class='ocrx_word' id='word_1_2' title='bbox 187 212 275 262; x_wconf 75' lang='grc' dir='ltr'><strong><em>παρ’</em></strong></span> <span class='ocrx_word' id='word_1_3' title='bbox 301 212 478 261; x_wconf 70' lang='grc' dir='ltr'><strong><em>ἀλλοτρίῳ</em></strong></span> <span class='ocrx_word' id='word_1_4' title='bbox 500 218 624 262; x_wconf 77' lang='grc' dir='ltr'><strong><em>χωρίῳ</em></strong></span> <span class='ocrx_word' id='word_1_5' title='bbox 651 211 670 249; x_wconf 79' lang='grc' dir='ltr'><strong><em>ὀ</em></strong></span> <span class='ocrx_word' id='word_1_6' title='bbox 694 215 802 262; x_wconf 73' lang='grc' dir='ltr'><strong><em>ὑττῃ’</em></strong></span> <span class='ocrx_word' id='word_1_7' title='bbox 856 214 924 250; x_wconf 81' lang='grc' dir='ltr'><strong><em>τὸν</em></strong></span> <span class='ocrx_word' id='word_1_8' title='bbox 953 210 1042 260; x_wconf 74' lang='grc' dir='ltr'><strong><em>ὅρον</em></strong></span> <span class='ocrx_word' id='word_1_9' title='bbox 1071 215 1123 261; x_wconf 82' lang='grc' dir='ltr'><strong>μὴ</strong></span> <span class='ocrx_word' id='word_1_10' title='bbox 1154 228 1276 258; x_wconf 82' lang='grc' dir='ltr'><strong><em>παρα-</em></strong></span> 
     </span>
     <span class='ocr_line' id='line_1_3' title="bbox 187 228 1275 307; baseline -0.002 -12"><span class='ocrx_word' id='word_1_11' title='bbox 187 265 347 307; x_wconf 76' lang='grc' dir='ltr'><strong><em>βαίνειν·</em></strong></span> <span class='ocrx_word' id='word_1_12' title='bbox 370 261 434 295; x_wconf 77' lang='grc' dir='ltr'><strong><em>ἐὰν</em></strong></span> <span class='ocrx_word' id='word_1_13' title='bbox 451 263 595 305; x_wconf 77' lang='grc' dir='ltr'><em>τειχίον,</em></span> <span class='ocrx_word' id='word_1_14' title='bbox 616 228 715 294; x_wconf 63' lang='lat' dir='ltr'><strong>nuga</strong></span> <span class='ocrx_word' id='word_1_15' title='bbox 729 241 980 295; x_wconf 51' lang='lat' dir='ltr'><strong>‹inoletmwb</strong></span> <span class='ocrx_word' id='word_1_16' title='bbox 1004 259 1068 293; x_wconf 74' lang='grc' dir='ltr'><strong><em>ἐὰν</em></strong></span> <span class='ocrx_word' id='word_1_17' title='bbox 1079 258 1119 294; x_wconf 77' lang='grc' dir='ltr'><strong>δὲ</strong></span> <span class='ocrx_word' id='word_1_18' title='bbox 1132 260 1275 303; x_wconf 81' lang='grc' dir='ltr'><strong><em>οἴκημα,</em></strong></span> 
     </span>
     <span class='ocr_line' id='line_1_4' title="bbox 190 299 1278 354; baseline -0.005 -12"><span class='ocrx_word' id='word_1_19' title='bbox 190 305 253 342; x_wconf 84' lang='grc' dir='ltr'><strong>δῦο</strong></span> <span class='ocrx_word' id='word_1_20' title='bbox 278 303 404 342; x_wconf 80' lang='grc' dir='ltr'><strong><em>πόδας.</em></strong></span> <span class='ocrx_word' id='word_1_21' title='bbox 439 305 504 340; x_wconf 67' lang='grc' dir='ltr'><strong><em>ἐὰν</em></strong></span> <span class='ocrx_word' id='word_1_22' title='bbox 527 303 566 339; x_wconf 78' lang='grc' dir='ltr'><strong>δὲ</strong></span> <span class='ocrx_word' id='word_1_23' title='bbox 588 303 733 351; x_wconf 68' lang='grc' dir='ltr'><strong>τάφον8</strong></span> <span class='ocrx_word' id='word_1_24' title='bbox 757 303 778 348; x_wconf 88' lang='grc' dir='ltr'><strong><em>ἢ</em></strong></span> <span class='ocrx_word' id='word_1_25' title='bbox 808 303 956 354; x_wconf 72' lang='grc' dir='ltr'><strong><em>βόθρον</em></strong></span> <span class='ocrx_word' id='word_1_26' title='bbox 987 302 1131 350; x_wconf 80' lang='grc' dir='ltr'><strong><em>όρύττη,</em></strong></span> <span class='ocrx_word' id='word_1_27' title='bbox 1167 299 1278 338; x_wconf 65' lang='grc' dir='ltr'><strong><em>ὅσον*</em></strong></span> 
     </span>
     <span class='ocr_line' id='line_1_5' title="bbox 189 344 1273 396; baseline -0.004 -10"><span class='ocrx_word' id='word_1_28' title='bbox 189 351 232 386; x_wconf 81' lang='grc' dir='ltr'><strong>τὸ</strong></span> <span class='ocrx_word' id='word_1_29' title='bbox 261 350 384 396; x_wconf 73' lang='grc' dir='ltr'><strong><em>βάθος</em></strong></span> <span class='ocrx_word' id='word_1_30' title='bbox 420 344 452 391; x_wconf 71' lang='grc'><strong>’,</strong></span> <span class='ocrx_word' id='word_1_31' title='bbox 486 352 664 384; x_wconf 83' lang='grc' dir='ltr'><strong><em>τοσοῦτον</em></strong></span> <span class='ocrx_word' id='word_1_32' title='bbox 695 345 947 384; x_wconf 58' lang='grc' dir='ltr'><strong><em>ἆπολείπεινὸ·</em></strong></span> <span class='ocrx_word' id='word_1_33' title='bbox 981 350 1045 383; x_wconf 74' lang='grc' dir='ltr'><strong><em>ἐὰν</em></strong></span> <span class='ocrx_word' id='word_1_34' title='bbox 1100 352 1117 382; x_wconf 76' lang='grc' dir='ltr'><em>ἒ</em></span> <span class='ocrx_word' id='word_1_35' title='bbox 1149 351 1273 394; x_wconf 78' lang='grc' dir='ltr'><strong><em>φρέαρ,</em></strong></span> 
     </span>
     <span class='ocr_line' id='line_1_6' title="bbox 190 391 1279 442; baseline -0.004 -11"><span class='ocrx_word' id='word_1_36' title='bbox 190 393 210 431; x_wconf 82' lang='grc' dir='ltr'><strong><em>ὀ</em></strong></span> <span class='ocrx_word' id='word_1_37' title='bbox 234 394 348 442; x_wconf 79' lang='grc' dir='ltr'><strong><em>γυιάν.</em></strong></span> <span class='ocrx_word' id='word_1_38' title='bbox 385 398 402 429; x_wconf 72' lang='grc' dir='ltr'><strong><em>ἐ</em></strong></span> <span class='ocrx_word' id='word_1_39' title='bbox 448 398 510 428; x_wconf 79' lang='grc' dir='ltr'><strong><em>ίαν</em></strong></span> <span class='ocrx_word' id='word_1_40' title='bbox 533 392 572 429; x_wconf 75' lang='grc' dir='ltr'><strong>δὲ</strong></span> <span class='ocrx_word' id='word_1_41' title='bbox 596 398 656 429; x_wconf 74' lang='grc' dir='ltr'><strong>καὶ</strong></span> <span class='ocrx_word' id='word_1_42' title='bbox 687 397 773 430; x_wconf 71' lang='grc' dir='ltr'><strong><em>ουκ·</em></strong></span> <span class='ocrx_word' id='word_1_43' title='bbox 826 397 928 429; x_wconf 70' lang='grc' dir='ltr'><strong><em>ἐννέα</em></strong></span> <span class='ocrx_word' id='word_1_44' title='bbox 960 391 1076 430; x_wconf 77' lang='grc' dir='ltr'><strong><em>πόδας</em></strong></span> <span class='ocrx_word' id='word_1_45' title='bbox 1108 391 1181 429; x_wconf 73' lang='grc' dir='ltr'><strong>ἀπὸ</strong></span> <span class='ocrx_word' id='word_1_46' title='bbox 1213 396 1279 427; x_wconf 82' lang='grc' dir='ltr'><strong>τοῦ</strong></span> 
     </span>
     <span class='ocr_line' id='line_1_7' title="bbox 189 409 1277 487; baseline -0.002 -11"><span class='ocrx_word' id='word_1_47' title='bbox 189 409 377 487; x_wconf 45' lang='lat' dir='ltr'><strong>affinem</strong></span> <span class='ocrx_word' id='word_1_48' title='bbox 400 438 571 486; x_wconf 73' lang='grc' dir='ltr'><strong><em>φυτεύειν,</em></strong></span> <span class='ocrx_word' id='word_1_49' title='bbox 597 439 644 474; x_wconf 81' lang='grc' dir='ltr'><strong>τὰ</strong></span> <span class='ocrx_word' id='word_1_50' title='bbox 668 437 709 474; x_wconf 71' lang='grc' dir='ltr'><strong>δὲ</strong></span> <span class='ocrx_word' id='word_1_51' title='bbox 740 437 755 448; x_wconf 77' lang='grc'><em>”</em></span> <span class='ocrx_word' id='word_1_52' title='bbox 845 437 975 485; x_wconf 82' lang='grc' dir='ltr'><strong><em>δένδρα</em></strong></span> <span class='ocrx_word' id='word_1_53' title='bbox 999 442 1105 473; x_wconf 79' lang='grc' dir='ltr'><strong><em>πέντε</em></strong></span> <span class='ocrx_word' id='word_1_54' title='bbox 1124 435 1240 474; x_wconf 77' lang='grc' dir='ltr'><strong><em>πόδας</em></strong></span> <span class='ocrx_word' id='word_1_55' title='bbox 1251 439 1277 474; x_wconf 80' lang='lat'><strong>⁶.</strong></span> 
     </span>
    </p>
   </div>
   <div class='ocr_carea' id='block_1_3' title="bbox 437 554 1018 664">
    <p class='ocr_par' dir='ltr' id='par_1_3' title="bbox 437 554 1018 664">
     <span class='ocr_line' id='line_1_8' title="bbox 694 554 768 594; baseline 0.014 -1"><span class='ocrx_word' id='word_1_56' title='bbox 694 556 732 594; x_wconf 91' lang='lat'><strong>11</strong></span> <span class='ocrx_word' id='word_1_57' title='bbox 742 554 768 594; x_wconf 90' lang='lat'><strong>⁷.</strong></span> 
     </span>
     <span class='ocr_line' id='line_1_9' title="bbox 437 631 1018 664; baseline -0.002 0"><span class='ocrx_word' id='word_1_58' title='bbox 437 631 663 664; x_wconf 70' lang='lat' dir='ltr'><strong>mmmm</strong></span> <span class='ocrx_word' id='word_1_59' title='bbox 687 631 1018 664; x_wconf 83' lang='lat' dir='ltr'><strong>ERCISCUNDAE.</strong></span> 
     </span>
    </p>
   </div>
   <div class='ocr_carea' id='block_1_4' title="bbox 186 707 1279 3232">
    <p class='ocr_par' dir='ltr' id='par_1_4' title="bbox 189 707 1278 1419">
     <span class='ocr_line' id='line_1_10' title="bbox 238 707 1272 756; baseline -0.002 -11"><span class='ocrx_word' id='word_1_60' title='bbox 238 707 257 746; x_wconf 87' lang='lat'>1</span> <span class='ocrx_word' id='word_1_61' title='bbox 288 709 413 746; x_wconf 73' lang='lat' dir='ltr'><em>GAIUS</em></span> <span class='ocrx_word' id='word_1_62' title='bbox 421 708 513 745; x_wconf 72' lang='lat' dir='ltr'><strong>libro</strong></span> <span class='ocrx_word' id='word_1_63' title='bbox 525 710 675 756; x_wconf 82' lang='lat' dir='ltr'><strong>septimo</strong></span> <span class='ocrx_word' id='word_1_64' title='bbox 688 709 737 744; x_wconf 87' lang='lat' dir='ltr'><strong>ad</strong></span> <span class='ocrx_word' id='word_1_65' title='bbox 746 709 899 744; x_wconf 83' lang='lat' dir='ltr'><strong>edictum</strong></span> <span class='ocrx_word' id='word_1_66' title='bbox 906 707 1135 754; x_wconf 79' lang='lat' dir='ltr'><strong>provinciale</strong></span> <span class='ocrx_word' id='word_1_67' title='bbox 1171 707 1272 743; x_wconf 86' lang='lat' dir='ltr'><strong>Haec</strong></span> 
     </span>
     <span class='ocr_line' id='line_1_11' title="bbox 189 753 1276 800; baseline -0.002 -10"><span class='ocrx_word' id='word_1_68' title='bbox 189 754 285 790; x_wconf 86' lang='lat' dir='ltr'><strong>actio</strong></span> <span class='ocrx_word' id='word_1_69' title='bbox 308 753 547 800; x_wconf 83' lang='lat' dir='ltr'><strong>proficiscitur</strong></span> <span class='ocrx_word' id='word_1_70' title='bbox 571 764 591 789; x_wconf 93' lang='lat' dir='ltr'><strong>e</strong></span> <span class='ocrx_word' id='word_1_71' title='bbox 614 754 688 799; x_wconf 83' lang='lat' dir='ltr'><strong>lege</strong></span> <span class='ocrx_word' id='word_1_72' title='bbox 712 753 898 788; x_wconf 87' lang='lat' dir='ltr'><strong>duodecim</strong></span> <span class='ocrx_word' id='word_1_73' title='bbox 921 753 1143 788; x_wconf 80' lang='lat' dir='ltr'><strong>tabularum:</strong></span> <span class='ocrx_word' id='word_1_74' title='bbox 1175 762 1276 788; x_wconf 87' lang='lat' dir='ltr'><strong>nam-</strong></span> 
     </span>
     <span class='ocr_line' id='line_1_12' title="bbox 190 797 1278 845; baseline -0.003 -10"><span class='ocrx_word' id='word_1_75' title='bbox 190 809 260 845; x_wconf 88' lang='lat' dir='ltr'><strong>que</strong></span> <span class='ocrx_word' id='word_1_76' title='bbox 283 798 518 835; x_wconf 78' lang='lat' dir='ltr'><strong>coheredibus</strong></span> <span class='ocrx_word' id='word_1_77' title='bbox 541 799 738 834; x_wconf 88' lang='lat' dir='ltr'><strong>volentibus</strong></span> <span class='ocrx_word' id='word_1_78' title='bbox 763 809 786 833; x_wconf 91' lang='lat' dir='ltr'><strong>a</strong></span> <span class='ocrx_word' id='word_1_79' title='bbox 817 797 1065 833; x_wconf 90' lang='lat' dir='ltr'><strong>communione</strong></span> <span class='ocrx_word' id='word_1_80' title='bbox 1095 797 1278 833; x_wconf 85' lang='lat' dir='ltr'><strong>discedere</strong></span> 
     </span>
     <span class='ocr_line' id='line_1_13' title="bbox 189 842 1276 888; baseline -0.003 -7"><span class='ocrx_word' id='word_1_81' title='bbox 189 843 432 881; x_wconf 85' lang='lat' dir='ltr'><strong>necessarium</strong></span> <span class='ocrx_word' id='word_1_82' title='bbox 472 843 659 879; x_wconf 89' lang='lat' dir='ltr'><strong>videbatur</strong></span> <span class='ocrx_word' id='word_1_83' title='bbox 693 843 848 888; x_wconf 84' lang='lat' dir='ltr'><strong>aliquam</strong></span> <span class='ocrx_word' id='word_1_84' title='bbox 882 843 1060 878; x_wconf 85' lang='lat' dir='ltr'><strong>actionem</strong></span> <span class='ocrx_word' id='word_1_85' title='bbox 1096 842 1276 883; x_wconf 90' lang='lat' dir='ltr'><strong>constitui,</strong></span> 
     </span>
     <span class='ocr_line' id='line_1_14' title="bbox 194 887 1277 932; baseline -0.003 -7"><span class='ocrx_word' id='word_1_86' title='bbox 194 892 208 925; x_wconf 90' lang='lat' dir='ltr'><strong>l</strong></span> <span class='ocrx_word' id='word_1_87' title='bbox 281 889 434 925; x_wconf 85' lang='lat' dir='ltr'><strong>uainter</strong></span> <span class='ocrx_word' id='word_1_88' title='bbox 444 898 506 925; x_wconf 86' lang='lat' dir='ltr'><strong>eos</strong></span> <span class='ocrx_word' id='word_1_89' title='bbox 515 899 572 924; x_wconf 84' lang='lat' dir='ltr'><strong>res</strong></span> <span class='ocrx_word' id='word_1_90' title='bbox 582 888 819 924; x_wconf 81' lang='lat' dir='ltr'><strong>hereditariae</strong></span> <span class='ocrx_word' id='word_1_91' title='bbox 832 888 1140 923; x_wconf 84' lang='lat' dir='ltr'><strong>distribuerentur.</strong></span> <span class='ocrx_word' id='word_1_92' title='bbox 1178 887 1277 932; x_wconf 82' lang='lat' dir='ltr'><strong>Quae</strong></span> 
     </span>
     <span class='ocr_line' id='line_1_15' title="bbox 191 933 1276 980; baseline -0.002 -10"><span class='ocrx_word' id='word_1_93' title='bbox 191 934 251 980; x_wconf 90' lang='lat' dir='ltr'><strong>qui</strong></span> <span class='ocrx_word' id='word_1_94' title='bbox 276 944 332 970; x_wconf 90' lang='lat' dir='ltr'><strong>em</strong></span> <span class='ocrx_word' id='word_1_95' title='bbox 362 934 458 970; x_wconf 88' lang='lat' dir='ltr'><strong>actio</strong></span> <span class='ocrx_word' id='word_1_96' title='bbox 482 934 592 969; x_wconf 89' lang='lat' dir='ltr'><strong>nihilo</strong></span> <span class='ocrx_word' id='word_1_97' title='bbox 616 934 731 968; x_wconf 89' lang='lat' dir='ltr'><strong>minus</strong></span> <span class='ocrx_word' id='word_1_98' title='bbox 757 933 789 968; x_wconf 91' lang='lat' dir='ltr'><strong>ei</strong></span> <span class='ocrx_word' id='word_1_99' title='bbox 813 943 881 978; x_wconf 90' lang='lat' dir='ltr'><strong>quo</strong></span> <span class='ocrx_word' id='word_1_100' title='bbox 908 943 954 968; x_wconf 92' lang='lat' dir='ltr'><strong>ue</strong></span> <span class='ocrx_word' id='word_1_101' title='bbox 975 933 1055 978; x_wconf 90' lang='lat' dir='ltr'><strong>ipso</strong></span> <span class='ocrx_word' id='word_1_102' title='bbox 1079 933 1157 968; x_wconf 89' lang='lat' dir='ltr'><strong>iure</strong></span> <span class='ocrx_word' id='word_1_103' title='bbox 1180 943 1276 968; x_wconf 88' lang='lat' dir='ltr'><strong>com·</strong></span> 
     </span>
     <span class='ocr_line' id='line_1_16' title="bbox 190 977 1277 1026; baseline -0.003 -11"><span class='ocrx_word' id='word_1_104' title='bbox 190 979 298 1026; x_wconf 84' lang='lat' dir='ltr'><strong>petit.</strong></span> <span class='ocrx_word' id='word_1_105' title='bbox 329 979 391 1024; x_wconf 92' lang='lat' dir='ltr'><strong>qui</strong></span> <span class='ocrx_word' id='word_1_106' title='bbox 414 988 516 1014; x_wconf 88' lang='lat' dir='ltr'><strong>suam</strong></span> <span class='ocrx_word' id='word_1_107' title='bbox 538 982 676 1024; x_wconf 86' lang='lat' dir='ltr'><strong>partem</strong></span> <span class='ocrx_word' id='word_1_108' title='bbox 700 988 773 1013; x_wconf 92' lang='lat' dir='ltr'><strong>non</strong></span> <span class='ocrx_word' id='word_1_109' title='bbox 796 978 894 1023; x_wconf 91' lang='lat' dir='ltr'><strong>possi</strong></span> <span class='ocrx_word' id='word_1_110' title='bbox 919 981 972 1014; x_wconf 89' lang='lat' dir='ltr'><strong>et:</strong></span> <span class='ocrx_word' id='word_1_111' title='bbox 1005 978 1069 1014; x_wconf 92' lang='lat' dir='ltr'><strong>sed</strong></span> <span class='ocrx_word' id='word_1_112' title='bbox 1100 978 1130 1013; x_wconf 92' lang='lat' dir='ltr'><strong>si</strong></span> <span class='ocrx_word' id='word_1_113' title='bbox 1160 978 1191 1014; x_wconf 92' lang='lat' dir='ltr'><strong>is</strong></span> <span class='ocrx_word' id='word_1_114' title='bbox 1216 977 1277 1023; x_wconf 92' lang='lat' dir='ltr'><strong>qui</strong></span> 
     </span>
     <span class='ocr_line' id='line_1_17' title="bbox 190 1022 1277 1070; baseline -0.002 -10"><span class='ocrx_word' id='word_1_115' title='bbox 190 1024 351 1070; x_wconf 79' lang='lat' dir='ltr'><strong>possidet</strong></span> <span class='ocrx_word' id='word_1_116' title='bbox 373 1027 478 1069; x_wconf 88' lang='lat' dir='ltr'><strong>neget</strong></span> <span class='ocrx_word' id='word_1_117' title='bbox 501 1034 582 1059; x_wconf 91' lang='lat' dir='ltr'><strong>eum</strong></span> <span class='ocrx_word' id='word_1_118' title='bbox 605 1024 672 1059; x_wconf 89' lang='lat' dir='ltr'><strong>sibi</strong></span> <span class='ocrx_word' id='word_1_119' title='bbox 696 1022 907 1058; x_wconf 85' lang='lat' dir='ltr'><strong>coheredem</strong></span> <span class='ocrx_word' id='word_1_120' title='bbox 931 1033 1027 1066; x_wconf 90' lang='lat' dir='ltr'><strong>esse,</strong></span> <span class='ocrx_word' id='word_1_121' title='bbox 1051 1026 1172 1069; x_wconf 89' lang='lat' dir='ltr'><strong>potest</strong></span> <span class='ocrx_word' id='word_1_122' title='bbox 1196 1033 1277 1058; x_wconf 92' lang='lat' dir='ltr'><strong>eum</strong></span> 
     </span>
     <span class='ocr_line' id='line_1_18' title="bbox 190 1067 1278 1114; baseline -0.002 -9"><span class='ocrx_word' id='word_1_123' title='bbox 190 1069 379 1105; x_wconf 86' lang='lat' dir='ltr'><strong>excludere</strong></span> <span class='ocrx_word' id='word_1_124' title='bbox 400 1079 466 1114; x_wconf 91' lang='lat' dir='ltr'><strong>per</strong></span> <span class='ocrx_word' id='word_1_125' title='bbox 487 1069 581 1104; x_wconf 90' lang='lat' dir='ltr'><strong>hanc</strong></span> <span class='ocrx_word' id='word_1_126' title='bbox 605 1068 848 1113; x_wconf 84' lang='lat' dir='ltr'><strong>exceptionem</strong></span> <span class='ocrx_word' id='word_1_127' title='bbox 872 1068 914 1103; x_wconf 90' lang='lat' dir='ltr'><strong>‘si</strong></span> <span class='ocrx_word' id='word_1_128' title='bbox 937 1068 974 1103; x_wconf 90' lang='lat' dir='ltr'><strong>in</strong></span> <span class='ocrx_word' id='word_1_129' title='bbox 999 1078 1041 1104; x_wconf 90' lang='lat' dir='ltr'><strong>ea</strong></span> <span class='ocrx_word' id='word_1_130' title='bbox 1063 1079 1113 1110; x_wconf 86' lang='lat' dir='ltr'><strong>re,</strong></span> <span class='ocrx_word' id='word_1_131' title='bbox 1138 1078 1210 1113; x_wconf 89' lang='lat' dir='ltr'><strong>qua</strong></span> <span class='ocrx_word' id='word_1_132' title='bbox 1234 1067 1278 1103; x_wconf 91' lang='lat' dir='ltr'><strong>de</strong></span> 
     </span>
     <span class='ocr_line' id='line_1_19' title="bbox 190 1112 1276 1159; baseline -0.001 -9"><span class='ocrx_word' id='word_1_133' title='bbox 190 1114 318 1159; x_wconf 83' lang='lat' dir='ltr'><strong>agitur,</strong></span> <span class='ocrx_word' id='word_1_134' title='bbox 338 1113 593 1159; x_wconf 89' lang='lat' dir='ltr'><strong>praeiudicium</strong></span> <span class='ocrx_word' id='word_1_135' title='bbox 612 1113 802 1149; x_wconf 85' lang='lat' dir='ltr'><strong>hereditati</strong></span> <span class='ocrx_word' id='word_1_136' title='bbox 821 1123 894 1148; x_wconf 90' lang='lat' dir='ltr'><strong>non</strong></span> <span class='ocrx_word' id='word_1_137' title='bbox 905 1112 994 1148; x_wconf 89' lang='lat' dir='ltr'><strong>fiat’.</strong></span> <span class='ocrx_word' id='word_1_138' title='bbox 1026 1113 1123 1158; x_wconf 87' lang='lat' dir='ltr'><strong>quod</strong></span> <span class='ocrx_word' id='word_1_139' title='bbox 1143 1114 1173 1149; x_wconf 91' lang='lat' dir='ltr'><strong>si</strong></span> <span class='ocrx_word' id='word_1_140' title='bbox 1193 1123 1276 1158; x_wconf 90' lang='lat' dir='ltr'><strong>pos-</strong></span> 
     </span>
     <span class='ocr_line' id='line_1_20' title="bbox 190 1158 1277 1203; baseline -0.002 -8"><span class='ocrx_word' id='word_1_141' title='bbox 190 1159 306 1195; x_wconf 90' lang='lat' dir='ltr'><strong>sideat</strong></span> <span class='ocrx_word' id='word_1_142' title='bbox 329 1169 407 1194; x_wconf 90' lang='lat' dir='ltr'><strong>eam</strong></span> <span class='ocrx_word' id='word_1_143' title='bbox 430 1162 586 1203; x_wconf 88' lang='lat' dir='ltr'><strong>partem,</strong></span> <span class='ocrx_word' id='word_1_144' title='bbox 618 1158 703 1194; x_wconf 88' lang='lat' dir='ltr'><strong>licet</strong></span> <span class='ocrx_word' id='word_1_145' title='bbox 725 1162 873 1203; x_wconf 86' lang='lat' dir='ltr'><strong>negetur</strong></span> <span class='ocrx_word' id='word_1_146' title='bbox 897 1168 975 1194; x_wconf 87' lang='lat' dir='ltr'><strong>esse</strong></span> <span class='ocrx_word' id='word_1_147' title='bbox 1007 1158 1172 1201; x_wconf 86' lang='lat' dir='ltr'><strong>coheres,</strong></span> <span class='ocrx_word' id='word_1_148' title='bbox 1204 1168 1277 1194; x_wconf 91' lang='lat' dir='ltr'><strong>non</strong></span> 
     </span>
     <span class='ocr_line' id='line_1_21' title="bbox 190 1202 1276 1248; baseline -0.002 -8"><span class='ocrx_word' id='word_1_149' title='bbox 190 1207 297 1240; x_wconf 90' lang='lat' dir='ltr'><strong>nocet</strong></span> <span class='ocrx_word' id='word_1_150' title='bbox 318 1204 401 1239; x_wconf 84' lang='lat' dir='ltr'><strong>talis</strong></span> <span class='ocrx_word' id='word_1_151' title='bbox 426 1204 604 1248; x_wconf 86' lang='lat' dir='ltr'><strong>exceptio:</strong></span> <span class='ocrx_word' id='word_1_152' title='bbox 638 1213 708 1248; x_wconf 91' lang='lat' dir='ltr'><strong>quo</strong></span> <span class='ocrx_word' id='word_1_153' title='bbox 732 1203 791 1245; x_wconf 88' lang='lat' dir='ltr'><strong>fit,</strong></span> <span class='ocrx_word' id='word_1_154' title='bbox 815 1206 857 1238; x_wconf 92' lang='lat' dir='ltr'><strong>ut</strong></span> <span class='ocrx_word' id='word_1_155' title='bbox 879 1213 921 1238; x_wconf 93' lang='lat' dir='ltr'><strong>eo</strong></span> <span class='ocrx_word' id='word_1_156' title='bbox 947 1213 1035 1239; x_wconf 87' lang='lat' dir='ltr'><strong>casu</strong></span> <span class='ocrx_word' id='word_1_157' title='bbox 1057 1203 1136 1248; x_wconf 92' lang='lat' dir='ltr'><strong>ipse</strong></span> <span class='ocrx_word' id='word_1_158' title='bbox 1158 1202 1276 1246; x_wconf 90' lang='lat' dir='ltr'><strong>iudex,</strong></span> 
     </span>
     <span class='ocr_line' id='line_1_22' title="bbox 189 1248 1276 1295; baseline -0.002 -10"><span class='ocrx_word' id='word_1_159' title='bbox 189 1249 287 1295; x_wconf 90' lang='lat' dir='ltr'><strong>apud</strong></span> <span class='ocrx_word' id='word_1_160' title='bbox 309 1259 413 1294; x_wconf 91' lang='lat' dir='ltr'><strong>quem</strong></span> <span class='ocrx_word' id='word_1_161' title='bbox 436 1249 504 1284; x_wconf 90' lang='lat' dir='ltr'><strong>hoc</strong></span> <span class='ocrx_word' id='word_1_162' title='bbox 527 1248 697 1283; x_wconf 89' lang='lat' dir='ltr'><strong>iudicium</strong></span> <span class='ocrx_word' id='word_1_163' title='bbox 721 1248 855 1292; x_wconf 88' lang='lat' dir='ltr'><strong>agitur,</strong></span> <span class='ocrx_word' id='word_1_164' title='bbox 889 1252 1101 1293; x_wconf 83' lang='lat' dir='ltr'><strong>cognoscat,</strong></span> <span class='ocrx_word' id='word_1_165' title='bbox 1135 1258 1184 1284; x_wconf 86' lang='lat' dir='ltr'><strong>an</strong></span> <span class='ocrx_word' id='word_1_166' title='bbox 1215 1258 1276 1284; x_wconf 91' lang='lat' dir='ltr'><strong>co-</strong></span> 
     </span>
     <span class='ocr_line' id='line_1_23' title="bbox 189 1292 1278 1339; baseline -0.001 -10"><span class='ocrx_word' id='word_1_167' title='bbox 189 1294 294 1330; x_wconf 87' lang='lat' dir='ltr'><strong>heres</strong></span> <span class='ocrx_word' id='word_1_168' title='bbox 325 1294 390 1329; x_wconf 90' lang='lat' dir='ltr'><strong>sit:</strong></span> <span class='ocrx_word' id='word_1_169' title='bbox 427 1293 496 1328; x_wconf 90' lang='lat' dir='ltr'><strong>nisi</strong></span> <span class='ocrx_word' id='word_1_170' title='bbox 529 1293 621 1329; x_wconf 90' lang='lat' dir='ltr'><strong>enim</strong></span> <span class='ocrx_word' id='word_1_171' title='bbox 653 1293 801 1329; x_wconf 89' lang='lat' dir='ltr'><strong>coheres</strong></span> <span class='ocrx_word' id='word_1_172' title='bbox 833 1293 897 1336; x_wconf 84' lang='lat' dir='ltr'><strong>sit,</strong></span> <span class='ocrx_word' id='word_1_173' title='bbox 933 1304 1048 1339; x_wconf 91' lang='lat' dir='ltr'><strong>neque</strong></span> <span class='ocrx_word' id='word_1_174' title='bbox 1079 1292 1278 1329; x_wconf 87' lang='lat' dir='ltr'><strong>adiudicari</strong></span> 
     </span>
     <span class='ocr_line' id='line_1_24' title="bbox 190 1337 1275 1385; baseline -0.001 -11"><span class='ocrx_word' id='word_1_175' title='bbox 190 1339 271 1385; x_wconf 90' lang='lat' dir='ltr'><strong>quic</strong></span> <span class='ocrx_word' id='word_1_176' title='bbox 296 1349 379 1374; x_wconf 86' lang='lat' dir='ltr'><strong>uam</strong></span> <span class='ocrx_word' id='word_1_177' title='bbox 411 1339 442 1374; x_wconf 91' lang='lat' dir='ltr'><strong>ei</strong></span> <span class='ocrx_word' id='word_1_178' title='bbox 474 1342 615 1383; x_wconf 86' lang='lat' dir='ltr'><strong>oportet</strong></span> <span class='ocrx_word' id='word_1_179' title='bbox 645 1348 761 1383; x_wconf 86' lang='lat' dir='ltr'><strong>neque</strong></span> <span class='ocrx_word' id='word_1_180' title='bbox 792 1337 1017 1374; x_wconf 89' lang='lat' dir='ltr'><strong>adversarius</strong></span> <span class='ocrx_word' id='word_1_181' title='bbox 1049 1338 1082 1374; x_wconf 89' lang='lat' dir='ltr'><strong>ei</strong></span> <span class='ocrx_word' id='word_1_182' title='bbox 1106 1338 1275 1374; x_wconf 87' lang='lat' dir='ltr'><strong>condem-</strong></span> 
     </span>
     <span class='ocr_line' id='line_1_25' title="bbox 189 1386 420 1419; baseline 0 0"><span class='ocrx_word' id='word_1_183' title='bbox 189 1394 262 1419; x_wconf 89' lang='lat' dir='ltr'><strong>nan</strong></span> <span class='ocrx_word' id='word_1_184' title='bbox 289 1394 331 1419; x_wconf 91' lang='lat' dir='ltr'><strong>us</strong></span> <span class='ocrx_word' id='word_1_185' title='bbox 356 1386 420 1419; x_wconf 88' lang='lat' dir='ltr'><strong>est.</strong></span> 
     </span>
    </p>

    <p class='ocr_par' dir='ltr' id='par_1_5' title="bbox 186 1427 1279 2374">
     <span class='ocr_line' id='line_1_26' title="bbox 235 1427 1279 1466; baseline -0.002 -1"><span class='ocrx_word' id='word_1_186' title='bbox 235 1427 261 1466; x_wconf 88' lang='lat'><strong>2</strong></span> <span class='ocrx_word' id='word_1_187' title='bbox 292 1428 486 1464; x_wconf 71' lang='lat' dir='ltr'><em>ULPIANUS</em></span> <span class='ocrx_word' id='word_1_188' title='bbox 511 1428 602 1464; x_wconf 79' lang='lat' dir='ltr'><strong>libro</strong></span> <span class='ocrx_word' id='word_1_189' title='bbox 633 1439 729 1464; x_wconf 82' lang='lat' dir='ltr'><strong>nono</strong></span> <span class='ocrx_word' id='word_1_190' title='bbox 761 1427 897 1464; x_wconf 83' lang='lat' dir='ltr'><strong>decimo</strong></span> <span class='ocrx_word' id='word_1_191' title='bbox 929 1428 979 1464; x_wconf 86' lang='lat' dir='ltr'><strong>ad</strong></span> <span class='ocrx_word' id='word_1_192' title='bbox 1008 1428 1163 1465; x_wconf 78' lang='lat' dir='ltr'><strong>edictum</strong></span> <span class='ocrx_word' id='word_1_193' title='bbox 1208 1428 1279 1464; x_wconf 91' lang='lat' dir='ltr'><strong>Per</strong></span> 
     </span>
     <span class='ocr_line' id='line_1_27' title="bbox 188 1472 1279 1516; baseline 0 -7"><span class='ocrx_word' id='word_1_194' title='bbox 188 1474 344 1509; x_wconf 84' lang='lat' dir='ltr'><strong>familiae</strong></span> <span class='ocrx_word' id='word_1_195' title='bbox 356 1473 588 1509; x_wconf 83' lang='lat' dir='ltr'><strong>erciscundae</strong></span> <span class='ocrx_word' id='word_1_196' title='bbox 608 1473 785 1508; x_wconf 85' lang='lat' dir='ltr'><strong>actionem</strong></span> <span class='ocrx_word' id='word_1_197' title='bbox 805 1472 974 1508; x_wconf 87' lang='lat' dir='ltr'><strong>dividitur</strong></span> <span class='ocrx_word' id='word_1_198' title='bbox 992 1473 1185 1516; x_wconf 87' lang='lat' dir='ltr'><strong>hereditas,</strong></span> <span class='ocrx_word' id='word_1_199' title='bbox 1206 1473 1279 1509; x_wconf 90' lang='lat' dir='ltr'><strong>sive</strong></span> 
     </span>
     <span class='ocr_line' id='line_1_28' title="bbox 189 1518 1277 1564; baseline -0.001 -9"><span class='ocrx_word' id='word_1_200' title='bbox 189 1529 234 1555; x_wconf 86' lang='lat' dir='ltr'><strong>ex</strong></span> <span class='ocrx_word' id='word_1_201' title='bbox 256 1521 470 1554; x_wconf 89' lang='lat' dir='ltr'><strong>testamento</strong></span> <span class='ocrx_word' id='word_1_202' title='bbox 495 1518 568 1554; x_wconf 89' lang='lat' dir='ltr'><strong>sive</strong></span> <span class='ocrx_word' id='word_1_203' title='bbox 591 1518 637 1553; x_wconf 87' lang='lat' dir='ltr'><strong>ab</strong></span> <span class='ocrx_word' id='word_1_204' title='bbox 660 1518 850 1561; x_wconf 91' lang='lat' dir='ltr'><strong>intestato,</strong></span> <span class='ocrx_word' id='word_1_205' title='bbox 875 1518 949 1554; x_wconf 89' lang='lat' dir='ltr'><strong>sive</strong></span> <span class='ocrx_word' id='word_1_206' title='bbox 973 1529 1018 1553; x_wconf 89' lang='lat' dir='ltr'><strong>ex</strong></span> <span class='ocrx_word' id='word_1_207' title='bbox 1042 1519 1119 1564; x_wconf 86' lang='lat' dir='ltr'><strong>lege</strong></span> <span class='ocrx_word' id='word_1_208' title='bbox 1143 1518 1277 1554; x_wconf 89' lang='lat' dir='ltr'><strong>duode-</strong></span> 
     </span>
     <span class='ocr_line' id='line_1_29' title="bbox 189 1563 1278 1609; baseline 0 -10"><span class='ocrx_word' id='word_1_209' title='bbox 189 1564 258 1600; x_wconf 93' lang='lat' dir='ltr'><strong>cim</strong></span> <span class='ocrx_word' id='word_1_210' title='bbox 280 1563 484 1598; x_wconf 86' lang='lat' dir='ltr'><strong>tabularum</strong></span> <span class='ocrx_word' id='word_1_211' title='bbox 507 1563 580 1599; x_wconf 89' lang='lat' dir='ltr'><strong>sive</strong></span> <span class='ocrx_word' id='word_1_212' title='bbox 603 1573 647 1599; x_wconf 87' lang='lat' dir='ltr'><strong>ex</strong></span> <span class='ocrx_word' id='word_1_213' title='bbox 671 1563 814 1608; x_wconf 79' lang='lat' dir='ltr'><strong>aliqua⁸</strong></span> <span class='ocrx_word' id='word_1_214' title='bbox 836 1563 913 1609; x_wconf 85' lang='lat' dir='ltr'><strong>lege</strong></span> <span class='ocrx_word' id='word_1_215' title='bbox 936 1563 1116 1599; x_wconf 82' lang='lat' dir='ltr'><strong>deferatur</strong></span> <span class='ocrx_word' id='word_1_216' title='bbox 1139 1563 1278 1599; x_wconf 90' lang='lat' dir='ltr'><strong>heredi·</strong></span> 
     </span>
     <span class='ocr_line' id='line_1_30' title="bbox 187 1608 1276 1644; baseline 0.001 -1"><span class='ocrx_word' id='word_1_217' title='bbox 187 1613 245 1644; x_wconf 90' lang='lat' dir='ltr'><strong>tas</strong></span> <span class='ocrx_word' id='word_1_218' title='bbox 275 1609 331 1644; x_wconf 89' lang='lat' dir='ltr'><strong>vel</strong></span> <span class='ocrx_word' id='word_1_219' title='bbox 362 1618 406 1643; x_wconf 91' lang='lat' dir='ltr'><strong>ex</strong></span> <span class='ocrx_word' id='word_1_220' title='bbox 436 1612 583 1644; x_wconf 90' lang='lat' dir='ltr'><strong>senatus</strong></span> <span class='ocrx_word' id='word_1_221' title='bbox 608 1609 771 1644; x_wconf 86' lang='lat' dir='ltr'><strong>consulto</strong></span> <span class='ocrx_word' id='word_1_222' title='bbox 795 1608 850 1644; x_wconf 91' lang='lat' dir='ltr'><strong>vel</strong></span> <span class='ocrx_word' id='word_1_223' title='bbox 874 1609 980 1644; x_wconf 89' lang='lat' dir='ltr'><strong>etiam</strong></span> <span class='ocrx_word' id='word_1_224' title='bbox 1005 1609 1276 1644; x_wconf 87' lang='lat' dir='ltr'><strong>constitutione:</strong></span> 
     </span>
     <span class='ocr_line' id='line_1_31' title="bbox 189 1653 1276 1699; baseline -0.001 -9"><span class='ocrx_word' id='word_1_225' title='bbox 189 1658 226 1690; x_wconf 90' lang='lat' dir='ltr'><strong>et</strong></span> <span class='ocrx_word' id='word_1_226' title='bbox 254 1653 466 1699; x_wconf 83' lang='lat' dir='ltr'><strong>generaliter</strong></span> <span class='ocrx_word' id='word_1_227' title='bbox 496 1663 620 1689; x_wconf 91' lang='lat' dir='ltr'><strong>eorum</strong></span> <span class='ocrx_word' id='word_1_228' title='bbox 652 1653 840 1689; x_wconf 87' lang='lat' dir='ltr'><strong>dumtaxat</strong></span> <span class='ocrx_word' id='word_1_229' title='bbox 863 1653 971 1689; x_wconf 90' lang='lat' dir='ltr'><strong>dividi</strong></span> <span class='ocrx_word' id='word_1_230' title='bbox 993 1654 1173 1690; x_wconf 87' lang='lat' dir='ltr'><strong>hereditas</strong></span> <span class='ocrx_word' id='word_1_231' title='bbox 1211 1664 1276 1699; x_wconf 90' lang='lat' dir='ltr'><strong>po-</strong></span> 
     </span>
     <span class='ocr_line' id='line_1_32' title="bbox 191 1698 1278 1744; baseline 0 -10"><span class='ocrx_word' id='word_1_232' title='bbox 191 1703 205 1734; x_wconf 91' lang='lat' dir='ltr'><strong>i</strong></span> <span class='ocrx_word' id='word_1_233' title='bbox 240 1702 330 1742; x_wconf 88' lang='lat' dir='ltr'><strong>test,</strong></span> <span class='ocrx_word' id='word_1_234' title='bbox 363 1709 513 1744; x_wconf 90' lang='lat' dir='ltr'><strong>quorum</strong></span> <span class='ocrx_word' id='word_1_235' title='bbox 535 1699 610 1744; x_wconf 90' lang='lat' dir='ltr'><strong>peti</strong></span> <span class='ocrx_word' id='word_1_236' title='bbox 632 1702 753 1744; x_wconf 89' lang='lat' dir='ltr'><strong>potest</strong></span> <span class='ocrx_word' id='word_1_237' title='bbox 775 1698 968 1735; x_wconf 80' lang='lat' dir='ltr'><strong>hereditas.</strong></span> <span class='ocrx_word' id='word_1_238' title='bbox 1016 1699 1054 1734; x_wconf 91' lang='lat' dir='ltr'><strong>Si</strong></span> <span class='ocrx_word' id='word_1_239' title='bbox 1077 1702 1208 1744; x_wconf 89' lang='lat' dir='ltr'><strong>quarta</strong></span> <span class='ocrx_word' id='word_1_240' title='bbox 1231 1698 1278 1734; x_wconf 86' lang='lat' dir='ltr'><strong>ad</strong></span> 
     </span>
     <span class='ocr_line' id='line_1_33' title="bbox 188 1743 1277 1790; baseline -0.001 -10"><span class='ocrx_word' id='word_1_241' title='bbox 188 1744 342 1790; x_wconf 81' lang='lat' dir='ltr'><strong>aliquem</strong></span> <span class='ocrx_word' id='word_1_242' title='bbox 372 1754 417 1779; x_wconf 88' lang='lat' dir='ltr'><strong>ex</strong></span> <span class='ocrx_word' id='word_1_243' title='bbox 447 1744 701 1780; x_wconf 90' lang='lat' dir='ltr'><strong>constitutione</strong></span> <span class='ocrx_word' id='word_1_244' title='bbox 732 1743 803 1779; x_wconf 89' lang='lat' dir='ltr'><strong>divi</strong></span> <span class='ocrx_word' id='word_1_245' title='bbox 825 1744 881 1779; x_wconf 91' lang='lat' dir='ltr'><strong>Pii</strong></span> <span class='ocrx_word' id='word_1_246' title='bbox 904 1743 1115 1789; x_wconf 88' lang='lat' dir='ltr'><strong>adrogatum</strong></span> <span class='ocrx_word' id='word_1_247' title='bbox 1139 1743 1277 1779; x_wconf 83' lang='lat' dir='ltr'><strong>defera-</strong></span> 
     </span>
     <span class='ocr_line' id='line_1_34' title="bbox 188 1788 1278 1834; baseline 0.001 -10"><span class='ocrx_word' id='word_1_248' title='bbox 188 1794 264 1832; x_wconf 85' lang='lat' dir='ltr'><strong>tur,</strong></span> <span class='ocrx_word' id='word_1_249' title='bbox 298 1788 383 1834; x_wconf 88' lang='lat' dir='ltr'><strong>quia</strong></span> <span class='ocrx_word' id='word_1_250' title='bbox 404 1788 463 1824; x_wconf 90' lang='lat' dir='ltr'><strong>hic</strong></span> <span class='ocrx_word' id='word_1_251' title='bbox 487 1798 603 1834; x_wconf 92' lang='lat' dir='ltr'><strong>neque</strong></span> <span class='ocrx_word' id='word_1_252' title='bbox 626 1789 731 1824; x_wconf 87' lang='lat' dir='ltr'><strong>heres</strong></span> <span class='ocrx_word' id='word_1_253' title='bbox 753 1799 870 1834; x_wconf 90' lang='lat' dir='ltr'><strong>neque</strong></span> <span class='ocrx_word' id='word_1_254' title='bbox 892 1789 1068 1824; x_wconf 88' lang='lat' dir='ltr'><strong>bonorum</strong></span> <span class='ocrx_word' id='word_1_255' title='bbox 1091 1799 1278 1834; x_wconf 87' lang='lat' dir='ltr'><strong>possessor</strong></span> 
     </span>
     <span class='ocr_line' id='line_1_35' title="bbox 188 1833 1276 1877; baseline 0.001 -8"><span class='ocrx_word' id='word_1_256' title='bbox 188 1834 247 1877; x_wconf 85' lang='lat' dir='ltr'><strong>fit,</strong></span> <span class='ocrx_word' id='word_1_257' title='bbox 279 1834 366 1869; x_wconf 87' lang='lat' dir='ltr'><strong>utile</strong></span> <span class='ocrx_word' id='word_1_258' title='bbox 389 1833 457 1869; x_wconf 89' lang='lat' dir='ltr'><strong>erit</strong></span> <span class='ocrx_word' id='word_1_259' title='bbox 478 1833 635 1869; x_wconf 85' lang='lat' dir='ltr'><strong>familiae</strong></span> <span class='ocrx_word' id='word_1_260' title='bbox 659 1834 893 1869; x_wconf 84' lang='lat' dir='ltr'><strong>erciscundae</strong></span> <span class='ocrx_word' id='word_1_261' title='bbox 914 1834 1087 1870; x_wconf 89' lang='lat' dir='ltr'><strong>iudicium</strong></span> <span class='ocrx_word' id='word_1_262' title='bbox 1110 1844 1276 1870; x_wconf 88' lang='lat' dir='ltr'><strong>necessa-</strong></span> 
     </span>
     <span class='ocr_line' id='line_1_36' title="bbox 188 1878 1275 1925; baseline 0 -11"><span class='ocrx_word' id='word_1_263' title='bbox 188 1882 208 1914; x_wconf 91' lang='lat'><strong>2</strong></span> <span class='ocrx_word' id='word_1_264' title='bbox 255 1879 365 1914; x_wconf 84' lang='lat' dir='ltr'><strong>rium:</strong></span> <span class='ocrx_word' id='word_1_265' title='bbox 402 1879 492 1914; x_wconf 89' lang='lat' dir='ltr'><strong>Item</strong></span> <span class='ocrx_word' id='word_1_266' title='bbox 523 1879 554 1915; x_wconf 94' lang='lat' dir='ltr'><strong>si</strong></span> <span class='ocrx_word' id='word_1_267' title='bbox 584 1878 648 1914; x_wconf 87' lang='lat' dir='ltr'><strong>filii</strong></span> <span class='ocrx_word' id='word_1_268' title='bbox 677 1879 832 1915; x_wconf 82' lang='lat' dir='ltr'><strong>familias</strong></span> <span class='ocrx_word' id='word_1_269' title='bbox 862 1879 983 1915; x_wconf 89' lang='lat' dir='ltr'><strong>militis</strong></span> <span class='ocrx_word' id='word_1_270' title='bbox 1016 1879 1195 1925; x_wconf 91' lang='lat' dir='ltr'><strong>peculium</strong></span> <span class='ocrx_word' id='word_1_271' title='bbox 1219 1879 1275 1915; x_wconf 88' lang='lat' dir='ltr'><strong>sit.</strong></span> 
     </span>
     <span class='ocr_line' id='line_1_37' title="bbox 186 1923 1276 1970; baseline -0.004 -6"><span class='ocrx_word' id='word_1_272' title='bbox 186 1923 317 1964; x_wconf 81' lang='lat' dir='ltr'><strong>fortius</strong></span> <span class='ocrx_word' id='word_1_273' title='bbox 329 1924 344 1948; x_wconf 80' lang='lat'><strong>⁹</strong></span> <span class='ocrx_word' id='word_1_274' title='bbox 368 1923 510 1961; x_wconf 82' lang='lat' dir='ltr'><strong>defendi</strong></span> <span class='ocrx_word' id='word_1_275' title='bbox 532 1927 653 1970; x_wconf 90' lang='lat' dir='ltr'><strong>potest</strong></span> <span class='ocrx_word' id='word_1_276' title='bbox 669 1924 903 1960; x_wconf 86' lang='lat' dir='ltr'><strong>hereditatem</strong></span> <span class='ocrx_word' id='word_1_277' title='bbox 923 1924 1085 1960; x_wconf 85' lang='lat' dir='ltr'><strong>effectam</strong></span> <span class='ocrx_word' id='word_1_278' title='bbox 1105 1935 1170 1970; x_wconf 91' lang='lat' dir='ltr'><strong>per</strong></span> <span class='ocrx_word' id='word_1_279' title='bbox 1191 1935 1276 1960; x_wconf 91' lang='lat' dir='ltr'><strong>con-</strong></span> 
     </span>
     <span class='ocr_line' id='line_1_38' title="bbox 188 1969 1276 2013; baseline -0.002 -6"><span class='ocrx_word' id='word_1_280' title='bbox 188 1976 208 2008; x_wconf 83' lang='lat'><strong>3</strong></span> <span class='ocrx_word' id='word_1_281' title='bbox 257 1971 478 2013; x_wconf 88' lang='lat' dir='ltr'><strong>stitutiones‚</strong></span> <span class='ocrx_word' id='word_1_282' title='bbox 512 1974 548 2006; x_wconf 91' lang='lat' dir='ltr'><strong>et</strong></span> <span class='ocrx_word' id='word_1_283' title='bbox 576 1969 657 2006; x_wconf 91' lang='lat' dir='ltr'><strong>ideo</strong></span> <span class='ocrx_word' id='word_1_284' title='bbox 690 1970 760 2006; x_wconf 89' lang='lat' dir='ltr'><strong>hoc</strong></span> <span class='ocrx_word' id='word_1_285' title='bbox 775 1971 804 1991; x_wconf 86' lang='lat'><strong>¹⁰</strong></span> <span class='ocrx_word' id='word_1_286' title='bbox 826 1969 957 2005; x_wconf 90' lang='lat' dir='ltr'><strong>iudicio</strong></span> <span class='ocrx_word' id='word_1_287' title='bbox 982 1970 1083 2006; x_wconf 89' lang='lat' dir='ltr'><strong>locus</strong></span> <span class='ocrx_word' id='word_1_288' title='bbox 1110 1970 1186 2005; x_wconf 90' lang='lat' dir='ltr'><strong>erit.</strong></span> <span class='ocrx_word' id='word_1_289' title='bbox 1235 1970 1276 2004; x_wconf 90' lang='lat' dir='ltr'><strong>In</strong></span> 
     </span>
     <span class='ocr_line' id='line_1_39' title="bbox 187 2015 1278 2060; baseline -0.003 -7"><span class='ocrx_word' id='word_1_290' title='bbox 187 2017 343 2053; x_wconf 82' lang='lat' dir='ltr'><strong>familiae</strong></span> <span class='ocrx_word' id='word_1_291' title='bbox 367 2015 599 2052; x_wconf 87' lang='lat' dir='ltr'><strong>erciscundae</strong></span> <span class='ocrx_word' id='word_1_292' title='bbox 621 2015 753 2051; x_wconf 91' lang='lat' dir='ltr'><strong>iudicio</strong></span> <span class='ocrx_word' id='word_1_293' title='bbox 777 2025 870 2051; x_wconf 91' lang='lat' dir='ltr'><strong>unus</strong></span> <span class='ocrx_word' id='word_1_294' title='bbox 896 2015 1023 2060; x_wconf 90' lang='lat' dir='ltr'><strong>uisque</strong></span> <span class='ocrx_word' id='word_1_295' title='bbox 1047 2015 1218 2050; x_wconf 88' lang='lat' dir='ltr'><strong>heredum</strong></span> <span class='ocrx_word' id='word_1_296' title='bbox 1241 2020 1278 2050; x_wconf 91' lang='lat' dir='ltr'><strong>et</strong></span> 
     </span>
     <span class='ocr_line' id='line_1_40' title="bbox 188 2060 1276 2105; baseline -0.004 -7"><span class='ocrx_word' id='word_1_297' title='bbox 188 2066 209 2098; x_wconf 83' lang='lat'>4</span> <span class='ocrx_word' id='word_1_298' title='bbox 255 2062 307 2097; x_wconf 89' lang='lat' dir='ltr'><strong>rei</strong></span> <span class='ocrx_word' id='word_1_299' title='bbox 331 2064 367 2097; x_wconf 86' lang='lat' dir='ltr'><strong>et</strong></span> <span class='ocrx_word' id='word_1_300' title='bbox 391 2060 521 2096; x_wconf 89' lang='lat' dir='ltr'><strong>actoris</strong></span> <span class='ocrx_word' id='word_1_301' title='bbox 545 2063 667 2105; x_wconf 88' lang='lat' dir='ltr'><strong>partes</strong></span> <span class='ocrx_word' id='word_1_302' title='bbox 690 2060 854 2096; x_wconf 89' lang='lat' dir='ltr'><strong>sustinet.</strong></span> <span class='ocrx_word' id='word_1_303' title='bbox 925 2060 1138 2095; x_wconf 91' lang='lat' dir='ltr'><strong>ubitandum</strong></span> <span class='ocrx_word' id='word_1_304' title='bbox 1158 2063 1276 2095; x_wconf 90' lang='lat' dir='ltr'><strong>autem</strong></span> 
     </span>
     <span class='ocr_line' id='line_1_41' title="bbox 189 2105 1277 2151; baseline -0.003 -8"><span class='ocrx_word' id='word_1_305' title='bbox 189 2118 261 2143; x_wconf 91' lang='lat' dir='ltr'><strong>non</strong></span> <span class='ocrx_word' id='word_1_306' title='bbox 286 2110 358 2148; x_wconf 87' lang='lat' dir='ltr'><strong>est,</strong></span> <span class='ocrx_word' id='word_1_307' title='bbox 391 2106 474 2151; x_wconf 91' lang='lat' dir='ltr'><strong>quin</strong></span> <span class='ocrx_word' id='word_1_308' title='bbox 498 2105 655 2141; x_wconf 86' lang='lat' dir='ltr'><strong>familiae</strong></span> <span class='ocrx_word' id='word_1_309' title='bbox 679 2105 911 2141; x_wconf 88' lang='lat' dir='ltr'><strong>erciscundae</strong></span> <span class='ocrx_word' id='word_1_310' title='bbox 932 2105 1102 2141; x_wconf 89' lang='lat' dir='ltr'><strong>iudicium</strong></span> <span class='ocrx_word' id='word_1_311' title='bbox 1125 2109 1162 2141; x_wconf 91' lang='lat' dir='ltr'><strong>et</strong></span> <span class='ocrx_word' id='word_1_312' title='bbox 1184 2105 1277 2140; x_wconf 89' lang='lat' dir='ltr'><strong>inter</strong></span> 
     </span>
     <span class='ocr_line' id='line_1_42' title="bbox 189 2150 1277 2198; baseline -0.003 -10"><span class='ocrx_word' id='word_1_313' title='bbox 189 2156 209 2188; x_wconf 83' lang='lat'><strong>5</strong></span> <span class='ocrx_word' id='word_1_314' title='bbox 256 2152 445 2198; x_wconf 86' lang='lat' dir='ltr'><strong>pauciores</strong></span> <span class='ocrx_word' id='word_1_315' title='bbox 477 2151 625 2185; x_wconf 88' lang='lat' dir='ltr'><strong>heredes</strong></span> <span class='ocrx_word' id='word_1_316' title='bbox 658 2161 702 2186; x_wconf 88' lang='lat' dir='ltr'><strong>ex</strong></span> <span class='ocrx_word' id='word_1_317' title='bbox 730 2151 892 2196; x_wconf 91' lang='lat' dir='ltr'><strong>pluribus</strong></span> <span class='ocrx_word' id='word_1_318' title='bbox 925 2150 1041 2195; x_wconf 84' lang='lat' dir='ltr'><strong>accipi</strong></span> <span class='ocrx_word' id='word_1_319' title='bbox 1063 2150 1187 2196; x_wconf 90' lang='lat' dir='ltr'><strong>possit.</strong></span> <span class='ocrx_word' id='word_1_320' title='bbox 1235 2151 1277 2185; x_wconf 91' lang='lat' dir='ltr'><strong>In</strong></span> 
     </span>
     <span class='ocr_line' id='line_1_43' title="bbox 187 2195 1275 2238; baseline -0.003 -5"><span class='ocrx_word' id='word_1_321' title='bbox 187 2198 259 2233; x_wconf 89' lang='lat' dir='ltr'><strong>hoc</strong></span> <span class='ocrx_word' id='word_1_322' title='bbox 282 2196 452 2232; x_wconf 88' lang='lat' dir='ltr'><strong>iudicium</strong></span> <span class='ocrx_word' id='word_1_323' title='bbox 477 2196 543 2231; x_wconf 90' lang='lat' dir='ltr'><strong>etsi</strong></span> <span class='ocrx_word' id='word_1_324' title='bbox 566 2196 710 2231; x_wconf 89' lang='lat' dir='ltr'><strong>nomina</strong></span> <span class='ocrx_word' id='word_1_325' title='bbox 733 2206 806 2231; x_wconf 94' lang='lat' dir='ltr'><strong>non</strong></span> <span class='ocrx_word' id='word_1_326' title='bbox 828 2195 985 2237; x_wconf 90' lang='lat' dir='ltr'><strong>veniunt,</strong></span> <span class='ocrx_word' id='word_1_327' title='bbox 1011 2200 1142 2238; x_wconf 90' lang='lat' dir='ltr'><strong>tamen,</strong></span> <span class='ocrx_word' id='word_1_328' title='bbox 1166 2195 1196 2230; x_wconf 90' lang='lat' dir='ltr'><strong>si</strong></span> <span class='ocrx_word' id='word_1_329' title='bbox 1213 2195 1275 2230; x_wconf 90' lang='lat' dir='ltr'><strong>sti-</strong></span> 
     </span>
     <span class='ocr_line' id='line_1_44' title="bbox 187 2240 1277 2288; baseline -0.001 -11"><span class='ocrx_word' id='word_1_330' title='bbox 187 2242 389 2288; x_wconf 89' lang='lat' dir='ltr'><strong>pulationes</strong></span> <span class='ocrx_word' id='word_1_331' title='bbox 412 2241 644 2286; x_wconf 87' lang='lat' dir='ltr'><strong>interpositae</strong></span> <span class='ocrx_word' id='word_1_332' title='bbox 666 2240 800 2277; x_wconf 84' lang='lat' dir='ltr'><strong>fuerint</strong></span> <span class='ocrx_word' id='word_1_333' title='bbox 822 2240 867 2276; x_wconf 89' lang='lat' dir='ltr'><strong>de</strong></span> <span class='ocrx_word' id='word_1_334' title='bbox 886 2241 1057 2276; x_wconf 90' lang='lat' dir='ltr'><strong>divisione</strong></span> <span class='ocrx_word' id='word_1_335' title='bbox 1077 2251 1211 2283; x_wconf 91' lang='lat' dir='ltr'><strong>eorum,</strong></span> <span class='ocrx_word' id='word_1_336' title='bbox 1237 2244 1277 2276; x_wconf 90' lang='lat' dir='ltr'><strong>ut</strong></span> 
     </span>
     <span class='ocr_line' id='line_1_45' title="bbox 188 2285 1276 2323; baseline -0.003 0"><span class='ocrx_word' id='word_1_337' title='bbox 188 2291 304 2323; x_wconf 90' lang='lat' dir='ltr'><strong>stetur</strong></span> <span class='ocrx_word' id='word_1_338' title='bbox 334 2287 367 2323; x_wconf 89' lang='lat' dir='ltr'><strong>ei</strong></span> <span class='ocrx_word' id='word_1_339' title='bbox 391 2290 426 2322; x_wconf 90' lang='lat' dir='ltr'><strong>et</strong></span> <span class='ocrx_word' id='word_1_340' title='bbox 448 2290 490 2322; x_wconf 94' lang='lat' dir='ltr'><strong>ut</strong></span> <span class='ocrx_word' id='word_1_341' title='bbox 512 2286 602 2321; x_wconf 87' lang='lat' dir='ltr'><strong>alter</strong></span> <span class='ocrx_word' id='word_1_342' title='bbox 626 2286 729 2322; x_wconf 89' lang='lat' dir='ltr'><strong>alteri</strong></span> <span class='ocrx_word' id='word_1_343' title='bbox 752 2285 898 2321; x_wconf 86' lang='lat' dir='ltr'><strong>mandet</strong></span> <span class='ocrx_word' id='word_1_344' title='bbox 921 2285 1080 2322; x_wconf 87' lang='lat' dir='ltr'><strong>actiones</strong></span> <span class='ocrx_word' id='word_1_345' title='bbox 1129 2295 1276 2321; x_wconf 86' lang='lat' dir='ltr'><strong>rocura-</strong></span> 
     </span>
     <span class='ocr_line' id='line_1_46' title="bbox 187 2330 1275 2374; baseline -0.003 -6"><span class='ocrx_word' id='word_1_346' title='bbox 187 2336 300 2369; x_wconf 91' lang='lat' dir='ltr'><strong>torem</strong></span> <span class='ocrx_word' id='word_1_347' title='bbox 325 2342 371 2367; x_wconf 92' lang='lat' dir='ltr'><strong>ue</strong></span> <span class='ocrx_word' id='word_1_348' title='bbox 394 2342 474 2367; x_wconf 91' lang='lat' dir='ltr'><strong>eum</strong></span> <span class='ocrx_word' id='word_1_349' title='bbox 497 2331 534 2366; x_wconf 91' lang='lat' dir='ltr'><strong>in</strong></span> <span class='ocrx_word' id='word_1_350' title='bbox 557 2341 660 2367; x_wconf 88' lang='lat' dir='ltr'><strong>suam</strong></span> <span class='ocrx_word' id='word_1_351' title='bbox 683 2341 758 2367; x_wconf 91' lang='lat' dir='ltr'><strong>rem</strong></span> <span class='ocrx_word' id='word_1_352' title='bbox 780 2330 903 2374; x_wconf 84' lang='lat' dir='ltr'><strong>faciat,</strong></span> <span class='ocrx_word' id='word_1_353' title='bbox 928 2331 1083 2366; x_wconf 90' lang='lat' dir='ltr'><strong>stabitur</strong></span> <span class='ocrx_word' id='word_1_354' title='bbox 1128 2330 1275 2367; x_wconf 65' lang='lat' dir='ltr'><strong>’visioni</strong></span> 
     </span>
    </p>

    <p class='ocr_par' dir='ltr' id='par_1_6' title="bbox 188 2343 1278 2953">
     <span class='ocr_line' id='line_1_47' title="bbox 233 2343 1276 2428; baseline -0.004 -13"><span class='ocrx_word' id='word_1_355' title='bbox 233 2374 258 2415; x_wconf 89' lang='grc'><strong><em>3</em></strong></span> <span class='ocrx_word' id='word_1_356' title='bbox 287 2343 410 2414; x_wconf 59' lang='grc' dir='ltr'><em>ἐᾼιυε</em></span> <span class='ocrx_word' id='word_1_357' title='bbox 418 2377 510 2413; x_wconf 82' lang='lat' dir='ltr'><strong>libro</strong></span> <span class='ocrx_word' id='word_1_358' title='bbox 522 2377 673 2423; x_wconf 69' lang='lat' dir='ltr'><strong>septimo</strong></span> <span class='ocrx_word' id='word_1_359' title='bbox 683 2376 733 2412; x_wconf 87' lang='lat' dir='ltr'><strong>ad</strong></span> <span class='ocrx_word' id='word_1_360' title='bbox 743 2375 896 2412; x_wconf 79' lang='lat' dir='ltr'><strong>edictum</strong></span> <span class='ocrx_word' id='word_1_361' title='bbox 903 2376 1132 2428; x_wconf 61' lang='lat' dir='ltr'><strong>provinciale</strong></span> <span class='ocrx_word' id='word_1_362' title='bbox 1164 2376 1276 2428; x_wconf 78' lang='lat' dir='ltr'><strong>Plane</strong></span> 
     </span>
     <span class='ocr_line' id='line_1_48' title="bbox 188 2420 1277 2463; baseline -0.001 -6"><span class='ocrx_word' id='word_1_363' title='bbox 188 2422 235 2458; x_wconf 88' lang='lat' dir='ltr'><strong>ad</strong></span> <span class='ocrx_word' id='word_1_364' title='bbox 258 2421 415 2457; x_wconf 84' lang='lat' dir='ltr'><strong>officium</strong></span> <span class='ocrx_word' id='word_1_365' title='bbox 439 2421 566 2457; x_wconf 91' lang='lat' dir='ltr'><strong>iudicis</strong></span> <span class='ocrx_word' id='word_1_366' title='bbox 590 2432 748 2457; x_wconf 91' lang='lat' dir='ltr'><strong>nonnum</strong></span> <span class='ocrx_word' id='word_1_367' title='bbox 773 2431 857 2456; x_wconf 90' lang='lat' dir='ltr'><strong>uam</strong></span> <span class='ocrx_word' id='word_1_368' title='bbox 905 2424 1051 2463; x_wconf 89' lang='lat' dir='ltr'><strong>ertinet‚</strong></span> <span class='ocrx_word' id='word_1_369' title='bbox 1083 2424 1125 2456; x_wconf 87' lang='lat' dir='ltr'><strong>ut</strong></span> <span class='ocrx_word' id='word_1_370' title='bbox 1155 2420 1277 2456; x_wconf 87' lang='lat' dir='ltr'><strong>debita</strong></span> 
     </span>
     <span class='ocr_line' id='line_1_49' title="bbox 189 2465 1275 2512; baseline -0.002 -9"><span class='ocrx_word' id='word_1_371' title='bbox 189 2471 224 2504; x_wconf 94' lang='lat' dir='ltr'><strong>et</strong></span> <span class='ocrx_word' id='word_1_372' title='bbox 266 2467 401 2503; x_wconf 88' lang='lat' dir='ltr'><strong>credita</strong></span> <span class='ocrx_word' id='word_1_373' title='bbox 435 2467 580 2512; x_wconf 88' lang='lat' dir='ltr'><strong>singulis</strong></span> <span class='ocrx_word' id='word_1_374' title='bbox 614 2477 681 2512; x_wconf 90' lang='lat' dir='ltr'><strong>pro</strong></span> <span class='ocrx_word' id='word_1_375' title='bbox 716 2477 755 2502; x_wconf 90' lang='lat' dir='ltr'><strong>so</strong></span> <span class='ocrx_word' id='word_1_376' title='bbox 773 2466 829 2502; x_wconf 87' lang='lat' dir='ltr'><strong>’do</strong></span> <span class='ocrx_word' id='word_1_377' title='bbox 902 2466 922 2474; x_wconf 84' lang='lat'><strong>&#39;‘</strong></span> <span class='ocrx_word' id='word_1_378' title='bbox 978 2466 1050 2501; x_wconf 88' lang='lat' dir='ltr'><strong>alia</strong></span> <span class='ocrx_word' id='word_1_379' title='bbox 1083 2465 1275 2508; x_wconf 86' lang='lat' dir='ltr'><strong>adtribuat,</strong></span> 
     </span>
     <span class='ocr_line' id='line_1_50' title="bbox 189 2511 1277 2558; baseline -0.001 -11"><span class='ocrx_word' id='word_1_380' title='bbox 189 2512 272 2558; x_wconf 90' lang='lat' dir='ltr'><strong>quia</strong></span> <span class='ocrx_word' id='word_1_381' title='bbox 295 2522 403 2557; x_wconf 89' lang='lat' dir='ltr'><strong>saepe</strong></span> <span class='ocrx_word' id='word_1_382' title='bbox 426 2515 463 2547; x_wconf 89' lang='lat' dir='ltr'><strong>et</strong></span> <span class='ocrx_word' id='word_1_383' title='bbox 485 2512 616 2548; x_wconf 92' lang='lat' dir='ltr'><strong>solutio</strong></span> <span class='ocrx_word' id='word_1_384' title='bbox 640 2515 676 2547; x_wconf 90' lang='lat' dir='ltr'><strong>et</strong></span> <span class='ocrx_word' id='word_1_385' title='bbox 699 2511 838 2547; x_wconf 85' lang='lat' dir='ltr'><strong>exactio</strong></span> <span class='ocrx_word' id='word_1_386' title='bbox 888 2511 1018 2547; x_wconf 91' lang='lat' dir='ltr'><strong>artium</strong></span> <span class='ocrx_word' id='word_1_387' title='bbox 1040 2522 1113 2547; x_wconf 91' lang='lat' dir='ltr'><strong>non</strong></span> <span class='ocrx_word' id='word_1_388' title='bbox 1131 2511 1277 2546; x_wconf 87' lang='lat' dir='ltr'><strong>minima</strong></span> 
     </span>
     <span class='ocr_line' id='line_1_51' title="bbox 188 2556 1275 2593; baseline -0.002 0"><span class='ocrx_word' id='word_1_389' title='bbox 188 2557 413 2593; x_wconf 88' lang='lat' dir='ltr'><strong>incommoda</strong></span> <span class='ocrx_word' id='word_1_390' title='bbox 434 2557 554 2593; x_wconf 90' lang='lat' dir='ltr'><strong>habet.</strong></span> <span class='ocrx_word' id='word_1_391' title='bbox 591 2567 658 2593; x_wconf 92' lang='lat' dir='ltr'><strong>nec</strong></span> <span class='ocrx_word' id='word_1_392' title='bbox 676 2560 798 2592; x_wconf 89' lang='lat' dir='ltr'><strong>tamen</strong></span> <span class='ocrx_word' id='word_1_393' title='bbox 818 2567 856 2592; x_wconf 91' lang='lat' dir='ltr'><strong>sc</strong></span> <span class='ocrx_word' id='word_1_394' title='bbox 885 2556 955 2592; x_wconf 89' lang='lat' dir='ltr'><strong>‘cet</strong></span> <span class='ocrx_word' id='word_1_395' title='bbox 973 2557 1063 2592; x_wconf 90' lang='lat' dir='ltr'><strong>haec</strong></span> <span class='ocrx_word' id='word_1_396' title='bbox 1082 2556 1275 2592; x_wconf 88' lang='lat' dir='ltr'><strong>adtributio</strong></span> 
     </span>
     <span class='ocr_line' id='line_1_52' title="bbox 188 2601 1276 2647; baseline -0.001 -10"><span class='ocrx_word' id='word_1_397' title='bbox 188 2602 274 2637; x_wconf 90' lang='lat' dir='ltr'><strong>illud</strong></span> <span class='ocrx_word' id='word_1_398' title='bbox 306 2601 435 2644; x_wconf 84' lang='lat' dir='ltr'><strong>efficit,</strong></span> <span class='ocrx_word' id='word_1_399' title='bbox 472 2606 512 2636; x_wconf 91' lang='lat' dir='ltr'><strong>ut</strong></span> <span class='ocrx_word' id='word_1_400' title='bbox 545 2602 623 2647; x_wconf 88' lang='lat' dir='ltr'><strong>quis</strong></span> <span class='ocrx_word' id='word_1_401' title='bbox 655 2602 752 2638; x_wconf 93' lang='lat' dir='ltr'><strong>solus</strong></span> <span class='ocrx_word' id='word_1_402' title='bbox 784 2604 898 2637; x_wconf 90' lang='lat' dir='ltr'><strong>totum</strong></span> <span class='ocrx_word' id='word_1_403' title='bbox 931 2601 1061 2637; x_wconf 88' lang='lat' dir='ltr'><strong>debeat</strong></span> <span class='ocrx_word' id='word_1_404' title='bbox 1083 2601 1138 2637; x_wconf 92' lang='lat' dir='ltr'><strong>vel</strong></span> <span class='ocrx_word' id='word_1_405' title='bbox 1160 2605 1276 2637; x_wconf 88' lang='lat' dir='ltr'><strong>totum</strong></span> 
     </span>
     <span class='ocr_line' id='line_1_53' title="bbox 189 2646 1276 2692; baseline 0 -11"><span class='ocrx_word' id='word_1_406' title='bbox 189 2646 295 2682; x_wconf 89' lang='lat' dir='ltr'><strong>alicui</strong></span> <span class='ocrx_word' id='word_1_407' title='bbox 319 2647 386 2682; x_wconf 91' lang='lat' dir='ltr'><strong>soli</strong></span> <span class='ocrx_word' id='word_1_408' title='bbox 409 2646 592 2690; x_wconf 90' lang='lat' dir='ltr'><strong>debeatur,</strong></span> <span class='ocrx_word' id='word_1_409' title='bbox 617 2647 681 2683; x_wconf 90' lang='lat' dir='ltr'><strong>sed</strong></span> <span class='ocrx_word' id='word_1_410' title='bbox 704 2651 755 2690; x_wconf 90' lang='lat' dir='ltr'><strong>ut,</strong></span> <span class='ocrx_word' id='word_1_411' title='bbox 779 2647 852 2682; x_wconf 90' lang='lat' dir='ltr'><strong>sive</strong></span> <span class='ocrx_word' id='word_1_412' title='bbox 871 2646 1046 2692; x_wconf 86' lang='lat' dir='ltr'><strong>agendum</strong></span> <span class='ocrx_word' id='word_1_413' title='bbox 1066 2647 1122 2690; x_wconf 86' lang='lat' dir='ltr'><strong>sit,</strong></span> <span class='ocrx_word' id='word_1_414' title='bbox 1146 2647 1276 2691; x_wconf 90' lang='lat' dir='ltr'><strong>partim</strong></span> 
     </span>
     <span class='ocr_line' id='line_1_54' title="bbox 190 2692 1275 2743; baseline 0.001 -17"><span class='ocrx_word' id='word_1_415' title='bbox 190 2702 255 2727; x_wconf 88' lang='lat' dir='ltr'><strong>suo</strong></span> <span class='ocrx_word' id='word_1_416' title='bbox 279 2692 407 2737; x_wconf 86' lang='lat' dir='ltr'><strong>partim</strong></span> <span class='ocrx_word' id='word_1_417' title='bbox 431 2692 677 2743; x_wconf 78' lang='lat' dir='ltr'><strong>procuratorio</strong></span> <span class='ocrx_word' id='word_1_418' title='bbox 710 2692 853 2727; x_wconf 90' lang='lat' dir='ltr'><strong>nomine</strong></span> <span class='ocrx_word' id='word_1_419' title='bbox 883 2695 984 2736; x_wconf 91' lang='lat' dir='ltr'><strong>agat,</strong></span> <span class='ocrx_word' id='word_1_420' title='bbox 1017 2692 1090 2728; x_wconf 84' lang='lat' dir='ltr'><strong>sive</strong></span> <span class='ocrx_word' id='word_1_421' title='bbox 1122 2702 1202 2727; x_wconf 93' lang='lat' dir='ltr'><strong>cum</strong></span> <span class='ocrx_word' id='word_1_422' title='bbox 1234 2702 1275 2727; x_wconf 94' lang='lat' dir='ltr'><strong>eo</strong></span> 
     </span>
     <span class='ocr_line' id='line_1_55' title="bbox 190 2736 1275 2783; baseline 0 -11"><span class='ocrx_word' id='word_1_423' title='bbox 190 2740 328 2782; x_wconf 80' lang='lat' dir='ltr'><strong>agatur,</strong></span> <span class='ocrx_word' id='word_1_424' title='bbox 351 2740 481 2781; x_wconf 90' lang='lat' dir='ltr'><strong>partim</strong></span> <span class='ocrx_word' id='word_1_425' title='bbox 506 2747 570 2773; x_wconf 88' lang='lat' dir='ltr'><strong>suo</strong></span> <span class='ocrx_word' id='word_1_426' title='bbox 595 2738 726 2782; x_wconf 88' lang='lat' dir='ltr'><strong>partim</strong></span> <span class='ocrx_word' id='word_1_427' title='bbox 749 2737 997 2783; x_wconf 88' lang='lat' dir='ltr'><strong>procuratorio</strong></span> <span class='ocrx_word' id='word_1_428' title='bbox 1023 2736 1165 2772; x_wconf 89' lang='lat' dir='ltr'><strong>nomine</strong></span> <span class='ocrx_word' id='word_1_429' title='bbox 1189 2747 1275 2772; x_wconf 90' lang='lat' dir='ltr'><strong>con-</strong></span> 
     </span>
     <span class='ocr_line' id='line_1_56' title="bbox 189 2781 1278 2828; baseline 0 -12"><span class='ocrx_word' id='word_1_430' title='bbox 189 2781 358 2817; x_wconf 87' lang='lat' dir='ltr'><strong>veniatur.</strong></span> <span class='ocrx_word' id='word_1_431' title='bbox 407 2792 489 2816; x_wconf 90' lang='lat' dir='ltr'><strong>nam</strong></span> <span class='ocrx_word' id='word_1_432' title='bbox 523 2781 605 2817; x_wconf 87' lang='lat' dir='ltr'><strong>licet</strong></span> <span class='ocrx_word' id='word_1_433' title='bbox 638 2783 751 2818; x_wconf 86' lang='lat' dir='ltr'><strong>libera</strong></span> <span class='ocrx_word' id='word_1_434' title='bbox 785 2786 946 2828; x_wconf 89' lang='lat' dir='ltr'><strong>potestas</strong></span> <span class='ocrx_word' id='word_1_435' title='bbox 981 2792 1060 2818; x_wconf 89' lang='lat' dir='ltr'><strong>esse</strong></span> <span class='ocrx_word' id='word_1_436' title='bbox 1073 2783 1099 2803; x_wconf 88' lang='lat'><strong>¹¹</strong></span> <span class='ocrx_word' id='word_1_437' title='bbox 1134 2786 1278 2818; x_wconf 86' lang='lat' dir='ltr'><strong>maneat</strong></span> 
     </span>
     <span class='ocr_line' id='line_1_57' title="bbox 191 2826 1276 2873; baseline 0.001 -12"><span class='ocrx_word' id='word_1_438' title='bbox 191 2826 426 2862; x_wconf 87' lang='lat' dir='ltr'><strong>creditoribus</strong></span> <span class='ocrx_word' id='word_1_439' title='bbox 450 2836 532 2861; x_wconf 90' lang='lat' dir='ltr'><strong>cum</strong></span> <span class='ocrx_word' id='word_1_440' title='bbox 566 2827 712 2873; x_wconf 86' lang='lat' dir='ltr'><strong>singulis</strong></span> <span class='ocrx_word' id='word_1_441' title='bbox 744 2827 968 2872; x_wconf 89' lang='lat' dir='ltr'><strong>experiundi,</strong></span> <span class='ocrx_word' id='word_1_442' title='bbox 1002 2831 1122 2863; x_wconf 88' lang='lat' dir='ltr'><strong>tamen</strong></span> <span class='ocrx_word' id='word_1_443' title='bbox 1154 2830 1191 2863; x_wconf 85' lang='lat' dir='ltr'><strong>et</strong></span> <span class='ocrx_word' id='word_1_444' title='bbox 1222 2827 1276 2862; x_wconf 89' lang='lat' dir='ltr'><strong>his</strong></span> 
     </span>
     <span class='ocr_line' id='line_1_58' title="bbox 189 2871 1275 2917; baseline 0 -10"><span class='ocrx_word' id='word_1_445' title='bbox 189 2871 302 2907; x_wconf 89' lang='lat' dir='ltr'><strong>libera</strong></span> <span class='ocrx_word' id='word_1_446' title='bbox 324 2874 483 2916; x_wconf 87' lang='lat' dir='ltr'><strong>potestas</strong></span> <span class='ocrx_word' id='word_1_447' title='bbox 508 2875 563 2906; x_wconf 89' lang='lat' dir='ltr'><strong>est</strong></span> <span class='ocrx_word' id='word_1_448' title='bbox 586 2882 650 2907; x_wconf 90' lang='lat' dir='ltr'><strong>suo</strong></span> <span class='ocrx_word' id='word_1_449' title='bbox 674 2872 753 2908; x_wconf 93' lang='lat' dir='ltr'><strong>loco</strong></span> <span class='ocrx_word' id='word_1_450' title='bbox 775 2872 1014 2908; x_wconf 88' lang='lat' dir='ltr'><strong>substituendi</strong></span> <span class='ocrx_word' id='word_1_451' title='bbox 1035 2883 1107 2915; x_wconf 90' lang='lat' dir='ltr'><strong>eos,</strong></span> <span class='ocrx_word' id='word_1_452' title='bbox 1131 2872 1167 2907; x_wconf 93' lang='lat' dir='ltr'><strong>in</strong></span> <span class='ocrx_word' id='word_1_453' title='bbox 1187 2883 1275 2917; x_wconf 89' lang='lat' dir='ltr'><strong>quos</strong></span> 
     </span>
     <span class='ocr_line' id='line_1_59' title="bbox 191 2916 1086 2953; baseline 0 -1"><span class='ocrx_word' id='word_1_454' title='bbox 191 2926 301 2952; x_wconf 88' lang='lat' dir='ltr'><strong>onera</strong></span> <span class='ocrx_word' id='word_1_455' title='bbox 324 2916 474 2951; x_wconf 89' lang='lat' dir='ltr'><strong>actionis</strong></span> <span class='ocrx_word' id='word_1_456' title='bbox 501 2916 618 2952; x_wconf 85' lang='lat' dir='ltr'><strong>officio</strong></span> <span class='ocrx_word' id='word_1_457' title='bbox 643 2917 769 2953; x_wconf 89' lang='lat' dir='ltr'><strong>iudicis</strong></span> <span class='ocrx_word' id='word_1_458' title='bbox 793 2917 969 2953; x_wconf 88' lang='lat' dir='ltr'><strong>translata</strong></span> <span class='ocrx_word' id='word_1_459' title='bbox 992 2921 1086 2953; x_wconf 91' lang='lat' dir='ltr'><strong>sunt.</strong></span> 
     </span>
    </p>

    <p class='ocr_par' dir='ltr' id='par_1_7' title="bbox 188 2959 1277 3232">
     <span class='ocr_line' id='line_1_60' title="bbox 236 2959 1275 2998; baseline -0.001 0"><span class='ocrx_word' id='word_1_460' title='bbox 236 2959 262 2998; x_wconf 87' lang='lat'>4</span> <span class='ocrx_word' id='word_1_461' title='bbox 293 2959 488 2996; x_wconf 59' lang='lat' dir='ltr'><strong>Ulmanus</strong></span> <span class='ocrx_word' id='word_1_462' title='bbox 507 2961 597 2996; x_wconf 82' lang='lat' dir='ltr'><strong>libro</strong></span> <span class='ocrx_word' id='word_1_463' title='bbox 623 2973 717 2997; x_wconf 84' lang='lat' dir='ltr'><strong>nono</strong></span> <span class='ocrx_word' id='word_1_464' title='bbox 741 2963 877 2998; x_wconf 77' lang='lat' dir='ltr'><strong>decimo</strong></span> <span class='ocrx_word' id='word_1_465' title='bbox 900 2962 951 2998; x_wconf 84' lang='lat' dir='ltr'><strong>ad</strong></span> <span class='ocrx_word' id='word_1_466' title='bbox 972 2963 1125 2998; x_wconf 79' lang='lat' dir='ltr'><strong>edictum</strong></span> <span class='ocrx_word' id='word_1_467' title='bbox 1173 2962 1275 2997; x_wconf 88' lang='lat' dir='ltr'><strong>Cete-</strong></span> 
     </span>
     <span class='ocr_line' id='line_1_61' title="bbox 191 3005 1275 3051; baseline 0 -10"><span class='ocrx_word' id='word_1_468' title='bbox 191 3015 255 3042; x_wconf 89' lang='lat' dir='ltr'><strong>rae</strong></span> <span class='ocrx_word' id='word_1_469' title='bbox 277 3005 398 3051; x_wconf 87' lang='lat' dir='ltr'><strong>itaque</strong></span> <span class='ocrx_word' id='word_1_470' title='bbox 419 3015 477 3040; x_wconf 87' lang='lat' dir='ltr'><strong>res</strong></span> <span class='ocrx_word' id='word_1_471' title='bbox 501 3010 642 3050; x_wconf 88' lang='lat' dir='ltr'><strong>praeter</strong></span> <span class='ocrx_word' id='word_1_472' title='bbox 665 3008 809 3042; x_wconf 88' lang='lat' dir='ltr'><strong>nomina</strong></span> <span class='ocrx_word' id='word_1_473' title='bbox 839 3007 985 3043; x_wconf 90' lang='lat' dir='ltr'><strong>veniunt</strong></span> <span class='ocrx_word' id='word_1_474' title='bbox 1015 3007 1053 3042; x_wconf 92' lang='lat' dir='ltr'><strong>in</strong></span> <span class='ocrx_word' id='word_1_475' title='bbox 1083 3007 1153 3043; x_wconf 91' lang='lat' dir='ltr'><strong>hoc</strong></span> <span class='ocrx_word' id='word_1_476' title='bbox 1184 3007 1275 3042; x_wconf 89' lang='lat' dir='ltr'><strong>iudi-</strong></span> 
     </span>
     <span class='ocr_line' id='line_1_62' title="bbox 191 3050 1277 3097; baseline 0 -10"><span class='ocrx_word' id='word_1_477' title='bbox 191 3051 296 3087; x_wconf 90' lang='lat' dir='ltr'><strong>cium.</strong></span> <span class='ocrx_word' id='word_1_478' title='bbox 340 3050 395 3085; x_wconf 91' lang='lat' dir='ltr'><strong>sin</strong></span> <span class='ocrx_word' id='word_1_479' title='bbox 425 3053 544 3085; x_wconf 90' lang='lat' dir='ltr'><strong>autem</strong></span> <span class='ocrx_word' id='word_1_480' title='bbox 574 3062 701 3087; x_wconf 90' lang='lat' dir='ltr'><strong>nomen</strong></span> <span class='ocrx_word' id='word_1_481' title='bbox 732 3052 794 3087; x_wconf 91' lang='lat' dir='ltr'><strong>uni</strong></span> <span class='ocrx_word' id='word_1_482' title='bbox 825 3063 869 3088; x_wconf 85' lang='lat' dir='ltr'><strong>ex</strong></span> <span class='ocrx_word' id='word_1_483' title='bbox 900 3052 1091 3088; x_wconf 89' lang='lat' dir='ltr'><strong>heredibus</strong></span> <span class='ocrx_word' id='word_1_484' title='bbox 1121 3052 1277 3097; x_wconf 83' lang='lat' dir='ltr'><strong>legatum</strong></span> 
     </span>
     <span class='ocr_line' id='line_1_63' title="bbox 189 3094 1276 3139; baseline -0.001 -7"><span class='ocrx_word' id='word_1_485' title='bbox 189 3095 256 3139; x_wconf 85' lang='lat' dir='ltr'><strong>sit,</strong></span> <span class='ocrx_word' id='word_1_486' title='bbox 286 3094 417 3131; x_wconf 87' lang='lat' dir='ltr'><strong>iudicio</strong></span> <span class='ocrx_word' id='word_1_487' title='bbox 441 3094 595 3130; x_wconf 82' lang='lat' dir='ltr'><strong>familiae</strong></span> <span class='ocrx_word' id='word_1_488' title='bbox 618 3097 847 3133; x_wconf 87' lang='lat' dir='ltr'><strong>erciscundae</strong></span> <span class='ocrx_word' id='word_1_489' title='bbox 870 3097 940 3133; x_wconf 90' lang='lat' dir='ltr'><strong>hoc</strong></span> <span class='ocrx_word' id='word_1_490' title='bbox 962 3098 1066 3133; x_wconf 88' lang='lat' dir='ltr'><strong>heres</strong></span> <span class='ocrx_word' id='word_1_491' title='bbox 1091 3107 1198 3133; x_wconf 87' lang='lat' dir='ltr'><strong>conse</strong></span> <span class='ocrx_word' id='word_1_492' title='bbox 1223 3097 1276 3132; x_wconf 91' lang='lat' dir='ltr'><strong>ui-</strong></span> 
     </span>
     <span class='ocr_line' id='line_1_64' title="bbox 193 3109 1277 3187; baseline 0.001 -11"><span class='ocrx_word' id='word_1_493' title='bbox 193 3144 209 3176; x_wconf 91' lang='lat' dir='ltr'><strong>i</strong></span> <span class='ocrx_word' id='word_1_494' title='bbox 258 3144 329 3176; x_wconf 89' lang='lat' dir='ltr'><strong>tur.</strong></span> <span class='ocrx_word' id='word_1_495' title='bbox 376 3139 474 3175; x_wconf 88' lang='lat' dir='ltr'><strong>Mala</strong></span> <span class='ocrx_word' id='word_1_496' title='bbox 493 3140 750 3177; x_wconf 89' lang='lat' dir='ltr'><strong>medicamenta</strong></span> <span class='ocrx_word' id='word_1_497' title='bbox 769 3146 804 3177; x_wconf 91' lang='lat' dir='ltr'><strong>et</strong></span> <span class='ocrx_word' id='word_1_498' title='bbox 823 3152 959 3178; x_wconf 89' lang='lat' dir='ltr'><strong>venena</strong></span> <span class='ocrx_word' id='word_1_499' title='bbox 977 3142 1123 3178; x_wconf 90' lang='lat' dir='ltr'><strong>veniunt</strong></span> <span class='ocrx_word' id='word_1_500' title='bbox 1135 3109 1277 3187; x_wconf 60' lang='lat' dir='ltr'><strong>quidem</strong></span> 
     </span>
     <span class='ocr_line' id='line_1_65' title="bbox 188 3184 1276 3232; baseline 0 -10"><span class='ocrx_word' id='word_1_501' title='bbox 188 3185 229 3222; x_wconf 88' lang='lat' dir='ltr'><strong>in</strong></span> <span class='ocrx_word' id='word_1_502' title='bbox 250 3184 439 3227; x_wconf 88' lang='lat' dir='ltr'><strong>iudicium,</strong></span> <span class='ocrx_word' id='word_1_503' title='bbox 471 3184 534 3220; x_wconf 86' lang='lat' dir='ltr'><strong>sed</strong></span> <span class='ocrx_word' id='word_1_504' title='bbox 556 3185 664 3220; x_wconf 88' lang='lat' dir='ltr'><strong>iudex</strong></span> <span class='ocrx_word' id='word_1_505' title='bbox 687 3187 828 3222; x_wconf 90' lang='lat' dir='ltr'><strong>omnino</strong></span> <span class='ocrx_word' id='word_1_506' title='bbox 853 3187 1078 3232; x_wconf 86' lang='lat' dir='ltr'><strong>interponere</strong></span> <span class='ocrx_word' id='word_1_507' title='bbox 1101 3197 1140 3223; x_wconf 91' lang='lat' dir='ltr'><strong>se</strong></span> <span class='ocrx_word' id='word_1_508' title='bbox 1161 3187 1198 3222; x_wconf 93' lang='lat' dir='ltr'><strong>in</strong></span> <span class='ocrx_word' id='word_1_509' title='bbox 1222 3187 1276 3222; x_wconf 89' lang='lat' dir='ltr'><strong>his</strong></span> 
     </span>
    </p>
   </div>
   <div class='ocr_carea' id='block_1_5' title="bbox 189 3292 1280 3744">
    <p class='ocr_par' dir='ltr' id='par_1_8' title="bbox 189 3292 1280 3701">
     <span class='ocr_line' id='line_1_66' title="bbox 192 3292 1279 3345; baseline 0 -12"><span class='ocrx_word' id='word_1_510' title='bbox 192 3300 233 3341; x_wconf 89' lang='grc'><strong>(1)</strong></span> <span class='ocrx_word' id='word_1_511' title='bbox 258 3310 368 3345; x_wconf 77' lang='grc' dir='ltr'><strong><em>ορυγη</em></strong></span> <span class='ocrx_word' id='word_1_512' title='bbox 380 3297 442 3332; x_wconf 76' lang='lat' dir='ltr'><strong>FG</strong></span> <span class='ocrx_word' id='word_1_513' title='bbox 521 3299 566 3340; x_wconf 87' lang='grc'><strong>(2)</strong></span> <span class='ocrx_word' id='word_1_514' title='bbox 591 3292 782 3331; x_wconf 58' lang='lat' dir='ltr'><strong>«inoxium</strong></span> <span class='ocrx_word' id='word_1_515' title='bbox 793 3299 859 3334; x_wconf 76' lang='lat' dir='ltr'><strong>FG</strong></span> <span class='ocrx_word' id='word_1_516' title='bbox 928 3301 971 3342; x_wconf 82' lang='lat'><strong>(8)</strong></span> <span class='ocrx_word' id='word_1_517' title='bbox 995 3301 1044 3334; x_wconf 73' lang='lat' dir='ltr'><strong>sic</strong></span> <span class='ocrx_word' id='word_1_518' title='bbox 1055 3300 1090 3333; x_wconf 82' lang='lat' dir='ltr'><em>F</em></span> <span class='ocrx_word' id='word_1_519' title='bbox 1090 3299 1121 3334; x_wconf 83' lang='lat' dir='ltr'><em>G</em></span> <span class='ocrx_word' id='word_1_520' title='bbox 1137 3299 1279 3334; x_wconf 79' lang='lat' dir='ltr'><strong>Graeci.-</strong></span> 
     </span>
     <span class='ocr_line' id='line_1_67' title="bbox 189 3339 1280 3390; baseline 0 -13"><span class='ocrx_word' id='word_1_521' title='bbox 189 3339 337 3390; x_wconf 71' lang='grc' dir='ltr'><strong><em>τάφρον</em></strong></span> <span class='ocrx_word' id='word_1_522' title='bbox 349 3343 569 3378; x_wconf 75' lang='lat' dir='ltr'><strong>Leunclavi&#39;iu</strong></span> <span class='ocrx_word' id='word_1_523' title='bbox 582 3355 621 3376; x_wconf 73' lang='lat' dir='ltr'><strong>cx</strong></span> <span class='ocrx_word' id='word_1_524' title='bbox 634 3344 806 3377; x_wconf 75' lang='lat' dir='ltr'><strong>Plutarchi</strong></span> <span class='ocrx_word' id='word_1_525' title='bbox 816 3344 937 3378; x_wconf 80' lang='lat' dir='ltr'><strong>Solone</strong></span> <span class='ocrx_word' id='word_1_526' title='bbox 950 3357 976 3378; x_wconf 88' lang='lat' dir='ltr'><strong>c.</strong></span> <span class='ocrx_word' id='word_1_527' title='bbox 992 3351 1027 3380; x_wconf 78' lang='lat'><strong>2³</strong></span> <span class='ocrx_word' id='word_1_528' title='bbox 1165 3346 1207 3386; x_wconf 73' lang='grc'><strong>(4)</strong></span> <span class='ocrx_word' id='word_1_529' title='bbox 1234 3341 1280 3377; x_wconf 80' lang='grc' dir='ltr'><strong><em>ἂν</em></strong></span> 
     </span>
     <span class='ocr_line' id='line_1_68' title="bbox 194 3383 1277 3431; baseline 0 -9"><span class='ocrx_word' id='word_1_530' title='bbox 194 3390 253 3422; x_wconf 77' lang='lat' dir='ltr'><strong>im.</strong></span> <span class='ocrx_word' id='word_1_531' title='bbox 337 3390 380 3431; x_wconf 80' lang='lat'><strong>(5)</strong></span> <span class='ocrx_word' id='word_1_532' title='bbox 406 3383 598 3422; x_wconf 81' lang='grc' dir='ltr'><strong><em>ἆπολιπειν</em></strong></span> <span class='ocrx_word' id='word_1_533' title='bbox 611 3388 644 3420; x_wconf 84' lang='lat' dir='ltr'><em>F</em></span> <span class='ocrx_word' id='word_1_534' title='bbox 645 3388 674 3421; x_wconf 83' lang='lat' dir='ltr'><em>G</em></span> <span class='ocrx_word' id='word_1_535' title='bbox 766 3390 809 3428; x_wconf 89' lang='grc'><strong>(6)</strong></span> <span class='ocrx_word' id='word_1_536' title='bbox 836 3390 872 3421; x_wconf 74' lang='lat' dir='ltr'><strong>id</strong></span> <span class='ocrx_word' id='word_1_537' title='bbox 883 3397 929 3422; x_wconf 70' lang='lat' dir='ltr'><strong>est</strong></span> <span class='ocrx_word' id='word_1_538' title='bbox 938 3402 950 3422; x_wconf 94' lang='grc'><strong>.·</strong></span> <span class='ocrx_word' id='word_1_539' title='bbox 964 3390 1002 3422; x_wconf 84' lang='lat' dir='ltr'><strong>Si</strong></span> <span class='ocrx_word' id='word_1_540' title='bbox 1015 3389 1092 3431; x_wconf 88' lang='lat' dir='ltr'><strong>quis</strong></span> <span class='ocrx_word' id='word_1_541' title='bbox 1102 3390 1277 3422; x_wconf 83' lang='lat' dir='ltr'><strong>maceriem</strong></span> 
     </span>
     <span class='ocr_line' id='line_1_69' title="bbox 191 3433 1277 3477; baseline 0 -10"><span class='ocrx_word' id='word_1_542' title='bbox 191 3434 287 3467; x_wconf 81' lang='lat' dir='ltr'><strong>iuxta</strong></span> <span class='ocrx_word' id='word_1_543' title='bbox 296 3433 471 3477; x_wconf 85' lang='lat' dir='ltr'><strong>praedium</strong></span> <span class='ocrx_word' id='word_1_544' title='bbox 483 3433 629 3465; x_wconf 86' lang='lat' dir='ltr'><strong>alienum</strong></span> <span class='ocrx_word' id='word_1_545' title='bbox 644 3433 805 3473; x_wconf 84' lang='lat' dir='ltr'><strong>aedificet,</strong></span> <span class='ocrx_word' id='word_1_546' title='bbox 818 3434 915 3466; x_wconf 88' lang='lat' dir='ltr'><strong>finem</strong></span> <span class='ocrx_word' id='word_1_547' title='bbox 927 3445 969 3467; x_wconf 85' lang='lat' dir='ltr'><strong>ne</strong></span> <span class='ocrx_word' id='word_1_548' title='bbox 981 3435 1151 3467; x_wconf 85' lang='lat' dir='ltr'><strong>excedito:</strong></span> <span class='ocrx_word' id='word_1_549' title='bbox 1165 3434 1197 3468; x_wconf 85' lang='lat' dir='ltr'><strong>si</strong></span> <span class='ocrx_word' id='word_1_550' title='bbox 1205 3445 1277 3467; x_wconf 91' lang='lat' dir='ltr'><strong>mu·</strong></span> 
     </span>
     <span class='ocr_line' id='line_1_70' title="bbox 191 3476 1278 3522; baseline 0 -10"><span class='ocrx_word' id='word_1_551' title='bbox 191 3489 277 3518; x_wconf 84' lang='lat' dir='ltr'><strong>rum,</strong></span> <span class='ocrx_word' id='word_1_552' title='bbox 298 3478 395 3522; x_wconf 81' lang='lat' dir='ltr'><strong>pedis</strong></span> <span class='ocrx_word' id='word_1_553' title='bbox 406 3476 621 3511; x_wconf 82' lang='lat' dir='ltr'><strong>intervallum</strong></span> <span class='ocrx_word' id='word_1_554' title='bbox 634 3481 724 3509; x_wconf 80' lang='lat' dir='ltr'><strong>esto:</strong></span> <span class='ocrx_word' id='word_1_555' title='bbox 748 3478 777 3509; x_wconf 79' lang='lat' dir='ltr'><strong>si</strong></span> <span class='ocrx_word' id='word_1_556' title='bbox 800 3478 907 3518; x_wconf 86' lang='lat' dir='ltr'><strong>aedes,</strong></span> <span class='ocrx_word' id='word_1_557' title='bbox 931 3479 1054 3521; x_wconf 86' lang='lat' dir='ltr'><strong>pedum</strong></span> <span class='ocrx_word' id='word_1_558' title='bbox 1074 3479 1226 3512; x_wconf 89' lang='lat' dir='ltr'><strong>duorum.</strong></span> <span class='ocrx_word' id='word_1_559' title='bbox 1247 3479 1278 3512; x_wconf 77' lang='lat' dir='ltr'><strong>si</strong></span> 
     </span>
     <span class='ocr_line' id='line_1_71' title="bbox 193 3522 1277 3602; baseline 0.002 -1"><span class='ocrx_word' id='word_1_560' title='bbox 193 3522 1027 3601; x_wconf 49' lang='lat' dir='ltr'><strong>:333⁰‘tfflz&#39;ffmiffldnffi¹.⁸.zzffbzm3233&amp;</strong></span> <span class='ocrx_word' id='word_1_561' title='bbox 1051 3524 1277 3602; x_wconf 64' lang='lat'><strong>‘3¹²²”‘⁸1⁸¹²³·</strong></span> 
     </span>
     <span class='ocr_line' id='line_1_72' title="bbox 193 3578 1276 3656; baseline 0.001 -10"><span class='ocrx_word' id='word_1_562' title='bbox 193 3579 350 3646; x_wconf 45' lang='lat' dir='ltr'><strong>autumnat</strong></span> <span class='ocrx_word' id='word_1_563' title='bbox 362 3613 459 3646; x_wconf 79' lang='lat' dir='ltr'><strong>ficum</strong></span> <span class='ocrx_word' id='word_1_564' title='bbox 473 3622 591 3645; x_wconf 85' lang='lat' dir='ltr'><strong>novem</strong></span> <span class='ocrx_word' id='word_1_565' title='bbox 603 3612 704 3656; x_wconf 80' lang='lat' dir='ltr'><strong>pedes</strong></span> <span class='ocrx_word' id='word_1_566' title='bbox 716 3610 757 3644; x_wconf 88' lang='lat' dir='ltr'><strong>ab</strong></span> <span class='ocrx_word' id='word_1_567' title='bbox 773 3578 1276 3656; x_wconf 51' lang='grc' dir='ltr'><strong>ειΙίοηοΡεετίιο,ἰ-ιέἱῗ&lt;ῗιξ;ηἶὲζὲ</strong></span> 
     </span>
     <span class='ocr_line' id='line_1_73' title="bbox 194 3657 523 3701; baseline 0.003 -12"><span class='ocrx_word' id='word_1_568' title='bbox 194 3669 246 3691; x_wconf 84' lang='lat' dir='ltr'><strong>res</strong></span> <span class='ocrx_word' id='word_1_569' title='bbox 259 3659 408 3701; x_wconf 87' lang='lat' dir='ltr'><strong>quinque</strong></span> <span class='ocrx_word' id='word_1_570' title='bbox 422 3657 523 3700; x_wconf 83' lang='lat' dir='ltr'><strong>pedes</strong></span> 
     </span>
    </p>

    <p class='ocr_par' dir='ltr' id='par_1_9' title="bbox 241 3702 1274 3744">
     <span class='ocr_line' id='line_1_74' title="bbox 241 3702 1274 3744; baseline 0.005 -9"><span class='ocrx_word' id='word_1_571' title='bbox 241 3704 283 3740; x_wconf 86' lang='lat'><strong>(7)</strong></span> <span class='ocrx_word' id='word_1_572' title='bbox 308 3703 373 3736; x_wconf 79' lang='lat' dir='ltr'><strong>Ed.</strong></span> <span class='ocrx_word' id='word_1_573' title='bbox 395 3709 471 3736; x_wconf 59' lang='lat' dir='ltr'><strong>imo.</strong></span> <span class='ocrx_word' id='word_1_574' title='bbox 489 3709 587 3737; x_wconf 53' lang='lat' dir='ltr'><strong>amn.</strong></span> <span class='ocrx_word' id='word_1_575' title='bbox 609 3708 724 3735; x_wconf 57' lang='lat' dir='ltr'><strong>umso.</strong></span> <span class='ocrx_word' id='word_1_576' title='bbox 747 3709 792 3735; x_wconf 74' lang='lat'><strong>55.</strong></span> <span class='ocrx_word' id='word_1_577' title='bbox 813 3708 869 3739; x_wconf 65' lang='grc' dir='ltr'><strong>οὓς</strong></span> <span class='ocrx_word' id='word_1_578' title='bbox 897 3702 980 3744; x_wconf 82' lang='lat' dir='ltr'><strong>Pap.</strong></span> <span class='ocrx_word' id='word_1_579' title='bbox 996 3709 1203 3738; x_wconf 74' lang='grc' dir='ltr'><strong>τ.13.31...41.</strong></span> <span class='ocrx_word' id='word_1_580' title='bbox 1218 3710 1274 3741; x_wconf 58' lang='grc' dir='ltr'><strong>ὅτε</strong></span> 
     </span>
    </p>
   </div>
   <div class='ocr_carea' id='block_1_6' title="bbox 1262 88 1343 138">
    <p class='ocr_par' dir='ltr' id='par_1_10' title="bbox 1262 88 1343 138">
     <span class='ocr_line' id='line_1_75' title="bbox 1262 88 1343 138; baseline 0 0"><span class='ocrx_word' id='word_1_581' title='bbox 1262 88 1343 138; x_wconf 83' lang='lat'><strong>138</strong></span> 
     </span>
    </p>
   </div>
   <div class='ocr_carea' id='block_1_7' title="bbox 2221 106 2436 139">
    <p class='ocr_par' dir='ltr' id='par_1_11' title="bbox 2221 106 2436 139">
     <span class='ocr_line' id='line_1_76' title="bbox 2221 106 2436 139; baseline 0.005 -1"><span class='ocrx_word' id='word_1_582' title='bbox 2221 106 2436 139; x_wconf 65' lang='lat' dir='ltr'><strong>ramma</strong></span> 
     </span>
    </p>
   </div>
   <div class='ocr_carea' id='block_1_8' title="bbox 1344 213 2440 3229">
    <p class='ocr_par' dir='ltr' id='par_1_12' title="bbox 1346 213 2438 789">
     <span class='ocr_line' id='line_1_77' title="bbox 1347 213 2435 266; baseline 0.006 -18"><span class='ocrx_word' id='word_1_583' title='bbox 1347 224 1420 249; x_wconf 92' lang='lat' dir='ltr'><strong>non</strong></span> <span class='ocrx_word' id='word_1_584' title='bbox 1434 213 1574 266; x_wconf 39' lang='lat' dir='ltr'><strong>,debetx</strong></span> <span class='ocrx_word' id='word_1_585' title='bbox 1606 214 1691 251; x_wconf 89' lang='lat' dir='ltr'><strong>boni</strong></span> <span class='ocrx_word' id='word_1_586' title='bbox 1721 216 1816 252; x_wconf 88' lang='lat' dir='ltr'><strong>enim</strong></span> <span class='ocrx_word' id='word_1_587' title='bbox 1838 220 1876 252; x_wconf 89' lang='lat' dir='ltr'><strong>et</strong></span> <span class='ocrx_word' id='word_1_588' title='bbox 1898 216 2098 253; x_wconf 90' lang='lat' dir='ltr'><strong>innocentis</strong></span> <span class='ocrx_word' id='word_1_589' title='bbox 2122 216 2188 252; x_wconf 85' lang='lat' dir='ltr'><strong>viri</strong></span> <span class='ocrx_word' id='word_1_590' title='bbox 2210 216 2330 254; x_wconf 81' lang='lat' dir='ltr'><strong>officio</strong></span> <span class='ocrx_word' id='word_1_591' title='bbox 2355 228 2435 255; x_wconf 89' lang='lat' dir='ltr'><strong>eum</strong></span> 
     </span>
     <span class='ocr_line' id='line_1_78' title="bbox 1346 258 2435 304; baseline 0.006 -10"><span class='ocrx_word' id='word_1_592' title='bbox 1346 258 1446 303; x_wconf 77' lang='lat' dir='ltr'><strong>fungi</strong></span> <span class='ocrx_word' id='word_1_593' title='bbox 1478 262 1638 304; x_wconf 82' lang='lat' dir='ltr'><strong>oportet:</strong></span> <span class='ocrx_word' id='word_1_594' title='bbox 1670 261 1882 297; x_wconf 87' lang='lat' dir='ltr'><strong>tantundem</strong></span> <span class='ocrx_word' id='word_1_595' title='bbox 1905 261 2049 297; x_wconf 89' lang='lat' dir='ltr'><strong>debebit</strong></span> <span class='ocrx_word' id='word_1_596' title='bbox 2071 261 2192 298; x_wconf 84' lang='lat' dir='ltr'><strong>facere</strong></span> <span class='ocrx_word' id='word_1_597' title='bbox 2215 266 2252 298; x_wconf 91' lang='lat' dir='ltr'><strong>et</strong></span> <span class='ocrx_word' id='word_1_598' title='bbox 2273 263 2310 298; x_wconf 87' lang='lat' dir='ltr'><strong>in</strong></span> <span class='ocrx_word' id='word_1_599' title='bbox 2334 263 2435 300; x_wconf 89' lang='lat' dir='ltr'><strong>libris</strong></span> 
     </span>
     <span class='ocr_line' id='line_1_79' title="bbox 1346 303 2435 397; baseline 0.005 -14"><span class='ocrx_word' id='word_1_600' title='bbox 1346 303 1755 386; x_wconf 52' lang='grc' dir='ltr'><strong>ἒωριξὲἓὲῗὲξῖῗὲξ</strong></span> <span class='ocrx_word' id='word_1_601' title='bbox 1763 306 1952 397; x_wconf 48' lang='grc' dir='ltr'><strong>’1,Ξῖξὲ</strong></span> <span class='ocrx_word' id='word_1_602' title='bbox 1959 306 2225 396; x_wconf 51' lang='grc' dir='ltr'><strong>οἱοὲῐῗωξέὲὲ</strong></span> <span class='ocrx_word' id='word_1_603' title='bbox 2231 308 2352 388; x_wconf 51' lang='lat' dir='ltr'><strong>ff·</strong></span> <span class='ocrx_word' id='word_1_604' title='bbox 2342 308 2435 389; x_wconf 56' lang='lat'><strong>&#39;22⁸5</strong></span> 
     </span>
     <span class='ocr_line' id='line_1_80' title="bbox 1347 393 2435 442; baseline 0.005 -14"><span class='ocrx_word' id='word_1_605' title='bbox 1347 397 1383 428; x_wconf 91' lang='lat' dir='ltr'><strong>et</strong></span> <span class='ocrx_word' id='word_1_606' title='bbox 1413 393 1444 428; x_wconf 92' lang='lat' dir='ltr'><strong>si</strong></span> <span class='ocrx_word' id='word_1_607' title='bbox 1499 393 1561 429; x_wconf 89' lang='lat' dir='ltr'><strong>uid</strong></span> <span class='ocrx_word' id='word_1_608' title='bbox 1583 404 1627 430; x_wconf 91' lang='lat' dir='ltr'><strong>ex</strong></span> <span class='ocrx_word' id='word_1_609' title='bbox 1695 395 1817 432; x_wconf 86' lang='lat' dir='ltr'><strong>culatu</strong></span> <span class='ocrx_word' id='word_1_610' title='bbox 1840 397 1895 431; x_wconf 91' lang='lat' dir='ltr'><strong>vel</strong></span> <span class='ocrx_word' id='word_1_611' title='bbox 1918 407 1962 432; x_wconf 90' lang='lat' dir='ltr'><strong>ex</strong></span> <span class='ocrx_word' id='word_1_612' title='bbox 1986 396 2169 441; x_wconf 87' lang='lat' dir='ltr'><strong>sacrilegio</strong></span> <span class='ocrx_word' id='word_1_613' title='bbox 2193 398 2393 442; x_wconf 90' lang='lat' dir='ltr'><strong>quaesitum</strong></span> <span class='ocrx_word' id='word_1_614' title='bbox 2408 399 2435 420; x_wconf 83' lang='lat'><strong>¹²</strong></span> 
     </span>
     <span class='ocr_line' id='line_1_81' title="bbox 1347 405 2435 491; baseline 0.006 -19"><span class='ocrx_word' id='word_1_615' title='bbox 1347 438 1415 473; x_wconf 91' lang='lat' dir='ltr'><strong>erit</strong></span> <span class='ocrx_word' id='word_1_616' title='bbox 1436 405 1499 491; x_wconf 51' lang='lat' dir='ltr'><strong>ve}</strong></span> <span class='ocrx_word' id='word_1_617' title='bbox 1514 439 1549 474; x_wconf 92' lang='lat' dir='ltr'><strong>vi</strong></span> <span class='ocrx_word' id='word_1_618' title='bbox 1571 443 1635 475; x_wconf 91' lang='lat' dir='ltr'><strong>aut</strong></span> <span class='ocrx_word' id='word_1_619' title='bbox 1671 440 1845 477; x_wconf 90' lang='lat' dir='ltr'><strong>atrocinio</strong></span> <span class='ocrx_word' id='word_1_620' title='bbox 1870 442 1973 476; x_wconf 80' lang='lat' dir='ltr'><strong>aut¹³</strong></span> <span class='ocrx_word' id='word_1_621' title='bbox 1995 441 2228 486; x_wconf 81' lang='lat' dir='ltr'><strong>adgressura,</strong></span> <span class='ocrx_word' id='word_1_622' title='bbox 2261 441 2330 477; x_wconf 90' lang='lat' dir='ltr'><strong>hoc</strong></span> <span class='ocrx_word' id='word_1_623' title='bbox 2362 453 2435 479; x_wconf 81' lang='lat' dir='ltr'><strong>non</strong></span> 
     </span>
     <span class='ocr_line' id='line_1_82' title="bbox 1347 482 2435 523; baseline 0.005 -5"><span class='ocrx_word' id='word_1_624' title='bbox 1347 485 1367 519; x_wconf 87' lang='lat'>3</span> <span class='ocrx_word' id='word_1_625' title='bbox 1416 482 1604 519; x_wconf 79' lang='lat' dir='ltr'><strong>dividetur.</strong></span> <span class='ocrx_word' id='word_1_626' title='bbox 1652 483 1723 520; x_wconf 89' lang='lat' dir='ltr'><strong>Sed</strong></span> <span class='ocrx_word' id='word_1_627' title='bbox 1754 489 1790 521; x_wconf 88' lang='lat' dir='ltr'><strong>et</strong></span> <span class='ocrx_word' id='word_1_628' title='bbox 1812 486 1954 522; x_wconf 87' lang='lat' dir='ltr'><strong>tabulas</strong></span> <span class='ocrx_word' id='word_1_629' title='bbox 1978 486 2181 522; x_wconf 86' lang='lat' dir='ltr'><strong>testamenti</strong></span> <span class='ocrx_word' id='word_1_630' title='bbox 2205 486 2348 522; x_wconf 91' lang='lat' dir='ltr'><strong>debebit</strong></span> <span class='ocrx_word' id='word_1_631' title='bbox 2371 492 2435 523; x_wconf 89' lang='lat' dir='ltr'><strong>aut</strong></span> 
     </span>
     <span class='ocr_line' id='line_1_83' title="bbox 1347 527 2437 582; baseline 0.006 -20"><span class='ocrx_word' id='word_1_632' title='bbox 1347 527 1444 573; x_wconf 89' lang='lat' dir='ltr'><strong>apud</strong></span> <span class='ocrx_word' id='word_1_633' title='bbox 1474 539 1573 570; x_wconf 91' lang='lat' dir='ltr'><strong>eum,</strong></span> <span class='ocrx_word' id='word_1_634' title='bbox 1607 529 1667 582; x_wconf 79' lang='lat' dir='ltr'><strong>qui</strong></span> <span class='ocrx_word' id='word_1_635' title='bbox 1698 540 1742 566; x_wconf 90' lang='lat' dir='ltr'><strong>ex</strong></span> <span class='ocrx_word' id='word_1_636' title='bbox 1772 530 1905 567; x_wconf 88' lang='lat' dir='ltr'><strong>maiore</strong></span> <span class='ocrx_word' id='word_1_637' title='bbox 1935 535 2039 576; x_wconf 90' lang='lat' dir='ltr'><strong>parte</strong></span> <span class='ocrx_word' id='word_1_638' title='bbox 2068 531 2172 567; x_wconf 89' lang='lat' dir='ltr'><strong>heres</strong></span> <span class='ocrx_word' id='word_1_639' title='bbox 2204 535 2278 574; x_wconf 88' lang='lat' dir='ltr'><strong>est,</strong></span> <span class='ocrx_word' id='word_1_640' title='bbox 2312 532 2437 568; x_wconf 87' lang='lat' dir='ltr'><strong>iubere</strong></span> 
     </span>
     <span class='ocr_line' id='line_1_84' title="bbox 1347 575 2436 621; baseline 0.004 -13"><span class='ocrx_word' id='word_1_641' title='bbox 1347 583 1492 609; x_wconf 89' lang='lat' dir='ltr'><strong>manere</strong></span> <span class='ocrx_word' id='word_1_642' title='bbox 1522 578 1587 609; x_wconf 89' lang='lat' dir='ltr'><strong>aut</strong></span> <span class='ocrx_word' id='word_1_643' title='bbox 1616 585 1653 610; x_wconf 93' lang='lat' dir='ltr'><strong>in</strong></span> <span class='ocrx_word' id='word_1_644' title='bbox 1684 575 1773 611; x_wconf 88' lang='lat' dir='ltr'><strong>aede</strong></span> <span class='ocrx_word' id='word_1_645' title='bbox 1803 575 1944 621; x_wconf 90' lang='lat' dir='ltr'><strong>deponi.</strong></span> <span class='ocrx_word' id='word_1_646' title='bbox 1980 586 2063 611; x_wconf 89' lang='lat' dir='ltr'><strong>nam</strong></span> <span class='ocrx_word' id='word_1_647' title='bbox 2093 579 2130 611; x_wconf 92' lang='lat' dir='ltr'><strong>et</strong></span> <span class='ocrx_word' id='word_1_648' title='bbox 2159 575 2281 612; x_wconf 88' lang='lat' dir='ltr'><strong>Labeo</strong></span> <span class='ocrx_word' id='word_1_649' title='bbox 2313 577 2436 613; x_wconf 88' lang='lat' dir='ltr'><strong>scribit</strong></span> 
     </span>
     <span class='ocr_line' id='line_1_85' title="bbox 1346 617 2434 667; baseline 0.005 -14"><span class='ocrx_word' id='word_1_650' title='bbox 1346 617 1490 653; x_wconf 89' lang='lat' dir='ltr'><strong>vendita</strong></span> <span class='ocrx_word' id='word_1_651' title='bbox 1521 618 1718 655; x_wconf 87' lang='lat' dir='ltr'><strong>hereditate</strong></span> <span class='ocrx_word' id='word_1_652' title='bbox 1749 620 1891 656; x_wconf 90' lang='lat' dir='ltr'><strong>tabulas</strong></span> <span class='ocrx_word' id='word_1_653' title='bbox 1923 620 2128 656; x_wconf 85' lang='lat' dir='ltr'><strong>testamenti</strong></span> <span class='ocrx_word' id='word_1_654' title='bbox 2151 620 2350 667; x_wconf 82' lang='lat' dir='ltr'><strong>descriptas</strong></span> <span class='ocrx_word' id='word_1_655' title='bbox 2374 622 2434 658; x_wconf 89' lang='lat' dir='ltr'><strong>de-</strong></span> 
     </span>
     <span class='ocr_line' id='line_1_86' title="bbox 1346 662 2436 717; baseline 0.005 -20"><span class='ocrx_word' id='word_1_656' title='bbox 1346 662 1434 708; x_wconf 90' lang='lat' dir='ltr'><strong>poni</strong></span> <span class='ocrx_word' id='word_1_657' title='bbox 1456 667 1640 709; x_wconf 82' lang='lat' dir='ltr'><strong>oportere:</strong></span> <span class='ocrx_word' id='word_1_658' title='bbox 1664 664 1831 701; x_wconf 89' lang='lat' dir='ltr'><strong>heredem</strong></span> <span class='ocrx_word' id='word_1_659' title='bbox 1851 665 1944 700; x_wconf 91' lang='lat' dir='ltr'><strong>enim</strong></span> <span class='ocrx_word' id='word_1_660' title='bbox 1963 665 2164 717; x_wconf 83' lang='lat' dir='ltr'><strong>exemplum</strong></span> <span class='ocrx_word' id='word_1_661' title='bbox 2188 665 2315 703; x_wconf 89' lang='lat' dir='ltr'><strong>debere</strong></span> <span class='ocrx_word' id='word_1_662' title='bbox 2338 666 2436 710; x_wconf 86' lang='lat' dir='ltr'><strong>dare,</strong></span> 
     </span>
     <span class='ocr_line' id='line_1_87' title="bbox 1346 708 2438 788; baseline 0.005 -45"><span class='ocrx_word' id='word_1_663' title='bbox 1346 708 1489 788; x_wconf 51' lang='lat' dir='ltr'><strong>gabulas</strong></span> <span class='ocrx_word' id='word_1_664' title='bbox 1513 719 1596 745; x_wconf 92' lang='lat' dir='ltr'><strong>vero</strong></span> <span class='ocrx_word' id='word_1_665' title='bbox 1620 709 1847 746; x_wconf 86' lang='lat' dir='ltr'><strong>authenticas</strong></span> <span class='ocrx_word' id='word_1_666' title='bbox 1870 710 1988 755; x_wconf 92' lang='lat' dir='ltr'><strong>ipsum</strong></span> <span class='ocrx_word' id='word_1_667' title='bbox 2011 714 2166 746; x_wconf 86' lang='lat' dir='ltr'><strong>retinere</strong></span> <span class='ocrx_word' id='word_1_668' title='bbox 2188 714 2252 746; x_wconf 91' lang='lat' dir='ltr'><strong>aut</strong></span> <span class='ocrx_word' id='word_1_669' title='bbox 2281 711 2318 747; x_wconf 91' lang='lat' dir='ltr'><strong>in</strong></span> <span class='ocrx_word' id='word_1_670' title='bbox 2349 712 2438 748; x_wconf 88' lang='lat' dir='ltr'><strong>aede</strong></span> 
     </span>
     <span class='ocr_line' id='line_1_88' title="bbox 1371 763 1537 789; baseline 0.006 -1"><span class='ocrx_word' id='word_1_671' title='bbox 1371 763 1390 788; x_wconf 93' lang='lat' dir='ltr'><strong>e</strong></span> <span class='ocrx_word' id='word_1_672' title='bbox 1417 763 1537 789; x_wconf 89' lang='lat' dir='ltr'><strong>onere.</strong></span> 
     </span>
    </p>

    <p class='ocr_par' dir='ltr' id='par_1_13' title="bbox 1370 798 2437 936">
     <span class='ocr_line' id='line_1_89' title="bbox 1446 798 2436 867; baseline 0.003 -33"><span class='ocrx_word' id='word_1_673' title='bbox 1446 798 1571 834; x_wconf 61' lang='lat' dir='ltr'><strong>Gaws</strong></span> <span class='ocrx_word' id='word_1_674' title='bbox 1591 798 1682 835; x_wconf 79' lang='lat' dir='ltr'><strong>libro</strong></span> <span class='ocrx_word' id='word_1_675' title='bbox 1705 799 1857 846; x_wconf 79' lang='lat' dir='ltr'><strong>septimo</strong></span> <span class='ocrx_word' id='word_1_676' title='bbox 1882 799 1932 835; x_wconf 87' lang='lat' dir='ltr'><strong>ad</strong></span> <span class='ocrx_word' id='word_1_677' title='bbox 1953 799 2107 836; x_wconf 78' lang='lat' dir='ltr'><strong>edictum</strong></span> <span class='ocrx_word' id='word_1_678' title='bbox 2124 800 2353 867; x_wconf 56' lang='lat' dir='ltr'><strong>provinciale</strong></span> <span class='ocrx_word' id='word_1_679' title='bbox 2398 801 2436 837; x_wconf 90' lang='lat' dir='ltr'><strong>Si</strong></span> 
     </span>
     <span class='ocr_line' id='line_1_90' title="bbox 1370 843 2435 887; baseline 0.004 -9"><span class='ocrx_word' id='word_1_680' title='bbox 1370 853 1439 878; x_wconf 90' lang='lat' dir='ltr'><strong>uae</strong></span> <span class='ocrx_word' id='word_1_681' title='bbox 1462 847 1548 879; x_wconf 88' lang='lat' dir='ltr'><strong>sunt</strong></span> <span class='ocrx_word' id='word_1_682' title='bbox 1571 844 1757 880; x_wconf 90' lang='lat' dir='ltr'><strong>cautiones</strong></span> <span class='ocrx_word' id='word_1_683' title='bbox 1780 843 2028 887; x_wconf 87' lang='lat' dir='ltr'><strong>hereditariae,</strong></span> <span class='ocrx_word' id='word_1_684' title='bbox 2053 855 2114 880; x_wconf 90' lang='lat' dir='ltr'><strong>eas</strong></span> <span class='ocrx_word' id='word_1_685' title='bbox 2141 846 2155 866; x_wconf 76' lang='lat'><strong>⁴</strong></span> <span class='ocrx_word' id='word_1_686' title='bbox 2177 845 2286 881; x_wconf 90' lang='lat' dir='ltr'><strong>iudex</strong></span> <span class='ocrx_word' id='word_1_687' title='bbox 2309 856 2435 882; x_wconf 88' lang='lat' dir='ltr'><strong>curare</strong></span> 
     </span>
     <span class='ocr_line' id='line_1_91' title="bbox 1371 888 2437 936; baseline 0.003 -12"><span class='ocrx_word' id='word_1_688' title='bbox 1371 889 1454 924; x_wconf 90' lang='lat' dir='ltr'><strong>ebet</strong></span> <span class='ocrx_word' id='word_1_689' title='bbox 1476 892 1518 924; x_wconf 91' lang='lat' dir='ltr'><strong>ut</strong></span> <span class='ocrx_word' id='word_1_690' title='bbox 1540 888 1638 934; x_wconf 87' lang='lat' dir='ltr'><strong>apud</strong></span> <span class='ocrx_word' id='word_1_691' title='bbox 1669 899 1751 925; x_wconf 89' lang='lat' dir='ltr'><strong>eum</strong></span> <span class='ocrx_word' id='word_1_692' title='bbox 1781 893 1969 933; x_wconf 88' lang='lat' dir='ltr'><strong>maneant,</strong></span> <span class='ocrx_word' id='word_1_693' title='bbox 2002 890 2064 935; x_wconf 89' lang='lat' dir='ltr'><strong>qui</strong></span> <span class='ocrx_word' id='word_1_694' title='bbox 2093 890 2228 926; x_wconf 88' lang='lat' dir='ltr'><strong>maiore</strong></span> <span class='ocrx_word' id='word_1_695' title='bbox 2258 901 2303 927; x_wconf 90' lang='lat' dir='ltr'><strong>ex</strong></span> <span class='ocrx_word' id='word_1_696' title='bbox 2333 895 2437 936; x_wconf 85' lang='lat' dir='ltr'><strong>parte</strong></span> 
     </span>
    </p>

    <p class='ocr_par' dir='ltr' id='par_1_14' title="bbox 1345 933 2440 1249">
     <span class='ocr_line' id='line_1_92' title="bbox 1345 933 2435 980; baseline 0.003 -11"><span class='ocrx_word' id='word_1_697' title='bbox 1345 933 1448 969; x_wconf 90' lang='lat' dir='ltr'><strong>heres</strong></span> <span class='ocrx_word' id='word_1_698' title='bbox 1479 933 1544 976; x_wconf 87' lang='lat' dir='ltr'><strong>sit,</strong></span> <span class='ocrx_word' id='word_1_699' title='bbox 1579 934 1689 970; x_wconf 89' lang='lat' dir='ltr'><strong>ceteri</strong></span> <span class='ocrx_word' id='word_1_700' title='bbox 1719 934 1938 979; x_wconf 87' lang='lat' dir='ltr'><strong>descriptum</strong></span> <span class='ocrx_word' id='word_1_701' title='bbox 1970 938 2007 970; x_wconf 92' lang='lat' dir='ltr'><strong>et</strong></span> <span class='ocrx_word' id='word_1_702' title='bbox 2039 935 2258 980; x_wconf 80' lang='lat' dir='ltr'><strong>recognitum</strong></span> <span class='ocrx_word' id='word_1_703' title='bbox 2288 935 2435 979; x_wconf 83' lang='lat' dir='ltr'><strong>faciant,</strong></span> 
     </span>
     <span class='ocr_line' id='line_1_93' title="bbox 1346 978 2435 1026; baseline 0.002 -12"><span class='ocrx_word' id='word_1_704' title='bbox 1346 978 1514 1014; x_wconf 89' lang='lat' dir='ltr'><strong>cautione</strong></span> <span class='ocrx_word' id='word_1_705' title='bbox 1537 978 1758 1025; x_wconf 87' lang='lat' dir='ltr'><strong>interposita,</strong></span> <span class='ocrx_word' id='word_1_706' title='bbox 1783 983 1842 1021; x_wconf 89' lang='lat' dir='ltr'><strong>ut,</strong></span> <span class='ocrx_word' id='word_1_707' title='bbox 1868 990 1948 1015; x_wconf 91' lang='lat' dir='ltr'><strong>cum</strong></span> <span class='ocrx_word' id='word_1_708' title='bbox 1971 989 2029 1015; x_wconf 89' lang='lat' dir='ltr'><strong>res</strong></span> <span class='ocrx_word' id='word_1_709' title='bbox 2053 980 2227 1025; x_wconf 79' lang='lat' dir='ltr'><strong>exegerit,</strong></span> <span class='ocrx_word' id='word_1_710' title='bbox 2250 980 2352 1026; x_wconf 86' lang='lat' dir='ltr'><strong>ipsae</strong></span> <span class='ocrx_word' id='word_1_711' title='bbox 2374 991 2435 1016; x_wconf 83' lang='lat' dir='ltr'><strong>ex-</strong></span> 
     </span>
     <span class='ocr_line' id='line_1_94' title="bbox 1345 1023 2437 1070; baseline 0.001 -11"><span class='ocrx_word' id='word_1_712' title='bbox 1345 1023 1546 1059; x_wconf 88' lang='lat' dir='ltr'><strong>hibeantur.</strong></span> <span class='ocrx_word' id='word_1_713' title='bbox 1582 1024 1614 1060; x_wconf 89' lang='lat' dir='ltr'><strong>si</strong></span> <span class='ocrx_word' id='word_1_714' title='bbox 1636 1034 1759 1061; x_wconf 89' lang='lat' dir='ltr'><strong>omnes</strong></span> <span class='ocrx_word' id='word_1_715' title='bbox 1782 1023 1894 1060; x_wconf 90' lang='lat' dir='ltr'><strong>isdem</strong></span> <span class='ocrx_word' id='word_1_716' title='bbox 1917 1034 1961 1059; x_wconf 89' lang='lat' dir='ltr'><strong>ex</strong></span> <span class='ocrx_word' id='word_1_717' title='bbox 1991 1025 2155 1070; x_wconf 85' lang='lat' dir='ltr'><strong>partibus</strong></span> <span class='ocrx_word' id='word_1_718' title='bbox 2186 1025 2333 1062; x_wconf 87' lang='lat' dir='ltr'><strong>heredes</strong></span> <span class='ocrx_word' id='word_1_719' title='bbox 2365 1026 2437 1062; x_wconf 88' lang='lat' dir='ltr'><strong>sint</strong></span> 
     </span>
     <span class='ocr_line' id='line_1_95' title="bbox 1346 1068 2435 1115; baseline 0.003 -11"><span class='ocrx_word' id='word_1_720' title='bbox 1346 1079 1413 1104; x_wconf 89' lang='lat' dir='ltr'><strong>nec</strong></span> <span class='ocrx_word' id='word_1_721' title='bbox 1435 1068 1529 1104; x_wconf 91' lang='lat' dir='ltr'><strong>inter</strong></span> <span class='ocrx_word' id='word_1_722' title='bbox 1552 1079 1613 1104; x_wconf 88' lang='lat' dir='ltr'><strong>eos</strong></span> <span class='ocrx_word' id='word_1_723' title='bbox 1637 1069 1844 1112; x_wconf 90' lang='lat' dir='ltr'><strong>conveniat,</strong></span> <span class='ocrx_word' id='word_1_724' title='bbox 1876 1069 1976 1114; x_wconf 90' lang='lat' dir='ltr'><strong>apud</strong></span> <span class='ocrx_word' id='word_1_725' title='bbox 1998 1080 2104 1115; x_wconf 88' lang='lat' dir='ltr'><strong>quem</strong></span> <span class='ocrx_word' id='word_1_726' title='bbox 2126 1070 2246 1115; x_wconf 88' lang='lat' dir='ltr'><strong>potius</strong></span> <span class='ocrx_word' id='word_1_727' title='bbox 2271 1081 2350 1107; x_wconf 87' lang='lat' dir='ltr'><strong>esse</strong></span> <span class='ocrx_word' id='word_1_728' title='bbox 2373 1071 2435 1107; x_wconf 88' lang='lat' dir='ltr'><strong>de-</strong></span> 
     </span>
     <span class='ocr_line' id='line_1_96' title="bbox 1346 1114 2440 1161; baseline 0.002 -12"><span class='ocrx_word' id='word_1_729' title='bbox 1346 1114 1466 1156; x_wconf 91' lang='lat' dir='ltr'><strong>beant,</strong></span> <span class='ocrx_word' id='word_1_730' title='bbox 1487 1114 1608 1149; x_wconf 88' lang='lat' dir='ltr'><strong>sortiri</strong></span> <span class='ocrx_word' id='word_1_731' title='bbox 1627 1124 1688 1150; x_wconf 92' lang='lat' dir='ltr'><strong>eos</strong></span> <span class='ocrx_word' id='word_1_732' title='bbox 1701 1117 1859 1159; x_wconf 90' lang='lat' dir='ltr'><strong>oportet:</strong></span> <span class='ocrx_word' id='word_1_733' title='bbox 1881 1118 2000 1150; x_wconf 89' lang='lat' dir='ltr'><strong>autex</strong></span> <span class='ocrx_word' id='word_1_734' title='bbox 2012 1125 2189 1151; x_wconf 91' lang='lat' dir='ltr'><strong>consensu</strong></span> <span class='ocrx_word' id='word_1_735' title='bbox 2200 1115 2256 1151; x_wconf 91' lang='lat' dir='ltr'><strong>vel</strong></span> <span class='ocrx_word' id='word_1_736' title='bbox 2267 1115 2440 1161; x_wconf 78' lang='lat' dir='ltr'><strong>suffragio</strong></span> 
     </span>
     <span class='ocr_line' id='line_1_97' title="bbox 1347 1158 2437 1206; baseline 0.002 -12"><span class='ocrx_word' id='word_1_737' title='bbox 1347 1159 1390 1194; x_wconf 93' lang='lat' dir='ltr'><strong>eli</strong></span> <span class='ocrx_word' id='word_1_738' title='bbox 1414 1158 1527 1195; x_wconf 91' lang='lat' dir='ltr'><strong>endus</strong></span> <span class='ocrx_word' id='word_1_739' title='bbox 1551 1163 1607 1195; x_wconf 91' lang='lat' dir='ltr'><strong>est</strong></span> <span class='ocrx_word' id='word_1_740' title='bbox 1630 1159 1777 1202; x_wconf 89' lang='lat' dir='ltr'><strong>amicus,</strong></span> <span class='ocrx_word' id='word_1_741' title='bbox 1802 1159 1901 1204; x_wconf 91' lang='lat' dir='ltr'><strong>apud</strong></span> <span class='ocrx_word' id='word_1_742' title='bbox 1924 1170 2029 1205; x_wconf 89' lang='lat' dir='ltr'><strong>quem</strong></span> <span class='ocrx_word' id='word_1_743' title='bbox 2052 1159 2296 1206; x_wconf 84' lang='lat' dir='ltr'><strong>deponantur:</strong></span> <span class='ocrx_word' id='word_1_744' title='bbox 2321 1161 2377 1197; x_wconf 89' lang='lat' dir='ltr'><strong>vel</strong></span> <span class='ocrx_word' id='word_1_745' title='bbox 2398 1161 2437 1196; x_wconf 91' lang='lat' dir='ltr'><strong>in</strong></span> 
     </span>
     <span class='ocr_line' id='line_1_98' title="bbox 1346 1203 1884 1249; baseline 0 -10"><span class='ocrx_word' id='word_1_746' title='bbox 1346 1214 1390 1240; x_wconf 90' lang='lat' dir='ltr'><strong>ae</strong></span> <span class='ocrx_word' id='word_1_747' title='bbox 1415 1214 1435 1239; x_wconf 89' lang='lat' dir='ltr'><strong>e</strong></span> <span class='ocrx_word' id='word_1_748' title='bbox 1458 1214 1564 1240; x_wconf 87' lang='lat' dir='ltr'><strong>sacra</strong></span> <span class='ocrx_word' id='word_1_749' title='bbox 1588 1204 1719 1249; x_wconf 89' lang='lat' dir='ltr'><strong>deponi</strong></span> <span class='ocrx_word' id='word_1_750' title='bbox 1742 1203 1884 1240; x_wconf 91' lang='lat' dir='ltr'><strong>debent.</strong></span> 
     </span>
    </p>

    <p class='ocr_par' dir='ltr' id='par_1_15' title="bbox 1346 1246 2439 1430">
     <span class='ocr_line' id='line_1_99' title="bbox 1393 1246 2436 1287; baseline -0.001 0"><span class='ocrx_word' id='word_1_751' title='bbox 1393 1246 1419 1287; x_wconf 87' lang='grc'><strong>6</strong></span> <span class='ocrx_word' id='word_1_752' title='bbox 1451 1248 1647 1285; x_wconf 61' lang='lat' dir='ltr'><strong>mmmm</strong></span> <span class='ocrx_word' id='word_1_753' title='bbox 1674 1249 1765 1285; x_wconf 84' lang='lat' dir='ltr'><strong>libro</strong></span> <span class='ocrx_word' id='word_1_754' title='bbox 1789 1260 1886 1285; x_wconf 83' lang='lat' dir='ltr'><strong>nono</strong></span> <span class='ocrx_word' id='word_1_755' title='bbox 1910 1249 2046 1286; x_wconf 78' lang='lat' dir='ltr'><strong>decimo</strong></span> <span class='ocrx_word' id='word_1_756' title='bbox 2069 1249 2120 1285; x_wconf 88' lang='lat' dir='ltr'><strong>ad</strong></span> <span class='ocrx_word' id='word_1_757' title='bbox 2141 1250 2296 1286; x_wconf 78' lang='lat' dir='ltr'><strong>edictum</strong></span> <span class='ocrx_word' id='word_1_758' title='bbox 2341 1249 2436 1286; x_wconf 83' lang='lat' dir='ltr'><strong>Nam</strong></span> 
     </span>
     <span class='ocr_line' id='line_1_100' title="bbox 1347 1294 2439 1340; baseline 0.002 -11"><span class='ocrx_word' id='word_1_759' title='bbox 1347 1294 1394 1330; x_wconf 91' lang='lat' dir='ltr'><strong>ad</strong></span> <span class='ocrx_word' id='word_1_760' title='bbox 1416 1294 1648 1330; x_wconf 84' lang='lat' dir='ltr'><strong>licitationem</strong></span> <span class='ocrx_word' id='word_1_761' title='bbox 1671 1304 1746 1329; x_wconf 91' lang='lat' dir='ltr'><strong>rem</strong></span> <span class='ocrx_word' id='word_1_762' title='bbox 1770 1294 1964 1336; x_wconf 89' lang='lat' dir='ltr'><strong>deducere,</strong></span> <span class='ocrx_word' id='word_1_763' title='bbox 1988 1297 2030 1330; x_wconf 91' lang='lat' dir='ltr'><strong>ut</strong></span> <span class='ocrx_word' id='word_1_764' title='bbox 2052 1294 2114 1340; x_wconf 88' lang='lat' dir='ltr'><strong>qui</strong></span> <span class='ocrx_word' id='word_1_765' title='bbox 2135 1294 2331 1331; x_wconf 90' lang='lat' dir='ltr'><strong>licitatione</strong></span> <span class='ocrx_word' id='word_1_766' title='bbox 2353 1295 2439 1331; x_wconf 88' lang='lat' dir='ltr'><strong>vicit</strong></span> 
     </span>
     <span class='ocr_line' id='line_1_101' title="bbox 1346 1339 2436 1385; baseline 0.002 -11"><span class='ocrx_word' id='word_1_767' title='bbox 1346 1339 1405 1375; x_wconf 93' lang='lat' dir='ltr'><strong>hic</strong></span> <span class='ocrx_word' id='word_1_768' title='bbox 1428 1340 1561 1375; x_wconf 89' lang='lat' dir='ltr'><strong>habeat</strong></span> <span class='ocrx_word' id='word_1_769' title='bbox 1584 1340 1823 1375; x_wconf 88' lang='lat' dir='ltr'><strong>instrumenta</strong></span> <span class='ocrx_word' id='word_1_770' title='bbox 1853 1339 2088 1383; x_wconf 85' lang='lat' dir='ltr'><strong>hereditaria,</strong></span> <span class='ocrx_word' id='word_1_771' title='bbox 2122 1350 2194 1376; x_wconf 92' lang='lat' dir='ltr'><strong>non</strong></span> <span class='ocrx_word' id='word_1_772' title='bbox 2224 1340 2345 1385; x_wconf 86' lang='lat' dir='ltr'><strong>placet</strong></span> <span class='ocrx_word' id='word_1_773' title='bbox 2374 1350 2436 1376; x_wconf 86' lang='lat' dir='ltr'><strong>ne·</strong></span> 
     </span>
     <span class='ocr_line' id='line_1_102' title="bbox 1347 1385 1935 1430; baseline 0 -10"><span class='ocrx_word' id='word_1_774' title='bbox 1347 1394 1417 1430; x_wconf 91' lang='lat' dir='ltr'><strong>que</strong></span> <span class='ocrx_word' id='word_1_775' title='bbox 1430 1386 1458 1406; x_wconf 79' lang='lat'><strong>²⁵</strong></span> <span class='ocrx_word' id='word_1_776' title='bbox 1480 1385 1567 1420; x_wconf 90' lang='lat' dir='ltr'><strong>mihi</strong></span> <span class='ocrx_word' id='word_1_777' title='bbox 1590 1394 1705 1430; x_wconf 91' lang='lat' dir='ltr'><strong>neque</strong></span> <span class='ocrx_word' id='word_1_778' title='bbox 1727 1385 1935 1429; x_wconf 89' lang='lat' dir='ltr'><strong>Pomponio.</strong></span> 
     </span>
    </p>

    <p class='ocr_par' dir='ltr' id='par_1_16' title="bbox 1345 1427 2438 2060">
     <span class='ocr_line' id='line_1_103' title="bbox 1393 1427 2437 1483; baseline 0 -17"><span class='ocrx_word' id='word_1_779' title='bbox 1393 1427 1417 1466; x_wconf 92' lang='lat'>7</span> <span class='ocrx_word' id='word_1_780' title='bbox 1452 1429 1486 1465; x_wconf 89' lang='lat' dir='ltr'><em>V</em></span> <span class='ocrx_word' id='word_1_781' title='bbox 1484 1439 1679 1465; x_wconf 64' lang='lat' dir='ltr'><strong>summus</strong></span> <span class='ocrx_word' id='word_1_782' title='bbox 1688 1429 1779 1465; x_wconf 73' lang='lat' dir='ltr'><strong>libro</strong></span> <span class='ocrx_word' id='word_1_783' title='bbox 1791 1430 1942 1483; x_wconf 71' lang='lat' dir='ltr'><strong>septimo</strong></span> <span class='ocrx_word' id='word_1_784' title='bbox 1954 1429 2229 1476; x_wconf 79' lang='lat' dir='ltr'><strong>stipulationum</strong></span> <span class='ocrx_word' id='word_1_785' title='bbox 2275 1430 2314 1466; x_wconf 87' lang='lat' dir='ltr'><strong>Si</strong></span> <span class='ocrx_word' id='word_1_786' title='bbox 2331 1430 2437 1466; x_wconf 87' lang='lat' dir='ltr'><strong>heres</strong></span> 
     </span>
     <span class='ocr_line' id='line_1_104' title="bbox 1347 1474 2438 1517; baseline 0.001 -7"><span class='ocrx_word' id='word_1_787' title='bbox 1347 1485 1459 1517; x_wconf 87' lang='lat' dir='ltr'><strong>unus,</strong></span> <span class='ocrx_word' id='word_1_788' title='bbox 1493 1485 1574 1510; x_wconf 90' lang='lat' dir='ltr'><strong>cum</strong></span> <span class='ocrx_word' id='word_1_789' title='bbox 1605 1475 1672 1510; x_wconf 89' lang='lat' dir='ltr'><strong>sub</strong></span> <span class='ocrx_word' id='word_1_790' title='bbox 1705 1474 1914 1510; x_wconf 90' lang='lat' dir='ltr'><strong>condicione</strong></span> <span class='ocrx_word' id='word_1_791' title='bbox 1937 1474 2116 1511; x_wconf 88' lang='lat' dir='ltr'><strong>adiectum</strong></span> <span class='ocrx_word' id='word_1_792' title='bbox 2140 1475 2350 1511; x_wconf 89' lang='lat' dir='ltr'><strong>coheredem</strong></span> <span class='ocrx_word' id='word_1_793' title='bbox 2373 1479 2438 1511; x_wconf 89' lang='lat' dir='ltr'><strong>aut</strong></span> 
     </span>
     <span class='ocr_line' id='line_1_105' title="bbox 1347 1519 2438 1565; baseline 0.002 -11"><span class='ocrx_word' id='word_1_794' title='bbox 1347 1520 1443 1565; x_wconf 89' lang='lat' dir='ltr'><strong>apud</strong></span> <span class='ocrx_word' id='word_1_795' title='bbox 1474 1520 1596 1555; x_wconf 90' lang='lat' dir='ltr'><strong>hostes</strong></span> <span class='ocrx_word' id='word_1_796' title='bbox 1608 1519 1636 1540; x_wconf 81' lang='lat'><strong>¹⁶</strong></span> <span class='ocrx_word' id='word_1_797' title='bbox 1666 1519 1833 1560; x_wconf 73' lang='lat' dir='ltr'><strong>haberet.</strong></span> <span class='ocrx_word' id='word_1_798' title='bbox 1866 1519 1995 1555; x_wconf 85' lang='lat' dir='ltr'><strong>dixerit</strong></span> <span class='ocrx_word' id='word_1_799' title='bbox 2025 1530 2064 1556; x_wconf 89' lang='lat' dir='ltr'><strong>se</strong></span> <span class='ocrx_word' id='word_1_800' title='bbox 2094 1520 2261 1556; x_wconf 89' lang='lat' dir='ltr'><strong>heredem</strong></span> <span class='ocrx_word' id='word_1_801' title='bbox 2292 1530 2370 1556; x_wconf 84' lang='lat' dir='ltr'><strong>esse</strong></span> <span class='ocrx_word' id='word_1_802' title='bbox 2401 1524 2438 1556; x_wconf 90' lang='lat' dir='ltr'><strong>et</strong></span> 
     </span>
     <span class='ocr_line' id='line_1_106' title="bbox 1347 1564 2436 1611; baseline 0.002 -12"><span class='ocrx_word' id='word_1_803' title='bbox 1347 1565 1490 1601; x_wconf 88' lang='lat' dir='ltr'><strong>actione</strong></span> <span class='ocrx_word' id='word_1_804' title='bbox 1513 1568 1682 1611; x_wconf 88' lang='lat' dir='ltr'><strong>expertus</strong></span> <span class='ocrx_word' id='word_1_805' title='bbox 1707 1564 1847 1605; x_wconf 88' lang='lat' dir='ltr'><strong>vicerit,</strong></span> <span class='ocrx_word' id='word_1_806' title='bbox 1873 1564 2000 1600; x_wconf 90' lang='lat' dir='ltr'><strong>deinde</strong></span> <span class='ocrx_word' id='word_1_807' title='bbox 2024 1564 2185 1601; x_wconf 91' lang='lat' dir='ltr'><strong>condicio</strong></span> <span class='ocrx_word' id='word_1_808' title='bbox 2209 1565 2350 1601; x_wconf 89' lang='lat' dir='ltr'><strong>heredis</strong></span> <span class='ocrx_word' id='word_1_809' title='bbox 2374 1575 2436 1601; x_wconf 92' lang='lat' dir='ltr'><strong>ex-</strong></span> 
     </span>
     <span class='ocr_line' id='line_1_107' title="bbox 1347 1609 2435 1655; baseline 0.001 -10"><span class='ocrx_word' id='word_1_810' title='bbox 1347 1610 1478 1646; x_wconf 88' lang='lat' dir='ltr'><strong>stiterit</strong></span> <span class='ocrx_word' id='word_1_811' title='bbox 1499 1610 1556 1646; x_wconf 87' lang='lat' dir='ltr'><strong>vel</strong></span> <span class='ocrx_word' id='word_1_812' title='bbox 1578 1609 1796 1655; x_wconf 90' lang='lat' dir='ltr'><strong>postliminio</strong></span> <span class='ocrx_word' id='word_1_813' title='bbox 1820 1609 1982 1652; x_wconf 88' lang='lat' dir='ltr'><strong>redierit,</strong></span> <span class='ocrx_word' id='word_1_814' title='bbox 2014 1620 2062 1645; x_wconf 92' lang='lat' dir='ltr'><strong>an</strong></span> <span class='ocrx_word' id='word_1_815' title='bbox 2084 1610 2255 1646; x_wconf 86' lang='lat' dir='ltr'><strong>victoriae</strong></span> <span class='ocrx_word' id='word_1_816' title='bbox 2279 1621 2435 1646; x_wconf 91' lang='lat' dir='ltr'><strong>commo-</strong></span> 
     </span>
     <span class='ocr_line' id='line_1_108' title="bbox 1347 1654 2437 1691; baseline 0.001 -1"><span class='ocrx_word' id='word_1_817' title='bbox 1347 1655 1431 1690; x_wconf 92' lang='lat' dir='ltr'><strong>dum</strong></span> <span class='ocrx_word' id='word_1_818' title='bbox 1454 1655 1585 1691; x_wconf 87' lang='lat' dir='ltr'><strong>debeat</strong></span> <span class='ocrx_word' id='word_1_819' title='bbox 1607 1665 1689 1690; x_wconf 91' lang='lat' dir='ltr'><strong>cum</strong></span> <span class='ocrx_word' id='word_1_820' title='bbox 1709 1665 1751 1690; x_wconf 90' lang='lat' dir='ltr'><strong>eo</strong></span> <span class='ocrx_word' id='word_1_821' title='bbox 1771 1654 2035 1691; x_wconf 86' lang='lat' dir='ltr'><strong>communicare</strong></span> <span class='ocrx_word' id='word_1_822' title='bbox 2047 1655 2100 1690; x_wconf 82' lang='lat'><strong>¹⁷?</strong></span> <span class='ocrx_word' id='word_1_823' title='bbox 2134 1665 2217 1691; x_wconf 88' lang='lat' dir='ltr'><strong>nam</strong></span> <span class='ocrx_word' id='word_1_824' title='bbox 2235 1655 2437 1691; x_wconf 89' lang='lat' dir='ltr'><strong>indubitate</strong></span> 
     </span>
     <span class='ocr_line' id='line_1_109' title="bbox 1345 1699 2435 1746; baseline 0.001 -11"><span class='ocrx_word' id='word_1_825' title='bbox 1345 1700 1494 1736; x_wconf 90' lang='lat' dir='ltr'><strong>iudicati</strong></span> <span class='ocrx_word' id='word_1_826' title='bbox 1524 1700 1619 1736; x_wconf 90' lang='lat' dir='ltr'><strong>actio</strong></span> <span class='ocrx_word' id='word_1_827' title='bbox 1652 1700 1685 1735; x_wconf 91' lang='lat' dir='ltr'><strong>ei</strong></span> <span class='ocrx_word' id='word_1_828' title='bbox 1714 1699 1751 1735; x_wconf 93' lang='lat' dir='ltr'><strong>in</strong></span> <span class='ocrx_word' id='word_1_829' title='bbox 1775 1700 1928 1735; x_wconf 90' lang='lat' dir='ltr'><strong>solidum</strong></span> <span class='ocrx_word' id='word_1_830' title='bbox 1952 1700 2131 1746; x_wconf 89' lang='lat' dir='ltr'><strong>competit.</strong></span> <span class='ocrx_word' id='word_1_831' title='bbox 2168 1703 2205 1735; x_wconf 91' lang='lat' dir='ltr'><strong>et</strong></span> <span class='ocrx_word' id='word_1_832' title='bbox 2228 1700 2435 1737; x_wconf 89' lang='lat' dir='ltr'><strong>electionem</strong></span> 
     </span>
     <span class='ocr_line' id='line_1_110' title="bbox 1347 1744 2436 1788; baseline 0.001 -8"><span class='ocrx_word' id='word_1_833' title='bbox 1347 1745 1513 1780; x_wconf 91' lang='lat' dir='ltr'><strong>coheredi</strong></span> <span class='ocrx_word' id='word_1_834' title='bbox 1545 1745 1718 1788; x_wconf 90' lang='lat' dir='ltr'><strong>dandam,</strong></span> <span class='ocrx_word' id='word_1_835' title='bbox 1749 1744 1787 1780; x_wconf 91' lang='lat' dir='ltr'><strong>id</strong></span> <span class='ocrx_word' id='word_1_836' title='bbox 1817 1748 1873 1780; x_wconf 93' lang='lat' dir='ltr'><strong>est</strong></span> <span class='ocrx_word' id='word_1_837' title='bbox 1902 1748 1967 1780; x_wconf 89' lang='lat' dir='ltr'><strong>aut</strong></span> <span class='ocrx_word' id='word_1_838' title='bbox 1996 1745 2326 1781; x_wconf 86' lang='lat' dir='ltr'><strong>communicandam</strong></span> <span class='ocrx_word' id='word_1_839' title='bbox 2357 1756 2436 1781; x_wconf 89' lang='lat' dir='ltr'><strong>eam</strong></span> 
     </span>
     <span class='ocr_line' id='line_1_111' title="bbox 1347 1789 2435 1836; baseline 0.001 -11"><span class='ocrx_word' id='word_1_840' title='bbox 1347 1794 1410 1825; x_wconf 87' lang='lat' dir='ltr'><strong>aut</strong></span> <span class='ocrx_word' id='word_1_841' title='bbox 1432 1790 1640 1836; x_wconf 89' lang='lat' dir='ltr'><strong>experiundi</strong></span> <span class='ocrx_word' id='word_1_842' title='bbox 1663 1789 1864 1826; x_wconf 82' lang='lat' dir='ltr'><strong>faciendam</strong></span> <span class='ocrx_word' id='word_1_843' title='bbox 1887 1794 2102 1835; x_wconf 87' lang='lat' dir='ltr'><strong>potestatem</strong></span> <span class='ocrx_word' id='word_1_844' title='bbox 2124 1790 2227 1833; x_wconf 90' lang='lat' dir='ltr'><strong>huic,</strong></span> <span class='ocrx_word' id='word_1_845' title='bbox 2259 1791 2320 1836; x_wconf 89' lang='lat' dir='ltr'><strong>qui</strong></span> <span class='ocrx_word' id='word_1_846' title='bbox 2351 1794 2435 1836; x_wconf 89' lang='lat' dir='ltr'><strong>post</strong></span> 
     </span>
     <span class='ocr_line' id='line_1_112' title="bbox 1346 1834 2436 1875; baseline 0 -4"><span class='ocrx_word' id='word_1_847' title='bbox 1346 1835 1530 1871; x_wconf 88' lang='lat' dir='ltr'><strong>victoriam</strong></span> <span class='ocrx_word' id='word_1_848' title='bbox 1570 1835 1756 1875; x_wconf 90' lang='lat' dir='ltr'><strong>coheredis</strong></span> <span class='ocrx_word' id='word_1_849' title='bbox 1788 1834 1937 1871; x_wconf 84' lang='lat' dir='ltr'><strong>effectus</strong></span> <span class='ocrx_word' id='word_1_850' title='bbox 1969 1835 2017 1871; x_wconf 94' lang='lat' dir='ltr'><strong>sit</strong></span> <span class='ocrx_word' id='word_1_851' title='bbox 2045 1835 2150 1871; x_wconf 87' lang='lat' dir='ltr'><strong>heres</strong></span> <span class='ocrx_word' id='word_1_852' title='bbox 2180 1838 2245 1871; x_wconf 89' lang='lat' dir='ltr'><strong>aut</strong></span> <span class='ocrx_word' id='word_1_853' title='bbox 2274 1846 2436 1871; x_wconf 90' lang='lat' dir='ltr'><strong>reversus</strong></span> 
     </span>
     <span class='ocr_line' id='line_1_113' title="bbox 1346 1879 2436 1926; baseline 0.001 -11"><span class='ocrx_word' id='word_1_854' title='bbox 1346 1880 1392 1915; x_wconf 87' lang='lat' dir='ltr'><strong>sit</strong></span> <span class='ocrx_word' id='word_1_855' title='bbox 1425 1880 1463 1916; x_wconf 93' lang='lat' dir='ltr'><strong>in</strong></span> <span class='ocrx_word' id='word_1_856' title='bbox 1498 1880 1686 1915; x_wconf 87' lang='lat' dir='ltr'><strong>civitatem.</strong></span> <span class='ocrx_word' id='word_1_857' title='bbox 1732 1879 1896 1926; x_wconf 87' lang='lat' dir='ltr'><strong>idemque</strong></span> <span class='ocrx_word' id='word_1_858' title='bbox 1929 1880 2209 1923; x_wconf 87' lang='lat' dir='ltr'><strong>observandum,</strong></span> <span class='ocrx_word' id='word_1_859' title='bbox 2243 1881 2276 1916; x_wconf 89' lang='lat' dir='ltr'><strong>si</strong></span> <span class='ocrx_word' id='word_1_860' title='bbox 2309 1884 2436 1926; x_wconf 82' lang='lat' dir='ltr'><strong>postea</strong></span> 
     </span>
     <span class='ocr_line' id='line_1_114' title="bbox 1346 1925 2432 1971; baseline 0.002 -11"><span class='ocrx_word' id='word_1_861' title='bbox 1346 1928 1452 1961; x_wconf 90' lang='lat' dir='ltr'><strong>natus</strong></span> <span class='ocrx_word' id='word_1_862' title='bbox 1483 1926 1530 1961; x_wconf 91' lang='lat' dir='ltr'><strong>sit</strong></span> <span class='ocrx_word' id='word_1_863' title='bbox 1560 1928 1759 1971; x_wconf 88' lang='lat' dir='ltr'><strong>postumus.</strong></span> <span class='ocrx_word' id='word_1_864' title='bbox 1794 1936 1867 1961; x_wconf 88' lang='lat' dir='ltr'><strong>non</strong></span> <span class='ocrx_word' id='word_1_865' title='bbox 1891 1925 1983 1961; x_wconf 89' lang='lat' dir='ltr'><strong>enim</strong></span> <span class='ocrx_word' id='word_1_866' title='bbox 2006 1925 2062 1961; x_wconf 87' lang='lat' dir='ltr'><strong>his</strong></span> <span class='ocrx_word' id='word_1_867' title='bbox 2120 1925 2256 1961; x_wconf 88' lang='lat' dir='ltr'><strong>ersonis</strong></span> <span class='ocrx_word' id='word_1_868' title='bbox 2269 1926 2297 1947; x_wconf 84' lang='lat'><strong>¹⁸</strong></span> <span class='ocrx_word' id='word_1_869' title='bbox 2329 1925 2432 1962; x_wconf 91' lang='lat' dir='ltr'><strong>silen-</strong></span> 
     </span>
     <span class='ocr_line' id='line_1_115' title="bbox 1346 1970 2434 2023; baseline 0 -17"><span class='ocrx_word' id='word_1_870' title='bbox 1346 1971 1432 2006; x_wconf 91' lang='lat' dir='ltr'><strong>tium</strong></span> <span class='ocrx_word' id='word_1_871' title='bbox 1456 1970 1626 2016; x_wconf 89' lang='lat' dir='ltr'><strong>imputari</strong></span> <span class='ocrx_word' id='word_1_872' title='bbox 1655 1973 1794 2023; x_wconf 85' lang='lat' dir='ltr'><strong>potest,</strong></span> <span class='ocrx_word' id='word_1_873' title='bbox 1827 1981 1908 2006; x_wconf 90' lang='lat' dir='ltr'><strong>cum</strong></span> <span class='ocrx_word' id='word_1_874' title='bbox 1931 1970 1978 2005; x_wconf 86' lang='lat' dir='ltr'><strong>ad</strong></span> <span class='ocrx_word' id='word_1_875' title='bbox 2001 1970 2085 2006; x_wconf 90' lang='lat' dir='ltr'><strong>here</strong></span> <span class='ocrx_word' id='word_1_876' title='bbox 2113 1971 2234 2006; x_wconf 84' lang='lat' dir='ltr'><strong>’tatem</strong></span> <span class='ocrx_word' id='word_1_877' title='bbox 2257 1975 2340 2016; x_wconf 89' lang='lat' dir='ltr'><strong>post</strong></span> <span class='ocrx_word' id='word_1_878' title='bbox 2362 1970 2434 2007; x_wconf 86' lang='lat' dir='ltr'><strong>vic·</strong></span> 
     </span>
     <span class='ocr_line' id='line_1_116' title="bbox 1345 2015 1985 2060; baseline -0.002 -9"><span class='ocrx_word' id='word_1_879' title='bbox 1345 2016 1474 2052; x_wconf 82' lang='lat' dir='ltr'><strong>teriam</strong></span> <span class='ocrx_word' id='word_1_880' title='bbox 1498 2015 1684 2051; x_wconf 79' lang='lat' dir='ltr'><strong>coheredis</strong></span> <span class='ocrx_word' id='word_1_881' title='bbox 1708 2015 1934 2060; x_wconf 88' lang='lat' dir='ltr'><strong>pervenerint</strong></span> <span class='ocrx_word' id='word_1_882' title='bbox 1948 2016 1985 2050; x_wconf 82' lang='lat'><strong>¹⁹.</strong></span> 
     </span>
    </p>

    <p class='ocr_par' dir='ltr' id='par_1_17' title="bbox 1344 2057 2435 3133">
     <span class='ocr_line' id='line_1_117' title="bbox 1392 2057 2434 2099; baseline -0.003 0"><span class='ocrx_word' id='word_1_883' title='bbox 1392 2057 1417 2099; x_wconf 89' lang='lat'>8</span> <span class='ocrx_word' id='word_1_884' title='bbox 1449 2060 1644 2097; x_wconf 57' lang='lat' dir='ltr'><strong>Uretur-fs</strong></span> <span class='ocrx_word' id='word_1_885' title='bbox 1663 2060 1755 2096; x_wconf 87' lang='lat' dir='ltr'><strong>libro</strong></span> <span class='ocrx_word' id='word_1_886' title='bbox 1779 2071 1874 2096; x_wconf 81' lang='lat' dir='ltr'><strong>nono</strong></span> <span class='ocrx_word' id='word_1_887' title='bbox 1898 2061 2035 2096; x_wconf 84' lang='lat' dir='ltr'><strong>decimo</strong></span> <span class='ocrx_word' id='word_1_888' title='bbox 2058 2060 2109 2096; x_wconf 87' lang='lat' dir='ltr'><strong>ad</strong></span> <span class='ocrx_word' id='word_1_889' title='bbox 2129 2060 2283 2097; x_wconf 79' lang='lat' dir='ltr'><strong>edictum</strong></span> <span class='ocrx_word' id='word_1_890' title='bbox 2328 2060 2434 2096; x_wconf 89' lang='lat' dir='ltr'><strong>Pom-</strong></span> 
     </span>
     <span class='ocr_line' id='line_1_118' title="bbox 1346 2105 2433 2151; baseline 0 -9"><span class='ocrx_word' id='word_1_891' title='bbox 1346 2106 1474 2151; x_wconf 86' lang='lat' dir='ltr'><strong>ponius</strong></span> <span class='ocrx_word' id='word_1_892' title='bbox 1506 2105 1648 2148; x_wconf 91' lang='lat' dir='ltr'><strong>scribit,</strong></span> <span class='ocrx_word' id='word_1_893' title='bbox 1681 2105 1712 2140; x_wconf 89' lang='lat' dir='ltr'><strong>si</strong></span> <span class='ocrx_word' id='word_1_894' title='bbox 1742 2106 1805 2140; x_wconf 91' lang='lat' dir='ltr'><strong>uni</strong></span> <span class='ocrx_word' id='word_1_895' title='bbox 1828 2116 1872 2141; x_wconf 87' lang='lat' dir='ltr'><strong>ex</strong></span> <span class='ocrx_word' id='word_1_896' title='bbox 1894 2105 2084 2141; x_wconf 90' lang='lat' dir='ltr'><strong>heredibus</strong></span> <span class='ocrx_word' id='word_1_897' title='bbox 2132 2105 2332 2151; x_wconf 80' lang='lat' dir='ltr'><strong>raelegatae</strong></span> <span class='ocrx_word' id='word_1_898' title='bbox 2354 2105 2433 2142; x_wconf 85' lang='lat' dir='ltr'><strong>fue-</strong></span> 
     </span>
     <span class='ocr_line' id='line_1_119' title="bbox 1346 2117 2434 2196; baseline 0 -10"><span class='ocrx_word' id='word_1_899' title='bbox 1346 2151 1418 2186; x_wconf 86' lang='lat' dir='ltr'><strong>rint</strong></span> <span class='ocrx_word' id='word_1_900' title='bbox 1428 2151 1460 2172; x_wconf 82' lang='lat'><strong>²⁰</strong></span> <span class='ocrx_word' id='word_1_901' title='bbox 1483 2150 1659 2193; x_wconf 82' lang='lat' dir='ltr'><strong>rationes,</strong></span> <span class='ocrx_word' id='word_1_902' title='bbox 1685 2161 1757 2186; x_wconf 94' lang='lat' dir='ltr'><strong>non</strong></span> <span class='ocrx_word' id='word_1_903' title='bbox 1780 2150 1879 2196; x_wconf 89' lang='lat' dir='ltr'><strong>prius</strong></span> <span class='ocrx_word' id='word_1_904' title='bbox 1904 2151 1936 2186; x_wconf 91' lang='lat' dir='ltr'><strong>ei</strong></span> <span class='ocrx_word' id='word_1_905' title='bbox 1959 2117 2172 2193; x_wconf 37' lang='lat' dir='ltr'><strong>tradendis,</strong></span> <span class='ocrx_word' id='word_1_906' title='bbox 2197 2161 2304 2196; x_wconf 90' lang='lat' dir='ltr'><strong>quam</strong></span> <span class='ocrx_word' id='word_1_907' title='bbox 2328 2151 2434 2186; x_wconf 90' lang='lat' dir='ltr'><strong>cohe-</strong></span> 
     </span>
     <span class='ocr_line' id='line_1_120' title="bbox 1345 2195 2435 2241; baseline 0 -10"><span class='ocrx_word' id='word_1_908' title='bbox 1345 2196 1447 2232; x_wconf 91' lang='lat' dir='ltr'><strong>redes</strong></span> <span class='ocrx_word' id='word_1_909' title='bbox 1471 2195 1735 2241; x_wconf 89' lang='lat' dir='ltr'><strong>descripserint.</strong></span> <span class='ocrx_word' id='word_1_910' title='bbox 1772 2206 1856 2230; x_wconf 88' lang='lat' dir='ltr'><strong>nam</strong></span> <span class='ocrx_word' id='word_1_911' title='bbox 1880 2199 1916 2231; x_wconf 93' lang='lat' dir='ltr'><strong>et</strong></span> <span class='ocrx_word' id='word_1_912' title='bbox 1938 2195 1970 2231; x_wconf 92' lang='lat' dir='ltr'><strong>si</strong></span> <span class='ocrx_word' id='word_1_913' title='bbox 2000 2205 2122 2231; x_wconf 88' lang='lat' dir='ltr'><strong>servus</strong></span> <span class='ocrx_word' id='word_1_914' title='bbox 2154 2200 2276 2238; x_wconf 89' lang='lat' dir='ltr'><strong>actor,</strong></span> <span class='ocrx_word' id='word_1_915' title='bbox 2306 2195 2435 2241; x_wconf 86' lang='lat' dir='ltr'><strong>iuquit,</strong></span> 
     </span>
     <span class='ocr_line' id='line_1_121' title="bbox 1345 2239 2433 2286; baseline 0.001 -11"><span class='ocrx_word' id='word_1_916' title='bbox 1345 2241 1455 2277; x_wconf 87' lang='lat' dir='ltr'><strong>fuerit</strong></span> <span class='ocrx_word' id='word_1_917' title='bbox 1477 2241 1635 2286; x_wconf 83' lang='lat' dir='ltr'><strong>legatus,</strong></span> <span class='ocrx_word' id='word_1_918' title='bbox 1667 2251 1741 2276; x_wconf 90' lang='lat' dir='ltr'><strong>non</strong></span> <span class='ocrx_word' id='word_1_919' title='bbox 1764 2241 1854 2275; x_wconf 88' lang='lat' dir='ltr'><strong>alias</strong></span> <span class='ocrx_word' id='word_1_920' title='bbox 1879 2251 1959 2275; x_wconf 87' lang='lat' dir='ltr'><strong>eum</strong></span> <span class='ocrx_word' id='word_1_921' title='bbox 1981 2239 2214 2283; x_wconf 89' lang='lat' dir='ltr'><strong>tradendum,</strong></span> <span class='ocrx_word' id='word_1_922' title='bbox 2246 2250 2353 2286; x_wconf 89' lang='lat' dir='ltr'><strong>quam</strong></span> <span class='ocrx_word' id='word_1_923' title='bbox 2375 2251 2433 2276; x_wconf 87' lang='lat' dir='ltr'><strong>ra-</strong></span> 
     </span>
     <span class='ocr_line' id='line_1_122' title="bbox 1345 2285 2433 2330; baseline 0.001 -10"><span class='ocrx_word' id='word_1_924' title='bbox 1345 2286 1460 2322; x_wconf 87' lang='lat' dir='ltr'><strong>tiones</strong></span> <span class='ocrx_word' id='word_1_925' title='bbox 1482 2285 1687 2321; x_wconf 89' lang='lat' dir='ltr'><strong>reddiderit.</strong></span> <span class='ocrx_word' id='word_1_926' title='bbox 1723 2296 1790 2321; x_wconf 89' lang='lat' dir='ltr'><strong>nos</strong></span> <span class='ocrx_word' id='word_1_927' title='bbox 1813 2285 2028 2327; x_wconf 90' lang='lat' dir='ltr'><strong>videbimus,</strong></span> <span class='ocrx_word' id='word_1_928' title='bbox 2059 2285 2231 2330; x_wconf 92' lang='lat' dir='ltr'><strong>numquid</strong></span> <span class='ocrx_word' id='word_1_929' title='bbox 2255 2290 2291 2321; x_wconf 92' lang='lat' dir='ltr'><strong>et</strong></span> <span class='ocrx_word' id='word_1_930' title='bbox 2314 2286 2433 2321; x_wconf 89' lang='lat' dir='ltr'><strong>cautio</strong></span> 
     </span>
     <span class='ocr_line' id='line_1_123' title="bbox 1345 2329 2432 2376; baseline 0 -10"><span class='ocrx_word' id='word_1_931' title='bbox 1345 2331 1392 2367; x_wconf 89' lang='lat' dir='ltr'><strong>sit</strong></span> <span class='ocrx_word' id='word_1_932' title='bbox 1414 2330 1684 2376; x_wconf 87' lang='lat' dir='ltr'><strong>interponenda,</strong></span> <span class='ocrx_word' id='word_1_933' title='bbox 1709 2334 1760 2373; x_wconf 89' lang='lat' dir='ltr'><strong>ut,</strong></span> <span class='ocrx_word' id='word_1_934' title='bbox 1785 2330 1950 2376; x_wconf 89' lang='lat' dir='ltr'><strong>quotiens</strong></span> <span class='ocrx_word' id='word_1_935' title='bbox 1974 2329 2196 2366; x_wconf 88' lang='lat' dir='ltr'><strong>desideratae</strong></span> <span class='ocrx_word' id='word_1_936' title='bbox 2218 2329 2352 2365; x_wconf 84' lang='lat' dir='ltr'><strong>fuerint</strong></span> <span class='ocrx_word' id='word_1_937' title='bbox 2374 2341 2432 2366; x_wconf 91' lang='lat' dir='ltr'><strong>ra-</strong></span> 
     </span>
     <span class='ocr_line' id='line_1_124' title="bbox 1346 2375 2432 2420; baseline -0.001 -9"><span class='ocrx_word' id='word_1_938' title='bbox 1346 2377 1460 2412; x_wconf 87' lang='lat' dir='ltr'><strong>tiones</strong></span> <span class='ocrx_word' id='word_1_939' title='bbox 1483 2375 1539 2412; x_wconf 90' lang='lat' dir='ltr'><strong>vel</strong></span> <span class='ocrx_word' id='word_1_940' title='bbox 1562 2379 1664 2411; x_wconf 90' lang='lat' dir='ltr'><strong>actor</strong></span> <span class='ocrx_word' id='word_1_941' title='bbox 1686 2375 1930 2420; x_wconf 84' lang='lat' dir='ltr'><strong>praelegatus,</strong></span> <span class='ocrx_word' id='word_1_942' title='bbox 1955 2375 2060 2420; x_wconf 87' lang='lat' dir='ltr'><strong>copia</strong></span> <span class='ocrx_word' id='word_1_943' title='bbox 2084 2385 2208 2411; x_wconf 89' lang='lat' dir='ltr'><strong>eorum</strong></span> <span class='ocrx_word' id='word_1_944' title='bbox 2230 2375 2321 2411; x_wconf 80' lang='lat' dir='ltr'><strong>fiat?</strong></span> <span class='ocrx_word' id='word_1_945' title='bbox 2355 2376 2432 2420; x_wconf 90' lang='lat' dir='ltr'><strong>ple-</strong></span> 
     </span>
     <span class='ocr_line' id='line_1_125' title="bbox 1345 2420 2434 2467; baseline -0.001 -10"><span class='ocrx_word' id='word_1_946' title='bbox 1345 2431 1493 2467; x_wconf 90' lang='lat' dir='ltr'><strong>rumque</strong></span> <span class='ocrx_word' id='word_1_947' title='bbox 1525 2421 1616 2456; x_wconf 90' lang='lat' dir='ltr'><strong>enim</strong></span> <span class='ocrx_word' id='word_1_948' title='bbox 1646 2421 1875 2456; x_wconf 90' lang='lat' dir='ltr'><strong>authenticae</strong></span> <span class='ocrx_word' id='word_1_949' title='bbox 1903 2420 2061 2455; x_wconf 88' lang='lat' dir='ltr'><strong>rationes</strong></span> <span class='ocrx_word' id='word_1_950' title='bbox 2093 2424 2178 2455; x_wconf 91' lang='lat' dir='ltr'><strong>sunt</strong></span> <span class='ocrx_word' id='word_1_951' title='bbox 2211 2421 2434 2456; x_wconf 85' lang='lat' dir='ltr'><strong>necessariae</strong></span> 
     </span>
     <span class='ocr_line' id='line_1_126' title="bbox 1345 2465 2433 2511; baseline -0.001 -9"><span class='ocrx_word' id='word_1_952' title='bbox 1345 2466 1460 2502; x_wconf 88' lang='lat' dir='ltr'><strong>actori</strong></span> <span class='ocrx_word' id='word_1_953' title='bbox 1470 2466 1501 2488; x_wconf 85' lang='lat'><strong>²¹</strong></span> <span class='ocrx_word' id='word_1_954' title='bbox 1525 2465 1571 2501; x_wconf 90' lang='lat' dir='ltr'><strong>ad</strong></span> <span class='ocrx_word' id='word_1_955' title='bbox 1594 2465 1803 2501; x_wconf 86' lang='lat' dir='ltr'><strong>instruenda</strong></span> <span class='ocrx_word' id='word_1_956' title='bbox 1826 2476 1868 2501; x_wconf 90' lang='lat' dir='ltr'><strong>ea</strong></span> <span class='ocrx_word' id='word_1_957' title='bbox 1892 2475 1984 2510; x_wconf 87' lang='lat' dir='ltr'><strong>quae</strong></span> <span class='ocrx_word' id='word_1_958' title='bbox 2015 2468 2142 2510; x_wconf 85' lang='lat' dir='ltr'><strong>postca</strong></span> <span class='ocrx_word' id='word_1_959' title='bbox 2172 2469 2356 2511; x_wconf 86' lang='lat' dir='ltr'><strong>emergunt</strong></span> <span class='ocrx_word' id='word_1_960' title='bbox 2386 2465 2433 2501; x_wconf 88' lang='lat' dir='ltr'><strong>ad</strong></span> 
     </span>
     <span class='ocr_line' id='line_1_127' title="bbox 1345 2510 2431 2556; baseline -0.002 -9"><span class='ocrx_word' id='word_1_961' title='bbox 1345 2511 1509 2548; x_wconf 86' lang='lat' dir='ltr'><strong>notitiam</strong></span> <span class='ocrx_word' id='word_1_962' title='bbox 1533 2510 1608 2546; x_wconf 91' lang='lat' dir='ltr'><strong>eius</strong></span> <span class='ocrx_word' id='word_1_963' title='bbox 1640 2510 1852 2556; x_wconf 88' lang='lat' dir='ltr'><strong>spectantia.</strong></span> <span class='ocrx_word' id='word_1_964' title='bbox 1895 2514 1931 2545; x_wconf 89' lang='lat' dir='ltr'><strong>et</strong></span> <span class='ocrx_word' id='word_1_965' title='bbox 1954 2510 2193 2546; x_wconf 87' lang='lat' dir='ltr'><strong>necessarium</strong></span> <span class='ocrx_word' id='word_1_966' title='bbox 2217 2515 2272 2546; x_wconf 88' lang='lat' dir='ltr'><strong>est</strong></span> <span class='ocrx_word' id='word_1_967' title='bbox 2295 2511 2431 2546; x_wconf 85' lang='lat' dir='ltr'><strong>cautio-</strong></span> 
     </span>
     <span class='ocr_line' id='line_1_128' title="bbox 1348 2555 2433 2601; baseline -0.001 -10"><span class='ocrx_word' id='word_1_968' title='bbox 1348 2560 1362 2591; x_wconf 88' lang='lat'>1</span> <span class='ocrx_word' id='word_1_969' title='bbox 1413 2567 1494 2592; x_wconf 90' lang='lat' dir='ltr'><strong>nem</strong></span> <span class='ocrx_word' id='word_1_970' title='bbox 1513 2557 1559 2592; x_wconf 91' lang='lat' dir='ltr'><strong>ab</strong></span> <span class='ocrx_word' id='word_1_971' title='bbox 1581 2566 1624 2592; x_wconf 92' lang='lat' dir='ltr'><strong>eo</strong></span> <span class='ocrx_word' id='word_1_972' title='bbox 1644 2566 1751 2601; x_wconf 89' lang='lat' dir='ltr'><strong>super</strong></span> <span class='ocrx_word' id='word_1_973' title='bbox 1770 2556 1839 2591; x_wconf 92' lang='lat' dir='ltr'><strong>hoc</strong></span> <span class='ocrx_word' id='word_1_974' title='bbox 1859 2555 2091 2591; x_wconf 88' lang='lat' dir='ltr'><strong>coheredibus</strong></span> <span class='ocrx_word' id='word_1_975' title='bbox 2113 2555 2298 2600; x_wconf 87' lang='lat' dir='ltr'><strong>praestari.</strong></span> <span class='ocrx_word' id='word_1_976' title='bbox 2334 2555 2433 2591; x_wconf 90' lang='lat' dir='ltr'><strong>Idem</strong></span> 
     </span>
     <span class='ocr_line' id='line_1_129' title="bbox 1344 2600 2431 2647; baseline -0.001 -10"><span class='ocrx_word' id='word_1_977' title='bbox 1344 2601 1563 2647; x_wconf 90' lang='lat' dir='ltr'><strong>Pomponius</strong></span> <span class='ocrx_word' id='word_1_978' title='bbox 1572 2601 1605 2622; x_wconf 85' lang='lat'><strong>²²</strong></span> <span class='ocrx_word' id='word_1_979' title='bbox 1628 2601 1678 2636; x_wconf 92' lang='lat' dir='ltr'><strong>ait</strong></span> <span class='ocrx_word' id='word_1_980' title='bbox 1702 2601 1896 2642; x_wconf 89' lang='lat' dir='ltr'><strong>columbas,</strong></span> <span class='ocrx_word' id='word_1_981' title='bbox 1922 2610 2014 2646; x_wconf 91' lang='lat' dir='ltr'><strong>quae</strong></span> <span class='ocrx_word' id='word_1_982' title='bbox 2037 2600 2149 2635; x_wconf 87' lang='lat' dir='ltr'><strong>emitti</strong></span> <span class='ocrx_word' id='word_1_983' title='bbox 2172 2600 2288 2636; x_wconf 84' lang='lat' dir='ltr'><strong>solent</strong></span> <span class='ocrx_word' id='word_1_984' title='bbox 2306 2600 2351 2635; x_wconf 92' lang='lat' dir='ltr'><strong>de</strong></span> <span class='ocrx_word' id='word_1_985' title='bbox 2371 2611 2431 2636; x_wconf 90' lang='lat' dir='ltr'><strong>co-</strong></span> 
     </span>
     <span class='ocr_line' id='line_1_130' title="bbox 1344 2644 2431 2688; baseline -0.002 -6"><span class='ocrx_word' id='word_1_986' title='bbox 1344 2647 1540 2688; x_wconf 90' lang='lat' dir='ltr'><strong>lumbario,</strong></span> <span class='ocrx_word' id='word_1_987' title='bbox 1575 2646 1695 2682; x_wconf 91' lang='lat' dir='ltr'><strong>venire</strong></span> <span class='ocrx_word' id='word_1_988' title='bbox 1725 2645 1763 2681; x_wconf 90' lang='lat' dir='ltr'><strong>in</strong></span> <span class='ocrx_word' id='word_1_989' title='bbox 1793 2645 1948 2681; x_wconf 84' lang='lat' dir='ltr'><strong>familiae</strong></span> <span class='ocrx_word' id='word_1_990' title='bbox 1983 2644 2214 2681; x_wconf 89' lang='lat' dir='ltr'><strong>erciscundae</strong></span> <span class='ocrx_word' id='word_1_991' title='bbox 2248 2645 2431 2688; x_wconf 84' lang='lat' dir='ltr'><strong>iudicium,</strong></span> 
     </span>
     <span class='ocr_line' id='line_1_131' title="bbox 1346 2689 2430 2735; baseline -0.002 -8"><span class='ocrx_word' id='word_1_992' title='bbox 1346 2703 1426 2727; x_wconf 91' lang='lat' dir='ltr'><strong>cum</strong></span> <span class='ocrx_word' id='word_1_993' title='bbox 1460 2696 1607 2728; x_wconf 88' lang='lat' dir='ltr'><strong>nostrae</strong></span> <span class='ocrx_word' id='word_1_994' title='bbox 1639 2691 1711 2726; x_wconf 90' lang='lat' dir='ltr'><strong>sint</strong></span> <span class='ocrx_word' id='word_1_995' title='bbox 1745 2690 1902 2733; x_wconf 87' lang='lat' dir='ltr'><strong>tamdiu,</strong></span> <span class='ocrx_word' id='word_1_996' title='bbox 1936 2689 2106 2735; x_wconf 90' lang='lat' dir='ltr'><strong>quamdiu</strong></span> <span class='ocrx_word' id='word_1_997' title='bbox 2138 2690 2430 2726; x_wconf 88' lang='lat' dir='ltr'><strong>consuetudinem</strong></span> 
     </span>
     <span class='ocr_line' id='line_1_132' title="bbox 1345 2734 2431 2780; baseline -0.002 -8"><span class='ocrx_word' id='word_1_998' title='bbox 1345 2737 1502 2773; x_wconf 87' lang='lat' dir='ltr'><strong>habeant</strong></span> <span class='ocrx_word' id='word_1_999' title='bbox 1532 2736 1579 2772; x_wconf 90' lang='lat' dir='ltr'><strong>ad</strong></span> <span class='ocrx_word' id='word_1_1000' title='bbox 1610 2746 1676 2772; x_wconf 91' lang='lat' dir='ltr'><strong>nos</strong></span> <span class='ocrx_word' id='word_1_1001' title='bbox 1706 2735 1926 2772; x_wconf 82' lang='lat' dir='ltr'><strong>revertendi=</strong></span> <span class='ocrx_word' id='word_1_1002' title='bbox 1959 2745 2070 2780; x_wconf 88' lang='lat' dir='ltr'><strong>quare</strong></span> <span class='ocrx_word' id='word_1_1003' title='bbox 2103 2734 2133 2770; x_wconf 89' lang='lat' dir='ltr'><strong>si</strong></span> <span class='ocrx_word' id='word_1_1004' title='bbox 2165 2734 2243 2779; x_wconf 88' lang='lat' dir='ltr'><strong>quis</strong></span> <span class='ocrx_word' id='word_1_1005' title='bbox 2276 2745 2336 2770; x_wconf 87' lang='lat' dir='ltr'><strong>eas</strong></span> <span class='ocrx_word' id='word_1_1006' title='bbox 2367 2735 2431 2770; x_wconf 89' lang='lat' dir='ltr'><strong>ad-</strong></span> 
     </span>
     <span class='ocr_line' id='line_1_133' title="bbox 1345 2779 2429 2828; baseline -0.002 -11"><span class='ocrx_word' id='word_1_1007' title='bbox 1345 2781 1610 2828; x_wconf 86' lang='lat' dir='ltr'><strong>prehendisset,</strong></span> <span class='ocrx_word' id='word_1_1008' title='bbox 1642 2780 1729 2816; x_wconf 86' lang='lat' dir='ltr'><strong>furti</strong></span> <span class='ocrx_word' id='word_1_1009' title='bbox 1752 2781 1856 2816; x_wconf 86' lang='lat' dir='ltr'><strong>nobis</strong></span> <span class='ocrx_word' id='word_1_1010' title='bbox 1881 2779 2051 2825; x_wconf 90' lang='lat' dir='ltr'><strong>competit</strong></span> <span class='ocrx_word' id='word_1_1011' title='bbox 2074 2779 2180 2815; x_wconf 84' lang='lat' dir='ltr'><strong>actio.</strong></span> <span class='ocrx_word' id='word_1_1012' title='bbox 2216 2779 2310 2815; x_wconf 91' lang='lat' dir='ltr'><strong>idem</strong></span> <span class='ocrx_word' id='word_1_1013' title='bbox 2334 2784 2370 2815; x_wconf 91' lang='lat' dir='ltr'><strong>et</strong></span> <span class='ocrx_word' id='word_1_1014' title='bbox 2392 2781 2429 2815; x_wconf 86' lang='lat' dir='ltr'><strong>in</strong></span> 
     </span>
     <span class='ocr_line' id='line_1_134' title="bbox 1345 2824 2430 2905; baseline -0.004 -42"><span class='ocrx_word' id='word_1_1015' title='bbox 1345 2827 1472 2873; x_wconf 89' lang='lat' dir='ltr'><strong>apibus</strong></span> <span class='ocrx_word' id='word_1_1016' title='bbox 1496 2826 1646 2869; x_wconf 88' lang='lat' dir='ltr'><strong>dicitur,</strong></span> <span class='ocrx_word' id='word_1_1017' title='bbox 1671 2825 1755 2872; x_wconf 90' lang='lat' dir='ltr'><strong>quia</strong></span> <span class='ocrx_word' id='word_1_1018' title='bbox 1777 2825 1815 2861; x_wconf 89' lang='lat' dir='ltr'><strong>in</strong></span> <span class='ocrx_word' id='word_1_1019' title='bbox 1837 2824 2050 2905; x_wconf 54' lang='lat' dir='ltr'><strong>{mimum</strong></span> <span class='ocrx_word' id='word_1_1020' title='bbox 2074 2828 2196 2860; x_wconf 86' lang='lat' dir='ltr'><strong>nostro</strong></span> <span class='ocrx_word' id='word_1_1021' title='bbox 2221 2828 2430 2870; x_wconf 91' lang='lat' dir='ltr'><strong>computan-</strong></span> 
     </span>
     <span class='ocr_line' id='line_1_135' title="bbox 1345 2869 2432 2916; baseline -0.003 -9"><span class='ocrx_word' id='word_1_1022' title='bbox 1345 2875 1365 2907; x_wconf 88' lang='lat'><strong>2</strong></span> <span class='ocrx_word' id='word_1_1023' title='bbox 1411 2875 1481 2907; x_wconf 88' lang='lat' dir='ltr'><strong>tur.</strong></span> <span class='ocrx_word' id='word_1_1024' title='bbox 1540 2871 1612 2907; x_wconf 91' lang='lat' dir='ltr'><strong>Sed</strong></span> <span class='ocrx_word' id='word_1_1025' title='bbox 1645 2874 1682 2906; x_wconf 93' lang='lat' dir='ltr'><strong>et</strong></span> <span class='ocrx_word' id='word_1_1026' title='bbox 1714 2870 1745 2906; x_wconf 87' lang='lat' dir='ltr'><strong>si</strong></span> <span class='ocrx_word' id='word_1_1027' title='bbox 1779 2870 1840 2916; x_wconf 88' lang='lat' dir='ltr'><strong>qui</strong></span> <span class='ocrx_word' id='word_1_1028' title='bbox 1899 2869 1943 2905; x_wconf 92' lang='lat' dir='ltr'><strong>de</strong></span> <span class='ocrx_word' id='word_1_1029' title='bbox 1952 2869 1983 2891; x_wconf 81' lang='lat'><strong>²³</strong></span> <span class='ocrx_word' id='word_1_1030' title='bbox 2043 2869 2207 2904; x_wconf 88' lang='lat' dir='ltr'><strong>ecoribus</strong></span> <span class='ocrx_word' id='word_1_1031' title='bbox 2241 2870 2373 2905; x_wconf 89' lang='lat' dir='ltr'><strong>nostris</strong></span> <span class='ocrx_word' id='word_1_1032' title='bbox 2407 2879 2432 2905; x_wconf 86' lang='lat' dir='ltr'><strong>a</strong></span> 
     </span>
     <span class='ocr_line' id='line_1_136' title="bbox 1345 2913 2433 2961; baseline -0.004 -8"><span class='ocrx_word' id='word_1_1033' title='bbox 1345 2917 1496 2953; x_wconf 71' lang='lat' dir='ltr'><strong>bestia²⁴</strong></span> <span class='ocrx_word' id='word_1_1034' title='bbox 1522 2919 1681 2961; x_wconf 91' lang='lat' dir='ltr'><strong>ereptum</strong></span> <span class='ocrx_word' id='word_1_1035' title='bbox 1704 2915 1771 2958; x_wconf 90' lang='lat' dir='ltr'><strong>sit,</strong></span> <span class='ocrx_word' id='word_1_1036' title='bbox 1803 2915 1921 2950; x_wconf 89' lang='lat' dir='ltr'><strong>venire</strong></span> <span class='ocrx_word' id='word_1_1037' title='bbox 1952 2914 1990 2949; x_wconf 91' lang='lat' dir='ltr'><strong>in</strong></span> <span class='ocrx_word' id='word_1_1038' title='bbox 2037 2913 2177 2949; x_wconf 85' lang='lat' dir='ltr'><strong>amiliae</strong></span> <span class='ocrx_word' id='word_1_1039' title='bbox 2199 2914 2433 2950; x_wconf 88' lang='lat' dir='ltr'><strong>erciscundae</strong></span> 
     </span>
     <span class='ocr_line' id='line_1_137' title="bbox 1344 2959 2428 3006; baseline -0.003 -9"><span class='ocrx_word' id='word_1_1040' title='bbox 1344 2962 1514 2998; x_wconf 89' lang='lat' dir='ltr'><strong>iudicium</strong></span> <span class='ocrx_word' id='word_1_1041' title='bbox 1536 2964 1659 3006; x_wconf 87' lang='lat' dir='ltr'><strong>putat,</strong></span> <span class='ocrx_word' id='word_1_1042' title='bbox 1689 2960 1721 2996; x_wconf 87' lang='lat' dir='ltr'><strong>si</strong></span> <span class='ocrx_word' id='word_1_1043' title='bbox 1743 2959 1855 2996; x_wconf 82' lang='lat' dir='ltr'><strong>feram</strong></span> <span class='ocrx_word' id='word_1_1044' title='bbox 1886 2959 2053 2995; x_wconf 82' lang='lat' dir='ltr'><strong>evaserit:</strong></span> <span class='ocrx_word' id='word_1_1045' title='bbox 2085 2969 2167 2994; x_wconf 87' lang='lat' dir='ltr'><strong>nam</strong></span> <span class='ocrx_word' id='word_1_1046' title='bbox 2198 2959 2308 3004; x_wconf 83' lang='lat' dir='ltr'><strong>mag-is</strong></span> <span class='ocrx_word' id='word_1_1047' title='bbox 2339 2969 2428 3002; x_wconf 87' lang='lat' dir='ltr'><strong>esse,</strong></span> 
     </span>
     <span class='ocr_line' id='line_1_138' title="bbox 1345 3003 2429 3049; baseline -0.003 -6"><span class='ocrx_word' id='word_1_1048' title='bbox 1345 3011 1386 3043; x_wconf 93' lang='lat' dir='ltr'><strong>ut</strong></span> <span class='ocrx_word' id='word_1_1049' title='bbox 1408 3017 1479 3042; x_wconf 88' lang='lat' dir='ltr'><strong>non</strong></span> <span class='ocrx_word' id='word_1_1050' title='bbox 1503 3006 1643 3042; x_wconf 87' lang='lat' dir='ltr'><strong>desinat</strong></span> <span class='ocrx_word' id='word_1_1051' title='bbox 1674 3008 1833 3040; x_wconf 91' lang='lat' dir='ltr'><strong>nostrum</strong></span> <span class='ocrx_word' id='word_1_1052' title='bbox 1865 3015 1962 3046; x_wconf 88' lang='lat' dir='ltr'><strong>esse,</strong></span> <span class='ocrx_word' id='word_1_1053' title='bbox 1995 3003 2129 3049; x_wconf 88' lang='lat' dir='ltr'><strong>inquit,</strong></span> <span class='ocrx_word' id='word_1_1054' title='bbox 2162 3003 2258 3049; x_wconf 91' lang='lat' dir='ltr'><strong>quod</strong></span> <span class='ocrx_word' id='word_1_1055' title='bbox 2288 3014 2312 3039; x_wconf 92' lang='lat' dir='ltr'><strong>a</strong></span> <span class='ocrx_word' id='word_1_1056' title='bbox 2342 3003 2429 3049; x_wconf 87' lang='lat' dir='ltr'><strong>lupo</strong></span> 
     </span>
     <span class='ocr_line' id='line_1_139' title="bbox 1344 3048 2431 3132; baseline -0.001 -45"><span class='ocrx_word' id='word_1_1057' title='bbox 1344 3051 1496 3132; x_wconf 56' lang='grc' dir='ltr'><strong>ἓνίρξξιιτ</strong></span> <span class='ocrx_word' id='word_1_1058' title='bbox 1518 3050 1572 3087; x_wconf 89' lang='lat' dir='ltr'><strong>vel</strong></span> <span class='ocrx_word' id='word_1_1059' title='bbox 1596 3050 1667 3129; x_wconf 62' lang='lat' dir='ltr'><strong>aliati</strong></span> <span class='ocrx_word' id='word_1_1060' title='bbox 1689 3050 1822 3092; x_wconf 88' lang='lat' dir='ltr'><strong>bestia,</strong></span> <span class='ocrx_word' id='word_1_1061' title='bbox 1846 3049 2001 3092; x_wconf 87' lang='lat' dir='ltr'><strong>tamdiu,</strong></span> <span class='ocrx_word' id='word_1_1062' title='bbox 2036 3050 2198 3095; x_wconf 85' lang='lat' dir='ltr'><strong>quamdiu</strong></span> <span class='ocrx_word' id='word_1_1063' title='bbox 2209 3048 2431 3086; x_wconf 54' lang='lat' dir='ltr'><strong>abeononffl·</strong></span> 
     </span>
     <span class='ocr_line' id='line_1_140' title="bbox 1360 3105 1734 3133; baseline -0.011 0"><span class='ocrx_word' id='word_1_1064' title='bbox 1360 3107 1436 3133; x_wconf 86' lang='lat' dir='ltr'><strong>ueri</strong></span> <span class='ocrx_word' id='word_1_1065' title='bbox 1476 3106 1621 3131; x_wconf 90' lang='lat' dir='ltr'><strong>consum</strong></span> <span class='ocrx_word' id='word_1_1066' title='bbox 1663 3105 1734 3130; x_wconf 86' lang='lat' dir='ltr'><strong>um.</strong></span> 
     </span>
    </p>

    <p class='ocr_par' dir='ltr' id='par_1_18' title="bbox 1346 3138 2430 3229">
     <span class='ocr_line' id='line_1_141' title="bbox 1391 3138 2427 3179; baseline -0.006 -1"><span class='ocrx_word' id='word_1_1067' title='bbox 1391 3139 1416 3179; x_wconf 89' lang='grc'><strong>9</strong></span> <span class='ocrx_word' id='word_1_1068' title='bbox 1441 3140 1601 3176; x_wconf 60' lang='lat' dir='ltr'><strong>Panas</strong></span> <span class='ocrx_word' id='word_1_1069' title='bbox 1641 3139 1719 3175; x_wconf 69' lang='grc' dir='ltr'><strong><em>ἱὸν-ο</em></strong></span> <span class='ocrx_word' id='word_1_1070' title='bbox 1743 3139 1932 3174; x_wconf 80' lang='lat' dir='ltr'><strong>vicensimo</strong></span> <span class='ocrx_word' id='word_1_1071' title='bbox 1956 3139 2061 3175; x_wconf 72' lang='lat' dir='ltr'><strong>tertio</strong></span> <span class='ocrx_word' id='word_1_1072' title='bbox 2085 3138 2135 3174; x_wconf 86' lang='lat' dir='ltr'><strong>ad</strong></span> <span class='ocrx_word' id='word_1_1073' title='bbox 2157 3138 2310 3174; x_wconf 80' lang='lat' dir='ltr'><strong>edictum</strong></span> <span class='ocrx_word' id='word_1_1074' title='bbox 2356 3138 2427 3173; x_wconf 86' lang='lat' dir='ltr'><strong>Ve-</strong></span> 
     </span>
     <span class='ocr_line' id='line_1_142' title="bbox 1346 3182 2430 3229; baseline -0.004 -7"><span class='ocrx_word' id='word_1_1075' title='bbox 1346 3186 1448 3222; x_wconf 87' lang='lat' dir='ltr'><strong>niunt</strong></span> <span class='ocrx_word' id='word_1_1076' title='bbox 1457 3186 1495 3221; x_wconf 89' lang='lat' dir='ltr'><strong>in</strong></span> <span class='ocrx_word' id='word_1_1077' title='bbox 1506 3185 1577 3221; x_wconf 90' lang='lat' dir='ltr'><strong>hoc</strong></span> <span class='ocrx_word' id='word_1_1078' title='bbox 1588 3184 1757 3220; x_wconf 88' lang='lat' dir='ltr'><strong>iudicium</strong></span> <span class='ocrx_word' id='word_1_1079' title='bbox 1768 3193 1837 3225; x_wconf 90' lang='lat' dir='ltr'><strong>res,</strong></span> <span class='ocrx_word' id='word_1_1080' title='bbox 1856 3194 1946 3228; x_wconf 88' lang='lat' dir='ltr'><strong>quas</strong></span> <span class='ocrx_word' id='word_1_1081' title='bbox 1965 3183 2114 3219; x_wconf 90' lang='lat' dir='ltr'><strong>heredes</strong></span> <span class='ocrx_word' id='word_1_1082' title='bbox 2133 3186 2376 3229; x_wconf 88' lang='lat' dir='ltr'><strong>usuceperunt</strong></span> <span class='ocrx_word' id='word_1_1083' title='bbox 2384 3182 2430 3225; x_wconf 79' lang='lat'><strong>²⁵,</strong></span> 
     </span>
    </p>
   </div>
   <div class='ocr_carea' id='block_1_9' title="bbox 1343 3294 2432 3699">
    <p class='ocr_par' dir='ltr' id='par_1_19' title="bbox 1343 3294 2432 3699">
     <span class='ocr_line' id='line_1_143' title="bbox 1347 3294 2427 3341; baseline -0.006 -8"><span class='ocrx_word' id='word_1_1084' title='bbox 1347 3300 1428 3333; x_wconf 79' lang='lat' dir='ltr'><strong>Sab-</strong></span> <span class='ocrx_word' id='word_1_1085' title='bbox 1441 3306 1560 3333; x_wconf 76' lang='grc'><strong>42...54.</strong></span> <span class='ocrx_word' id='word_1_1086' title='bbox 1570 3317 1617 3323; x_wconf 93' lang='grc'>-</span> <span class='ocrx_word' id='word_1_1087' title='bbox 1630 3298 1716 3332; x_wconf 68' lang='lat' dir='ltr'><strong>Bae.</strong></span> <span class='ocrx_word' id='word_1_1088' title='bbox 1729 3298 1784 3337; x_wconf 83' lang='lat'><strong>42,</strong></span> <span class='ocrx_word' id='word_1_1089' title='bbox 1797 3304 1825 3331; x_wconf 83' lang='grc'><strong>3.</strong></span> <span class='ocrx_word' id='word_1_1090' title='bbox 1838 3315 1883 3321; x_wconf 94' lang='grc'>-</span> <span class='ocrx_word' id='word_1_1091' title='bbox 1900 3298 1950 3341; x_wconf 73' lang='lat' dir='ltr'><strong>Cf:</strong></span> <span class='ocrx_word' id='word_1_1092' title='bbox 1968 3297 2043 3331; x_wconf 84' lang='lat' dir='ltr'><strong>Cod.</strong></span> <span class='ocrx_word' id='word_1_1093' title='bbox 2059 3297 2090 3336; x_wconf 82' lang='lat'><strong>3,</strong></span> <span class='ocrx_word' id='word_1_1094' title='bbox 2103 3303 2140 3330; x_wconf 76' lang='lat'><strong>88</strong></span> <span class='ocrx_word' id='word_1_1095' title='bbox 2212 3297 2255 3337; x_wconf 84' lang='lat'><strong>(8)</strong></span> <span class='ocrx_word' id='word_1_1096' title='bbox 2281 3294 2349 3328; x_wconf 87' lang='lat' dir='ltr'><strong>alia</strong></span> <span class='ocrx_word' id='word_1_1097' title='bbox 2362 3305 2427 3337; x_wconf 88' lang='lat' dir='ltr'><strong>qua</strong></span> 
     </span>
     <span class='ocr_line' id='line_1_144' title="bbox 1346 3341 2427 3387; baseline -0.006 -8"><span class='ocrx_word' id='word_1_1098' title='bbox 1346 3345 1393 3379; x_wconf 90' lang='lat' dir='ltr'><strong>D.</strong></span> <span class='ocrx_word' id='word_1_1099' title='bbox 1413 3344 1634 3387; x_wconf 74' lang='lat' dir='ltr'><strong>Gothosredus</strong></span> <span class='ocrx_word' id='word_1_1100' title='bbox 1691 3343 1736 3384; x_wconf 81' lang='grc'><strong>(9)</strong></span> <span class='ocrx_word' id='word_1_1101' title='bbox 1762 3342 1867 3374; x_wconf 80' lang='lat' dir='ltr'><strong>sortus</strong></span> <span class='ocrx_word' id='word_1_1102' title='bbox 1879 3342 1915 3375; x_wconf 74' lang='lat' dir='ltr'><em>F</em></span> <span class='ocrx_word' id='word_1_1103' title='bbox 1969 3342 2029 3382; x_wconf 88' lang='grc' dir='ltr'><strong>(1ο)</strong></span> <span class='ocrx_word' id='word_1_1104' title='bbox 2054 3341 2134 3373; x_wconf 86' lang='lat' dir='ltr'><strong>huic</strong></span> <span class='ocrx_word' id='word_1_1105' title='bbox 2146 3341 2221 3374; x_wconf 77' lang='lat' dir='ltr'><strong>dett.</strong></span> <span class='ocrx_word' id='word_1_1106' title='bbox 2280 3341 2335 3381; x_wconf 90' lang='grc'><strong>(11)</strong></span> <span class='ocrx_word' id='word_1_1107' title='bbox 2356 3350 2427 3372; x_wconf 84' lang='lat' dir='ltr'><strong>esse</strong></span> 
     </span>
     <span class='ocr_line' id='line_1_145' title="bbox 1347 3383 2432 3430; baseline -0.006 -7"><span class='ocrx_word' id='word_1_1108' title='bbox 1347 3389 1409 3423; x_wconf 76' lang='lat' dir='ltr'><strong>del.</strong></span> <span class='ocrx_word' id='word_1_1109' title='bbox 1427 3388 1457 3423; x_wconf 91' lang='lat' dir='ltr'><strong><em>S</em></strong></span> <span class='ocrx_word' id='word_1_1110' title='bbox 1569 3390 1628 3430; x_wconf 87' lang='grc'><strong>(12)</strong></span> <span class='ocrx_word' id='word_1_1111' title='bbox 1652 3388 1701 3421; x_wconf 75' lang='grc' dir='ltr'><strong>εἰσ</strong></span> <span class='ocrx_word' id='word_1_1112' title='bbox 1712 3386 1810 3427; x_wconf 80' lang='lat' dir='ltr'><em>F²N‚</em></span> <span class='ocrx_word' id='word_1_1113' title='bbox 1824 3386 2056 3429; x_wconf 84' lang='lat' dir='ltr'><strong>adquaesitum</strong></span> <span class='ocrx_word' id='word_1_1114' title='bbox 2069 3386 2104 3419; x_wconf 77' lang='lat' dir='ltr'><em>F</em></span> <span class='ocrx_word' id='word_1_1115' title='bbox 2111 3385 2121 3406; x_wconf 88' lang='lat'><strong>¹</strong></span> <span class='ocrx_word' id='word_1_1116' title='bbox 2243 3385 2301 3425; x_wconf 88' lang='grc'><strong>(13)</strong></span> <span class='ocrx_word' id='word_1_1117' title='bbox 2326 3383 2379 3416; x_wconf 80' lang='lat' dir='ltr'><strong>vel</strong></span> <span class='ocrx_word' id='word_1_1118' title='bbox 2391 3384 2432 3417; x_wconf 92' lang='lat' dir='ltr'><em>N</em></span> 
     </span>
     <span class='ocr_line' id='line_1_146' title="bbox 1347 3429 2426 3476; baseline -0.006 -9"><span class='ocrx_word' id='word_1_1119' title='bbox 1347 3437 1405 3476; x_wconf 78' lang='lat' dir='ltr'><strong>(u)</strong></span> <span class='ocrx_word' id='word_1_1120' title='bbox 1430 3444 1488 3466; x_wconf 82' lang='lat' dir='ltr'><strong>eae</strong></span> <span class='ocrx_word' id='word_1_1121' title='bbox 1501 3446 1563 3467; x_wconf 73' lang='lat' dir='ltr'><strong>scr.</strong></span> <span class='ocrx_word' id='word_1_1122' title='bbox 1657 3433 1715 3473; x_wconf 70' lang='lat'><strong>(15)</strong></span> <span class='ocrx_word' id='word_1_1123' title='bbox 1741 3442 1848 3474; x_wconf 84' lang='lat' dir='ltr'><strong>neque</strong></span> <span class='ocrx_word' id='word_1_1124' title='bbox 1861 3444 1919 3465; x_wconf 87' lang='lat' dir='ltr'><strong>om.</strong></span> <span class='ocrx_word' id='word_1_1125' title='bbox 1929 3431 1971 3465; x_wconf 92' lang='lat' dir='ltr'><em>N</em></span> <span class='ocrx_word' id='word_1_1126' title='bbox 2057 3432 2116 3473; x_wconf 78' lang='grc'><strong>(16)</strong></span> <span class='ocrx_word' id='word_1_1127' title='bbox 2140 3431 2189 3464; x_wconf 79' lang='grc' dir='ltr'><strong>εἰσ</strong></span> <span class='ocrx_word' id='word_1_1128' title='bbox 2198 3429 2245 3472; x_wconf 90' lang='lat' dir='ltr'><strong>N,</strong></span> <span class='ocrx_word' id='word_1_1129' title='bbox 2257 3429 2426 3462; x_wconf 86' lang='lat' dir='ltr'><strong>adiectum</strong></span> 
     </span>
     <span class='ocr_line' id='line_1_147' title="bbox 1346 3472 2425 3519; baseline -0.007 -6"><span class='ocrx_word' id='word_1_1130' title='bbox 1346 3489 1384 3512; x_wconf 85' lang='lat' dir='ltr'><strong>eo</strong></span> <span class='ocrx_word' id='word_1_1131' title='bbox 1397 3480 1457 3513; x_wconf 72' lang='lat' dir='ltr'><strong>i’ns.</strong></span> <span class='ocrx_word' id='word_1_1132' title='bbox 1471 3478 1510 3519; x_wconf 77' lang='lat' dir='ltr'><strong>F,</strong></span> <span class='ocrx_word' id='word_1_1133' title='bbox 1523 3478 1691 3511; x_wconf 85' lang='lat' dir='ltr'><strong>adiectum</strong></span> <span class='ocrx_word' id='word_1_1134' title='bbox 1704 3477 1763 3510; x_wconf 73' lang='lat' dir='ltr'><strong>ins.</strong></span> <span class='ocrx_word' id='word_1_1135' title='bbox 1777 3476 1808 3510; x_wconf 87' lang='lat' dir='ltr'><strong><em>S</em></strong></span> <span class='ocrx_word' id='word_1_1136' title='bbox 1875 3477 1933 3516; x_wconf 78' lang='grc'><strong>(17)</strong></span> <span class='ocrx_word' id='word_1_1137' title='bbox 1958 3477 2006 3509; x_wconf 75' lang='grc' dir='ltr'><strong>εἰσ</strong></span> <span class='ocrx_word' id='word_1_1138' title='bbox 2015 3474 2113 3514; x_wconf 71' lang='lat' dir='ltr'><strong>F&#39;N,</strong></span> <span class='ocrx_word' id='word_1_1139' title='bbox 2128 3473 2369 3507; x_wconf 86' lang='lat' dir='ltr'><strong>communicari</strong></span> <span class='ocrx_word' id='word_1_1140' title='bbox 2380 3472 2425 3506; x_wconf 73' lang='lat' dir='ltr'><strong>F‘</strong></span> 
     </span>
     <span class='ocr_line' id='line_1_148' title="bbox 1347 3517 2425 3565; baseline -0.006 -8"><span class='ocrx_word' id='word_1_1141' title='bbox 1347 3525 1406 3565; x_wconf 79' lang='lat' dir='ltr'><strong>(is)</strong></span> <span class='ocrx_word' id='word_1_1142' title='bbox 1431 3523 1524 3565; x_wconf 87' lang='lat' dir='ltr'><strong>[huic</strong></span> <span class='ocrx_word' id='word_1_1143' title='bbox 1538 3524 1714 3565; x_wconf 73' lang='lat' dir='ltr'><strong>perlsonae</strong></span> <span class='ocrx_word' id='word_1_1144' title='bbox 1726 3521 1766 3555; x_wconf 94' lang='lat' dir='ltr'><em>N</em></span> <span class='ocrx_word' id='word_1_1145' title='bbox 1852 3522 1910 3562; x_wconf 79' lang='grc'><strong>(19)</strong></span> <span class='ocrx_word' id='word_1_1146' title='bbox 1936 3517 2179 3562; x_wconf 83' lang='lat' dir='ltr'><strong>perveneritN</strong></span> <span class='ocrx_word' id='word_1_1147' title='bbox 2265 3523 2328 3556; x_wconf 81' lang='grc' dir='ltr'><strong>(2ο)</strong></span> <span class='ocrx_word' id='word_1_1148' title='bbox 2354 3517 2425 3550; x_wconf 80' lang='lat' dir='ltr'><strong>sue-</strong></span> 
     </span>
     <span class='ocr_line' id='line_1_149' title="bbox 1344 3561 2426 3610; baseline -0.006 -9"><span class='ocrx_word' id='word_1_1149' title='bbox 1344 3569 1391 3601; x_wconf 85' lang='lat' dir='ltr'><strong>rit</strong></span> <span class='ocrx_word' id='word_1_1150' title='bbox 1402 3568 1437 3601; x_wconf 81' lang='lat' dir='ltr'><strong>F·</strong></span> <span class='ocrx_word' id='word_1_1151' title='bbox 1488 3570 1547 3610; x_wconf 87' lang='grc'><strong>(21)</strong></span> <span class='ocrx_word' id='word_1_1152' title='bbox 1561 3567 1678 3608; x_wconf 85' lang='lat' dir='ltr'><strong>actori]</strong></span> <span class='ocrx_word' id='word_1_1153' title='bbox 1692 3570 1826 3599; x_wconf 81' lang='lat' dir='ltr'><strong>actorve</strong></span> <span class='ocrx_word' id='word_1_1154' title='bbox 1836 3578 1898 3599; x_wconf 71' lang='lat' dir='ltr'><strong>scr.</strong></span> <span class='ocrx_word' id='word_1_1155' title='bbox 1913 3578 1974 3599; x_wconf 76' lang='lat' dir='ltr'><strong>sec.</strong></span> <span class='ocrx_word' id='word_1_1156' title='bbox 1990 3566 2155 3599; x_wconf 81' lang='lat' dir='ltr'><strong>Cm&#39;aci’um</strong></span> <span class='ocrx_word' id='word_1_1157' title='bbox 2213 3565 2276 3605; x_wconf 78' lang='lat'><strong>(22)</strong></span> <span class='ocrx_word' id='word_1_1158' title='bbox 2289 3564 2338 3596; x_wconf 73' lang='lat' dir='ltr'><strong>eie</strong></span> <span class='ocrx_word' id='word_1_1159' title='bbox 2347 3561 2426 3604; x_wconf 84' lang='lat' dir='ltr'><strong>NS,</strong></span> 
     </span>
     <span class='ocr_line' id='line_1_150' title="bbox 1344 3607 2426 3656; baseline -0.005 -11"><span class='ocrx_word' id='word_1_1160' title='bbox 1344 3613 1545 3656; x_wconf 87' lang='lat' dir='ltr'><strong>pomponius</strong></span> <span class='ocrx_word' id='word_1_1161' title='bbox 1557 3611 1759 3655; x_wconf 83' lang='lat' dir='ltr'><strong>pomponius</strong></span> <span class='ocrx_word' id='word_1_1162' title='bbox 1771 3610 1804 3643; x_wconf 76' lang='lat' dir='ltr'>F</span> <span class='ocrx_word' id='word_1_1163' title='bbox 1879 3611 1941 3651; x_wconf 85' lang='grc'><strong>(23)</strong></span> <span class='ocrx_word' id='word_1_1164' title='bbox 1965 3611 2013 3644; x_wconf 76' lang='lat' dir='ltr'><strong>sic</strong></span> <span class='ocrx_word' id='word_1_1165' title='bbox 2023 3607 2126 3648; x_wconf 72' lang='lat' dir='ltr'><strong>F’N,</strong></span> <span class='ocrx_word' id='word_1_1166' title='bbox 2135 3620 2154 3641; x_wconf 88' lang='lat' dir='ltr'><strong>e</strong></span> <span class='ocrx_word' id='word_1_1167' title='bbox 2166 3608 2210 3641; x_wconf 81' lang='lat' dir='ltr'><strong>F¹</strong></span> <span class='ocrx_word' id='word_1_1168' title='bbox 2290 3608 2352 3649; x_wconf 74' lang='grc'><strong>(24)</strong></span> <span class='ocrx_word' id='word_1_1169' title='bbox 2377 3607 2426 3640; x_wconf 75' lang='lat' dir='ltr'><strong>sic</strong></span> 
     </span>
     <span class='ocr_line' id='line_1_151' title="bbox 1343 3650 2430 3699; baseline -0.002 -10"><span class='ocrx_word' id='word_1_1170' title='bbox 1343 3658 1382 3699; x_wconf 80' lang='lat' dir='ltr'><strong>F,</strong></span> <span class='ocrx_word' id='word_1_1171' title='bbox 1395 3657 1513 3690; x_wconf 80' lang='lat' dir='ltr'><strong>bestiis</strong></span> <span class='ocrx_word' id='word_1_1172' title='bbox 1525 3657 1591 3691; x_wconf 89' lang='lat' dir='ltr'><strong>NS</strong></span> <span class='ocrx_word' id='word_1_1173' title='bbox 1682 3657 1755 3698; x_wconf 72' lang='lat'><strong>(24⁸)</strong></span> <span class='ocrx_word' id='word_1_1174' title='bbox 1780 3664 1848 3688; x_wconf 87' lang='lat' dir='ltr'><strong>non</strong></span> <span class='ocrx_word' id='word_1_1175' title='bbox 1861 3667 1919 3688; x_wconf 87' lang='lat' dir='ltr'><strong>om.</strong></span> <span class='ocrx_word' id='word_1_1176' title='bbox 1934 3655 1968 3687; x_wconf 85' lang='lat' dir='ltr'><strong>F&#39;</strong></span> <span class='ocrx_word' id='word_1_1177' title='bbox 2093 3655 2155 3696; x_wconf 75' lang='lat'><strong>(25)</strong></span> <span class='ocrx_word' id='word_1_1178' title='bbox 2168 3653 2384 3696; x_wconf 85' lang='lat' dir='ltr'><strong>usuceperint</strong></span> <span class='ocrx_word' id='word_1_1179' title='bbox 2397 3650 2430 3687; x_wconf 79' lang='lat' dir='ltr'>N</span> 
     </span>
    </p>
   </div>
  </div>
 </body>
</html>
