2528 3918
170 122 395 168 XXXXVI
426 121 452 165 3

168 243 198 280 si
223 243 471 279 statuliberum
496 242 631 285 solvat,
663 242 773 287 magis
797 245 884 287 puto
909 253 982 278 nou
1005 252 1083 278 esse
1105 251 1252 287 exspec-

169 288 312 324 tandam
337 287 600 324 condicionem:
625 286 712 323 sed¹
735 290 774 323 et
792 287 1005 324 creditorem
1024 296 1129 332 agere
1148 295 1255 331 posse

169 338 206 369 et
226 333 278 368 illi
302 332 562 369 condictionem
585 334 798 378 competere.
833 332 929 378 quod
952 333 982 368 si
1005 332 1147 367 interim
1168 341 1254 367 con-

169 377 262 414 dicio
286 376 471 420 defecerit,
494 377 684 420 liberatur,
708 377 855 423 perinde
878 381 985 422 atque
1010 377 1039 412 si
1063 377 1142 422 quis
1166 386 1253 421 pen·

168 423 274 458 dente
310 422 519 459 condicione
557 422 663 458 solvit
702 431 768 468 per
803 431 960 459 errorem
997 425 1034 457 et
1064 425 1254 467 antequam

168 466 385 510 condiceret,
410 467 572 503 condicio
596 467 780 503 exstiterit.
819 467 908 503 illud
931 467 1028 502 nullo
1054 466 1159 502 modo
1183 465 1256 502 dici

169 513 366 555 conveniet,
390 512 422 548 si
443 516 584 549 mortuo
608 512 730 548 Sticho
750 513 911 548 condicio
933 511 1086 554 deficiat,
1110 511 1254 547 liberari

168 557 383 602 debitorem,
439 557 592 600 uamvis,
626 557 658 594 si
680 557 819 594 vivente
842 568 884 592 eo
909 556 1094 599 defecerit,
1124 556 1254 592 libera-

167 608 283 645 retur,
318 612 413 647 quan
440 613 461 638 o
490 603 559 639 isto
589 612 676 638 casu
700 603 797 638 nullo
822 606 983 647 tempore
1006 601 1165 647 perfecte
1189 602 1253 636 ho-

169 648 297 683 minem
319 657 436 683 meum
459 647 606 684 feceris:
640 647 796 693 alioquin
820 657 933 692 prope
956 646 1041 689 erit,
1074 650 1114 682 ut
1138 647 1253 689 etiam,

167 692 199 729 si
223 703 304 728 eum
326 703 478 736 servum,
501 692 541 729 in
563 703 634 738 quo
655 703 741 729 usus
761 692 901 727 fructus
922 691 1059 727 alienus
1080 695 1145 734 est,
1169 691 1255 726 mihi

168 737 316 774 solveris
339 738 442 784 isque
464 749 531 774 usu
553 738 676 774 fructu
699 742 865 772 manente
888 737 1100 780 decesserit,
1128 747 1172 772 ea
1195 747 1254 772 so-

167 783 302 819 lutione
325 782 498 819 liberatus
522 783 691 819 videaris:
724 782 821 827 quod
845 782 943 818 nullo
966 781 1072 818 modo
1097 782 1254 828 probau-

169 828 253 863 dum
284 831 355 872 est,
388 828 494 864 sicuti
517 828 548 864 si
573 837 793 864 communem
818 826 983 863 solvisses
1005 827 1108 872 isque
1131 827 1253 862 deces-

168 876 189 908 4
235 873 352 909 sisset.
401 873 439 909 Si
462 873 542 918 quis
565 884 630 919 pro
656 883 698 909 eo
722 872 890 908 reverso²
915 871 1148 914 fideiusserit‚
1182 872 1254 917 qui,

168 928 250 954 cum
272 918 325 953 rei
368 917 508 954 ublicae
527 928 636 954 causa
655 919 808 960 abesset,
833 916 974 953 actione
991 927 1063 963 qua
1082 917 1255 953 liberatus

167 963 224 1007 sit,
249 962 329 999 dein
356 973 376 999 e
399 973 515 999 annus
532 962 766 1008 praeterierit,
791 972 838 997 an
855 962 1043 999 fideiussor
1057 963 1254 999 liberetur?

167 1007 264 1054 quod
286 1008 425 1044 Iuliano
448 1019 522 1044 non
544 1008 728 1054 placebat,
760 1011 798 1043 et
821 1007 962 1052 quidem
984 1008 1039 1044 si³
1062 1018 1142 1043 cum
1167 1007 1253 1042 fide·

166 1053 305 1090 iussore
335 1062 380 1089 ex
407 1053 546 1089 eriundi
574 1056 735 1098 potestas
765 1063 836 1088 non
866 1052 953 1087 fuit:
985 1052 1050 1088 sed
1073 1053 1142 1089 hoc
1167 1063 1254 1088 casu

166 1099 204 1134 in
227 1098 346 1144 ipsum
394 1098 611 1134 deiussorem
634 1108 679 1133 ex
698 1097 815 1133 edicto
834 1097 1013 1133 actionem
1031 1097 1173 1134 restitui
1192 1097 1254 1133 de-

168 1144 265 1186 bere,
291 1143 586 1188 quemadmodum
610 1143 646 1178 in
671 1153 750 1178 eum
774 1142 1030 1187 fideiussorem,
1058 1142 1118 1188 qui
1139 1142 1253 1178 homi-

167 1193 187 1223 5
234 1198 315 1224 nem
338 1189 555 1234 promissum
579 1188 721 1224 occidit.
759 1187 829 1232 Qui
851 1198 917 1233 pro
943 1191 980 1223 te
1002 1188 1100 1233 apud
1119 1188 1254 1223 Titium

167 1233 402 1277 fideiusserat,
425 1233 554 1280 pignus
577 1234 615 1268 in
639 1243 740 1268 suam
757 1232 1010 1278 obligationem
1030 1233 1146 1269 dedit:
1171 1236 1256 1278 post

167 1279 259 1315 idem
287 1279 455 1315 heredem
485 1282 523 1314 te
549 1278 715 1314 instituit.
765 1277 926 1322 quamvis
957 1288 1002 1313 ex
1029 1278 1256 1314 fideiussoris

168 1333 279 1360 causa
302 1335 374 1360 non
397 1323 570 1367 tenearis,
594 1323 704 1358 nihilo
728 1323 845 1359 minus
868 1326 988 1359 tamen
1012 1324 1140 1369 pignus
1166 1323 1253 1359 obli-

191 1372 290 1405 atum
321 1369 489 1405 manebit.
538 1371 577 1403 at
606 1368 636 1403 si
666 1367 759 1403 idem
790 1368 900 1403 alium
923 1368 1168 1404 fideiussorem
1192 1368 1253 1404 de-

192 1414 260 1450 erit
282 1417 390 1459 atque
411 1414 465 1450 ita
486 1413 653 1450 heredem
676 1417 713 1449 te
734 1413 945 1457 instituerit,
975 1414 1108 1450 rectius
1131 1414 1253 1450 existi·

168 1459 259 1495 mari
282 1459 333 1495 ait
355 1459 498 1495 sublata
522 1458 739 1504 obligatione
758 1458 846 1502 eius,
896 1469 937 1495 ro
958 1469 1028 1504 quo
1048 1459 1254 1495 fideiussum

168 1505 226 1546 sit,
251 1515 330 1540 eum
355 1515 425 1550 quo
451 1514 496 1540 ue
520 1504 582 1550 qui
605 1503 821 1540 fideiusserit
842 1503 869 1539 li
894 1504 999 1540 erari.

214 1547 268 1587 39
287 1549 411 1602 ‘Ins-u·
426 1515 516 1603 Jibro
540 1552 665 1584 octavo
689 1549 940 1601 quaestionum
986 1549 1042 1594 Si,
1072 1549 1254 1585 soluturus

167 1594 1255 1691 ffiffiffi,“isturgssossxsssffgnsszfflsgffm5²1³?ss⁴323

168 1685 241 1720 culi
265 1694 342 1720 eam
363 1684 443 1720 fore
460 1684 558 1720 Mela
575 1684 665 1720 libro
688 1683 824 1719 decimo
848 1684 982 1720 scrib1t.
1019 1684 1114 1729 quod
1134 1695 1256 1719 verum

169 1733 239 1775 est,
271 1740 352 1766 cum
385 1740 427 1766 eo
454 1733 593 1772 tamen,
625 1732 666 1764 ut
688 1729 778 1765 illud
801 1729 953 1765 maxime
976 1733 1177 1774 spectetur,
1209 1739 1256 1765 an

168 1785 234 1820 per
255 1778 292 1811 te
316 1774 471 1819 steterit,
505 1785 575 1820 quo
599 1774 715 1810 minus
739 1775 777 1809 in
801 1774 997 1810 continenti
1019 1775 1254 1820 probaretur:

168 1830 250 1855 nam
273 1823 362 1856 tunc
384 1819 532 1866 perinde
555 1819 760 1855 habendum
783 1819 870 1862 erit,
903 1829 947 1855 ac
978 1819 1010 1855 si
1039 1823 1167 1865 parato
1198 1829 1256 1855 me

168 1865 305 1901 solvere
333 1869 374 1900 tu
406 1875 451 1900 ex
479 1864 602 1910 aliqua
630 1874 741 1900 causa
764 1864 929 1910 accipere
952 1865 1077 1901 nolles.
1123 1865 1163 1900 in
1186 1874 1258 1910 qua

168 1910 287 1956 specie
309 1920 383 1946 non
405 1910 530 1955 utique
552 1919 692 1956 semper
715 1913 817 1945 tuum
840 1909 1041 1954 periculum
1061 1909 1146 1945 eritz
1172 1909 1257 1963 quid

168 1955 278 1999 enim,
319 1955 352 1991 si
377 1954 622 2001 inopportuno
652 1958 810 2000 tempore
841 1955 897 1990 vel
926 1954 1007 1990 loco
1040 1955 1256 2000 optulenm‘?

169 2000 223 2036 his
255 2009 476 2046 consequens
508 2010 588 2036 esse
617 2004 722 2046 puto,
753 2003 795 2035 ut
825 2000 951 2043 etiam,
988 2000 1019 2036 si
1050 2004 1087 2036 et
1117 2003 1258 2045 emptor

168 2056 332 2081 nummos
364 2049 401 2081 et
427 2045 591 2081 venditor
618 2054 790 2089 mercem,
823 2044 920 2090 quod
949 2045 1100 2081 invicem
1127 2055 1256 2091 parum

168 2090 254 2126 fidei
276 2090 470 2134 haberent,
503 2090 748 2136 deposuerint,
783 2093 820 2126 et
842 2090 977 2125 nummi
1001 2090 1170 2136 emptoris
1194 2100 1255 2136 pe-

168 2135 282 2172 riculo
305 2135 378 2172 sint
400 2135 538 2181 (utique
560 2135 593 2171 si
614 2134 627 2170 i
654 2145 692 2171 se
715 2145 813 2178 eum,
845 2134 943 2180 apud
972 2146 1077 2180 quem
1100 2135 1256 2181 depone-

168 2183 311 2225 rentur,
343 2180 396 2216 ele
420 2180 501 2224 erit)
524 2184 561 2216 et
582 2180 620 2215 ni

168 2235 224 2261 em
251 2226 300 2262 tio
350 2235 370 2261 e
405 2229 486 2262 ecta
508 2226 565 2261 sit.

214 2236 269 2309 ΣΟ
333 2280 529 2307 mounes
555 2270 646 2307 libro
677 2271 782 2306 tertio
815 2271 1078 2306 institutionum
1123 2269 1162 2306 Si
1189 2281 1256 2316 pro

179 2326 225 2352 ne
254 2316 333 2369 quis
363 2315 508 2351 solverit
537 2315 706 2351 creditori
731 2325 827 2360 meo,
858 2315 944 2351 licet
973 2315 1160 2361 ignorante
1189 2326 1256 2358 me,

169 2361 371 2414 adquiritur
391 2360 479 2396 mihi
501 2361 596 2397 actio
621 2360 867 2406 pigneraticia.
913 2360 1000 2396 item
1027 2361 1059 2397 si
1082 2361 1160 2407 quis
1184 2361 1256 2397 sol-

169 2409 259 2442 verit
273 2406 404 2452 legata,
425 2405 557 2442 debent
573 2405 756 2442 discedere
769 2405 935 2451 legatarii
950 2405 995 2442 de
1009 2406 1254 2452 possessione:

170 2451 328 2497 alioquin
349 2451 512 2487 nascitur
533 2450 655 2487 heredi
677 2450 924 2495 interdictum,
955 2455 998 2487 ut
1028 2461 1089 2487 eos
1117 2450 1256 2487 deicere

199 2497 298 2533 ossit.

170 2508 194 2543 p
215 2540 266 2579 41
302 2541 550 2577 Psnmfflvs
587 2540 679 2577 libro
703 2541 829 2588 primo
861 2540 906 2577 de
936 2540 1126 2577 adulteriis
1178 2540 1256 2577 Reo

172 2586 328 2623 criminis
337 2586 533 2666 dpostulato
554 2586 698 2622 interim
720 2585 809 2621 nihil
831 2586 998 2640 prohibet
1026 2590 1123 2623 recte
1145 2596 1255 2631 pecu·

171 2633 266 2668 niam
290 2642 313 2666 a
360 2631 556 2667 ebitoribus
579 2631 686 2667 solvi:
719 2631 877 2676 alioquin
900 2631 1063 2678 plerique
1085 2631 1255 2668 innocen-

170 2677 259 2713 tium
282 2677 485 2712 necessario
509 2679 652 2722 sumptu
741 2676 842 2712 bunt.

217 2719 271 2759 42
301 2721 460 2757 Psaros
492 2721 584 2757 libro
624 2725 729 2757 tertzo
765 2721 810 2757 de
843 2720 1034 2757 adulteriis
1087 2720 1158 2757 Sed
1189 2731 1256 2757 nec

170 2766 260 2802 illud
282 2766 500 2812 prohibitum
527 2765 674 2810 videtur,
698 2776 743 2803 ne
767 2776 790 2802 a
811 2776 873 2802 reo
899 2765 1067 2802 creditori
1084 2765 1254 2802 solvatur.

217 2809 270 2849 43
297 2811 491 2847 Urpmvvs
501 2811 597 2853 libro
615 2811 772 2847 secundo
787 2811 999 2858 reqularum
1032 2811 1076 2846 In
1092 2812 1255 2847 omnibus

172 2856 358 2903 speciebus
382 2855 633 2891 liberationum
656 2856 764 2892 etiam
792 2856 1016 2893 accessiones
1045 2856 1254 2901 liberantur,

171 2907 261 2947 puta
277 2900 560 2946 adpromissores
579 2901 802 2947 hypothecae
820 2901 981 2947 pignora,
1005 2906 1255 2948 praeterquam

171 2946 268 3027 quod
298 2946 392 2982 inter
421 2945 631 2981 creditorem
667 2950 702 2982 et
732 2946 1014 2993 adpromissores
1046 2946 1255 2984 confusione

188 2995 272 3028 acta
293 3001 377 3027 reus
400 3001 473 3026 non
495 2990 680 3026 liberatur.

217 3035 272 3074 44
292 3035 528 3072 Marenavas
544 3036 634 3071 libro
653 3036 811 3072 secundo
827 3037 1038 3084 reqularum
1073 3036 1115 3072 In
1131 3047 1253 3074 nume-

171 3081 371 3118 rationibus
389 3079 580 3126 aliquando
600 3081 725 3126 evenit,
749 3085 790 3117 ut
809 3092 882 3117 una
898 3082 1143 3118 numeratione
1161 3081 1255 3118 duae

172 3126 406 3173 obligationes
436 3125 610 3161 tollantur
640 3136 711 3161 uno
742 3130 939 3163 momento:
971 3127 1082 3163 veluti
1113 3127 1143 3162 si
1174 3127 1255 3173 quis

171 3172 299 3218 pignus
330 3181 396 3217 pro
427 3170 547 3206 debito
574 3170 773 3206 vendiderit
797 3171 980 3208 creditori:
1013 3172 1128 3208 evenit
1151 3173 1254 3225 enim,

171 3219 214 3253 ut
236 3220 274 3252 et
295 3226 342 3252 ex
362 3215 505 3252 vendito
528 3215 678 3252 tollatur
699 3216 868 3261 obligatio
892 3220 929 3252 et
951 3217 1073 3253 debiti.
1117 3217 1202 3253 item
1225 3227 1256 3253 ει

171 3261 327 3308 pupillo,
359 3260 421 3307 qui
450 3261 527 3296 sine
555 3260 688 3296 tutoris
718 3262 931 3297 auctoritate
961 3266 1122 3297 mutuam
1144 3273 1254 3307 pecu-

172 3306 269 3343 niam
291 3307 439 3351 accepit,
464 3306 619 3350 legatum
641 3315 664 3341 a
687 3305 862 3342 creditore
885 3306 994 3342 fuerit
1016 3307 1084 3343 sub
1103 3317 1147 3343 ea
1168 3317 1253 3343 con-

172 3351 322 3394 dicione,
347 3351 378 3386 si
398 3361 475 3387 eam
495 3350 708 3396 pecuniam⁴
731 3351 978 3395 numeraverit,
1003 3352 1040 3387 in
1058 3351 1148 3388 duas
1168 3362 1254 3388 cau·

172 3406 231 3432 sas
254 3395 367 3432 videri
390 3406 471 3431 eum
494 3405 720 3439 numerasse,
752 3399 788 3431 et
814 3396 852 3431 in
876 3396 1034 3432 debitum
1063 3407 1184 3440 suum,
1215 3400 1256 3433 ut

171 3442 210 3477 in
236 3440 436 3477 Falcidiam
466 3440 591 3476 heredi
620 3441 832 3486 imputetur,
863 3445 901 3476 et
930 3442 1146 3478 condicionis
1173 3452 1254 3487 gra-

170 3486 239 3529 tia,
271 3490 313 3521 nt
341 3485 498 3531 legatum
529 3490 780 3531 consequatur.
827 3486 911 3521 item
941 3486 972 3521 si
1003 3497 1089 3522 usus
1113 3486 1255 3524 fructus

170 3531 346 3577 pecuniae
376 3533 585 3567 numeratae
612 3530 749 3576 legatus
779 3530 903 3575 fuerit,
940 3531 1074 3575 evenit,
1110 3535 1152 3568 ut
1181 3542 1256 3568 una

672 2190 693 2216 ο
715 2180 834 2216 minus
857 2190 957 2216 merx
981 2191 1140 2226 quoque,
1173 2181 1257 2226 quia

171 3650 211 3689 (ι)
234 3648 347 3681 statim
364 3647 426 3681 im.
518 3646 563 3688 (2)
587 3654 717 3678 reverso
737 3645 800 3679 del.
893 3646 935 3684 (8)
961 3646 994 3677 et
1011 3646 1143 3687 quidem
1162 3646 1202 3688 si]
1222 3646 1251 3679 si

172 3692 305 3734 quidem
317 3704 380 3726 ser.
444 3692 487 3734 (4)
513 3689 635 3723 solvat:
659 3689 688 3722 si
700 3699 771 3722 cam
780 3689 957 3733 pecuniam
969 3690 1028 3723 ine.
1094 3693 1137 3733 (5)
1162 3690 1252 3733 quod

171 3736 302 3781 pupillo
313 3735 462 3779 debetur,
482 3734 647 3769 bonafide
661 3733 785 3768 exsolvi
803 3735 843 3768 P.
858 3734 964 3768 Faber
1054 3736 1098 3777 (s)
1123 3738 1252 3778 tempus

1245 115 1330 164 750

1319 3654 1386 3688 quo
1397 3644 1510 3687 agitur
1521 3643 1699 3687 inspicitur
1710 3644 1744 3676 et
1756 3643 1817 3676 del.

1320 3694 1365 3731 (⁹)
1389 3688 1623 3722 satisfactionis
1634 3689 1676 3722 A.
1691 3688 1798 3723 steen·

1484 76 1487 93 ι

1494 93 1553 151 Ὗ
1985 131 2049 166 DE
2076 133 2400 168 somrnonmus

1323 241 1567 295 numeratione
1590 244 1627 278 et
1648 242 1819 280 liberetur
1840 243 1943 281 heres
1962 253 2007 280 ex
2024 246 2237 281 testamento
2259 247 2295 281 et
2313 245 2402 283 obli-

1365 289 1383 322 t
1403 286 1473 322 sibi
1499 286 1720 332 legatarium.
1767 289 1976 324 tantundem
2004 292 2061 326 est
2089 292 2125 325 et
2152 290 2184 325 si
2215 290 2402 326 damnatus

1339 330 1431 366 uerit
1459 331 1568 367 alicui
1595 332 1747 369 vendere
1776 334 1831 370 vel
1860 334 1999 370 locare:
2031 344 2113 370 nam
2142 334 2325 371 vendendo
2349 337 2402 371 vel

1322 375 1475 429 locando
1504 380 1541 412 et
1568 376 1740 414 liberatur
1767 389 1812 414 ex
1842 382 2056 415 testamento
2087 379 2189 416 heres
2212 383 2249 415 et
2272 380 2404 425 obligat

1322 421 1392 457 sibi
1414 421 1447 456 le
1471 421 1634 457 atarium.

1370 464 1422 503 45
1484 476 1650 502 LPJANUS
1676 466 1768 503 libro
1783 468 1912 520 primo
1941 478 2195 514 responsorum
2242 468 2402 514 Callippo

1323 511 1527 555 respondit,
1559 511 1718 555 quamvis
1747 513 1932 557 stipulanti
1964 512 2068 548 uxori
2097 513 2151 548 vir
2174 513 2404 559 spoponderit

1323 556 1498 601 dirempto
1522 556 1746 593 matrimonio
1769 557 1933 602 praedia,
1964 568 2055 603 quae
2087 557 2162 593 doti
2188 561 2292 593 erant
2315 558 2402 594 obli-

1322 604 1425 644 gata,
1449 601 1487 636 in
1510 600 1664 636 solutum
1689 601 1791 642 dare.
1816 606 1933 638 tamen
1956 603 2043 638 satis
2066 612 2145 638 esse
2169 602 2288 638 offerri
2310 602 2402 639 dotis

1320 646 1335 680 1
1378 645 1632 690 quantitatem.
1658 644 1757 680 Idem
1768 644 1947 681 Frontoni
1958 646 2145 696 respondit
2157 649 2403 690 perseveranti

1324 691 1434 726 tutori
1464 690 1502 726 in
1532 691 1667 726 tutelae
1698 690 2020 735 administratione,
2059 692 2143 728 licet
2174 692 2301 738 capitis
2330 703 2402 733 reo,

1323 735 1482 780 potuisse
1504 735 1551 780 id,
1576 736 1672 780 quod
1694 736 1830 781 pupillo
1851 737 1943 771 bona
1963 736 2032 772 fide
2052 737 2210 780 debetur,
2236 738 2368 773 exsolvi
2379 740 2402 772 ⁵.

1369 778 1423 817 46
1456 780 1692 816 ΜΑιῑσιΑινυε
1725 781 1816 817 libro
1853 783 1956 816 tertio
1990 782 2198 828 reqularum
2254 782 2292 818 Si
2326 782 2404 827 quis

1324 826 1429 861 aliam
1459 836 1533 861 rem
1563 836 1630 871 pro
1661 826 1732 861 alia
1761 826 1891 861 volenti
1923 826 2067 862 solverit
2097 831 2133 862 et
2162 827 2275 862 evicta
2297 827 2405 862 fuerit

1324 881 1399 913 res,
1432 874 1552 906 manet
1584 870 1735 916 pristina
1767 871 1946 916 obligatio.
1994 871 2061 907 etsi
2109 882 2149 907 ro
2174 876 2275 917 parte
2298 872 2405 907 fuerit

1324 916 1455 959 evicta,
1486 919 1606 951 tamen
1637 926 1702 961 pro
1735 915 1848 952 solido
1873 916 2041 961 obligatio
2090 920 2189 952 urat:
2223 927 2305 952 nam
2334 927 2403 952 non

1323 961 1521 1042 ῗᾞὲξέἓι
1551 961 1758 1042 ξθᾱὼὲῗῆῗ
1785 961 2166 1042 ἓζὲἓὴῖζῆᾱὲῗίνὲξὲἱ
2184 962 2313 1052 ‘EQ
2329 961 2405 1053 ἓξὲξ

1324 1051 1443 1087 debito
1477 1050 1630 1094 dederit,
1663 1050 1779 1087 evicto
1810 1051 1922 1087 altero
1952 1051 2063 1087 fundo
2086 1055 2247 1088 remanet
2268 1051 2406 1097 integra

1323 1095 1505 1141 obligatio.
1552 1100 1640 1131 tunc
1671 1106 1753 1141 ergo
1783 1107 1840 1132 res
1869 1107 1934 1141 pro
1959 1107 1998 1133 re
2022 1096 2140 1132 soluta
2162 1097 2405 1133 liberationem

1324 1144 1344 1176 2
1392 1145 1562 1186 praestat,
1580 1152 1659 1177 cum
1676 1152 1742 1187 pro
1759 1141 1871 1178 solido
1887 1141 1987 1177 facta
2001 1145 2057 1178 est
2073 1142 2312 1188 suscipientis.
2335 1142 2405 1178 Sed

1323 1190 1359 1221 et
1389 1186 1421 1222 si
1450 1186 1529 1232 quis
1584 1197 1624 1222 er
1654 1186 1774 1222 dolum
1804 1187 1917 1239 pluris
1950 1187 2172 1223 aestimatum
2198 1186 2347 1222 fundum
2368 1187 2404 1222 in

1323 1232 1480 1311 εοΙιῗῐιιῗι
1512 1198 1663 1276 degerit,
1694 1242 1766 1268 non
1794 1231 1983 1275 liberatur,
2015 1232 2084 1268 nisi
2114 1232 2151 1267 id
2180 1232 2276 1277 quod
2307 1231 2406 1268 deest

1323 1287 1363 1312 re
1402 1287 1445 1312 ea
1461 1288 1515 1312 ur.

1363 1287 1422 1359 Ι217
1448 1322 1556 1357 loru
1575 1322 1665 1358 libro
1690 1324 1821 1373 quarto
1844 1322 2053 1368 reqularum
2098 1322 2141 1357 In
2164 1322 2317 1368 pupillo,
2348 1323 2406 1358 cui

1324 1367 1399 1403 sine
1418 1367 1547 1402 tutoris
1567 1370 1781 1403 auctoritate
1800 1366 1955 1402 solutum
1975 1370 2041 1410 est,
2061 1367 2093 1403 si
2111 1370 2315 1412 quaeratur,
2335 1378 2405 1413 quo

1323 1416 1481 1458 tempore
1499 1412 1547 1447 sit
1565 1412 1789 1457 locupletior,
1813 1415 1953 1458 tempus
1971 1422 2041 1458 quo
2062 1413 2181 1457 agitur
2198 1412 2405 1458 inspicitur:

1324 1459 1385 1493 et⁶
1415 1461 1457 1493 ut
1487 1458 1650 1503 exceptio
1682 1456 1754 1492 doli
1786 1457 1870 1492 mali
1919 1457 2012 1493 osita
2034 1457 2069 1493 ei
2091 1461 2236 1499 noceat,
2267 1462 2406 1502 tempus

1330 1506 1341 1537 1
1392 1514 1462 1548 quo
1487 1502 1604 1547 agitur
1627 1505 1822 1547 spectatur.
1868 1468 1991 1544 Pi‘ane,
2018 1506 2059 1537 ut
2081 1502 2253 1538 Scaevola
2275 1503 2406 1545 aiebat,

1324 1547 1464 1584 etiamsi
1486 1547 1633 1593 perierit
1655 1557 1712 1583 res
1736 1551 1819 1582 ante
1842 1546 1939 1583 litem
1959 1551 2205 1590 contestatam,
2229 1547 2407 1583 interdum

1325 1593 1428 1638 quasi
1450 1592 1662 1646 locupletior
1685 1592 1803 1628 factus
1826 1592 2062 1638 intellegitur,
2091 1592 2130 1628 id
2153 1596 2208 1629 est
2230 1592 2262 1628 si
2283 1603 2404 1628 neces-

1323 1638 1455 1674 sariam
1477 1637 1548 1673 sib1
1569 1648 1645 1674 rem
1668 1637 1770 1680 emit,
1804 1647 1911 1683 quam
1941 1637 2144 1674 necessario
2176 1637 2219 1674 de
2243 1649 2308 1674 suo
2331 1642 2408 1674 erat

1324 1686 1527 1728 empturus:
1565 1693 1647 1718 nam
1675 1683 1746 1718 hoc
1775 1682 1874 1728 ipso,
1905 1684 1999 1728 quo⁷
2027 1693 2102 1718 non
2130 1687 2186 1719 est
2241 1683 2408 1729 superior

1324 1728 1455 1771 factus,
1481 1728 1698 1773 locupletior
1719 1731 1786 1763 est.
1832 1727 1885 1763 sic
1910 1732 1945 1763 et
1967 1727 2006 1763 in
2027 1727 2102 1764 filio
2125 1728 2144 1763 f
2201 1728 2209 1736 ”
2301 1731 2406 1774 puta-

1323 1774 1389 1809 bat
1410 1773 1711 1809 Macedonianum
1735 1782 1894 1817 cessare,
1918 1772 1950 1808 si
1972 1773 2010 1808 in
2032 1772 2254 1810 necessarias
2278 1783 2406 1809 causas

1324 1818 1420 1899 {lius
1459 1822 1619 1854 mutuam
1657 1818 1846 1864 pecuniam
1882 1818 2063 1864 acceperit
2099 1822 2136 1854 et
2174 1828 2252 1854 eam
2289 1818 2406 1864 perdi-

1351 1863 1428 1899 erit.

1371 1905 1425 1946 48
1449 1907 1689 1944 Mfflosssvs
1709 1907 1799 1944 libro
1818 1908 2002 1955 singulari
2016 1918 2271 1955 responsorum
2312 1908 2408 1944 Titia

1326 1963 1408 1989 cum
1438 1956 1588 1999 propter
1619 1953 1864 2006 dotem-bona
1892 1953 2012 1989 mariti
2040 1953 2258 2008 possideret,
2291 1953 2407 1990 omnia

1324 2010 1391 2044 pro
1411 1998 1554 2034 domina
1578 2002 1659 2043 egit,
1684 1998 1819 2034 reditus
1841 1998 1957 2043 exegit
1976 2002 2012 2034 et
2028 1999 2205 2035 moventia
2224 1998 2404 2035 distraxit:

1326 2054 1470 2089 quaero,
1496 2053 1544 2079 an
1567 2053 1620 2087 ea,
1646 2051 1737 2088 quae
1759 2053 1805 2079 ex
1827 2053 1868 2079 re
1889 2044 2008 2079 mariti
2030 2054 2137 2089 perce
2161 2044 2200 2088 it,
2228 2043 2268 2080 in
2290 2044 2408 2080 dotem

1325 2089 1358 2124 ei
1381 2088 1543 2135 reputari
1565 2089 1730 2124 debeant.
1777 2088 1971 2125 Marcellus
2000 2099 2131 2142 respon
2155 2090 2185 2125 it
2213 2089 2408 2136 reputatio-

1325 2133 1711 2224 ffiffitiissffli'iai'iff
1738 2138 2000 2215 Zissffffinz’si
2012 2134 2409 2224 iniissintii‘ssi‘iaiiss

2007 2205 2016 2222 2

1325 2225 1451 2260 mulier
1500 2224 1644 2270 ercepit.
1681 2224 1743 2260 sed
1767 2224 1799 2259 si
1816 2223 1910 2260 forte
1928 2234 2119 2259 usurarum
2161 2235 2279 2270 uoque
2298 2225 2406 2260 ratio-

1325 2280 1406 2306 nem
1429 2279 1472 2305 ar
1495 2269 1565 2305 iter
1588 2269 1681 2305 dotis
1704 2269 1961 2315 reciperandae
1984 2270 2116 2305 habere
2171 2269 2325 2314 ebuerit‚
2356 2270 2408 2306 ita

1325 2319 1381 2351 est
1411 2314 1708 2360 computandum,
1740 2316 1797 2356 ut,
1828 2318 1938 2360 prout
1968 2315 2123 2359 quidque
2151 2315 2199 2351 ad
2227 2315 2406 2351 mulierem

1325 2360 1496 2414 pervenit,
1521 2371 1593 2395 non
1617 2370 1662 2395 ex
1685 2359 1850 2395 universa
1873 2369 2010 2395 summa
2033 2359 2192 2402 decedat,
2221 2360 2284 2396 sed
2306 2360 2407 2406 prius

1323 2416 1363 2441 m
1386 2415 1464 2441 eam
1489 2405 1740 2450 quantitatem,
1772 2414 1878 2449 quam
1907 2415 2096 2440 usurarum
2119 2405 2259 2441 nomine
2282 2404 2406 2441 mulie-

1325 2461 1400 2486 rem
1425 2450 1594 2495 consequi
1618 2450 1824 2495 oportebat:
1854 2449 1950 2495 quod
1973 2460 2045 2485 non
2069 2454 2124 2486 est
2145 2450 2315 2496 iniquum.

1371 2493 1425 2533 49
1451 2495 1685 2531 MARCIANUS
1711 2494 1801 2530 libro
1824 2495 2007 2541 sinqulari
2035 2495 2085 2530 ad
2111 2494 2405 2549 hypothecariam

1323 2540 1523 2586 formulam
1581 2539 1743 2576 Solutam
1783 2539 1972 2585 pecuniam
2012 2539 2247 2585 intellegimus
2285 2540 2407 2586 utique

1325 2585 1545 2629 naturaliter,
1571 2585 1602 2621 si
1625 2588 1812 2621 numerata
1834 2584 1882 2620 sit
1905 2585 2083 2620 creditori.
2119 2585 2183 2621 sed
2203 2589 2238 2620 et
2257 2585 2288 2621 si
2306 2585 2406 2621 iussu

1325 2630 1401 2667 eius
1425 2629 1488 2666 alii
1511 2630 1685 2672 solvatur,
1716 2630 1771 2665 vel
1795 2629 1962 2666 creditori
1985 2630 2062 2666 eius
2084 2631 2140 2666 vel
2161 2630 2283 2666 futuro
2308 2630 2407 2666 debi-

1325 2676 1395 2711 tori
1424 2675 1481 2711 vel
1509 2676 1615 2711 etiam
1645 2675 1679 2711 ei
1702 2675 1762 2711 cui
1784 2674 1982 2711 donaturus
2006 2679 2100 2719 erat,
2130 2676 2267 2712 absolvi
2289 2676 2404 2711 debet.

1324 2724 1440 2757 ratam
1464 2730 1605 2775 quoque
1628 2720 1841 2757 solutionem
1864 2721 1896 2755 si
1919 2720 2074 2757 creditor
2102 2721 2267 2756 habuerit
2312 2720 2406 2756 idem

1325 2766 1402 2802 erit.
1449 2770 1563 2802 tutori
1594 2775 1736 2811 quoque
1766 2765 1798 2801 si
1828 2765 1946 2801 soluta
1974 2766 2022 2801 sit
2049 2766 2202 2812 pecunia
2225 2777 2246 2800 v
2303 2776 2405 2801 cura-

1323 2811 1395 2847 tori
1417 2811 1472 2847 vel
1494 2810 1723 2857 procuratori
1745 2810 1800 2846 vel
1825 2810 1971 2846 cuilibet
1993 2811 2193 2846 successori
2221 2811 2277 2847 vel
2303 2821 2405 2847 servo

1324 2856 1449 2900 actori,
1474 2855 1639 2902 proficiet
1662 2856 1696 2891 ei
1719 2855 1861 2891 solutio.
1908 2855 2004 2900 quod
2031 2855 2062 2891 si
2085 2860 2272 2901 acceptum
2295 2855 2404 2891 latum

1325 2902 1388 2945 sit,
1423 2901 1540 2946 ‘quod
1563 2901 1801 2947 stipulationis
1825 2900 1967 2936 nomine
1988 2901 2192 2947 hypotheca
2214 2904 2293 2936 erat
2316 2901 2405 2936 obli·

1347 2950 1408 2982 ata
1430 2946 1486 2982 vel
1509 2945 1585 2982 sine
1608 2946 1839 2992 stipulatione
1862 2950 2012 2991 accepta
2035 2945 2092 2988 sit,
2117 2946 2303 2982 solutionis
2326 2946 2404 2990 qui-

1322 2958 1405 3028 dem
1427 2992 1574 3027 verbum
1597 3001 1668 3027 non
1687 2990 1861 3036 proficiet,
1886 2991 1949 3027 sed
1969 2991 2236 3027 satisdationis⁹
2259 2990 2403 3027 sufficit.

1370 3035 1423 3075 50
1454 3036 1613 3072 PAULUs
1645 3036 1736 3071 libro
1768 3036 1905 3072 decimo
1934 3036 1984 3071 ad
2014 3035 2187 3072 Sabinum
2233 3035 2287 3079 Si,
2324 3046 2404 3070 curn

1324 3092 1452 3118 aurum
1475 3081 1542 3118 tibi
1563 3080 1822 3126 promisissem,
1853 3081 2031 3126 ignoranti
2060 3080 2163 3125 quasi
2192 3090 2320 3115 aurum
2343 3091 2404 3116 aes

1324 3127 1506 3169 solverim,
1531 3136 1604 3162 non
1626 3126 1826 3161 liberabor:
1852 3125 1915 3162 sed
1938 3136 2005 3161 nec
2028 3130 2186 3171 repetam
2209 3126 2278 3161 hoc
2302 3125 2404 3171 quasi

1322 3172 1520 3208 indebitum
1537 3171 1703 3214 solutum,
1725 3171 1821 3216 quod
1838 3171 1954 3207 sciens
1973 3170 2053 3207 feci.
2089 3173 2267 3216 petentem
2283 3173 2404 3206 tamen

1322 3222 1359 3253 te
1382 3227 1510 3297 agn-um
1533 3216 1741 3296 elxsceptione
1765 3216 2009 3259 summovebo,
2041 3215 2072 3251 si
2094 3226 2167 3251 non
2189 3215 2318 3252 reddas
2341 3225 2403 3251 aes

1346 3272 1393 3297 uo
1442 3271 1528 3297 acce
1585 3265 1625 3295 tr.

1323 3274 1346 3308 q
1369 3306 1418 3345 51
1445 3271 1554 3343 lori}
1571 3305 1663 3342 libro
1688 3316 1783 3341 nono
1808 3305 1858 3341 ad
1875 3305 2026 3341 edictum
2060 3303 2318 3350 Dispensatori,
2342 3305 2403 3350 qui

1323 3352 1509 3432 igenrante
1541 3350 1705 3431 debittgrg
1731 3353 1977 3431 remot1111smciexs¹ti
1998 3349 2178 3430 gibsalcuz,
2209 3353 2308 3386 recte
2330 3350 2402 3430 ιοὲς

1322 3406 1629 3433 viurzexvoun
1728 3405 1821 3431 emm
1869 3405 1890 3431 o
2073 3405 2218 3439 oviur,
2266 3405 2349 3430 uam
2390 3405 2402 3429 ι

1323 3441 1439 3478 nescit
1459 3444 1644 3483 mutatam,
1670 3440 1730 3485 qui
1753 3439 1858 3476 solvit
1879 3440 2063 3476 liberatur.
2243 3405 2265 3440 q

1368 3484 1423 3524 52
1465 3485 1659 3522 Urmws
1691 3486 1783 3521 libro
1823 3489 1954 3532 quarto
1989 3484 2125 3520 decimo
2161 3483 2211 3520 ad
2248 3483 2401 3520 edictum

1323 3530 1527 3568 satisfactio
1551 3541 1617 3577 pro
1642 3529 1818 3567 solutione
1840 3532 1906 3566 est.

1899 3643 1942 3684 (7)
1966 3605 2056 3684 quod
2068 3641 2142 3675 edd.
2218 3642 2265 3681 (8)
2288 3640 2397 3677 insu.
