2528 3918
200 118 386 161 XIIII6

244 237 270 280 8
294 240 455 277 Panos
469 239 561 277 libro
582 238 1018 285 triqensimoadedoetum
1065 239 1153 277 Cum
1172 242 1291 275 tamen

197 296 221 323 a
244 290 411 323 curatore
433 295 498 331 per
519 283 758 338 ignorantiam
781 284 939 321 solutum
958 285 1015 328 sit,
1040 285 1154 338 repeti
1173 284 1289 321 debet.

244 329 270 370 9
302 330 497 368 Ulmanus
517 329 610 366 libro
633 330 826 366 vicensimo
845 341 942 366 nono
962 330 1012 366 ad
1031 330 1184 366 eductum
1221 329 1293 366 Sed

198 377 230 413 si
251 380 356 423 pater
377 375 532 411 familias
554 375 676 411 factus
706 384 782 411 rem
812 375 952 421 pignori
983 375 1137 418 dederit,
1170 374 1290 412 dicen-

198 422 283 458 dum
315 421 383 457 erit
414 424 562 456 senatus
593 420 749 456 consulti
780 421 1025 466 exceptionem
1057 421 1090 456 ei
1113 419 1290 466 denegan-

200 471 216 503 1
267 467 349 502 dam
380 476 423 502 us
449 475 495 502 ue
526 465 572 501 ad
595 465 752 512 pignoris
777 466 1023 511 quantitatem.
1072 465 1110 500 Si
1141 466 1187 501 ab
1220 466 1290 501 alio

198 512 369 548 donatam
400 511 432 547 si
457 511 470 546 i
499 511 690 557 pecuniam
721 510 816 547 filius
849 510 1016 547 creditori
1048 511 1211 553 solverit,
1243 521 1290 546 an

196 561 301 603 pater
330 556 513 592 vindicare
542 556 598 592 vel
621 559 784 602 repetere
832 556 947 592 ossit?
983 559 1019 591 et
1042 555 1094 590 ait
1117 556 1289 599 Iulianus,

197 603 228 638 si
276 602 393 638 uidem
415 602 487 638 hac
511 601 722 638 condicione
745 602 778 637 ei
827 605 935 637 onata
967 601 1014 636 sit
1045 601 1218 646 pecunia,
1250 604 1291 637 ut

198 657 258 683 cre
284 647 367 683 itori
398 647 535 690 solvat,
566 647 678 683 videri
709 657 732 682 a
756 646 931 682 donatore
954 645 1154 691 profectam
1176 646 1290 699 proti-

196 703 264 729 nus
296 692 344 728 ad
379 692 592 729 creditorem
623 695 660 728 et
690 692 767 727 fieri
798 702 962 727 nummos
995 691 1223 737 accipientis:
1259 691 1291 727 si

195 748 279 774 vero
302 738 512 783 simpliciter
531 738 564 774 ei
583 737 739 780 donavit,
765 736 1015 773 alienationem
1036 746 1159 772 eorum
1178 736 1291 772 filium

196 793 269 819 non
290 783 462 819 habuisse
485 786 522 819 et
543 783 643 826 ideo,
668 782 699 818 si
723 782 884 823 solverit,
911 781 1172 818 condictionem
1195 782 1291 827 patri

196 831 217 864 2
264 838 309 864 ex
331 829 428 865 omni
451 832 581 864 eventu
606 831 817 873 competere.
864 825 944 862 Hoc
976 830 1121 863 senatus
1145 827 1289 863 consul-

195 877 273 909 tum
302 877 340 909 et
371 873 419 910 ad
450 873 543 909 filias
591 883 710 918 uoque
731 872 949 907 familiarum
972 872 1129 918 pertinet
1152 883 1219 908 nec
1243 872 1291 908 ad

194 929 271 955 rem
294 919 460 965 pertinet,
485 919 517 955 si
540 885 749 954 afffirmetur
772 921 983 953 ornamenta
1006 928 1051 953 ex
1075 928 1118 953 ea
1136 918 1290 970 pecunia

196 974 443 1010 comparasset
469 974 553 1000 nam
577 967 613 999 et
635 963 668 999 ei
692 973 760 1008 quo
787 973 832 998 ue
856 963 916 1008 qui
938 962 1012 999 filio
1036 962 1191 998 familias
1212 973 1288 999 cre-

196 1009 288 1045 didit
317 1009 462 1046 decreto
494 1009 701 1055 amplissimi
725 974 860 1061 ordinis
884 1008 980 1044 actio
1005 1008 1200 1054 denegatur
1222 1018 1290 1044 nec

195 1054 363 1098 interest,
396 1054 598 1100 consumpti
629 1054 700 1089 sint
724 1063 858 1088 nummi
881 1063 929 1088 an
953 1057 1095 1089 exstent
1117 1054 1155 1089 in
1178 1064 1288 1099 pecu-

194 1100 254 1136 lio.
301 1100 414 1136 multo
446 1100 553 1145 igitur
584 1110 619 1134 m
667 1099 695 1134 's
727 1098 915 1134 severitate
949 1102 1098 1135 senatus
1134 1098 1289 1135 consulti

196 1145 272 1181 eius
296 1149 505 1181 contractus
528 1145 576 1180 im
602 1155 642 1180 ro
670 1144 801 1186 abitur,
852 1143 889 1179 ui
912 1143 1008 1179 filiae
1031 1143 1185 1180 familias
1209 1155 1287 1179 mu-

195 1193 217 1227 3
263 1194 364 1226 tuum
398 1190 505 1226 dedit.
596 1200 643 1226 on
678 1188 793 1225 solum
827 1154 899 1224 {lio
935 1188 1087 1225 familias
1123 1193 1160 1224 et
1193 1189 1290 1235 patri

196 1236 272 1272 eius
289 1238 525 1278 succurritur,
542 1244 666 1270 verum
689 1234 891 1269 fideiussori
915 1245 1058 1280 quoque
1081 1237 1117 1270 et
1139 1234 1287 1270 manda-

194 1281 265 1318 tori
287 1282 375 1324 eius‚
400 1281 461 1326 qui
485 1284 521 1316 et
543 1280 612 1326 ipsi
635 1279 796 1315 mandati
818 1279 954 1315 habent
975 1289 1195 1325 regressum,
1220 1279 1289 1315 nisi

193 1325 289 1363 forte
312 1326 471 1362 donandi
495 1326 611 1361 animo
635 1326 932 1361 intercesserunt:
957 1328 1044 1360 tunc
1070 1325 1182 1368 enim,
1207 1335 1288 1361 cum

194 1371 331 1408 nullum
353 1382 372 1407 r
455 1381 552 1407 ssum
577 1370 745 1412 habeant,
770 1374 916 1406 senatus
941 1370 1146 1406 consultum
1169 1370 1289 1407 locum

195 1427 269 1453 non
299 1417 394 1452 habe
419 1417 457 1452 it.
494 1416 557 1452 sed
587 1419 625 1451 et
655 1415 686 1451 si
709 1426 783 1452 non
814 1413 974 1451 donandi
1003 1416 1142 1459 animo,
1174 1416 1288 1461 patris

194 1466 314 1498 tamen
344 1462 529 1497 voluntate
559 1461 859 1503 intercesserunt,
895 1464 994 1497 totus
1026 1465 1234 1497 contractus
1266 1471 1289 1496 a

195 1511 217 1543 4
264 1511 368 1553 patre
390 1507 567 1543 videbitur
590 1506 857 1552 comprobatus.
905 1505 956 1541 Et
985 1506 1024 1541 hi
1054 1510 1194 1549 tamen,
1226 1506 1289 1552 qui

194 1562 260 1599 pro
290 1551 362 1588 filio
393 1551 547 1588 familias
571 1551 648 1587 sine
669 1551 853 1588 voluntate
877 1551 991 1597 patris
1016 1551 1092 1588 eius
1116 1552 1287 1588 interces-

194 1601 335 1641 serunt,
371 1597 540 1634 solvendo
572 1607 646 1633 non
675 1600 857 1643 repetent:
893 1597 963 1632 hoc
995 1597 1088 1633 enim
1120 1601 1156 1633 et
1187 1597 1288 1633 divus

192 1642 397 1679 Hadrianus
430 1642 615 1679 constituit
646 1644 682 1678 et
711 1645 832 1687 potest
863 1641 932 1678 dici
963 1652 1036 1678 non
1059 1653 1097 1678 re
1125 1643 1286 1678 etituros.

193 1688 768 1779 ffiffnefflssffiffiffie
796 1687 880 1778 {¹1¹3}
902 1690 1106 1769 {intima
1130 1688 1288 1769 ἒέιαῖἓῗί

290 1760 300 1776 9
762 1759 772 1775 9

194 1789 264 1814 non
289 1782 476 1825 repetunt,
508 1779 571 1824 qui
593 1778 640 1814 ob
664 1788 818 1824 poenam
843 1778 1056 1814 creditorum
1080 1778 1223 1814 actione
1245 1778 1286 1814 li-

193 1824 384 1867 berantur,
419 1835 493 1860 non
524 1824 693 1869 quoniam
707 1825 717 1845 ¹
750 1833 945 1859 exonerare
977 1834 1038 1859 eos
1069 1823 1128 1860 lex
1161 1823 1285 1859 voluit.

197 1873 216 1903 5
265 1869 489 1912 Quamquam
513 1869 635 1903 autem
659 1869 832 1905 solvendo
855 1878 929 1904 non
954 1870 1121 1913 repetant
1130 1869 1154 1912 ²,

242 1912 294 1952 10
317 1913 376 1950 ΡΑ
384 1923 479 1950 vsvs
499 1914 590 1950 libro
615 1914 824 1961 triyensimo
848 1914 898 1949 ad
919 1913 1074 1950 edictum
1121 1914 1206 1960 quia
1222 1924 1287 1950 na-

192 1959 319 1995 turalis
343 1959 510 2005 obligatio
534 1962 666 2003 manet,

243 2002 290 2042 11
334 1997 530 2041 Uaemno‘s
561 2005 654 2041 libro
689 2004 882 2041 vicensimo
917 2015 1014 2040 nono
1049 2002 1100 2038 ad
1132 2002 1287 2039 edictum

194 2053 333 2092 tamen,
365 2050 394 2085 si
418 2060 490 2085 non
514 2050 683 2096 opposita
705 2049 916 2095 exceptione
939 2048 1169 2086 condemnati
1191 2051 1287 2091 sunt,

194 2098 340 2130 utentur
370 2098 515 2131 senatus
547 2095 703 2131 consulti
734 2095 961 2140 exceptione:
994 2098 1030 2130 et
1051 2094 1103 2130 ita
1126 2093 1287 2129 Iulianus

194 2140 318 2220 scr-libit
346 2140 384 2175 in
413 2140 492 2186 ipso
523 2139 596 2176 filio
627 2139 782 2177 familias
813 2140 974 2186 exemplo
997 2139 1154 2175 mulieris
1178 2138 1287 2174 inter-

198 2195 238 2221 ce
265 2185 368 2221 entis.

244 2228 295 2268 12
324 2230 480 2266 Patmos
507 2229 599 2267 libro
625 2231 677 2266 tri
700 2231 837 2266 ensimo
861 2230 912 2266 ad
934 2230 1089 2266 edictum
1136 2229 1175 2265 Si
1205 2232 1286 2264 tan-

193 2279 270 2311 tum
300 2275 435 2312 sciente
465 2278 569 2322 patre
599 2286 659 2311 cre
687 2276 773 2312 'tum
804 2275 851 2312 sit
881 2275 974 2319 filio,
1011 2274 1198 2311 dicendum
1234 2277 1289 2310 est

194 2331 337 2358 cessare
360 2324 508 2357 senatus
532 2321 747 2357 consultum.
785 2320 849 2357 sed
872 2321 903 2357 si
924 2320 1070 2357 iusserit
1092 2324 1196 2366 pater
1214 2319 1287 2355 filio

194 2437 233 2476 (1)
259 2435 338 2478 quia
352 2434 390 2468 hi
402 2435 534 2468 demum
546 2435 695 2469 solutum
706 2438 875 2480 repetunt,
898 2436 957 2478 qui
978 2436 1111 2468 actione
1131 2434 1278 2467 liberan-

194 2485 260 2521 tur,
289 2481 448 2523 quoniam
475 2482 598 2523 (deleta
615 2482 727 2527 qlossa
745 2491 815 2515 non
835 2480 878 2514 ob
898 2491 1040 2525 poenam
1059 2480 1279 2521 creditorum)

1280 112 1360 162 194

1348 2440 1409 2467 s'cr.
1421 2446 1434 2466 .·
1444 2434 1595 2468 similiter
1606 2446 1663 2469 em.
1678 2434 1853 2480 Schultinq

1350 2478 1503 2512 vinciam
1515 2478 1560 2512 F'¹

1573 129 1636 161 DE
1651 130 1847 163 SENATUS
1863 129 2100 163 CONSULTO
2114 131 2448 166 monnomno
2495 0 2528 185 ἲ

1362 239 1477 284 credi,
1513 240 1641 278 deinde
1673 241 1860 288 ignorante
1894 242 2073 279 creditore
2107 244 2298 280 mutaverit
2326 245 2449 281 volun-

1361 289 1490 339 tatem,
1527 286 1630 323 locus
1669 291 1815 324 senatus
1855 289 2019 324 consulto
2062 299 2135 325 non
2166 289 2252 332 erit,
2285 290 2451 335 quoniam

1360 334 1499 366 mitium
1522 334 1729 368 contractus
1752 333 1988 378 spectandum
2012 337 2077 369 est.

1410 373 1460 414 13
1488 376 1612 429 Ga-ws
1639 377 1730 414 libro
1761 389 1857 414 nono
1889 379 1939 414 ad
1970 378 2123 415 edictum
2140 379 2370 426 provinciale
2414 379 2452 415 Si

1361 421 1458 466 quod
1490 421 1551 457 alu
1581 426 1743 458 mutuum
1775 423 1936 459 dedimus
1960 434 1983 459 a
2006 424 2078 459 filio
2111 423 2265 460 familias
2298 424 2451 460 novandi

1361 476 1472 502 causa
1491 467 1711 512 stipulemur,
1736 478 1809 504 non
1829 477 1907 504 esse
1925 469 2176 515 impedimento
2197 472 2343 505 senatus
2365 479 2448 506 con-

1360 511 1495 547 sultum
1517 512 1677 548 Iulianus
1700 513 1837 549 scribit.

1409 555 1460 593 14
1484 555 1678 594 laumas
1704 557 1797 594 libro
1820 558 2031 595 duodecimo
2055 559 2275 606 diqestorum
2321 559 2451 595 Filium

1359 601 1475 638 habeo
1508 605 1545 637 et
1574 612 1619 638 ex
1643 613 1685 638 eo
1709 607 1893 649 nepotem:
1926 604 2049 650 nepoti
2079 614 2157 640 meo
2191 604 2365 640 creditum
2398 609 2451 640 est

1359 647 1460 682 iussu
1482 647 1596 692 patris
1621 647 1715 683 eius:
1747 649 1948 701 quaesitum
1978 654 2052 692 est,
2086 660 2133 684 an
2157 653 2282 686 contra
2305 654 2450 685 senatus

1361 692 1562 727 consultum
1580 691 1692 729 fieret.
1726 693 1810 736 dixi,
1834 694 1973 730 etiamsi
1992 695 2110 730 verbis
2130 698 2277 730 senatus
2299 695 2450 730 consulti

1359 736 1423 772 filii
1447 738 1726 781 continerentur,
1751 742 1870 774 tamen
1897 743 1932 774 et
1953 739 1991 774 in
2042 749 2170 775 ersona
2193 740 2333 785 nepotis
2357 739 2450 775 idem

1359 782 1493 818 servari
1526 782 1674 818 debere:
1707 783 1844 819 iussum
1868 787 1988 819 autem
2037 785 2117 820 uius
2141 784 2253 830 patris
2276 795 2349 820 non
2373 784 2449 820 effi-

1360 838 1461 880 cere,
1491 838 1562 873 quo
1586 828 1703 864 minus
1729 833 1855 864 contra
1879 833 2026 865 senatus
2050 829 2253 865 consultum
2279 830 2450 865 creditum

1359 873 1639 917 existimaretur,
1672 884 1753 910 cum
1778 874 1856 919 ipse
1879 874 1916 909 in
1940 885 1984 910 ea
2008 885 2118 910 causa
2142 878 2253 917 esset,
2278 878 2319 910 ut
2340 885 2450 920 pecu·

1358 917 1454 953 niam
1484 922 1645 954 mutuam
1673 919 1783 955 invito
1815 923 1919 964 patre
1950 930 2015 956 suo
2040 920 2204 965 accipere
2227 930 2300 956 non
2323 920 2448 965 possit.

1407 962 1458 1000 15
1482 962 1721 1000 MARGIANUS
1747 964 1840 1000 libro
1873 968 2004 1010 quarto
2028 965 2164 1001 decimo
2188 965 2450 1001 institutionum

1357 1007 1457 1044 Nihil
1486 1008 1651 1052 interest,
1687 1010 1767 1055 quis
1798 1009 1871 1045 filio
1904 1009 2057 1045 familias
2090 1009 2296 1052 crediderit,
2331 1014 2451 1045 utrum

1357 1054 1519 1099 privatus
1550 1064 1598 1089 an
1629 1054 1773 1090 civitas:
1806 1065 1889 1089 nam
1912 1055 1949 1089 in
1974 1055 2117 1091 civitate
2140 1065 2282 1101 quoque
2305 1059 2450 1091 senatus

1359 1099 1561 1134 consultum
1591 1099 1711 1135 locum
1741 1100 1876 1135 habere
1908 1099 1978 1135 div-i
2009 1099 2160 1136 Severus
2185 1104 2221 1136 et
2242 1101 2447 1136 Antoninus

1357 1144 1630 1189 rescripserunt.

1407 1187 1459 1227 16
1483 1189 1643 1225 Panos
1660 1189 1750 1226 libro
1771 1194 1903 1236 quarto
1923 1200 2178 1236 responsorum
2226 1189 2264 1226 Si
2282 1189 2376 1226 filius
2394 1190 2450 1226 fa-

1358 1234 1473 1270 milias
1498 1234 1646 1270 absente
1669 1238 1789 1280 patre,
1823 1235 1925 1280 quasi
1959 1245 2003 1270 ex
2033 1235 2201 1271 mandato
2234 1236 2308 1271 eius
2340 1246 2449 1281 pecu-

1358 1280 1455 1315 niam
1479 1280 1669 1325 acceperit,
1694 1280 1848 1316 cavisset
1871 1284 1907 1316 et
1930 1279 1977 1315 ad
2000 1284 2139 1325 patrem
2162 1281 2299 1316 litteras
2324 1281 2450 1324 emisit,

1358 1329 1398 1361 ut
1422 1335 1501 1361 eam
1524 1325 1714 1371 pecuniam
1736 1326 1774 1360 in
1793 1325 2002 1371 provincia³
2026 1325 2187 1369 solveret,
2212 1325 2319 1362 debet
2336 1331 2449 1379 pater,

1359 1371 1390 1406 si
1402 1374 1523 1406 actum
1534 1370 1598 1406 filii
1616 1370 1673 1406 sui
1690 1370 1881 1416 improbat,
1903 1370 2073 1406 continuo
2093 1370 2321 1407 testationem
2339 1376 2449 1407 mter-

1357 1426 1493 1462 ponere
1518 1415 1721 1451 contrariae
1743 1416 1948 1452 voluntatis.

1407 1458 1457 1499 17
1482 1460 1591 1496 Imm
1610 1461 1701 1497 libro
1725 1461 1883 1498 secundo
1907 1461 2164 1496 sententiarum
2210 1461 2323 1497 Filius
2346 1461 2449 1497 fami-

1357 1505 1423 1542 lias
1448 1506 1479 1542 si
1501 1506 1539 1542 in
1561 1506 1599 1542 id
1622 1506 1803 1552 acceperit
1821 1509 1982 1542 mutuam
2001 1506 2201 1552 pecuniam,
2226 1510 2268 1542 ut
2287 1517 2365 1543 eam
2384 1518 2450 1553 pro

1358 1555 1482 1588 soro're
1515 1561 1582 1587 sua
1612 1551 1651 1586 in
1682 1551 1802 1587 dotem
1838 1551 1958 1594 daret,
1993 1555 2097 1597 pater
2122 1552 2199 1587 eius
2231 1551 2276 1588 de
2307 1553 2344 1587 in
2375 1563 2450 1588 rem

1357 1607 1459 1633 verso
1484 1597 1627 1632 actione
1649 1597 1847 1633 tenebitur:
1878 1597 1950 1650 ipsi
1981 1597 2073 1632 enim
2104 1601 2247 1633 mortua
2268 1597 2307 1633 in
2328 1598 2450 1633 matri-

1357 1642 1476 1678 monio
1527 1642 1620 1678 uella
1642 1642 1806 1688 repetitio
1831 1642 1925 1678 dotls
1950 1641 2067 1677 datur.

1407 1684 1458 1725 18
1525 1697 1722 1723 ENULEIUS
1749 1687 1840 1724 libro
1863 1687 2022 1724 secundo
2045 1687 2319 1741 stipulationum
2366 1686 2449 1723 Cre-

1359 1732 1508 1768 ditorem
1530 1732 1595 1767 filii
1616 1732 1771 1768 familias
1795 1736 1936 1768 mortuo
1962 1742 2003 1768 eo
2023 1732 2269 1768 fidemssorem
2289 1732 2451 1778 accipere

1358 1788 1431 1814 non
1455 1788 1562 1823 posse
1584 1778 1744 1814 Iulianus
1769 1778 1910 1821 scribit,
1944 1778 2028 1824 quia
2059 1778 2158 1813 nulla
2191 1777 2362 1822 obligatio
2387 1782 2451 1813 aut

1358 1823 1469 1859 civilis
1494 1826 1558 1858 aut
1581 1823 1757 1860 naturalis
1782 1823 1954 1876 supersit,
1987 1822 2046 1858 cui
2077 1823 2267 1859 fideiussor
2289 1823 2448 1859 accedat:

1357 1869 1466 1914 plane
1489 1879 1511 1904 a
1534 1872 1637 1914 patre
1661 1868 1737 1904 eius
1762 1869 1912 1904 actionis
1936 1868 2095 1912 nomine,
2128 1878 2220 1914 quae
2244 1868 2288 1904 de
2310 1868 2450 1914 peculio

1358 1913 1529 1949 adversus
1554 1924 1635 1950 eum
1659 1924 1738 1950 com
1765 1917 1850 1957 etat,
1874 1913 2119 1950 fideiussorem
2142 1917 2240 1949 recte
2263 1914 2389 1959 accipi.

1407 1956 1460 1996 19
1484 1958 1715 1995 Poupomvs
1738 1925 1834 1995 θεὸν-ο
1857 1959 2008 2005 septimo
2033 1969 2083 1995 eoe
2105 1959 2218 1995 variis
2240 1958 2451 1995 lectionibus

1357 2004 1518 2040 Iulianus
1549 2004 1675 2040 scribit
1706 2004 1951 2050 exceptionem
1981 2007 2128 2040 senatus
2153 2003 2305 2040 consulti
2329 2004 2449 2039 Mace-

1358 2048 1504 2085 doniani
1535 2049 1625 2084 nulli
1657 2050 1821 2093 obstare,
1853 2050 1922 2085 nisi
1952 2050 2014 2095 qui
2045 2049 2152 2085 sciret
2182 2052 2247 2085 aut
2269 2050 2361 2085 scire
2383 2059 2445 2095 po-

1357 2094 1486 2131 tuisset
1509 2094 1621 2130 filium
1643 2094 1796 2131 familias
1822 2105 1900 2131 esse
1923 2105 2004 2130 eum
2028 2095 2087 2130 cui
2111 2094 2289 2131 credebat.

1405 2137 1458 2178 20
1483 2138 1591 2175 IDEM
1619 2140 1711 2176 libro
1736 2141 1863 2187 quinto
1886 2143 2034 2175 senatus
2056 2140 2300 2177 consultorum
2347 2139 2385 2175 Si
2407 2139 2449 2182 is,

1359 2185 1435 2228 cui,
1460 2185 1546 2221 dum
1568 2185 1606 2220 in
1637 2189 1817 2231 potestate
1847 2185 1960 2231 patris
1993 2188 2105 2229 esset,
2141 2189 2267 2221 mutua
2296 2185 2451 2231 pecunia

1358 2229 1445 2266 data
1475 2229 1614 2273 fuerat,
1649 2234 1755 2276 pater
1785 2230 1939 2266 familias
1971 2230 2091 2266 factus
2123 2241 2189 2276 per
2211 2230 2449 2276 ignorantiam

1356 2274 1446 2311 facti
1480 2276 1672 2311 novatione
1700 2275 1801 2312 facta
1832 2286 1910 2312 eam
1968 2276 2130 2311 ecuniam
2162 2276 2387 2328 expromisit,
2419 2275 2448 2310 si

1356 2324 1503 2366 petatur
1514 2331 1559 2357 ex
1571 2321 1868 2366 astipulatione,
1887 2321 1925 2356 in
1940 2287 2081 2357 factum
2101 2321 2348 2367 excip1endum
2369 2321 2446 2356 erit.

1934 2436 1977 2477 (2)
2002 2433 2222 2478 repetuntF²
2298 2435 2341 2475 (8)
2365 2445 2443 2477 pro·
