2528 3918
223 126 311 172 v3

243 250 371 293 uidem,
389 258 491 286 nemo
508 251 627 284 autem
647 247 678 284 ei
694 247 924 292 denuntiavit,
944 259 990 285 an
1005 249 1153 295 incipiat
1167 258 1296 285 usuras

219 262 348 333 debere
378 293 552 340 pecuniae
582 292 776 330 redactae?
811 297 848 330 et
877 298 964 341 puto
998 294 1144 331 debere:
1179 293 1297 339 coepit

221 341 312 377 enim
336 340 450 376 malae
472 338 555 375 fidei
577 349 764 384 possessor
778 349 866 376 esse.
892 340 952 375 sed
971 349 1143 386 ponamus
1159 339 1295 375 denun-

220 387 347 422 tiatum
372 394 460 426 esse,
485 394 558 420 non
581 387 702 420 tamen
724 384 805 428 scit,
829 385 913 431 quia
937 396 1008 420 non
1031 385 1110 429 ipsi,
1135 384 1197 419 sed
1212 394 1294 429 pro-

220 431 374 468 curatori
394 429 468 465 eius
488 428 735 466 denuntiatum
754 433 825 466 est:
851 434 995 466 senatus
1015 429 1084 481 ipsi
1097 428 1297 465 denuntiari

219 476 325 521 exigit
348 479 384 511 et
406 474 486 510 ideo
511 485 584 511 non
607 474 769 518 nocebit,
800 475 869 511 nisi
899 475 992 511 forte
1023 485 1054 510 is
1080 474 1137 510 cui
1161 473 1295 509 denun-

218 522 344 557 tiatum
368 524 422 556 est
446 530 526 555 eum
558 519 817 563 certioraverit,
849 520 911 556 sed
943 530 1014 555 non
1046 519 1076 554 si
1108 519 1298 555 certiorare

218 566 334 612 potuit
357 575 423 601 nec
445 564 542 601 fecit.
567 575 590 601 a
613 575 682 611 quo
707 564 953 601 denuntiatum
978 567 1032 600 est
1056 568 1201 599 senatus
1226 574 1297 599 non

218 611 342 657 exigit:
369 610 582 657 quicumque
605 620 686 655 ergo
710 609 779 646 fuit
802 610 862 656 qui
886 609 1116 652 denuntiavit,
1141 609 1295 661 nocebit.

222 659 260 692 12
307 655 407 692 Haec
431 655 599 692 adversus
623 655 739 691 bonae
762 654 843 691 fidei
867 664 1108 700 possessores,
1141 664 1223 689 nam
1247 658 1298 689 ita

218 704 361 737 senatus
376 701 518 738 locutus
533 704 604 736 est:
630 704 702 736 ‘eos
716 700 776 746 qui
795 710 834 736 se
853 699 999 735 heredes
1013 699 1296 735 existimassent'.

218 751 375 783 ceterum
390 746 421 782 si
436 745 516 792 quis
531 746 647 782 sciens
664 745 709 781 ad
725 756 764 781 se
778 744 1009 781 hereditatem
1024 755 1097 780 non
1120 744 1298 796 pertinere

218 791 394 835 distraxit,
419 791 496 827 sine
519 790 626 827 dubio
654 801 725 826 non
742 790 856 836 pretia
879 800 1007 832 rerum,
1033 789 1096 825 sed
1119 799 1222 835 ipsae
1238 799 1295 825 res

217 837 361 872 veniunt
390 836 428 872 in
458 836 665 881 petitionem
695 835 901 871 hereditatis
934 838 969 870 et
998 834 1137 870 fructus
1162 844 1294 870 earum.

217 882 280 918 sed
312 882 505 927 imperator
536 880 685 917 Severus
724 880 876 926 epistula
907 879 953 915 ad
985 878 1164 915 Celerem¹
1203 879 1296 915 idem

219 927 360 963 videtur
382 926 510 962 fecisse
534 930 570 961 et
586 926 623 961 in
638 925 751 961 malae
766 925 848 960 fidei
863 924 1147 970 possessoribus:
1173 924 1296 970 atquin

216 976 363 1008 senatus
387 972 432 1007 de
454 971 510 1008 his
534 975 589 1007 est
611 971 751 1007 locutus
777 970 836 1015 qui
860 980 898 1006 se
913 969 1063 1006 heredes
1080 970 1293 1006 existimant.

217 1017 285 1053 nisi
308 1016 402 1054 forte
426 1016 472 1053 ad
496 1026 556 1052 eas
579 1026 635 1051 res
658 1016 868 1058 referemus,
902 1025 991 1061 quas
1018 1015 1166 1051 distrahi
1190 1025 1294 1060 expe-

216 1062 342 1106 dierat,
366 1072 457 1108 quae
481 1061 680 1098 onerabant
703 1060 813 1105 magis
828 1060 1059 1096 hereditatem
1075 1070 1181 1106 quam
1197 1060 1295 1096 fruc-

216 1108 268 1143 tui
291 1111 410 1143 erant:
443 1110 484 1142 ut
514 1106 561 1142 sit
583 1106 619 1141 iii
643 1105 789 1141 arbitrio
815 1105 995 1150 petitoris,
1027 1105 1167 1151 qualem
1200 1116 1295 1142 com-

216 1153 437 1198 putationem
460 1151 572 1187 faciat
602 1151 771 1186 adversus
796 1150 910 1186 malae
934 1150 1016 1186 fidei
1040 1160 1295 1196 possessorem,

216 1201 335 1233 utrum
358 1197 470 1242 ipsius
494 1197 544 1232 rei
576 1200 611 1232 et
634 1196 815 1231 fructuum
839 1206 885 1231 an
934 1196 1013 1230 retii
1037 1199 1073 1231 et
1105 1206 1296 1232 usurarum

219 1245 259 1278 13
306 1246 390 1294 post
413 1245 544 1277 motam
561 1241 847 1277 controversiam.
926 1241 997 1276 icet
1012 1244 1132 1277 autem
1150 1245 1297 1277 senatus

216 1287 260 1323 de
283 1287 338 1323 his
362 1287 503 1323 locutus
527 1286 591 1329 sit,
616 1286 677 1332 qui
700 1296 739 1321 se
761 1285 909 1322 heredes
934 1286 1154 1330 existiment,
1177 1290 1298 1322 tamen

217 1336 252 1368 et
282 1332 313 1368 si
343 1332 518 1368 bonorum
548 1341 772 1376 possessores
804 1341 843 1367 se
873 1331 1076 1367 existiment
1115 1332 1169 1367 vel
1207 1332 1296 1368 alios

215 1387 441 1414 successores
464 1377 577 1412 iustos
602 1376 656 1412 vel
680 1376 747 1412 sibi
770 1376 970 1412 restitutam
994 1376 1236 1420 hereditatem,
1260 1377 1296 1413 in

218 1425 258 1458 14
305 1422 427 1458 eadem
436 1425 539 1457 erunt
556 1421 775 1458 condicione.
817 1421 885 1457 2Pa
911 1422 1053 1457 inianus
1071 1425 1190 1458 autem
1205 1422 1296 1458 libro

215 1467 318 1503 tertio
343 1467 600 1512 quaestionum,
625 1467 656 1503 si
679 1477 864 1513 possessor
905 1466 1086 1503 ereditatis
1110 1467 1298 1513 pecuniam

213 1512 390 1548 inventam
413 1511 449 1547 in
473 1511 672 1548 hereditate
700 1522 772 1547 non
795 1512 958 1557 attingat,
990 1516 1096 1558 negat
1119 1523 1199 1548 eum
1223 1523 1297 1548 om-

218 1561 257 1592 15
306 1557 388 1592 nino
406 1557 443 1592 in
459 1567 587 1593 usuras
605 1557 892 1593 conveniendum.
935 1557 1153 1600 ‘Redactae',
1171 1557 1296 1602 inquit,

215 1602 398 1647 ‘pecuniae
422 1612 465 1637 ex
487 1602 601 1647 pretio
627 1611 747 1637 rerum
770 1601 1017 1637 venditarum)
1043 1602 1227 1638 redactam
1245 1602 1296 1638 sic

213 1646 447 1691 accipiemus,
480 1657 552 1682 non
583 1645 699 1682 solum
729 1645 800 1681 iam
832 1650 1013 1689 exactam,
1047 1657 1168 1683 verum
1200 1650 1236 1683 et
1266 1647 1297 1683 si

217 1694 256 1726 16
304 1691 395 1736 exigi
418 1690 535 1736 potuit
549 1701 615 1727 nec
633 1694 759 1727 exacta
776 1695 839 1727 est.
881 1690 973 1736 Quid
997 1691 1028 1727 si
1050 1695 1133 1737 post
1147 1692 1296 1737 petitam

213 1735 443 1772 hereditatem
474 1746 531 1772 res
563 1735 792 1772 distraxerit?
831 1736 890 1772 hic
927 1736 1028 1782 ipsae
1059 1747 1116 1773 res
1154 1737 1296 1774 venient

213 1780 420 1833 fructusque
444 1790 576 1817 earum.
617 1781 679 1818 sed
703 1781 734 1817 si
764 1781 857 1818 forte
887 1782 978 1818 tales
1008 1781 1171 1826 fuerunt,
1204 1792 1296 1829 quae

212 1826 266 1862 vel
290 1826 426 1862 steriles
458 1830 561 1862 erant
583 1827 638 1862 vel
661 1830 820 1872 tempore
842 1827 1041 1872 periturae,
1074 1831 1110 1863 et
1131 1828 1200 1864 hae
1224 1828 1294 1864 dis-

212 1874 350 1907 tractae
380 1874 463 1907 sunt
494 1882 575 1908 vero
600 1872 735 1918 pretio,
759 1871 923 1908 fortassis
947 1872 1062 1918 possit
1084 1873 1216 1918 petitor
1232 1873 1294 1909 eli·

217 1919 254 1951 1¹1
302 1927 404 1962 gere,
436 1920 476 1952 ut
499 1916 567 1953 sibi
589 1917 705 1963 pretia
730 1920 765 1953 et
795 1927 926 1953 usurae
973 1921 1186 1954 raestentur.
1233 1918 1296 1955 Ait

213 1965 376 1997 senatus:
410 1961 582 2007 ‘placere,
615 1973 637 1998 a
661 1962 787 2008 quibus
811 1962 924 2008 petita
973 1963 1127 1999 ereditas
1157 1963 1294 2007 fuisset,

214 2007 257 2042 ‘si
280 2006 449 2042 adversus
474 2017 535 2043 eos
558 2007 754 2044 iudicatum
779 2011 884 2051 esset,
908 2008 1036 2054 pretia,
1062 2019 1155 2061 quae
1171 2008 1217 2045 ad
1234 2019 1294 2045 eos

214 2055 342 2087 ‘rerum
375 2062 417 2088 ex
447 2052 647 2088 hereditate
678 2053 901 2089 venditarum
932 2058 1195 2099 pervemssent,
1228 2054 1294 2090 etsi

213 2100 308 2132 ‘ante
337 2097 485 2142 petitam
525 2098 757 2134 hereditatem
789 2097 1008 2144 deperissent
1048 2099 1294 2136 deminutaeve

212 2146 360 2184 ‘essent‚
393 2142 580 2179 restituere
612 2143 765 2179 debere.’
797 2144 915 2180 bonae
939 2143 1022 2180 fidei
1052 2154 1241 2190 possessor
1264 2145 1294 2180 si

213 2187 410 2223 vendiderit
432 2198 489 2223 res
513 2188 764 2231 hereditarias,
796 2188 869 2224 sive
901 2189 1015 2234 exegit
1037 2189 1191 2235 pretium
1222 2190 1294 2226 sive

211 2243 292 2275 non,
342 2232 401 2267 uia
416 2233 526 2268 habet
542 2234 727 2277 actionem,
750 2234 893 2270 debebit
915 2234 1068 2280 pretium
1090 2238 1292 2280 praestare:

211 2277 274 2313 sed
297 2243 358 2313 u‘ssi
382 2277 490 2314 habet
513 2279 700 2321 actionem,
726 2278 881 2315 sufficiet
903 2290 984 2315 eum
1007 2280 1166 2316 actiones
1189 2290 1293 2326 prae-

216 2325 255 2357 18
301 2326 408 2358 stare.
457 2322 527 2359 Sed
551 2324 582 2359 si
597 2324 753 2360 vendidit
776 2328 812 2360 et
835 2324 950 2361 evicta
972 2335 1012 2361 re
1027 2324 1183 2361 restituit
1199 2325 1294 2371 quod

210 2367 359 2419 accepit,
384 2378 456 2404 non
479 2368 656 2405 videbitur
671 2369 717 2405 ad
741 2380 820 2405 eum
836 2370 1055 2415 pervenisset
1081 2381 1292 2422 quamquam

211 2417 322 2457 possit
345 2412 414 2448 dici
438 2424 504 2449 nec
521 2415 566 2450 ab
590 2414 690 2450 initio
707 2415 861 2460 pretium
883 2415 1013 2458 venire,
1039 2426 1122 2461 quia
1137 2426 1210 2452 non
1225 2415 1293 2451 fuit

212 2467 266 2492 res
290 2457 506 2494 hereditaria
536 2470 630 2505 quae
653 2459 825 2495 distracta
851 2463 923 2496 est:
957 2460 1021 2496 sed
1045 2461 1112 2497 etsi
1146 2465 1291 2497 senatus

211 2513 326 2538 rerum
351 2513 393 2538 ex
411 2503 606 2540 hereditate
623 2504 884 2548 distractarum,
909 2516 981 2541 non
998 2505 1291 2542 hereditariarum

210 2547 294 2583 fecit
317 2549 542 2593 mentionem,
565 2550 706 2586 restitui
729 2555 848 2585 tamen
872 2561 943 2587 non
961 2550 1078 2594 debet,
1103 2551 1187 2596 quia
1204 2551 1291 2587 nihil

211 2592 306 2637 apud
337 2603 416 2628 eum
440 2599 610 2631 remanet.
642 2605 725 2630 nam
749 2599 785 2631 et
807 2595 966 2632 Iulianus
998 2596 1088 2632 libro
1114 2600 1214 2632 sexto
1240 2596 1291 2632 di-

210 2641 388 2682 gestorum
412 2639 534 2675 scribit
551 2639 646 2686 quod
661 2640 856 2676 indebitum
872 2641 987 2686 exegit
1002 2641 1188 2678 restituere
1212 2652 1292 2677 eum

212 2692 282 2717 non
301 2682 429 2718 debere
446 2695 511 2720 nec
527 2685 783 2730 imputaturum
824 2686 895 2722 uod
911 2696 983 2722 non
1000 2686 1158 2722 debitum
1174 2687 1288 2722 solvit.

215 2729 253 2762 19
301 2727 370 2762 Sed
394 2728 424 2764 si
447 2730 576 2781 ressit
592 2730 779 2774 redhibita,
800 2698 862 2767 {iic
885 2731 1009 2777 utique
1025 2735 1061 2767 et
1077 2731 1291 2767 hereditaria

212 2773 254 2806 20
302 2776 356 2807 est
380 2778 413 2807 et
429 2778 580 2818 pretium
604 2787 676 2811 non
691 2776 807 2812 veniet
830 2776 925 2822 quod
940 2776 1098 2812 refusum
1115 2781 1179 2813 est.
1221 2776 1290 2813 Sed

211 2819 246 2851 et
269 2816 299 2851 si
323 2817 368 2852 ob
393 2818 627 2869 venditionem
652 2821 844 2858 obstrictus
869 2822 916 2857 sit
939 2822 1090 2874 emptori
1103 2832 1291 2874 possessor

211 2863 254 2913 21·
301 2861 518 2906 hereditatis,
536 2865 724 2902 dicendum
733 2867 800 2902 erit
808 2866 964 2912 prospici
974 2877 1006 2903 ei
1016 2871 1191 2903 cautione.
1217 2867 1288 2903 Re-

211 2909 358 2958 stituere
381 2911 499 2943 autem
524 2911 639 2954 pretia
663 2911 805 2947 debebit
828 2922 1032 2957 possessor,
1067 2912 1132 2948 etsi
1164 2912 1288 2958 deper-

211 2950 306 3002 ditae
329 2955 413 2986 sunt
436 2963 492 2988 res
516 2955 569 2989 vel
602 2955 810 2992 deminutae.
844 2957 906 2992 sed
930 2961 1049 2993 utrum
1073 2957 1125 2993 ita
1149 2957 1290 2994 demum

211 2998 385 3047 restituat,
410 2997 440 3049 si
465 2998 578 3049 bonae
602 3000 683 3036 fidei
707 3012 892 3046 possessor
908 3007 974 3046 est,
999 3012 1046 3038 an
1070 3006 1106 3038 et
1128 3003 1158 3039 si
1175 3003 1290 3039 malae

211 3039 316 3076 flde1?
345 3044 384 3092 ‘et
407 3051 436 3077 si
461 3043 600 3087 quidem
624 3056 680 3080 res
706 3047 801 3091 apud
825 3051 1018 3093 emptorem
1051 3051 1193 3083 exstent
1222 3058 1289 3084 nec

210 3085 414 3165 deperditae
438 3097 503 3122 nec
528 3088 726 3126 deminutae
750 3096 851 3136 sunt,
877 3093 954 3128 sine
979 3092 1086 3129 dubio
1109 3093 1208 3138 ipsas
1231 3103 1288 3129 res

210 3129 254 3166 de
279 3134 315 3166 et
337 3135 521 3176 praestare
537 3135 649 3169 malae
673 3135 755 3171 fidei
771 3148 956 3182 possessor
979 3142 1053 3180 aut,
1077 3138 1108 3174 si
1130 3138 1290 3184 recipere

210 3185 271 3227 eas
291 3175 340 3227 ab
366 3179 642 3229 emptore-nullo
667 3181 771 3217 modo
796 3183 928 3227 possit,
952 3187 1092 3218 tantum
1117 3187 1288 3229 quantum

209 3230 245 3256 in
276 3220 372 3273 litem
405 3226 499 3256 esset
529 3228 694 3259 iuratum.
736 3231 773 3261 at
804 3227 865 3263 ubi
896 3227 1100 3274 deperditae
1138 3232 1223 3264 sunt
1254 3232 1290 3264 et

210 3264 430 3318 deminutae,
463 3276 583 3302 verum
614 3270 765 3313 pretium
796 3271 902 3308 debet
924 3273 1119 3318 praestari,
1152 3273 1235 3319 quia
1259 3273 1288 3309 si

210 3314 342 3363 petitor
373 3320 447 3363 rem
480 3317 692 3349 consecutus
725 3321 828 3359 esset,
861 3317 1085 3354 distraxisset
1108 3322 1145 3354 et
1167 3327 1288 3354 verum

210 3359 361 3401 pretium
384 3365 436 3391 rei
459 3366 532 3392 non
555 3357 729 3402 perderet.

255 3398 305 3452 2¹.
336 3399 460 3453 Guqs
479 3401 569 3438 libro
588 3407 692 3439 seoeto
715 3405 764 3439 ad
782 3406 934 3442 edictum
948 3407 1176 3453 provinciale
1214 3407 1287 3443 De-

208 3445 385 3525 serditum
422 3445 656 3491 intellegitur,
689 3449 783 3493 qnod
823 3451 859 3485 in
898 3462 1015 3487 rerum
1046 3456 1177 3488 natura
1210 3462 1288 3489 esse

234 3490 330 3526 esiit:
356 3489 575 3527 deminutum
598 3501 692 3535 vero,
718 3494 812 3539 quod
837 3501 1049 3542 usucaptum
1066 3501 1159 3533 esset
1182 3501 1218 3533 et
1240 3497 1286 3534 ob

208 3534 242 3568 id
268 3534 312 3569 de
336 3534 534 3571 hereditate
557 3536 652 3572 exiit.

205 3651 245 3688 (ι)
270 3655 358 3683 extat
373 3649 451 3683 cod.
463 3650 495 3690 6,
506 3655 552 3690 ³5,
565 3656 579 3684 1
670 3651 712 3689 (2)
728 3649 872 3683 ‘Usum'
886 3651 999 3693 inquit
1011 3653 1070 3686 inc.
1165 3656 1206 3695 (8)
1231 3663 1281 3686 re-

206 3693 346 3727 demerit
357 3692 442 3735 Ps,
463 3704 532 3727 rem
553 3694 730 3728 emeritF¹⁸
837 3698 878 3733 u)
903 3697 951 3729 eie
970 3697 1217 3741 Fsimiliterque
1236 3698 1283 3732 S.-

207 3738 289 3772 tali'a
307 3741 377 3781 sere
398 3740 479 3774 im..-
505 3739 541 3772 in
561 3739 757 3773 hereditatis
778 3740 975 3782 petitionem
996 3742 1108 3775 venire
1127 3743 1234 3776 solum
1246 3743 1282 3776 id

1309 122 1364 171 84
2058 140 2120 171 nn·
2148 140 2445 174 naason-Aris

1411 243 1465 284 22
1489 245 1650 284 Panos
1669 247 1761 286 libro
1784 249 1974 286 vicensimo
1998 249 2049 286 ad
2070 248 2224 287 edictum
2261 249 2299 287 Si
2319 254 2355 287 et
2372 261 2447 288 rem

1366 295 1402 328 et
1423 291 1577 338 pretium
1598 292 1730 330 habeat
1752 293 1868 331 bonae
1890 293 1974 331 fidei
1996 304 2201 341 possessor,
2233 299 2322 342 puta
2352 296 2448 342 quod

1366 336 1514 373 eandem
1536 337 1765 375 redemerit³z
1799 349 1846 377 an
1877 339 2074 376 audiendus
2098 339 2163 383 sit,
2195 340 2226 376 si
2257 341 2342 376 velit
2371 351 2446 378 rem

1366 381 1463 426 dare,
1487 392 1560 418 non
1582 383 1760 428 pretium?
1789 384 1827 420 in
1849 384 2032 430 praedone
2063 384 2212 421 dicimus
2236 385 2446 423 electionem

1367 436 1445 463 esse
1468 426 1598 480 debere
1620 428 1770 465 actoris:
1801 439 1849 465 an
1871 429 1930 465 liic
1953 430 2064 475 magis
2114 439 2274 466 ossessor
2297 431 2444 467 audien-

1367 471 1432 508 dus
1456 475 1513 514 sit,
1545 482 1576 508 si
1598 472 1681 509 velit
1701 483 1776 510 rem
1799 474 1941 510 tradere
1963 475 2047 511 licet
2096 475 2279 510 eteriorem
2301 475 2446 520 factam,

1366 527 1438 569 non
1457 517 1603 569 petitor,
1623 518 1654 554 si
1671 519 1826 570 pretium
1845 519 2030 562 desideret,
2055 519 2149 566 quod
2172 519 2448 558 inverecundum

1366 566 1413 598 sit
1435 562 1507 597 tale
1530 561 1759 599 desiderium:
1792 574 1838 600 an
1862 574 1964 607 vero,
1996 564 2079 610 quia
2104 575 2148 600 ex
2169 574 2209 600 re
2231 564 2447 603 hereditaria

1364 606 1577 652 locupletior
1600 607 1664 651 sit,
1696 612 1732 644 et
1761 608 1797 644 id
1829 609 1925 654 quod
1948 609 2099 655 amplius
2131 609 2240 645 habet
2263 620 2307 646 ex
2330 611 2447 657 pretio

1365 652 1553 687 restituere
1578 652 1716 696 debeat,
1740 653 1939 689 videndum.
1965 664 2047 689 nam
2072 658 2108 690 et
2130 654 2168 690 in
2191 655 2352 692 oratione
2377 656 2446 692 divi

1365 696 1539 732 Hadriani
1561 697 1612 732 ita
1636 702 1708 734 est:
1738 698 1941 744 ‘Dispicite
1965 703 2086 744 patres
2111 700 2252 736 conseri
2278 700 2316 743 ti,
2341 712 2442 737 num-

1367 742 1463 788 ‘quid
1493 741 1541 778 sit
1571 743 1718 788 aequius
1749 754 1991 789 possessorem
2014 754 2087 780 non
2108 743 2228 780 facere
2265 756 2390 782 uerum
2414 750 2448 782 et

1368 787 1549 832 ‘pretium,
1569 788 1669 839 ‘quod
1694 798 1737 823 ex
1761 789 1878 824 aliena
1893 799 1932 824 re
1975 788 2157 842 erceperit,
2180 789 2339 834 reddere,
2388 791 2447 827 uia

1367 835 1499 878 ‘potest
1523 833 1715 868 existimari
1745 833 1782 868 in
1805 834 1924 869 locum
1975 833 2183 869 ereditanae
2213 834 2264 870 rei
2287 845 2354 871 ven
2391 840 2449 872 tae

1368 877 1531 922 ‘pretium
1557 877 1632 914 eius
1656 878 1872 914 successisse
1897 882 1932 914 et
1955 878 2213 923 quodammodo
2244 880 2362 925 ipsum
2384 881 2446 916 he-

1369 921 1585 958 ‘reditarium
1599 922 1759 960 factum!
1783 927 1926 969 oportet
1947 923 2054 969 igitur
2067 933 2308 970 possessorem
2324 929 2360 961 et
2374 936 2448 962 rem

1367 967 1552 1048 festituere
1582 968 1726 1013 petitori
1765 974 1801 1005 et
1832 968 1927 1014 quod
1965 978 2009 1004 ex
2046 968 2247 1005 venditione
2288 970 2364 1007 eius
2398 971 2448 1007 rei

1383 1017 1527 1048 ucratus
1553 1018 1616 1048 est.

1413 1055 1465 1096 23
1506 1057 1700 1095 Uiemmss
1736 1059 1828 1095 libro
1868 1059 1992 1111 quinto
2031 1058 2167 1095 decimo
2201 1059 2251 1095 ad
2288 1060 2445 1097 edictum

1367 1103 1494 1140 Utrum
1519 1106 1637 1139 autem
1661 1114 1764 1140 omne
1787 1108 1942 1149 pretium
1965 1103 2152 1140 restituere
2173 1103 2316 1141 debebit
2335 1105 2449 1142 bonae

1366 1148 1447 1184 fidei
1470 1158 1656 1193 possessor
1679 1159 1725 1184 an
1750 1159 1831 1185 vero
1855 1150 1907 1185 ita
1930 1149 2087 1192 demum,
2119 1149 2150 1185 si
2179 1148 2300 1187 factus
2325 1150 2372 1186 sit
2394 1151 2447 1187 lo-

1367 1193 1898 1285 ffiz‘izzilssiissfflisfitffi
1937 1194 2072 1275 5335.ss
2088 1196 2447 1292 affssssssiffinvgbiiss

1365 1283 1568 1330 pervenisse
1598 1284 1802 1330 ambiguum
1833 1288 1906 1327 est,
1946 1284 2106 1320 solumne
2135 1284 2205 1320 hoc
2237 1290 2445 1330 contineret,

1367 1329 1463 1375 quod
1486 1329 1601 1374 prima
1623 1330 1763 1366 ratione
1784 1329 1902 1373 fuerit,
1928 1340 1974 1365 an
1997 1339 2080 1365 vero
2106 1332 2141 1366 et
2163 1329 2200 1366 id
2216 1330 2312 1376 quod
2328 1331 2445 1368 durat.

1367 1378 1402 1411 et
1423 1375 1538 1420 puto⁴
1563 1378 1768 1425 sequentem
1792 1374 1989 1411 clausulam
2012 1378 2159 1411 senatus
2184 1375 2355 1419 consulti,
2381 1377 2447 1413 etsi

1364 1419 1454 1455 haec
1473 1419 1520 1455 sit
1539 1419 1714 1463 ambigua,
1740 1422 1781 1454 ut
1796 1420 1848 1456 ita
1869 1421 2008 1456 demum
2033 1423 2212 1464 competat
2220 1422 2257 1463 ⁴·,
2282 1419 2314 1456 si
2327 1420 2447 1457 factus

1371 1468 1384 1499 l
1434 1464 1482 1500 sit
1510 1464 1734 1510 locupletior.
1789 1464 1944 1500 Proinde
1975 1465 2005 1499 si
2036 1474 2109 1499 non
2139 1465 2253 1500 solum
2284 1466 2446 1510 pretium,

1367 1509 1430 1546 sed
1468 1510 1575 1545 etiam
1613 1520 1731 1554 poena
1768 1509 1905 1545 tardius
1946 1508 2058 1554 pretio
2090 1508 2206 1545 soluto
2264 1511 2446 1554 ervenerit,

1393 1554 1499 1590 oterit
1531 1554 1618 1596 dici,
1684 1554 1743 1590 uia
1773 1554 1987 1600 locupletior
2018 1554 2055 1588 in
2087 1557 2202 1589 totum
2248 1559 2349 1591 actus
2382 1560 2446 1599 est,

1365 1599 1497 1679 leheim
1519 1599 1649 1643 venire,
1659 1566 1757 1635 (iicet
1780 1599 1823 1635 de
1846 1599 1960 1646 pretio
1984 1599 2206 1635 solummodo
2230 1604 2376 1637 senatus
2401 1601 2447 1637 sit

1381 1654 1449 1680 ocu
1467 1654 1519 1680 us.

1412 1687 1466 1727 24
1490 1689 1650 1725 PAULUS
1677 1688 1769 1725 libro
1801 1689 1990 1725 vicensimo
2022 1689 2072 1724 ad
2105 1689 2258 1725 edictum
2304 1691 2354 1725 At
2385 1691 2447 1727 ubi

1365 1734 1399 1770 vi
1423 1734 1582 1771 deiectus
1604 1733 1692 1777 fuit,
1725 1745 1798 1770 non
1821 1734 1926 1770 debet
1948 1733 2135 1770 restituere
2157 1745 2310 1780 poenam
2333 1745 2378 1771 ex
2402 1746 2443 1772 eo

1366 1780 1608 1824 commissam,
1640 1779 1736 1826 quod
1760 1790 1837 1815 eam
1860 1783 1961 1816 actor
1983 1779 2115 1815 habere
2138 1789 2210 1816 non
2233 1784 2362 1825 potest.
2395 1781 2446 1817 sic

1365 1825 1735 1907 nec-tpoenadresffiui
1759 1824 1880 1869 debet,
1913 1824 2273 1906 qffitadvemwius
2306 1826 2338 1861 ei
2361 1837 2444 1872 pro-

1365 1881 1445 1906 misi
1496 1881 1528 1907 si
1551 1880 1573 1906 a
1620 1881 1658 1906 iu
1697 1880 1788 1905 cium
1812 1881 1885 1906 non
1907 1881 1928 1906 v
1950 1881 1974 1905 n
2013 1881 2051 1906 ι.

1410 1898 1472 1954 25’
1495 1915 1691 1953 Uhpmws
1711 1915 1801 1952 libro
1818 1916 1943 1962 quinto
1960 1915 2095 1952 decimo
2112 1914 2162 1951 ad
2176 1915 2328 1951 edictum
2376 1915 2444 1952 Sed

1364 1964 1400 1996 et
1423 1962 1453 1998 si
1475 1961 1552 2007 lege
1576 1960 1819 1998 commissoria
1841 1960 2015 2004 vendidit,
2046 1960 2140 1996 idem
2164 1960 2230 1996 erit
2259 1960 2445 1997 dicendum

1362 2006 1512 2050 lucrum,
1537 2006 1632 2052 quod
1655 2006 1768 2043 sensit
1790 2006 1867 2058 lege
1891 2005 2144 2049 commissoria,
2193 2010 2442 2042 raestaturum.

1367 2055 1381 2086 1
1431 2052 1520 2088 Item
1544 2052 1574 2088 si
1597 2062 1672 2088 rem
1695 2051 1860 2087 distraxit
1883 2054 1919 2087 et
1942 2062 1986 2087 ex
2008 2051 2121 2097 pretio
2187 2061 2244 2086 am
2259 2061 2334 2087 rem
2350 2062 2443 2087 com-

1362 2097 1510 2142 paravit,
1536 2097 1651 2133 veniet
1667 2097 1821 2143 pretium
1844 2096 1881 2132 in
1904 2096 2111 2142 petitionem
2132 2095 2349 2140 hereditatis,
2373 2108 2444 2133 non

1362 2152 1420 2178 res
1445 2153 1551 2188 quam
1574 2142 1612 2178 in
1634 2142 1885 2189 patrimonium
1909 2152 2012 2177 suum
2029 2142 2212 2178 convertit.
2245 2141 2310 2178 sed
2333 2142 2363 2178 si
2386 2152 2443 2178 res

1362 2187 1508 2224 minoris
1532 2188 1628 2224 valet
1658 2198 1765 2240 quam
1796 2191 2003 2233 comparata
2035 2191 2108 2230 est,
2139 2187 2312 2223 hactenus
2343 2187 2440 2223 locu·

1362 2232 1491 2278 pletior
1513 2232 1632 2269 factus
1647 2232 1835 2275 videbitur,
1859 2236 2035 2278 quatenus
2058 2242 2116 2268 res
2139 2231 2250 2268 valet:
2276 2232 2442 2278 quemad·

1363 2277 1506 2314 modum
1528 2278 1559 2315 si
1584 2277 1872 2323 consumpsisset,
1895 2277 1933 2313 in
1956 2280 2070 2313 totum
2092 2276 2304 2322 locupletior
2314 2276 2443 2328 ,factus

1364 2325 1383 2358 2
1431 2334 1503 2359 non
1526 2323 1711 2359 videbitur.
1760 2322 1864 2368 Quod
1888 2322 1939 2357 ait
1961 2325 2125 2358 senatus:
2159 2324 2232 2357 ‘eos
2265 2332 2324 2367 qui
2349 2322 2445 2358 bona

1363 2368 1596 2411 ‘invasissent,
1622 2378 1714 2414 quae
1731 2367 1863 2404 scirent
1878 2366 1923 2402 ad
1947 2377 1986 2403 se
2009 2377 2080 2402 non
2103 2366 2292 2413 pertinere,
2318 2367 2439 2403 etiam-

1364 2414 1406 2450 ‘si
1436 2417 1520 2449 ante
1550 2413 1647 2449 litem
1673 2416 1908 2449 contestatam
1938 2411 2089 2447 fecerint
2119 2422 2189 2457 quo
2221 2412 2337 2447 minus
2359 2423 2442 2458 pos·

1364 2458 1549 2501 ‘siderent,
1581 2458 1728 2504 perinde
1759 2457 2045 2494 condemnandos
2077 2456 2179 2502 quasi
2201 2456 2441 2502 possiderent',

1361 2504 1412 2539 ita
1434 2503 1556 2540 intelle
1580 2503 1708 2539 endum
1731 2507 1796 2546 est,
1829 2506 1868 2539 ut
1892 2506 1928 2538 et
1951 2502 2053 2538 dolus
2084 2502 2296 2548 praeteritus
2319 2502 2357 2537 in
2379 2513 2441 2548 pe·

1362 2548 1522 2585 titionem
1556 2515 1769 2585 {nereditatis
1800 2547 2051 2584 deduceretur:
2093 2547 2156 2583 sed
2187 2550 2222 2582 et
2252 2547 2367 2593 culpa.
2407 2551 2442 2583 et

1361 2594 1441 2630 ideo
1465 2594 1511 2630 ab
1536 2605 1577 2631 eo
1603 2594 1665 2641 qui
1695 2595 1742 2630 ab
1767 2593 1837 2630 alio
1861 2603 1933 2629 non
1957 2592 2074 2638 exegit
2095 2592 2150 2628 vel
2163 2602 2195 2644 ,a
2217 2597 2330 2628 semet
2350 2592 2440 2638 ipso,

1364 2639 1394 2675 si
1418 2643 1577 2686 tempore
1601 2643 1695 2676 esset
1725 2639 1914 2682 liberatus,
1947 2638 2021 2684 peti
2050 2636 2282 2673 hereditatem
2313 2647 2438 2683 posse:

1362 2687 1381 2720 3
1431 2685 1500 2721 hoc
1532 2685 1655 2730 utique
1685 2684 1716 2720 si
1748 2684 1887 2730 exigere
1916 2682 2044 2730 potuit.
2100 2681 2204 2727 Quod
2241 2686 2361 2718 autem
2392 2682 2440 2718 ait

1361 2734 1506 2766 senatus
1530 2733 1604 2766 ‘eos
1628 2730 1689 2776 qui
1713 2730 1808 2766 bona
1830 2727 2064 2771 invasissent’‚
2088 2727 2244 2773 loquitur
2268 2727 2312 2764 de
2335 2738 2439 2773 prae·

1362 2775 1533 2818 donibus,
1564 2775 1601 2811 id
1634 2779 1687 2811 est
1712 2775 1755 2811 de
1777 2774 1834 2810 his
1858 2774 1936 2820 qui,
1969 2784 2050 2810 cum
2080 2773 2215 2809 scirent
2237 2772 2283 2809 ad
2306 2783 2345 2809 se
2368 2783 2439 2809 non

1359 2820 1537 2866 pertinere
1560 2820 1804 2862 hereditatem,
1827 2819 2033 2855 invaserunt
2054 2818 2162 2860 bona,
2194 2817 2330 2854 scilicet
2360 2828 2440 2854 cum

1361 2869 1382 2901 4
1435 2866 1570 2901 nullam
1610 2875 1757 2901 causam
1794 2864 1970 2900 haberent
2007 2862 2223 2908 possidendi.
2287 2862 2357 2899 Sed
2404 2866 2440 2898 et

1359 2910 1499 2947 fructus
1523 2922 1595 2947 non
1611 2921 1700 2956 quos
1715 2912 1962 2956 perceperunt,
1985 2908 2100 2954 inquit
2109 2909 2135 2952 ⁶,
2159 2907 2223 2944 sed
2246 2918 2334 2954 quos
2357 2918 2437 2954 per-

1359 2959 1379 2991 5
1428 2956 1545 3001 cipere
1563 2956 1772 2998 debuerunt,
1797 2964 1858 2991 eos
1874 2958 2133 3000 praestaturos.
2174 2953 2230 2988 De
2252 2962 2294 2988 eo
2319 2957 2438 2989 autem

1358 3001 1514 3046 loquitur
1537 3005 1700 3044 senatus,
1734 3000 1794 3046 qui
1826 3000 1871 3036 ab
1897 2999 1996 3035 initio
2027 3002 2145 3035 mente
2165 2997 2356 3050 praedonis
2380 3008 2437 3035 res

1357 3045 1590 3082 hereditarias
1622 3044 1863 3091 adprehendit.
1922 3044 1994 3081 uod
2025 3044 2055 3080 si
2086 3044 2131 3079 ab
2162 3043 2263 3079 initio
2296 3042 2437 3089 quidem

1357 3091 1487 3127 iustam
1527 3100 1671 3126 causam
1709 3090 1837 3126 habuit
1875 3100 1897 3126 a
1925 3090 1931 3097 ‘
1960 3088 2148 3125 iscendae⁰
2187 3088 2435 3134 possessionis,

1357 3139 1484 3182 postea
1498 3146 1581 3172 vero
1599 3135 1763 3172 conscius
1788 3135 1834 3171 ad
1850 3145 1889 3172 se
1969 3135 1976 3142 '
2006 3133 2236 3170 hereditatem
2259 3133 2436 3185 pertinere

1357 3180 1551 3227 praedonio
1583 3191 1681 3217 more
1711 3180 1844 3216 versari
1876 3180 2010 3226 coepit,
2043 3178 2131 3214 nihil
2161 3182 2307 3215 senatus
2338 3178 2435 3224 loqui

1358 3226 1626 3307 ”dimitiim
1650 3229 1769 3262 ‘mm
1781 3225 2333 3307 ·e‘0t2‘311{“”‡e¹f¹2³r¹t²‘⁸¹i¹b⁸³1¹iit‘i¹3⁸
2350 3234 2433 3314 {ii-²3

1358 3282 1376 3307 s
1491 3282 1510 3308 e
1584 3281 1660 3307 ere:
1718 3281 1792 3307 arvi
2102 3295 2111 3311 ,

1358 3283 1490 3353 dolos?
1502 3317 1539 3352 in
1562 3281 1760 3353 hereditldte
1783 3315 1831 3352 sit
1852 3318 2012 3351 versatus
2029 3324 2075 3366 ⁸:¹²
2090 3317 2216 3359 postea
2230 3312 2435 3365 hoc-facere

1358 3365 1378 3398 6
1426 3372 1490 3397 coe
1516 3361 1554 3397 it.
1603 3361 1703 3397 Scire
1733 3359 1780 3397 ad
1802 3370 1841 3397 se
1863 3370 1936 3396 non
1958 3363 2135 3405 pertinere
2158 3362 2278 3394 utrum
2299 3368 2330 3394 is
2353 3361 2432 3394 tan-

1357 3372 1537 3443 tummodo
1562 3406 1718 3449 videtur,
1751 3405 1811 3458 qui
1840 3404 1975 3457 factum
2007 3404 2092 3446 scit,
2124 3414 2171 3439 an
2201 3406 2239 3439 et
2260 3403 2290 3439 is
2314 3403 2374 3449 qui
2397 3403 2434 3439 in

1356 3451 1433 3487 iure
1466 3451 1621 3487 erravit?
1677 3454 1793 3487 utavit
1824 3460 1917 3486 enim
1948 3453 2045 3486 recte
2075 3449 2211 3485 factum
2241 3451 2430 3484 testamen·

1356 3500 1443 3540 tum,
1469 3507 1550 3532 cum
1572 3462 1696 3532 inutfle
1720 3499 1813 3532 erat:
1838 3494 1893 3532 vel
1908 3505 1988 3530 cum
2004 3504 2085 3530 eum
2101 3493 2191 3530 alius
2206 3493 2433 3539 praecederet

1357 3541 1543 3587 adgnatus,
1568 3541 1635 3576 sibi
1658 3541 1777 3587 potius
1800 3539 1940 3576 deferri.
1966 3543 2003 3575 et
2026 3550 2098 3576 non
2119 3542 2208 3585 puto
2232 3539 2329 3575 hunc
2353 3548 2433 3575 esse

1352 3651 1441 3694 quod
1453 3651 1552 3685 durat
1564 3654 1701 3694 propter
1813 3653 1865 3693 (ι’)
1890 3653 2056 3694 competet
2069 3651 2103 3684 F
2171 3652 2214 3694 (s)
2238 3651 2352 3694 inquit
2364 3651 2426 3684 dol.

1352 3698 1396 3739 (a)
1422 3695 1620 3740 apiscendae
1631 3696 1694 3729 ΕΜ
