2528 3918
156 117 386 162 XXXVIII
418 119 468 161 17

154 242 253 276 recte
282 238 386 275 dicet.
434 248 520 283 ergo
552 239 589 273 et
617 236 648 273 si
677 236 846 273 latitent?
883 235 947 272 sed
970 235 1137 282 Ῑοιιςιιιιιι
1170 237 1242 270 est:

155 295 238 321 nam
261 294 328 320 nec
351 284 422 319 hoc
444 282 479 318 ei
501 283 716 329 imputetur,
743 292 809 318 cur
832 285 1021 327 suspectos
1045 291 1117 316 non
1140 279 1243 316 fecit:

155 329 316 374 alioquin
337 332 375 364 et
398 327 430 364 si
451 328 651 370 latitarent,
683 326 802 373 potuit
832 326 950 362 edicto
979 324 1182 362 desiderare
1205 329 1248 360 ut

156 386 217 410 eos
237 377 382 420 praetor
401 372 526 409 adesse
542 372 683 409 iuberet
697 376 735 409 et
756 375 945 417 suspectos
970 381 1031 407 eos
1054 373 1212 406 removet
1220 370 1246 412 ²,

155 422 199 454 42
246 419 277 455 si
301 419 476 454 deessent.
525 417 620 463 Quid
648 417 680 453 si
709 428 782 453 non
812 415 985 461 compulit
1013 425 1076 452 eos
1099 416 1248 451 miscere

156 475 196 499 se
220 464 379 500 tutelae?
409 467 447 498 et
470 473 549 498 cum
573 462 718 508 plenum
742 462 901 498 officium
925 471 948 495 a
970 464 1085 496 matre
1108 460 1246 497 deside-

155 519 276 545 remus
286 510 312 551 ³,
344 512 381 544 et
410 509 501 544 haec
531 507 564 543 ei
596 507 758 543 curanda
788 511 890 550 sunt,
923 517 969 540 ne
991 506 1029 540 in
1051 506 1248 542 hereditate

155 558 199 589 43
246 554 281 589 ei
303 554 458 590 obstent.
507 553 727 589 ‘Confestim'
757 556 877 587 autem
901 551 953 587 sic
977 550 1046 587 erit
1069 550 1247 596 accipien-

157 600 243 635 dum
275 599 349 634 ‘ubi
380 598 533 644 primum
564 598 703 643 potuit'‚
744 597 781 632 id
815 600 871 632 est
900 596 1078 641 praetoris
1108 595 1249 641 copiam

157 644 284 680 habuit
306 643 390 679 huic
414 644 466 679 rei
488 643 663 685 sedentis,
696 643 763 678 uisi
793 642 886 677 forte
910 641 1117 677 infirmitate
1139 641 1247 686 impe-

158 689 234 725 dita
258 693 313 725 est
335 689 390 724 vel
413 689 485 724 alia
508 698 638 733 magna
662 698 790 729 causa,
825 696 916 739 quae
947 686 1054 722 etiam
1078 686 1250 722 mandare

158 745 236 770 eam
266 734 313 769 ad
369 733 516 770 etendos
546 737 686 769 tutores
717 732 921 777 impediret:
958 731 1011 766 ita
1041 735 1178 775 tamen,
1211 733 1251 765 ut

158 780 258 815 nullo
282 790 340 815 mo
367 790 389 814 o
414 780 542 815 annale
565 783 705 823 tempus
731 776 929 813 excederet.
978 776 1009 812 si
1039 776 1133 812 euim
1155 785 1250 811 mor-

157 825 298 860 talitate
336 824 399 860 filii
461 828 629 860 raeventa
667 826 736 866 est,
775 822 862 857 nihil
898 821 1006 857 matri
1043 822 1089 856 im
1118 823 1239 856 utetur

158 874 202 905 44
250 869 417 905 Tractari
435 835 533 905 {velle
556 872 687 914 potest,
712 867 743 903 si
765 867 902 920 pupillo
920 867 1078 912 amplum
1109 870 1251 918 egatum

158 915 225 951 sub
251 914 461 951 condicione
484 914 531 950 sit
554 914 718 949 relictum
747 915 790 948 ‘si
812 916 951 948 tutores
976 923 1049 948 non
1072 912 1251 947 habuent'

160 964 198 996 et
227 963 419 1007 propterea
453 960 487 995 ei
518 962 631 994 mater
662 968 734 994 non
766 957 927 1003 petierit,
962 968 1008 993 ne
1043 957 1252 993 condicione

160 1005 393 1048 deficeretur,
425 1015 473 1040 an
506 1003 714 1040 constitutio
746 1007 873 1039 cesset.
921 1006 959 1038 et
985 1006 1073 1048 puto
1099 1012 1251 1044 cessare,

160 1051 192 1087 si
227 1051 395 1087 damnum
427 1049 545 1085 minus
583 1049 632 1085 sit
666 1048 810 1084 cumulo
845 1047 965 1093 legati.
1013 1047 1110 1093 quod
1145 1051 1182 1083 et
1215 1047 1253 1082 in

158 1095 428 1142 magistratibus
462 1093 739 1140 municipalibus
774 1097 954 1129 tractatur
984 1092 1082 1139 apud
1110 1092 1252 1128 Tertul-

158 1142 312 1178 lianum:
344 1144 381 1177 et
402 1143 508 1186 putat
532 1139 685 1175 dandam
708 1138 747 1174 in
771 1148 832 1174 eos
857 1138 1051 1180 actionem,
1077 1141 1254 1183 quatenus

161 1187 244 1233 plus
269 1194 364 1223 esset
386 1186 425 1221 in
447 1185 577 1221 damno
603 1194 710 1229 quam
732 1184 769 1218 in
793 1183 922 1228 legato.
965 1183 1035 1219 nisi
1057 1182 1151 1218 forte
1175 1182 1253 1228 quis

158 1235 264 1278 putet
293 1231 541 1268 condicionem
569 1230 664 1265 hanc
694 1229 798 1274 quasi
828 1228 976 1263 utilitati
998 1228 1166 1273 publicae
1191 1228 1254 1264 ob-

158 1273 1255 1366 {iffiiffimifflffissssimmffliaiui¹⁶ssiii¹t²55efflo{⁶22³

160 1367 267 1403 tierit.
301 1366 396 1419 finge
420 1370 540 1401 autem
564 1365 704 1410 plenius
729 1345 974 1400 condicionem
995 1363 1254 1409 conscriptam:

162 1423 281 1448 nonne
312 1415 382 1448 ent
411 1410 517 1446 matri
546 1409 828 1455 ignoscendum?
866 1413 931 1444 aut
960 1409 1030 1445 hoc
1058 1409 1256 1454 imputatur

160 1458 285 1500 matri,
318 1467 384 1493 cur
414 1466 487 1491 non
518 1454 734 1491 desideravit
762 1465 785 1490 a
815 1454 978 1500 principe
1010 1454 1256 1490 condicionem

161 1506 205 1539 45
251 1502 408 1538 remitti?
454 1505 491 1537 et
529 1504 618 1547 puto
655 1510 729 1536 non
760 1510 839 1536 esse
869 1499 1129 1545 imputandum.
1175 1499 1255 1552 Ego

163 1548 270 1584 etiam
294 1547 325 1583 si
347 1550 463 1583 mater
486 1545 537 1589 ei,
569 1546 632 1591 qui
655 1545 825 1581 solvendo
850 1555 923 1581 non
947 1545 1033 1587 erit,
1057 1556 1130 1580 non
1152 1545 1258 1597 petiit

161 1597 334 1635 tutorem,
364 1595 453 1638 puto
484 1590 760 1637 ignoscendum:
799 1590 982 1626 consuluit
1010 1590 1104 1625 enim
1135 1600 1185 1632 ei,
1216 1595 1258 1624 ut

162 1642 207 1674 46
253 1638 371 1673 minus
394 1637 612 1682 inquietetur
635 1635 740 1681 quasi
761 1635 982 1671 indefensus.
1030 1635 1080 1669 Et
1109 1635 1140 1671 si
1163 1634 1257 1671 forte

163 1684 242 1730 quis
266 1692 415 1719 uxorem
439 1681 637 1718 communis
661 1681 726 1716 filii
748 1684 899 1716 matrem
922 1680 1089 1716 heredem
1113 1680 1258 1725 scripsit

163 1729 372 1774 rogavitque
393 1727 543 1763 remissa
567 1727 673 1762 etiam
697 1725 943 1768 satisdatione,
968 1729 1010 1761 ut
1032 1725 1106 1761 filio
1130 1725 1259 1778 puberi

162 1775 260 1810 facto
284 1773 489 1809 restitueret
511 1771 765 1814 hereditatem,
790 1781 857 1807 nec
881 1776 996 1806 mater
1018 1771 1052 1807 ei
1074 1771 1177 1816 pet1it
1199 1774 1257 1806 tu-

165 1824 280 1861 tores,
306 1819 413 1854 debet
436 1818 508 1853 dici
531 1827 672 1854 cessare
696 1816 1005 1861 constitutionem,
1039 1827 1121 1852 cum
1145 1816 1258 1861 patris

164 1865 383 1901 voluntatem
402 1867 529 1900 secuta
549 1863 597 1899 sit
614 1866 650 1898 et
670 1862 759 1899 nihil
775 1861 923 1897 habenti
940 1861 1012 1897 filio
1029 1865 1168 1897 tutores
1187 1871 1260 1897 non

164 1909 318 1956 petierit.
371 1908 470 1954 quod
499 1908 532 1945 si
562 1907 596 1944 ei
629 1907 781 1943 remissa
814 1906 1002 1943 satisdatio
1033 1917 1108 1942 non
1136 1906 1258 1949 fuerit,

167 1959 293 1991 contra
321 1954 405 1996 erit,
438 1953 607 1999 quoniam
630 1953 686 1989 vel
709 1955 858 1998 propter
880 1952 950 1988 hoc
974 1952 1098 1988 debuit
1120 1955 1258 1988 tutores

165 2001 311 2037 habere.
358 1999 423 2036 sed
452 1998 485 2035 si
514 1999 608 2035 forte
638 1998 802 2043 impubes
831 2001 914 2043 post
935 1997 1061 2034 matris
1087 1997 1258 2034 cessatio-

166 2055 248 2082 nem
277 2044 387 2081 fuerit
419 2044 614 2089 adrogatus
642 2047 680 2079 et
701 2043 865 2088 impubes
890 2043 1036 2085 obierit,
1070 2042 1261 2079 dicendum

166 2091 236 2127 erit
257 2089 364 2126 matri
394 2090 564 2125 adversus
595 2089 848 2134 adrogatorem
877 2099 951 2124 non
981 2092 1184 2133 competere
1216 2098 1261 2123 ex

167 2139 209 2172 4⁶1
258 2135 433 2187 stipulatu
462 2135 650 2171 actionem.
701 2133 900 2169 Videndum
929 2137 1002 2177 est,
1034 2138 1149 2169 matre
1174 2144 1258 2186 pro-

167 2180 282 2217 hibita
310 2191 368 2216 ius
399 2191 504 2216 suum
534 2180 716 2215 vindicare
758 2183 879 2215 utrum
916 2182 1054 2215 ceteros
1092 2178 1259 2214 admitta-

169 2237 264 2268 mus,
299 2236 322 2262 a
361 2236 407 2261 ue
438 2225 469 2261 si
499 2228 615 2260 mater
643 2235 717 2260 non
739 2227 853 2267 esset,
885 2234 934 2259 an
955 2224 1072 2269 ipsam
1095 2224 1261 2260 heredem

169 2271 318 2308 dicimus
363 2270 426 2306 'eri
456 2270 514 2306 vel
544 2270 643 2305 aliud
673 2280 804 2305 nomen
831 2269 1069 2305 successionis
1101 2269 1260 2312 induere,

169 2316 233 2354 sed
255 2316 471 2361 denegamus
494 2315 528 2351 ei
551 2315 738 2351 actiones?
769 2318 805 2351 et
826 2314 1024 2350 invenimus
1048 2315 1262 2360 rescriptum

169 2363 216 2398 ab
239 2362 287 2398 im
314 2365 455 2398 eratore
478 2365 602 2397 nostro
619 2360 802 2396 Antonino
818 2360 876 2395 Au
945 2363 982 2395 to
1003 2363 1039 2395 et
1059 2359 1139 2395 divo
1185 2364 1262 2395 atre

170 2409 246 2443 eius
270 2372 462 2442 lixammiae
485 2406 703 2442 Maximinae
726 2404 841 2451 pridie
863 2405 877 2440 i
903 2415 944 2440 us
961 2405 1127 2451 Apriles⁴
1183 2405 1261 2440 lau·

169 2453 268 2488 tiano
292 2452 422 2488 iterum
446 2451 618 2488 consule⁶
640 2456 755 2487 matre
778 2454 915 2487 remota
938 2460 1000 2486 eos
1025 2449 1176 2493 admitti,
1201 2450 1262 2495 qui

170 2498 348 2542 venirent,
380 2497 412 2533 si
440 2502 556 2533 mater
583 2507 657 2533 non
686 2495 832 2532 fuisset:
866 2505 949 2541 ergo
973 2499 1011 2531 et
1033 2495 1179 2540 adgnati
1204 2505 1261 2531 ce-

171 2543 308 2589 terique
331 2542 527 2579 succedent
549 2546 632 2585 aut,
663 2542 696 2579 si
718 2552 821 2577 nemo
846 2540 911 2583 sit,
943 2541 1039 2576 bona
1069 2541 1261 2576 vacabunt.

218 2586 242 2627 3
275 2587 532 2624 Monrsmvs
563 2587 656 2623 libro
688 2591 815 2623 octavo
851 2586 1063 2633 reqularum
1117 2585 1263 2621 Patrem

172 2634 378 2680 adoptivum
400 2633 508 2668 matri
529 2643 603 2669 non
626 2632 753 2669 obesse
776 2632 936 2678 plerique
959 2631 1126 2677 probant.

218 2678 245 2717 4
272 2678 381 2716 Imm
405 2678 497 2715 lilro
526 2688 624 2714 nono
652 2677 864 2725 reqularum
911 2676 1039 2712 Matris
1072 2676 1263 2712 intestatae

174 2794 214 2834 (l)
237 2791 388 2835 longum]
402 2792 530 2825 inicum
541 2804 603 2825 scr.
693 2792 735 2830 (2)
759 2790 984 2825 removeretS
1069 2792 1112 2833 (3)
1137 2789 1263 2823 deside-

174 2836 348 2871 ramusffl
417 2843 458 2875 (4)
483 2835 595 2870 idibus
606 2835 892 2879 aprilibs(sic›F²
959 2837 1004 2878 (s)
1031 2835 1262 2879 a.p.Cl1r.203

176 2886 219 2923 (κδ
245 2881 377 2916 exclusa
394 2882 460 2915 erit
479 2880 530 2915 F²
628 2882 673 2924 (τ)
698 2882 780 2915 idem
798 2881 938 2915 Graeci.-
956 2881 1075 2914 matris
1092 2880 1182 2914 filius
1199 2892 1262 2914 scr.

1492 0 1563 92 tn

1237 110 1320 157 59⁰
1551 93 1606 162 ‘sxa
1634 123 1705 157 an
1733 122 1831 157 sss.
1862 122 1989 156 coss.
2014 122 2145 155 ⁴‘rrum
2167 122 2233 155 m
2260 122 2394 155 onrn.

1313 233 1504 270 defunctae
1533 233 1764 272 hereditatem
1796 232 1844 269 ad
1872 242 1994 270 omnes
2023 232 2101 269 eius
2131 232 2264 270 liberos
2286 232 2396 278 perti-

1314 289 1415 332 nere,
1453 278 1592 359 {tiamsi
1627 289 1672 316 ex
1702 279 1849 315 diversis
1885 277 2117 314 matrimoniis
2147 278 2223 314 nati
2252 277 2397 320 fuerint,

1313 335 1400 360 iuris
1425 335 1463 360 es
1482 350 1491 359 .

1362 368 1386 406 5
1420 368 1578 406 Panas
1604 369 1694 406 libro
1723 369 1906 422 sinqulari
1939 369 1989 405 ad
2023 371 2169 404 senatus
2199 367 2398 405 consultum

1319 414 1578 450 Tertullianum
1629 415 1892 467 Aequissimum
1923 414 2035 450 visum
2067 418 2123 450 est
2155 423 2276 449 omnes
2305 412 2398 448 filios

1316 460 1422 495 matri
1444 458 1633 504 praeferri,
1662 460 1800 496 etiamsi
1829 470 1893 505 per
1921 459 2149 505 adoptionem
2170 459 2209 493 in
2231 457 2398 494 familiam

1321 508 1335 540 1
1385 504 1502 540 relicti
1526 508 1656 539 essent.
1692 504 1763 540 Sed
1785 508 1822 541 et
1844 516 1955 551 nepos
1979 515 2025 541 ex
2048 503 2214 556 adoptivo
2238 503 2312 539 filio
2336 513 2399 538 na-

1318 553 1338 585 2
1386 553 1445 585 tus
1469 559 1514 584 cx
1538 549 1653 585 verbis
1677 554 1822 586 senatus
1847 550 2001 586 consulti
2023 553 2130 585 matri
2152 548 2320 585 obstabit.
2363 547 2400 584 Si

1317 606 1363 632 ex
1393 594 1467 630 filio
1498 598 1666 640 nepotem
1696 605 1784 630 avus
1814 595 2059 631 manumiserit
2094 594 2196 639 isque
2229 598 2333 639 patre
2366 597 2402 629 et

1319 650 1384 676 avo
1410 643 1446 675 et
1469 643 1583 675 matre
1606 640 1857 684 superstitibus
1882 640 2093 682 decesserit,
2126 642 2246 684 potest
2268 638 2401 683 quaeri,

1319 685 1398 730 quis
1426 685 1545 730 potior
1576 694 1655 720 esse
1686 684 1825 721 debeat.
1873 696 1956 721 nam
1987 685 2017 721 si
2046 688 2160 720 mater
2189 682 2403 719 excluserit⁶

1319 740 1425 765 avum
1454 730 1763 774 manumissorem,
1794 730 1853 776 qui
1883 730 1979 775 patri
2009 729 2255 775 anteponitur,
2289 728 2402 764 edicto

1319 775 1495 820 praetoris
1518 774 1708 810 inducetur
1730 780 1833 821 pater
1858 775 2035 817 defuncti,
2068 786 2138 820 quo
2163 774 2317 810 admisso
2343 772 2402 808 de-

1320 820 1406 856 sinit
1429 824 1575 855 senatus
1600 820 1763 856 consulto
1788 821 1889 856 locus
1913 831 1993 856 esse
2023 824 2059 856 et
2084 831 2208 856 rursus
2233 829 2320 854 avus
2343 829 2404 853 vo-

1322 865 1473 902 cabitur.
1509 865 1631 910 itaque
1654 866 1785 900 rectius
1812 870 1866 901 est
1890 876 1954 901 avo
1979 866 2034 901 ius
2058 875 2162 901 suum
2182 873 2404 904 conservare,

1322 911 1383 956 qui
1405 915 1442 946 et
1466 914 1593 990 contfa
1615 910 1769 956 scriptos
1787 910 1936 947 heredes
1953 910 2129 946 bonorum
2146 909 2405 955 possessionem

1322 956 1398 991 acci
1425 966 1484 991 ere
1509 966 1548 990 so
1564 959 1611 991 et.

1368 967 1526 1039 GPIDEM
1545 1000 1636 1037 libro
1659 1000 1843 1047 sinqulari
1871 1000 1921 1036 ad
1946 1003 2093 1036 senatus
2115 999 2317 1036 consultum
2343 998 2406 1035 Or-

1315 1046 1524 1093 phitianum
1583 1045 1666 1080 Filii
1700 1046 1837 1081 mater-⁷
1872 1056 1917 1081 ex
1951 1046 2021 1081 hoc
2055 1050 2201 1081 senatus
2232 1043 2408 1085 consulto,

1323 1090 1465 1127 etiamsi
1494 1091 1532 1126 in
1561 1091 1677 1126 aliena
1706 1094 1886 1136 potestate
1917 1091 1979 1133 sit,
2010 1091 2057 1126 ad
2085 1090 2316 1127 hereditatem
2345 1088 2408 1124 ad-

1329 1141 1339 1171 ι
1389 1135 1555 1172 mittitur.
1602 1135 1736 1179 Filius,
1767 1136 1827 1181 qui
1859 1146 1897 1172 se
1926 1136 2021 1172 nolle
2050 1136 2148 1171 adire
2177 1134 2409 1171 hereditatem

1322 1181 1448 1217 matris
1472 1181 1572 1223 dixit,
1597 1190 1644 1216 an
1667 1185 1787 1226 potest
1811 1185 1950 1216 mutata
1972 1181 2155 1216 voluntate
2175 1180 2285 1223 adire,
2309 1183 2408 1216 ante·

1324 1237 1430 1273 quam
1455 1226 1740 1271 consanguineus
1765 1226 1819 1261 vel
1843 1227 2018 1271 adgnatus
2046 1226 2189 1269 adierit,
2221 1225 2409 1262 videndum

1323 1276 1472 1318 propter
1502 1272 1593 1307 haec
1623 1271 1732 1307 verba
1764 1271 1805 1306 ‘si
1828 1282 1930 1307 nemo
1955 1271 2133 1307 filiorum⁸
2155 1271 2251 1307 volet
2273 1270 2410 1307 heredi-

1324 1323 1446 1353 ‘tatem
1469 1317 1674 1362 suscipere’,
1700 1316 1784 1361 quia
1809 1317 1991 1353 extensiva
2013 1321 2108 1353 sunt.
2151 1321 2186 1353 et
2206 1327 2286 1352 cum
2304 1316 2413 1352 verba

1325 1363 1507 1398 extensiva
1530 1362 1612 1404 sint,
1637 1362 1858 1407 paenitentia
1881 1363 1957 1398 eius
1982 1372 2095 1408 usque
2122 1362 2170 1398 ad
2192 1372 2325 1397 annum
2348 1360 2411 1396 ad-

1324 1408 1498 1489 mittelilisda
1529 1411 1599 1452 est,
1639 1418 1719 1442 cum
1757 1411 1793 1443 et
1822 1407 1902 1453 ipsa
1931 1407 1995 1443 filii
2025 1408 2202 1444 bonorum
2232 1406 2411 1453 possessio

1325 1454 1444 1490 anna'
1489 1457 1554 1489 est.

1372 1497 1395 1536 7
1422 1498 1528 1534 IDEM
1548 1498 1640 1534 libro
1663 1497 1846 1545 sinqulari
1867 1497 1917 1533 ad
1938 1501 2086 1534 senatus
2108 1497 2309 1534 consultum
2330 1496 2414 1533 Ter-

1326 1545 1516 1580 tullianum
1536 1548 1571 1578 et
1594 1542 1873 1590 01ῬΙιῖίιάηῑινιι9
1919 1543 1957 1579 Si
1981 1544 2057 1588 quis
2081 1543 2272 1579 intestatus
2292 1542 2414 1578 deces-

1326 1589 1413 1625 serit
1444 1589 1571 1624 relicta
1593 1593 1707 1624 matre
1731 1593 1767 1624 et
1789 1587 1902 1624 fratre
1926 1588 2188 1634 consanguineo
2212 1588 2269 1624 vel
2292 1597 2415 1624 sorore

1327 1634 1487 1680 quamvis
1510 1644 1576 1679 per
1599 1633 1866 1679 adrogationem
1890 1634 2081 1679 quaesitis,
2113 1633 2237 1670 eadem
2266 1633 2348 1669 iura
2376 1633 2415 1669 in

1326 1690 1482 1725 persona
1511 1679 1636 1715 matris
1666 1683 1874 1722 servantur,
1909 1689 2000 1724 quae
2030 1683 2068 1715 et
2098 1679 2322 1715 naturalibus
2354 1687 2413 1714 ex-

1326 1725 1487 1761 tantibus
1510 1724 1644 1760 liberis.

1373 1767 1399 1809 8
1427 1770 1550 1807 GAIUS
1566 1769 1656 1806 libro
1677 1769 1860 1816 sinqulari
1877 1768 1927 1804 ad
1945 1774 2092 1805 senatus
2111 1769 2312 1805 consultum
2333 1769 2416 1804 Ter·

1329 1816 1518 1852 tullianum
1564 1815 1608 1849 In
1638 1825 1814 1859 suspenso
1845 1818 1900 1850 est
1929 1814 1987 1850 ius
2011 1815 2151 1858 matris,
2181 1815 2214 1851 si
2235 1814 2330 1850 filius
2354 1813 2416 1850 de-

1327 1860 1714 1941 functidemancipatus
1739 1860 1912 1896 deliberet
1935 1859 1979 1895 de
1997 1860 2174 1896 bonorum
2191 1859 2416 1906 possessione

1354 1911 1435 1943 eten
1461 1916 1492 1941 a.

1327 1919 1351 1953 P
1375 1950 1400 1990 9
1425 1951 1532 1987 IDEM
1545 1950 1636 1986 libro
1650 1950 1834 1997 sinqulari
1847 1950 1897 1985 ad
1910 1955 2057 1986 senatus
2073 1951 2274 1987 consultum
2290 1949 2414 1997 orpha·-

1330 1998 1467 2033 tianum
1503 1995 1743 2031 Sacratissimi
1757 1995 1930 2040 principis
1949 1996 2063 2031 nostri
2081 1996 2242 2032 oratione
2260 2000 2416 2040 cavetur,

1329 2048 1370 2078 ut
1392 2041 1517 2078 matris
1541 2041 1732 2077 intestatae
1756 2040 1935 2077 hereditas
1960 2041 2007 2076 ad
2029 2041 2178 2085 liberos,
2210 2042 2352 2077 tametsi
2379 2041 2417 2077 in

1330 2088 1448 2124 aliena
1470 2090 1648 2132 potestate
1673 2090 1787 2128 erunt,
1811 2086 2000 2131 pertineat.

1380 2132 1429 2170 10
1455 2133 1685 2168 Pom’omvs
1708 2131 1799 2167 libro
1822 2131 1980 2168 secundo
2004 2135 2152 2167 senatus
2174 2132 2417 2168 consultorum

1330 2178 1368 2214 Si
1390 2178 1485 2214 filius
1509 2176 1663 2212 familias
1685 2176 1787 2212 miles
1810 2186 1883 2212 non
1906 2176 1953 2212 sit
1976 2180 2129 2212 testatus
2153 2176 2198 2213 de
2220 2177 2296 2219 his,
2326 2187 2419 2223 quae

1329 2224 1367 2259 in
1398 2223 1526 2259 castris
1558 2222 1786 2267 adquisierit,
1818 2232 1866 2257 an
1897 2231 1942 2257 ea
1964 2222 2010 2257 ad
2032 2226 2182 2257 matrem
2205 2223 2417 2268 pertineant,

1329 2268 1520 2305 videndum
1536 2271 1602 2303 est.
1644 2267 1708 2303 sed
1723 2277 1796 2302 non
1811 2271 1919 2312 puto:
1942 2267 2054 2312 magis
2072 2267 2164 2302 enim
2178 2267 2310 2303 iudicio
2327 2268 2417 2303 mili-

1330 2318 1406 2350 tum
1426 2314 1496 2349 hoc
1515 2312 1725 2349 beneficium
1746 2322 1956 2347 concessum
1973 2316 2039 2354 est,
2064 2323 2137 2348 non
2156 2317 2197 2348 ut
2216 2313 2417 2349 omnimodo

1334 2363 1348 2394 1
1423 2358 1502 2394 uasi
1525 2362 1647 2403 patres
1671 2357 1885 2392 familiarum
1908 2358 1945 2392 in
1967 2367 2012 2393 ea
2030 2367 2069 2392 re
2091 2357 2173 2393 sint.
2212 2358 2362 2403 Quando
2382 2358 2419 2394 in

1330 2414 1400 2450 pen
1426 2404 1499 2439 enti
1523 2408 1578 2439 est
1627 2413 1674 2438 an
1726 2402 1878 2438 uaedam
1908 2413 2084 2447 personae
2113 2403 2252 2448 possint
2275 2404 2419 2440 obstare

1330 2449 1454 2491 matri,
1484 2452 1521 2484 et
1545 2459 1651 2484 casus
1675 2454 1690 2482 t
1730 2448 1810 2490 erit,
1842 2451 1883 2482 ut
1905 2458 1978 2483 non
2001 2447 2270 2490 inducerentur,
2294 2448 2419 2485 matris

1330 2495 1386 2530 ius
1406 2494 1584 2548 integrum
1603 2493 1681 2537 erit,
1706 2492 1802 2538 quod
1825 2492 1941 2528 medio
1964 2501 2124 2539 tempore
2148 2493 2359 2546 appenderit
2372 2495 2417 2529 ¹⁰:

1330 2539 1441 2576 veluti
1464 2550 1495 2575 ει
1518 2539 1591 2574 filio
1615 2539 1785 2574 intestato
1809 2543 1950 2574 mortuo
1967 2544 2156 2584 postumus
2179 2549 2212 2575 ei
2235 2539 2329 2575 filius
2352 2549 2417 2586 po-

1330 2585 1442 2621 tuerit
1469 2584 1571 2620 nasci
1601 2594 1668 2619 nec
1699 2587 1806 2619 natus
1836 2582 1883 2619 sit
1911 2588 1975 2619 aut
2003 2587 2166 2620 mortuus
2195 2584 2333 2628 editus,
2363 2584 2419 2620 vel

1332 2630 1427 2684 quod
1440 2632 1466 2652 ¹¹
1487 2630 1594 2666 etiam
1613 2629 1709 2664 filius
1730 2629 1791 2674 qui
1808 2628 1846 2664 in
1862 2629 2016 2665 hostium
2031 2632 2210 2675 potestate
2227 2633 2302 2665 erat
2317 2633 2417 2676 post·

1331 2676 1465 2712 hminio
1491 2686 1565 2712 non
1588 2674 1636 2710 sit
1657 2684 1833 2711 reversus.

1333 2790 1378 2831 (8)
1402 2789 1522 2823 florum
1536 2789 1567 2822 F
1651 2787 1697 2829 (9)
1722 2789 1755 2821 et
1767 2786 2004 2831 Orphitianum
2016 2788 2079 2822 del.

2172 2791 2231 2829 (ιο)
2253 2788 2418 2832 pepende-

1333 2834 1379 2867 rit
1391 2847 1452 2868 scr.
1547 2837 1600 2875 (u)
1626 2831 1716 2875 quod
1727 2832 1788 2866 del.
