2528 3918
137 135 200 166 DE
231 136 341 170 IURE
365 136 664 171 PATRONATUS

191 256 215 298 3
241 255 478 297 MARCJANUS
498 259 588 296 libro
611 260 768 297 secundo
793 260 1055 297 institutionum
1092 261 1130 297 Si
1150 261 1228 307 quis

144 307 245 341 tutor
267 305 390 348 datus,
417 317 496 342 cum
520 306 589 342 sibi
611 306 729 351 legata
752 310 847 342 esset
870 306 1000 342 ancilla
1025 311 1061 342 et
1084 311 1229 352 rogatus

143 361 222 386 eam
262 352 529 394 manumittere,
573 352 818 387 manumiserit
858 351 1001 396 adgnito
1041 353 1158 397 legato
1195 356 1231 388 et

141 396 257 431 tutela
287 397 414 442 pupilli
445 407 484 432 se
513 398 753 440 excusaverit,
787 397 856 432 divi
882 398 1032 433 Severus
1057 403 1093 433 et
1116 398 1228 433 Anto-

142 440 249 477 ninus
273 443 536 488 rescripserunt
557 443 655 477 hunc
680 453 758 477 esse
782 442 921 487 quidem
940 448 1143 487 patronum,
1168 443 1231 479 sed

144 487 261 523 omni¹
288 487 472 522 commodo
498 490 711 532 patronatus
737 498 870 523 carere.

189 530 215 568 4
239 531 347 567 IDEM
362 532 454 568 libro
473 533 598 578 quinto
620 534 881 568 institutionum
918 534 1002 569 Iura
1021 534 1230 570 libertorum

142 580 374 623 patronorum
398 577 530 622 liberis,
555 588 637 613 cum
656 582 761 623 pater
779 589 902 614 eorum
920 583 998 614 erat
1015 580 1229 625 perduellio-

142 622 198 659 nis
222 622 429 667 damnatus,
460 624 560 659 salva
588 634 667 660 esse
700 623 770 659 divi
794 624 944 660 Severus
969 629 1005 660 et
1027 625 1230 661 Antoninus

142 668 393 713 benignissime
416 669 527 704 rescri
554 673 688 712 serunt,
715 669 809 705 sicut
833 680 877 704 ex
901 670 972 705 alia
996 681 1108 707 causa
1126 670 1229 716 puni-

142 717 261 748 torum
285 713 406 749 liberis
429 714 510 749 iura
549 715 742 750 'bertorum
765 715 866 750 salva
890 720 984 751 sunt.

189 757 213 795 5
246 758 355 794 IDEM
380 759 472 795 libro
498 761 602 795 tertio
634 760 770 796 decimo
803 761 1067 796 institutionum
1118 761 1229 796 Divus

143 803 313 840 Claudius
337 804 523 848 libertum,
556 805 616 850 qui
647 805 821 850 probatus
853 805 922 841 fuit
953 811 1106 851 patrono
1132 806 1229 841 dela-

142 854 239 885 tores
278 850 532 892 summississe,
576 850 637 895 qui
678 850 722 886 de
758 854 855 886 statu
890 852 966 887 eius
1002 852 1163 887 facerent
1200 851 1231 887 ei

142 894 407 940 quaestionem,
437 906 578 931 servum
609 896 753 942 patroni
784 907 861 932 esse
891 897 996 932 iussit
1021 908 1101 932 eum
1124 897 1231 932 liber-

146 944 160 977 1
210 944 287 975 tum
297 941 321 975 ².
363 941 592 986 Imperatoris
617 942 731 977 nostri
751 942 924 987 rescripto
943 946 1100 986 cavetur,
1124 946 1176 984 ut,
1201 942 1232 977 si

141 988 316 1034 patronus
330 985 499 1022 libertum
511 997 615 1022 suum
628 998 700 1022 non
713 987 850 1030 aluerit,
865 988 921 1024 ius
936 989 1079 1033 patroni
1093 988 1230 1033 perdat.

189 1028 214 1068 6
245 1031 406 1067 PAULUS
434 1032 525 1068 libro
557 1034 715 1068 secundo
749 1033 798 1068 ad
828 1033 941 1078 leqem
972 1034 1110 1069 Aeliam
1144 1033 1232 1068 Sen-

142 1077 230 1112 tiam
275 1076 429 1121 Adigere
444 1077 686 1120 iureiurando,
711 1088 754 1114 ne
769 1079 884 1114 nubat
898 1078 1028 1114 liberta
1044 1079 1125 1114 vel³
1143 1079 1230 1113 libe-

142 1132 203 1158 ros
233 1121 356 1165 tollat,
388 1122 607 1167 intellegitur
630 1124 736 1159 etiam
760 1124 810 1166 is,
841 1124 902 1170 qui
925 1124 1092 1159 libertum
1114 1123 1233 1159 iurare

141 1168 290 1213 patitur.
336 1167 398 1203 sed
423 1168 454 1203 si
477 1169 664 1213 ignorante
687 1179 729 1205 eo
755 1172 841 1204 suus
865 1169 961 1205 filius
986 1170 1145 1214 adegerit
1169 1169 1231 1205 sti-

141 1213 288 1258 pulatus
308 1212 448 1257 fuerit⁴‚
469 1214 556 1249 nihil
575 1214 609 1249 ei
624 1215 787 1250 nocebit:
814 1219 909 1250 certe
927 1215 957 1250 si
973 1215 1074 1250 iussu
1089 1215 1233 1260 patroni

142 1259 173 1294 is
204 1258 265 1303 qui
294 1258 332 1293 in
363 1262 542 1304 potestate
573 1263 628 1295 est
657 1259 752 1295 idem
781 1260 927 1303 fecerit,
959 1260 1148 1296 dicendum
1179 1264 1233 1295 est

148 1308 161 1339 1
211 1314 293 1339 eum
316 1304 385 1339 hac
409 1304 487 1349 lege
509 1305 633 1340 teneri.
676 1305 876 1350 Stipulatus
901 1309 955 1341 est
979 1309 1122 1341 centum
1146 1316 1231 1350 ope-

142 1359 202 1385 ras
227 1352 290 1384 aut
312 1349 349 1384 in
373 1350 530 1395 singulas
554 1361 683 1386 aureos
708 1351 836 1396 quinos
861 1351 955 1386 dari:
989 1362 1062 1387 non
1094 1351 1233 1387 videtur

143 1398 270 1430 contra
292 1395 404 1439 legem
429 1395 639 1440 stipulatus,
665 1396 749 1441 quia
771 1396 809 1431 in
831 1400 1012 1441 potestate
1035 1397 1154 1432 liberti
1178 1401 1233 1432 est

143 1443 163 1475 2
213 1450 340 1485 operas
379 1440 475 1476 dare.
531 1441 698 1485 Quamvis
736 1442 835 1477 nulla
869 1452 1024 1487 persona
1057 1442 1135 1487 lege
1171 1453 1231 1478 ex-

143 1485 314 1530 cipiatur,
345 1489 466 1521 tamen
489 1486 766 1531 intellegendum
791 1491 846 1523 est
870 1488 914 1522 de
936 1488 992 1523 his
1016 1488 1127 1532 legem
1152 1498 1231 1523 sen-

141 1531 220 1573 tire,
246 1531 307 1576 qui
331 1531 463 1567 liberos
487 1532 613 1567 tollere
637 1535 799 1577 possunt.
836 1532 958 1577 itaque
982 1533 1012 1568 si
1037 1537 1233 1568 castratum

137 1576 310 1614 libertum
329 1576 560 1612 iureiurando
582 1577 661 1622 quis
683 1577 852 1622 adegerit,
877 1577 1068 1613 dicendum
1088 1582 1143 1613 est
1159 1589 1233 1613 non

136 1625 163 1657 ,Β
210 1621 331 1668 puniri
354 1626 546 1667 patronum
569 1623 638 1658 hac
662 1623 750 1667 lege.
798 1623 836 1658 Si
864 1627 1038 1668 patronus
1069 1623 1233 1659 libertam

138 1667 370 1705 iureiurando
397 1667 564 1713 adegerit,
591 1672 632 1703 ut
655 1668 724 1703 sibi
747 1669 908 1710 nuberet,
935 1669 965 1704 si
985 1669 1126 1713 quidem
1145 1669 1232 1704 duc-

137 1717 246 1749 turus
271 1723 349 1748 eam
374 1713 507 1758 adegit,
541 1713 629 1748 nihil
659 1717 785 1749 contra
809 1714 923 1758 legem
945 1714 1075 1750 fecisse
1098 1714 1231 1750 videbi-

139 1762 219 1794 tur:
246 1759 276 1793 si
299 1768 383 1794 -vero
408 1770 480 1794 non
505 1759 679 1794 ducturus
702 1762 852 1804 propter
875 1760 945 1795 hoc
965 1760 1082 1795 solum
1101 1760 1230 1804 adegit,

141 1814 188 1840 ne
211 1803 272 1838 alii
296 1804 465 1846 nuberet,
496 1804 660 1839 fraudem
690 1804 759 1850 legi
782 1804 916 1839 factam
939 1805 1098 1840 Iulianus
1124 1805 1175 1839 ait
1199 1809 1234 1840 et

142 1849 288 1895 perinde
311 1854 503 1894 patronum
527 1850 653 1892 teneri,
678 1860 721 1885 ac
746 1849 777 1885 si
796 1850 969 1894 coegisset
986 1851 1105 1885 iurare
1125 1851 1232 1886 liber-

143 1899 163 1930 4
211 1899 285 1929 tam
314 1905 387 1930 non
417 1899 621 1939 nupturam.
677 1895 773 1939 Lege
804 1895 920 1930 Iulia-'²
953 1895 995 1930 de
1024 1896 1233 1931 maritandis

143 1939 328 1976 ordinibus
360 1940 576 1975 remittiturss
607 1940 871 1982 iusiurandum,
911 1941 1006 1985 quod
1037 1942 1164 1976 liberto
1196 1941 1234 1975 in

142 1986 212 2021 hoc
235 1985 440 2030 impositum
465 1989 530 2027 est,
556 1996 601 2021 ne
624 1996 773 2021 uxorem
793 1985 941 2021 duceret
953 1988 977 2028 ⁷,
1001 1987 1162 2029 libertae,
1188 1997 1234 2021 ne

142 2031 303 2073 nuberet,
330 2030 361 2065 si
383 2030 489 2067 modo
514 2030 659 2076 nuptias
685 2031 898 2066 contrahere
921 2035 1020 2067 recte
1043 2033 1163 2067 velint.

190 2074 213 2112 7
239 2075 496 2111 Moorsrmos
518 2076 609 2112 libro
630 2077 814 2122 sinyulari
831 2078 875 2112 de
894 2078 1234 2113 manumissionibus

143 2122 256 2157 Divus
282 2121 524 2166 Vespasianus
550 2121 724 2164 decrevit,
749 2125 806 2164 ut,
832 2122 863 2158 si
888 2132 958 2167 qua
981 2123 1050 2158 hac
1074 2123 1151 2167 lege
1175 2133 1234 2158 ve-

137 2168 266 2211 rnicrit,
297 2177 342 2202 ne
372 2167 646 2212 prostitueretur
677 2171 730 2209 et,
764 2167 795 2202 si
824 2167 1018 2213 prostituta
1051 2172 1161 2211 esset,
1194 2172 1235 2203 ut

137 2217 239 2249 ‹esset
262 2212 375 2248 libera
386 2212 409 2254 ⁸,
443 2212 474 2248 si
498 2216 623 2257 postea
653 2213 699 2248 ab
733 2216 892 2257 emptore
924 2213 984 2247 alii
1016 2214 1118 2249 sine⁹
1149 2225 1233 2249 con-

139 2258 285 2295 zdicione
316 2257 444 2300 veniit,
481 2268 526 2293 ex
556 2258 633 2302 lege
664 2257 876 2294 venditionis
908 2258 1056 2293 liberam
1089 2269 1168 2295 esse
1200 2263 1236 2294 et

147 2308 162 2340 1
212 2304 378 2340 libertam
397 2303 527 2348 prioris
544 2303 747 2338 venditoris.
779 2303 961 2339 Mandatis
980 2303 1236 2349 imperatorum

146 2354 303 2391 cavetur,
329 2352 369 2383 ut
393 2349 499 2384 etiam
524 2349 561 2383 in
585 2348 774 2392 provinciis
798 2349 982 2394 praesides
1004 2350 1047 2384 de
1094 2350 1235 2385 uerellis

171 2398 379 2430 atronorum
394 2394 449 2429 ius
467 2394 625 2430 dicentes
644 2394 841 2429 secundum
859 2394 1026 2429 delictum
1043 2405 1064 2430 a
1090 2396 1236 2431 missum

144 2407 280 2476 iibertis
295 2449 430 2485 poenas
443 2439 612 2484 irrogent.
636 2439 815 2475 interdum
826 2440 910 2475 illae
922 2450 1060 2485 poenae
1072 2451 1094 2476 a
1107 2441 1235 2476 liberto

144 2486 283 2530 ingrato
308 2485 515 2530 exiguntur:
541 2485 597 2520 vel
619 2495 703 2529 pars
729 2485 902 2520 bonorum
923 2485 999 2521 eius
1018 2486 1182 2522 aufertur
1202 2490 1238 2522 et

145 2536 297 2576 patrono
324 2530 447 2565 datur:
472 2530 528 2566 vel
547 2530 704 2566 fustibus
723 2530 884 2566 caeditur
904 2534 939 2566 et
957 2531 1009 2566 ita
1029 2532 1236 2567 absolvitur.

193 2573 218 2614 8
243 2576 351 2611 IDEM
363 2576 453 2612 libro
468 2580 573 2611 sexto
589 2576 799 2622 reqularum
835 2576 984 2612 Servum
1003 2587 1026 2612 a
1039 2577 1112 2613 filio
1131 2577 1236 2612 fami-

142 2622 212 2658 lias
246 2621 356 2656 milite
391 2621 647 2656 manumissum
683 2621 782 2656 divus
814 2621 1020 2657 Hadrianus
1053 2622 1237 2668 rescripsit

144 2671 162 2704 ‚1
213 2667 359 2702 militem
384 2667 551 2702 libertum
575 2677 678 2701 suum
701 2666 831 2710 facere,
857 2677 929 2702 non
945 2667 1069 2712 patris.
1107 2667 1236 2703 Servus

139 2723 219 2748 >non
247 2712 487 2747 manumissus
521 2712 722 2747 libertatem
755 2712 985 2756 consequitur
1015 2713 1066 2756 is,
1103 2713 1164 2757 qui
1194 2724 1237 2748 ea

142 2759 224 2803 ,lege
256 2757 449 2792 distractus
482 2761 552 2799 est,
585 2760 626 2791 ut
654 2758 926 2792 manumittatur
957 2757 1052 2792 intra
1076 2762 1235 2803 tempus:

142 2802 245 2848 =quod.
276 2803 546 2847 superveniens,
579 2803 664 2837 licet
693 2813 765 2838 non
797 2802 1088 2846 manumittatur,
1128 2804 1237 2839 faciet

145 2853 268 2883 tamen
291 2848 457 2883 libertum
481 2848 663 2892 emptoris.

194 2892 219 2930 9
255 2893 362 2928 IDEM
393 2893 484 2928 libro
519 2904 615 2928 nono
650 2892 859 2939 reqularum
921 2893 1003 2927 Filii
1039 2893 1237 2928 hereditate

148 2943 300 2985 paterna
332 2948 370 2974 se
402 2938 623 2973 abstinentes
652 2938 728 2980 ius,
762 2938 856 2983 quod
881 2938 917 2972 in
941 2938 1078 2973 libertis
1103 2939 1237 2974 habent

153 2989 167 3019 1
217 2984 386 3029 paternis,
402 2994 473 3019 non
488 2983 675 3018 amittunt:
697 2983 790 3018 idem
810 2987 845 3018 et
861 2984 899 3018 in
918 2984 1154 3028 emancipato.
1189 2984 1238 3019 Ut

148 3030 186 3065 in
217 3029 318 3064 bonis
352 3029 471 3064 liberti
499 3029 619 3064 locum
651 3029 793 3073 quidam
829 3040 901 3064 non
934 3029 1124 3071 haberent,
1159 3029 1237 3073 lege

150 3075 394 3119 excipiuntur:
419 3074 471 3110 rei
495 3074 658 3119 capitalis
683 3074 882 3117 damnatus,
909 3075 939 3110 si
957 3074 1144 3109 restitutus
1164 3085 1236 3109 non

150 3123 222 3155 est:
247 3119 279 3155 si
299 3119 406 3154 index
427 3120 528 3154 cuius
548 3119 672 3164 flagitii
692 3119 738 3154 sit
760 3119 910 3155 fueritve
929 3120 985 3154 vel
1002 3120 1115 3154 maior
1133 3120 1236 3154 annis

151 3165 271 3208 viginti
294 3165 449 3210 quinque
474 3176 553 3200 cum
578 3168 687 3208 esset,
719 3164 847 3210 capitis
877 3165 1101 3200 accusaverit
1130 3165 1236 3199 liber-

150 3214 228 3244 tum
241 3211 268 3230 ¹⁰
291 3213 491 3254 paternum.

202 3253 250 3292 10
274 3254 498 3291 Trarmms
515 3255 694 3292 CLEMENS
707 3255 797 3290 libro
811 3265 904 3290 nono
917 3255 967 3290 ad
978 3255 1090 3308 teyem
1103 3254 1236 3290 Iuliam

152 3304 186 3334 et
202 3299 356 3345 Papiam
396 3300 491 3335 Eum
510 3304 712 3345 patronum,
731 3300 791 3345 qui
811 3300 938 3344 capitis
952 3302 976 3321 ¹¹
991 3301 1157 3336 libertum
1177 3311 1236 3335 ac-

153 3348 326 3387 cusasset,
345 3346 485 3380 excludi
497 3357 519 3381 a
532 3347 707 3381 bonorum
718 3345 944 3390 possessione
958 3350 1083 3381 contra
1095 3346 1237 3380 tabulas

153 3390 298 3434 placuit.
342 3390 464 3426 Labeo
485 3391 712 3426 existimabat
732 3391 859 3434 capitis
880 3391 1143 3426 accusationem
1160 3401 1237 3425 eam

152 3446 242 3479 esse,
269 3435 370 3470 cuius
390 3446 506 3480 poena
526 3447 621 3472 mors
642 3441 703 3471 aut
723 3436 868 3471 exilium
889 3440 991 3471 esset.
1030 3437 1090 3481 qui
1110 3447 1237 3470 nomen

154 3480 294 3521 detulit,
327 3490 517 3516 accusasse
539 3481 794 3525 intellegendus
821 3485 893 3522 est,
918 3481 987 3516 nisi
1010 3482 1237 3516 abolitionem

153 3526 261 3570 petit:
286 3525 392 3569 idque
414 3526 519 3561 etiam
542 3527 696 3562 Proculo
721 3526 901 3571 placuisse
924 3526 1092 3561 Servilius
1116 3526 1236 3561 refert.

155 3644 194 3681 (ι’)
218 3640 324 3674 omini
338 3641 370 3673 F
418 3643 460 3680 (2)
486 3651 561 3673 eum
572 3639 730 3673 libertum
743 3642 805 3674 del.
822 3640 900 3673 Hal.
958 3642 1000 3682 (3)
1025 3640 1165 3673 libertus
1178 3642 1238 3673 ins.

156 3688 199 3727 (4)
223 3686 441 3729 stipulatusve
454 3685 556 3718 fuerit
566 3698 629 3719 scr.
685 3687 729 3727 (5)
754 3686 843 3718 iuria
856 3685 889 3718 F
943 3687 985 3726 (6)
1010 3687 1058 3719 sic
1071 3686 1099 3718 S
1112 3699 1179 3719 cum
1196 3686 1238 3726 Β,

155 3731 361 3774 permittitur
374 3732 406 3763 F
457 3731 501 3771 (7)
526 3730 659 3763 duxerit
672 3732 731 3772 F²‚
747 3731 868 3763 dixerit
882 3731 916 3763 F
921 3731 930 3751 ¹
986 3732 1030 3773 (8)
1054 3729 1175 3763 liberta
1188 3731 1220 3763 F
1226 3731 1240 3751 ²

148 3779 200 3821 1(9)
226 3787 264 3809 ea
282 3778 341 3810 ins.
436 3777 495 3818 (10)
519 3774 659 3808 libertus
680 3776 712 3807 F
806 3777 861 3817 (11)
887 3786 962 3808 eum
981 3777 1159 3818 patronum
1181 3776 1240 3817 qui

1222 120 1307 174 563

2094 139 2304 182 XXXVII
2339 144 2385 184 14

1351 258 1397 297 11
1441 259 1636 296 Urmzws
1664 261 1754 296 libro
1787 262 1923 298 decimo
1959 262 2009 298 ad
2040 263 2154 310 lcqem
2186 263 2320 300 Iuliam
2356 269 2391 300 et

1299 305 1456 351 Papiam
1492 307 1527 341 Is
1546 309 1665 341 autem
1680 316 1746 341 nec
1762 307 1807 341 ad
1823 307 2013 352 legitimam
2029 308 2275 352 hereditatem,
2298 321 2390 356 quae

1300 362 1345 386 ex
1370 351 1446 395 lege
1470 351 1657 387 duodecim
1680 352 1884 387 tabularum
1910 353 2079 398 defertur,
2105 355 2317 391 admittitur.

1349 394 1401 433 12
1426 395 1682 432 Moossrnvos
1710 397 1802 432 libro
1828 399 1951 443 primo
1975 410 2229 446 responsorum
2276 400 2388 437 Gaius

1300 442 1405 477 Seius
1437 441 1613 477 decedens
1643 445 1856 478 testamento
1882 444 2045 479 ordinato
2070 445 2164 481 inter
2186 446 2280 482 filios
2303 456 2390 482 suos

1299 487 1430 522 Iulium
1447 487 1614 523 libertum
1630 498 1746 530 suum,
1772 488 1875 533 quasi
1890 492 1927 523 et
1941 489 2058 533 ipsum
2075 490 2198 534 filium,
2224 496 2391 544 exoparte

1286 532 1468 567 >heredem
1492 533 1704 568 nominavit:
1736 543 1889 578 quaero,
1914 544 1960 568 an
1984 535 2186 571 huiusmodi
2210 541 2390 582 scriptura

1299 577 1416 623 possit
1435 578 1563 613 liberto
1583 581 1718 613 statum
1737 578 1957 614 condicionis
1979 584 2126 616 mutare.
2163 581 2389 618 Modestinus

1300 633 1360 658 res
1387 623 1488 658 ondit
1512 627 1645 659 statum
1668 627 1807 659 mutare
1830 634 1902 659 non
1926 635 2044 669 posse.

1377 665 1401 705 3
1427 668 1534 703 IDEM
1554 669 1646 705 libro
1659 670 1784 715 primo
1796 669 2065 716 pandectarum
2108 670 2221 707 Filius
2238 671 2390 708 familias

1300 724 1443 750 servum
1474 714 1692 759 peculiarem
1723 714 1972 750 manumittere
2003 726 2076 751 non
2107 720 2236 760 potest.
2288 717 2390 753 iussu

1299 763 1422 794 tamen
1456 760 1568 804 patris
1600 760 1850 795 manumittere
1880 763 2018 805 potest:
2056 762 2115 805 qui
2151 763 2390 799 manumissus

1299 804 1451 840 libertus
1476 804 1517 839 fit
1539 805 1664 850 patris.

1350 849 1401 886 14
1440 849 1635 885 ULPJANUS
1666 850 1757 886 libro
1793 852 1919 897 quinto
1955 850 2006 885 ad
2039 850 2151 897 zeqem
2187 852 2320 888 Iuliam
2357 858 2391 888 et

1301 894 1456 942 Papiam
1506 895 1544 930 Si
1573 895 1737 931 iuravero
1769 906 1826 931 me
1854 900 2044 941 patronum
2073 906 2170 940 esse,
2203 898 2390 934 dicendum

1301 944 1357 976 est
1389 951 1462 976 non
1494 951 1573 976 esse
1604 951 1661 977 me
1690 945 1863 986 quantum
1896 941 1942 976 ad
1976 942 2239 978 successionem
2268 948 2391 989 patro-

1301 997 1404 1028 num,
1439 986 1524 1031 quia
1553 986 1801 1023 iusiurandum
1832 990 2023 1032 patronum
2053 997 2126 1022 non
2149 987 2256 1024 facit:
2289 990 2393 1025 aliter

1301 1035 1410 1076 atque
1435 1032 1465 1066 si
1488 1035 1682 1076 patronum
1704 1042 1784 1068 esse
1808 1032 2080 1078 pronuntiatum
2101 1033 2165 1068 sit:
2190 1037 2278 1069 tunc
2300 1035 2391 1070 enim

1301 1077 1479 1112 sententia
1502 1077 1669 1113 stabitur.

1351 1121 1400 1159 15
1426 1122 1587 1158 Psaros
1614 1123 1706 1159 libro
1739 1126 1864 1159 octavo
1895 1123 1945 1158 ad
1968 1123 2081 1169 leqem
2105 1123 2239 1159 Iuliam
2263 1127 2298 1159 et
2321 1124 2392 1161 Ρα-

1294 1169 1400 1214 piam
1447 1167 1515 1212 Qui
1548 1172 1675 1204 contra
1705 1168 1818 1214 legem
1841 1168 1981 1204 Aeliam
2006 1168 2164 1204 Sentiam
2193 1169 2241 1204 ad
2270 1169 2393 1205 iuran-

1302 1214 1386 1248 dum
1410 1212 1580 1248 libertum
1603 1213 1737 1259 adegit,
1771 1214 1860 1249 nihil
1888 1214 1976 1249 iuris
2000 1214 2111 1249 habet
2133 1224 2201 1250 nec
2224 1214 2302 1260 ipse
2326 1226 2393 1251 nec

1301 1259 1405 1294 liberi
1429 1259 1516 1294 eius.

1351 1302 1401 1341 16
1442 1303 1637 1340 ΠιΡῙᾼΝυε
1668 1304 1760 1340 libro
1796 1304 1933 1341 decimo
1966 1305 2015 1340 ad
2047 1305 2161 1352 leyem
2193 1304 2328 1340 Iuliam
2361 1311 2396 1341 et

1302 1349 1458 1396 Papiam
1507 1350 1544 1385 Si
1567 1350 1716 1386 libertus
1741 1350 1914 1386 minorem
1937 1361 1977 1387 se
2001 1350 2205 1386 centenario
2233 1350 2271 1386 in
2294 1351 2393 1386 frau—

1302 1395 1382 1430 dem
1405 1395 1492 1439 legis
1516 1395 1654 1438 fecerit,
1678 1396 1757 1441 ipso
1781 1396 1860 1432 iure
1884 1407 1958 1432 non
1979 1396 2115 1432 valebit
2137 1395 2175 1431 id
2198 1396 2295 1441 quod
2317 1396 2394 1432 fac-

1301 1444 1378 1475 tum
1392 1441 1421 1462 ¹²
1452 1444 1524 1483 est,
1565 1444 1602 1476 et
1634 1440 1714 1477 ideo
1751 1442 1855 1486 quasi
1884 1442 1923 1477 in
1953 1441 2149 1477 centenarii
2180 1441 2300 1484 liberti
2331 1442 2394 1477 bo-

1301 1487 1356 1521 nis
1380 1486 1500 1522 locum
1524 1486 1672 1522 habebit
1693 1489 1888 1532 patronus:
1920 1486 2093 1532 quidquid
2114 1486 2224 1532 igitur
2252 1497 2396 1532 quaqua

1301 1531 1441 1567 ratione
1473 1531 1660 1574 alienavit,
1694 1542 1737 1567 ea
1767 1532 1936 1568 alienatio
1966 1532 2099 1568 nullius
2128 1532 2299 1568 momenti
2329 1536 2394 1568 est.

1303 1577 1411 1621 plane
1444 1577 1474 1613 si
1505 1587 1575 1622 qua
1606 1577 1815 1613 alienaverit
1836 1578 1875 1612 in
1897 1578 2060 1613 fraudem
2083 1577 2245 1623 patroni,
2277 1577 2395 1613 adhuc

1301 1626 1423 1656 tamen
1446 1626 1530 1666 post
1554 1623 1806 1658 alienationem
1830 1623 1945 1658 maior
1969 1622 2175 1658 centenario
2199 1627 2394 1665 remaneat,

1303 1666 1470 1702 alienatio
1497 1667 1639 1712 quidem
1662 1668 1754 1702 vires
1779 1668 1942 1711 habebit,
1968 1671 2211 1703 verumtamen
2233 1678 2301 1713 per
2323 1668 2394 1703 Fa—

1304 1713 1446 1746 vianam
1484 1717 1520 1747 et
1559 1712 1795 1748 Calvisianam
1836 1713 2013 1748 actionem
2051 1713 2317 1749 revocabuntur
2353 1724 2396 1749 ea

1304 1768 1396 1802 quae
1420 1768 1485 1802 per
1507 1757 1671 1792 fraudem
1696 1762 1780 1792 sunt
1803 1758 1973 1794 alienata:
1999 1761 2035 1794 et
2057 1758 2110 1793 ita
2128 1758 2290 1794 Iulianus
2316 1769 2394 1795 sae-

1302 1803 1448 1847 pissime
1472 1803 1598 1838 scribit
1621 1813 1735 1847 eoque
1757 1803 1835 1839 iure
1858 1804 2002 1839 utimur.
2039 1803 2254 1839 diversitatis
2275 1808 2394 1839 autem

1304 1858 1347 1883 ea
1370 1848 1462 1883 ratio
1487 1852 1552 1883 est.
1601 1849 1764 1893 quotiens
1788 1849 1826 1884 in
1848 1849 2012 1884 fraudem
2034 1849 2122 1894 legis
2145 1848 2187 1883 fit
2211 1849 2393 1893 alienatio,

1303 1904 1375 1928 non
1392 1894 1487 1928 valet
1505 1893 1602 1938 quod
1620 1897 1741 1929 actum
1762 1898 1834 1929 est:
1859 1894 1897 1929 in
1916 1894 2081 1930 fraudem
2099 1898 2218 1930 autem
2236 1895 2288 1937 fit,
2313 1906 2396 1930 cum

1304 1939 1382 1983 quis
1414 1949 1452 1974 se
1482 1940 1656 1974 minorem
1686 1939 1891 1976 centenario
1921 1939 2010 1975 facit
2038 1940 2085 1975 ad
2113 1940 2202 1984 hoc,
2235 1943 2276 1975 ut
2306 1940 2394 1984 legis

1303 1987 1538 2029 praeceptum
1562 1988 1707 2020 evertat.
1756 1989 1794 2020 at
1818 1996 1899 2020 cum
1924 1985 2139 2020 alienatione
2162 1985 2262 2021 facta
2284 1986 2394 2020 nihilo

1303 2030 1419 2065 minus
1445 2031 1669 2065 centenarius
1694 2034 1763 2074 est,
1795 2041 1868 2066 non
1896 2030 2038 2066 videtur
2059 2031 2097 2065 in
2121 2030 2284 2066 fraudem
2308 2031 2394 2075 legis

1303 2074 1451 2117 factum,
1476 2075 1540 2110 sed
1563 2079 1703 2110 tantum
1724 2076 1762 2110 in
1786 2075 1949 2111 fraudem
1972 2076 2134 2121 patroni:
2163 2076 2299 2112 idcirco
2323 2077 2395 2112 Fa-

1303 2120 1409 2156 viano
1432 2121 1487 2155 vel
1506 2120 1705 2157 Calvisiano
1730 2121 1859 2156 iudicio
1885 2121 2113 2157 revocabitur
2135 2121 2173 2156 id
2193 2122 2289 2167 quod
2309 2121 2394 2156 alie-

1307 2169 1321 2200 1
1372 2169 1497 2201 natum
1527 2170 1592 2201 est.
1647 2166 1685 2201 Si
1715 2166 1794 2211 quis
1826 2167 1947 2211 plures
1979 2177 2036 2202 res
2069 2167 2174 2202 simul
2206 2166 2395 2202 alienando

1304 2211 1476 2247 minorem
1501 2222 1540 2247 se
1564 2212 1769 2247 centenario
1793 2212 1930 2254 fecerit,
1957 2222 2108 2257 quarum
2131 2222 2205 2247 una
2228 2215 2396 2248 revocata

1304 2257 1359 2292 vel
1376 2257 1534 2292 omnium
1549 2257 1713 2301 partibus
1730 2257 1843 2293 maior
1857 2258 2062 2293 centenario
2079 2257 2252 2293 efficitur:
2276 2261 2396 2292 utrum

1304 2312 1513 2338 revocamus
1546 2313 1670 2338 omnes
1700 2313 1747 2337 an
1775 2313 1841 2347 pro
1873 2307 1954 2337 rata
1978 2313 2022 2338 ex
2046 2303 2212 2348 singulis,
2245 2306 2287 2337 ut
2311 2313 2394 2338 cen-

1305 2347 1480 2382 tenarium
1513 2358 1594 2383 eum
1623 2348 1824 2383 faciamus?
1857 2348 2040 2393 magisque
2070 2352 2142 2390 est,
2173 2352 2215 2383 ut
2237 2348 2395 2383 omnium

1306 2396 1324 2428 2
1372 2403 1492 2428 rerum
1516 2393 1683 2429 alienatio
1706 2393 1806 2429 facta
1828 2394 1960 2429 nullius
1984 2394 2153 2429 momenti
2169 2394 2227 2428 sit.
2263 2393 2301 2429 Si
2316 2394 2394 2438 quis

1304 2438 1411 2483 plane
1436 2449 1507 2474 non
1532 2439 1642 2474 semel
1654 2439 1681 2460 ¹³
1705 2439 1922 2481 alienaverit,
1948 2438 2012 2474 sed
2031 2438 2204 2483 quasdam
2221 2448 2279 2475 res
2299 2442 2394 2482 ante,

1306 2484 1479 2528 quasdam
1503 2488 1640 2529 postea,
1669 2484 1836 2519 alienatio
1862 2495 1985 2520 earum
2009 2495 2128 2519 rerum
2152 2494 2245 2529 quae
2268 2487 2396 2529 postea

1305 2530 1481 2565 alienatae
1513 2533 1597 2565 sunt
1627 2530 1705 2575 ipso
1737 2529 1816 2565 iure
1839 2541 1911 2565 non
1935 2529 2177 2571 revocabitur,
2211 2529 2274 2565 sed
2297 2529 2394 2574 prio-

1305 2586 1404 2610 rum:
1429 2576 1467 2609 in
1490 2575 1749 2620 posterioribus
1773 2575 1954 2610 Favianae
1977 2575 2078 2610 locus
2103 2575 2181 2609 erit.

1355 2618 1404 2656 17
1430 2620 1540 2654 IDEM
1558 2620 1649 2655 libro
1674 2620 1862 2655 undecimo
1894 2620 1944 2654 ad
1967 2620 2081 2664 leqem
2105 2619 2239 2654 Iuliam
2264 2622 2300 2654 et
2322 2618 2394 2654 Pa-

1298 2666 1404 2711 piam
1444 2665 1526 2699 Divi
1539 2664 1670 2700 fratres
1689 2665 1726 2699 in
1742 2665 1832 2699 haec
1847 2664 1956 2699 verba
1971 2665 2252 2709 rescripserunt:
2279 2663 2395 2699 ‘Com-

1307 2711 1472 2755 ‘perimus
1489 2720 1511 2745 a
1526 2710 1755 2754 peritioribus
1773 2709 1975 2745 dubitatum
1991 2709 2196 2753 aliquando,
2221 2719 2269 2744 an
2283 2719 2395 2755 nepos

1306 2759 1446 2791 ‘contra
1475 2755 1618 2790 tabulas
1650 2756 1735 2790 aviti
1770 2754 1888 2790 liberti
1922 2755 2099 2790 bonorum
2133 2755 2395 2799 possessionem

1307 2803 1438 2846 ‘petere
1462 2801 1595 2845 possit,
1627 2801 1658 2835 si
1688 2811 1769 2835 eum
1797 2800 1964 2834 libertum
1986 2804 2090 2844 pater
2114 2800 2227 2845 patris
2241 2801 2281 2842 ¹⁴,
2315 2810 2396 2835 cum

1306 2850 1494 2881 ‘annorum
1524 2846 1646 2890 viginti
1677 2846 1832 2890 quinque
1864 2849 1974 2887 esset,
2016 2845 2143 2890 capitis
2176 2849 2393 2888 accusasset,

1306 2894 1353 2925 ‘et
1376 2891 1579 2932 Proculum,
1605 2901 1692 2925 sane
1716 2902 1788 2926 non
1809 2891 1920 2925 levem
1941 2891 2028 2925 iuris
2049 2895 2244 2933 auctorem,
2269 2891 2306 2925 in
2326 2891 2395 2924 hac

1306 2936 1483 2980 ‘opinione
1506 2935 1634 2977 fuisse,
1667 2939 1708 2970 ut
1737 2936 1859 2980 nepoti
1888 2936 1926 2970 in
1954 2935 2160 2971 huiusmodi
2190 2945 2299 2971 causa
2322 2946 2395 2970 non

1306 2984 1461 3026 ‘putaret
1485 2981 1636 3015 dandam
1662 2982 1836 3016 bonorum
1859 2982 2134 3026 possessionem.
2183 2981 2284 3016 cuius
2314 2990 2393 3015 sen-

1306 3026 1466 3061 ‘tentiam
1484 3037 1548 3061 nos
1570 3037 1710 3070 quoque
1731 3026 1845 3061 secuti
1865 3037 1998 3069 sumus,
2019 3037 2100 3061 cum
2118 3026 2393 3061 rescriberemus

1307 3072 1364 3106 ‘ad
1400 3071 1559 3106 libellum
1597 3071 1779 3106 Caesidiae
1815 3071 2020 3115 Longinae:
2060 3071 2123 3106 sed
2159 3074 2195 3106 et
2225 3070 2393 3105 Volusius

1306 3116 1526 3151 ‘Maecianus
1559 3117 1693 3151 amicus
1724 3120 1844 3151 noster
1873 3121 1914 3151 ut
1946 3122 1981 3152 et
2004 3117 2092 3151 iuris
2118 3116 2227 3150 civilis
2278 3118 2394 3149 raeter

1306 3166 1473 3197 ‘veterem
1504 3165 1540 3196 et
1571 3162 1662 3196 bene
1692 3161 1879 3196 fundatam
1910 3162 2076 3206 peritiam
2109 3161 2213 3195 anxie
2271 3159 2392 3202 'ligens

1305 3207 1487 3251 ‘religione
1510 3206 1675 3250 rescripti
1699 3207 1811 3242 nostri
1835 3207 1966 3241 ductus
1997 3207 2043 3241 sit
2073 3210 2114 3240 ut
2146 3215 2266 3240 coram
2289 3204 2392 3238 nobis

1307 3252 1516 3287 ‘adfirmavit
1530 3253 1556 3273 ¹⁵
1580 3263 1652 3286 non
1672 3252 1883 3287 arbitratum
1904 3262 1942 3286 se
1967 3251 2069 3286 aliter
2092 3249 2308 3294 respondere
2332 3248 2391 3282 de-

1307 3298 1453 3333 ‘bere¹⁰.
1503 3297 1566 3331 sed
1599 3307 1679 3332 cum
1712 3301 1746 3332 et
1775 3298 1852 3342 ipso
1877 3297 2064 3332 Maeciano
2100 3300 2136 3330 et
2166 3294 2244 3329 aliis
2270 3293 2392 3328 amicis

1306 3343 1449 3378 ‘nostris
1486 3342 1573 3376 iuris
1608 3342 1731 3386 peritis
1767 3342 1934 3377 adhibitis
1970 3341 2108 3386 plenius
2146 3343 2392 3379 tractaremus,

1307 3388 1429 3431 ‘magis
1460 3387 1573 3422 visum
1603 3391 1658 3422 est
1689 3392 1852 3432 nepotem
1885 3397 1999 3431 neque
2029 3385 2144 3420 verbis
2173 3393 2287 3427 neque
2311 3393 2391 3417 sen-

1307 3433 1429 3468 ‘tentia
1453 3433 1539 3476 legis
1565 3437 1627 3467 aut
1652 3433 1759 3467 edicti
1782 3432 1957 3477 praetoris
1982 3442 2026 3466 ex
2049 3439 2205 3480 persona
2228 3428 2283 3462 vel
2306 3431 2393 3478 nota

1307 3478 1430 3523 ‘patris
1455 3478 1511 3512 sui
1531 3478 1672 3512 excludi
1692 3489 1714 3512 a
1734 3479 1835 3512 bonis
1853 3477 1936 3511 aviti
1952 3475 2088 3510 liberti:
2114 3474 2268 3518 plurium
2286 3477 2393 3507 et1am

1307 3524 1403 3558 ‘iuris
1429 3527 1627 3566 auctorum,
1653 3523 1715 3559 sed
1740 3528 1774 3558 et
1795 3523 1889 3557 Salvi
1907 3520 2034 3555 Iuliani
2058 3519 2161 3553 amici
2185 3518 2299 3553 nostri
2319 3517 2392 3552 cla-

1307 3638 1436 3681 capitis]
1457 3650 1532 3672 eum
1550 3639 1609 3680 qui
1629 3639 1747 3681 capitis
1763 3638 1939 3679 paternum
1955 3647 2016 3667 scr.
2118 3635 2176 3676 (12)
2202 3635 2312 3665 actum
2330 3646 2390 3665 scr.

1310 3686 1366 3723 (13)
1391 3684 1490 3716 simul
1503 3686 1574 3717 edd.
1653 3686 1711 3725 (11)
1735 3683 1839 3724 patris
1850 3684 1944 3723 pater
1957 3681 1996 3713 de
2010 3680 2107 3712 Retes
2188 3680 2245 3720 (15)
2270 3679 2393 3710 amicus

1309 3731 1420 3762 noster
1432 3730 1483 3762 vir
1496 3729 1697 3761 clarissimus
1710 3731 1741 3760 et
1754 3727 1837 3759 iuris
1857 3751 1864 3757 .
1876 3750 1883 3757 .
1895 3750 1902 3757 .
1924 3725 2066 3766 diligens
2078 3723 2241 3765 religione
2254 3748 2262 3756 .
2273 3748 2281 3755 .
2291 3747 2300 3756 .
2314 3723 2393 3755 duc-

1309 3776 1363 3806 tus
1376 3785 1486 3806 coram
1498 3774 1592 3807 nobis
1604 3773 1790 3806 adfirmavit
1802 3784 1862 3804 scr.
1956 3772 2014 3810 (16)
2041 3768 2158 3801 dedere
2171 3769 2205 3801 F

2056 3824 2128 3856 71*
