2528 3918
153 75 512 148 QUEuADMoDUM

158 220 449 264 quemadmodum
472 220 586 254 civilia
608 229 748 253 munera
770 218 969 252 indicuntur
1018 216 1052 252 C.
1079 219 1131 259 10,
1156 217 1199 249 43

157 265 450 309 quemadmodum
471 265 646 298 servitutes
668 264 872 298 amittuntur
916 263 960 297 D.
985 265 1017 305 8,
1042 265 1062 296 6

157 312 221 354 qui
241 320 394 344 accusare
417 321 484 343 11011
507 311 646 353 possunt
693 308 728 343 C.
751 311 785 352 9,
813 311 826 342 1

157 357 221 399 qui
240 355 373 388 admitti
403 355 446 388 ad
473 355 636 389 bonorum
657 354 893 397 possessionem
914 354 1054 397 possunt
1084 353 1118 384 et
1145 351 1236 383 intra

223 399 312 443 quod
335 403 401 433 tem
427 411 466 433 us
511 399 546 434 C.
572 402 603 442 6,
627 401 648 434 9

158 446 221 488 qui
241 447 350 478 aetate
423 470 431 479 .
456 448 488 487 5,
513 447 553 478 67

158 491 222 532 qui
241 492 348 523 aetate
370 499 404 522 se
427 491 586 522 excusant
633 487 668 524 G.
695 491 748 532 10,
772 491 814 523 50

157 536 221 578 qui
241 534 338 567 bonis
358 534 474 567 cedere
495 536 635 577 possunt
682 532 717 568 0.
742 536 773 576 7,
797 536 838 568 71

157 580 284 622 quibus
304 579 346 612 ad
369 578 623 612 conductionem
649 578 860 622 praediorum
889 576 1051 609 fiscalium
1082 574 1237 608 accedere

224 634 292 657 11011
315 623 396 657 licet
443 623 477 659 0.
506 626 557 666 11,
581 626 624 658 73

157 670 284 712 quibus
305 669 347 701 ad
368 668 557 702 libertatem
579 668 784 713 proclamare
806 678 875 700 non
897 666 978 699 lieet
1021 665 1065 699 D.
1091 667 1146 707 40,
1173 665 1213 698 13

157 715 283 757 quibus
305 713 347 746 ad
369 713 558 748 libertatem
579 713 784 757 proclamare
814 722 882 744 non
905 711 985 744 licet
1013 712 1047 742 et
1076 709 1116 742 (10
1139 709 1238 742 rebus

224 768 357 836 eorumC
365 758 425 801 qui
447 758 491 792 ad
511 758 699 793 libertatem
720 757 926 801 proclamare
956 766 1024 788 11011
1055 754 1236 798 prohiben-

224 805 282 836 tur
356 830 364 837 .
394 805 426 846 7,
450 805 492 838 18

157 849 284 891 quibus
305 847 451 882 alienare
474 848 556 882 licet
578 847 630 881 vel
654 858 722 880 non
767 847 800 881 J.
825 848 856 888 2,
881 847 900 880 8

157 894 283 936 quibus
306 903 345 926 ex
367 893 475 927 causis
497 894 534 927 in
556 893 791 936 possessionem
815 893 910 924 eatur
956 889 999 923 D.
1024 890 1083 931 42,
1103 890 1124 922 4

157 939 283 981 quibus
305 948 346 971 ex
367 939 476 972 causis
497 939 638 971 maiores
667 938 705 970 in
727 938 897 978 integrum
928 935 1154 968 restituuntur
1202 932 1237 967 G.

156 1008 283 1071 quibo’u
303 1027 411 1061 modis
431 1029 486 1061 ius
506 1027 680 1070 potestatis
701 1025 844 1059 solvitur
887 1025 919 1059 J.
947 1026 977 1067 1,
1003 1025 1044 1057 12

157 1073 284 1115 quibus
304 1072 412 1105 modis
434 1072 596 1115 obligatio
619 1071 753 1104 tollitur
797 1071 829 1104 J.
854 1072 885 1112 3,
910 1071 952 1103 29

156 1118 283 1160 quibus
303 1116 410 1150 modis
431 1119 554 1161 pignus
577 1116 630 1150 vel
655 1117 838 1160 hypotheca
861 1114 1003 1147 solvitur
1048 1113 1091 1146 D.
1117 1115 1171 1156 20,
1194 1114 1214 1146 6

157 1163 284 1205 quibus
305 1162 413 1195 modis
434 1174 470 1196 re
492 1162 703 1195 contrahitur
726 1160 888 1202 obligatio
933 1160 964 1193 J.
990 1161 1022 1202 3,
1050 1160 1091 1193 14

157 1208 285 1250 quibus
305 1206 413 1240 modis
435 1209 631 1240 testamenta
653 1206 866 1239 infirmantur
911 1205 943 1239 J.
968 1205 1000 1247 2,
1027 1205 1066 1238 17

158 1253 285 1294 quibus
305 1252 412 1285 modis
434 1252 541 1285 tutela
563 1252 681 1285 finitur
725 1251 756 1285 J.
786 1253 815 1293 1,
839 1251 881 1284 22

158 1298 284 1340 quibus
305 1296 412 1330 modis
434 1308 514 1330 usus
536 1297 665 1330 fructus
697 1295 750 1329 vel
775 1305 854 1328 usus
877 1294 1045 1327 amittitur
1090 1292 1134 1326 D.
1160 1293 1192 1335 7,
1215 1293 1237 1326 4

158 1343 284 1385 quibus
304 1342 499 1375 muneribus
522 1343 722 1374 excusantur
744 1341 770 1373 ii
803 1340 861 1382 qui
885 1342 960 1382 post
981 1337 1152 1381 impletam
1175 1337 1237 1369 mi-

223 1386 334 1419 litiam
370 1386 423 1420 vel
451 1387 699 1420 advocationem
733 1397 792 1428 per
826 1384 1014 1427 provincias
1048 1383 1117 1416 suis
1151 1393 1237 1414 eom-

224 1431 331 1465 modis
352 1435 507 1465 vacantes
530 1433 776 1464 commorantur
800 1433 833 1463 et
856 1430 896 1463 de
914 1428 1101 1473 privilegiis
1124 1438 1238 1460 eorum

158 1521 198 1554 de
221 1475 347 1564 3253,
368 1479 564 1554 f’nssuneribus
594 1521 645 1553 vel
669 1519 949 1563 praestationibus
981 1518 1108 1552 nemini
1138 1517 1240 1550 liceat

225 1576 259 1599 se
281 1576 437 1599 excusare
484 1565 518 1600 C.
547 1567 598 1607 10,
622 1566 665 1598 49

157 1612 283 1654 quibus
305 1621 373 1643 non
396 1610 554 1654 competit
576 1610 739 1642 bonorum
762 1608 921 1651 possessio
967 1608 1012 1641 D.
1036 1610 1091 1649 38,
1120 1610 1158 1641 13

158 1657 283 1698 quibus
306 1666 374 1688 non
399 1659 447 1688 est
468 1655 662 1697 permissum
686 1655 883 1687 testamenta
905 1653 1012 1686 faeere
1059 1653 1090 1687 J.
1116 1653 1147 1695 2,
1175 1654 1214 1686 12

158 1702 284 1743 quibus
317 1710 385 1734 non
420 1700 586 1733 obiciatur
619 1699 713 1742 longi
748 1699 908 1741 temporis
936 1698 1154 1741 praescriptio
1203 1698 1237 1732 C.

157 1790 198 1823 de
221 1771 347 1832 quibus
368 1790 467 1823 rebus
489 1789 531 1821 ad
555 1789 695 1821 eundem
717 1788 862 1821 iudicem
886 1790 981 1821 eatur
1026 1788 1071 1822 D.
1099 1790 1151 1831 11,
1175 1790 1195 1821 2

157 1836 284 1878 quibus
308 1845 361 1867 res
383 1834 530 1867 iudicata
554 1844 621 1866 uon
646 1836 744 1866 nocet
793 1832 827 1867 C.
853 1835 884 1875 7,
910 1835 953 1867 56

157 1881 221 1922 qui
242 1879 319 1912 dare
342 1882 470 1912 tutores
499 1878 552 1912 vel
575 1881 745 1911 curatores
775 1880 807 1911 et
836 1878 896 1920 qui
920 1877 993 1910 (lari
1016 1879 1155 1919 possunt
1203 1876 1237 1911 C.

158 1971 221 2011 qui
242 1950 317 2002 dari
338 1970 466 2001 tutores
488 1970 684 2000 testamento
706 1971 845 2009 possunt
889 1969 931 2001 J.‘
948 1970 978 2009 1,
1006 1970 1046 2002 14

157 2016 221 2057 qui
242 2015 276 2047 et
297 2013 453 2046 adversus
484 2023 566 2055 quos
588 2013 625 2045 in
649 2013 818 2054 integrum
840 2013 975 2046 restitui
1002 2023 1071 2046 non
1099 2014 1240 2055 possunt

227 2057 262 2092 C.
288 2060 320 2101 2,
344 2059 385 2092 41

157 2105 221 2146 qui
242 2105 276 2136 et
298 2113 318 2136 a
341 2102 462 2145 quibus
477 2102 670 2135 manumissi
688 2101 788 2134 liberi
810 2112 878 2135 non
902 2102 989 2135 fiunt
1012 2104 1046 2136 et
1068 2102 1110 2135 ad
1132 2101 1239 2144 legem

226 2147 354 2182 Aeliam
379 2147 527 2180 Sentiam
573 2147 617 2181 D.
641 2149 696 2189 40,
719 2148 740 2179 9
1132 2156 1135 2157 ’

158 2194 222 2236 qui
243 2196 276 2226 et
298 2192 420 2235 quibus
442 2203 482 2225 ex
498 2192 605 2225 causis
621 2191 855 2224 manumittere
872 2202 939 2224 non
955 2194 1095 2234 possunt
1128 2192 1160 2226 J.
1176 2194 1206 2235 1,
1219 2195 1239 2225 6

157 2239 221 2281 qui
242 2248 282 2271 ex
306 2237 428 2280 quibus
451 2237 558 2270 causis
580 2237 814 2270 manumittere
838 2247 907 2269 non
930 2240 1068 2279 possunt
1114 2237 1145 2270 J.
1165 2239 1193 2280 1,
1219 2240 1239 2271 6

158 2284 221 2326 qui
248 2283 356 2316 faeere
387 2284 620 2315 testamentum
654 2284 793 2324 possunt
827 2281 880 2314 vel
915 2292 983 2314 non
1017 2284 1156 2324 possunt
1204 2281 1237 2317 C.
1294 2308 1297 2310 .

158 2374 221 2415 qui
227 2328 438 2414 b'lesstimam
472 2381 646 2414 personam
679 2371 717 2403 in
752 2371 887 2404 iudiciis
920 2371 1045 2405 habent
1081 2372 1135 2405 vel
1170 2383 1238 2405 non

159 2463 222 2504 qui
228 2416 477 2494 qnapssuffnittere
499 2471 567 2493 non
590 2462 729 2503 possunt
757 2463 791 2493 et
820 2471 863 2493 110
893 2460 930 2493 111
954 2461 1104 2494 fraudem
1133 2461 1239 2495 eredi-

225 2509 336 2540 torum
359 2505 616 2539 manumittatur
665 2504 699 2539 C.
725 2507 757 2548 7,
785 2506 821 2539 11

160 2553 224 2594 qui
243 2550 389 2584 militare
411 2553 549 2593 possunt
572 2550 623 2582 vel
653 2560 721 2583 non
754 2552 788 2582 et
818 2550 858 2583 de
881 2550 983 2583 servis
1011 2551 1054 2583 ad
1082 2550 1238 2583 militiam

226 2595 280 2628 vel
315 2596 511 2638 dignitatem
546 2595 793 2638 adspirantibus
831 2597 864 2628 et
902 2598 942 2628 ut
980 2606 1077 2629 nemo
1111 2596 1239 2639 duplici

226 2639 349 2673 militia
381 2640 434 2672 vel
469 2640 633 2682 dignitate
672 2643 705 2672 et
738 2638 863 2672 militia
900 2640 1001 2673 simul
1038 2643 1155 2674 utatur
1203 2641 1238 2675 0.

161 2686 361 2771 ᾳαειιξᾎέιῗο
409 2728 443 2763 c.
468 2731 500 2771 5,
525 2730 578 2763 es.
608 2730 658 2769 ιο,
683 2730 723 2762 51

161 2776 224 2816 qui
244 2783 313 2806 11011
334 2774 474 2815 possunt
495 2772 537 2805 ad
559 2772 745 2806 libertatem
768 2774 942 2816 pervenire
990 2774 1025 2808 C.
1050 2777 1082 2818 7,
1109 2778 1148 2809 12

161 2821 224 2861 qui
245 2829 384 2851 numero
405 2817 586 2850 liberorum
610 2828 644 2850 se
667 2821 825 2851 excusant
872 2819 907 2853 0.
937 2822 968 2862 5,
993 2822 1036 2854 66

161 2865 223 2906 qui
243 2873 384 2895 numero
407 2861 588 2895 tutelarum
635 2862 671 2895 0.
696 2866 727 2903 5,
752 2865 794 2896 69

160 2909 223 2951 qui
243 2910 360 2949 petant
382 2909 509 2940 tutores
530 2906 584 2939 vel
607 2910 776 2940 curatores
824 2908 858 2942 C.
883 2910 915 2950 5,
938 2912 977 2943 31

160 2954 223 2995 qui
243 2955 359 2994 petant
391 2954 519 2985 tutores
552 2950 605 2984 vel
639 2956 808 2985 curatores
837 2955 870 2985 et
900 2954 959 2986 ubi
990 2957 1148 2996 petantur
1194 2956 1237 2989 D.

161 2998 391 3084 qui²3dtissores
411 3041 448 3072 in
470 3041 611 3083 pignore
635 3041 822 3074 habeantur
870 3043 904 3076 G.
930 3045 961 3083 8,
990 3046 1027 3077 17

161 3087 224 3129 qui
242 3086 389 3128 potiores
410 3085 446 3118 111
469 3085 609 3128 pignore
632 3085 684 3118 vel
709 3087 893 3129 hypotheca
917 3088 1102 3121 habeantur
1133 3091 1166 3122 et
1199 3090 1239 3122 de

226 3130 280 3190 1110
302 3130 362 3172 qui
384 3130 421 3162 in
443 3130 592 3172 priorum
617 3130 818 3163 creditorum
841 3131 950 3164 locum
974 3134 1156 3166 succedunt
1193 3136 1237 3169 D.

160 3176 329 3263 quizgio1
341 3229 402 3252 sua
428 3218 661 3252 iurisdictione
687 3219 814 3253 iudices
848 3220 925 3253 dare
957 3221 1070 3256 darive
1100 3227 1240 3267 possunt

160 3263 372 3351 ᾳιιίεαειῧᾷιιΐ)
393 3306 581 3350 appelletur
625 3307 670 3341 D.
696 3308 751 3349 49,
777 3309 797 3340 3

160 3356 223 3397 qui
247 3353 406 3387 satisdare
436 3354 600 3395 cogantur
627 3352 679 3385 vel
708 3352 819 3386 iurato
846 3355 1044 3395 promittant
1075 3357 1127 3390 vel
1159 3369 1237 3391 suae

225 3397 436 3441 promissioni
460 3397 711 3430 committantur
757 3398 799 3431 Ι).
826 3400 857 3439 2,
883 3401 901 3430 8

159 3445 221 3486 qui
253 3443 325 3476 sine
358 3442 615 3476 manumissione
649 3442 691 3474 ad
725 3442 913 3476 libertatem
948 3446 1148 3485 perveniunt
1192 3448 1236 3481 D.

159 3490 342 3574 quiffffirgo
364 3532 400 3565 in
423 3530 682 3575 possessionibus
704 3532 854 3564 servetur
900 3532 943 3566 D.
969 3535 1023 3575 38,
1050 3535 1090 3568 15

158 3578 221 3618 qui
242 3579 438 3610 testamenta
461 3577 569 3610 facere
597 3578 736 3619 possunt
764 3578 797 3609 et
828 3577 1104 3618 quemadmodum
1137 3582 1235 3615 testa-

225 3624 337 3654 menta
358 3621 442 3654 flant
486 3620 529 3655 D.
555 3622 610 3663 28,
637 3623 648 3654 1

159 3668 221 3707 qui
242 3668 438 3700 testamento
460 3668 588 3699 tutores
610 3666 683 3699 dari
706 3668 845 3707 possunt
888 3667 920 3700 J.
948 3669 977 3710 1,
1006 3669 1047 3703 14

1229 105 1340 167 XII„

2166 103 2380 139 Bm’unns

1302 216 1399 258 quod
1418 217 1656 259 cuiuscumque
1679 217 1907 251 universitatis
1928 217 2063 251 nomine
2093 216 2146 251 vel
2169 219 2286 251 contra
2309 227 2380 250 eam

1370 265 1490 304 agatur
1528 262 1579 296 -D.
1604 265 1636 303 3,
1661 265 1678 295 4

1303 306 1398 349 quod
1430 317 1506 339 cum
1542 318 1580 340 00
1616 307 1676 348 qui
1708 307 1745 339 in
1779 307 1890 340 aliena
1923 310 1972 340 001
2031 310 2170 341 01001010
2207 307 2379 350 negotium

1370 354 1500 394 gestum
1524 362 1590 385 esse
1614 351 1755 394 dicitur,
1787 351 1841 385 vel
1863 352 1904 384 de
1925 318 2059 395 peculio
2088 363 2145 386 seu
2177 352 2267 395 quod
2289 352 2380 385 iussu
2419 350 2422 352 ’

1371 400 1430 429 aut
1453 396 1492 429 de
1517 397 1554 429 iu
1578 408 1647 430 rem
1671 407 1764 429 verso
1812 395 1846 429 C.
1871 398 1903 439 4,
1928 399 1972 431 26

1303 441 1398 484 quod
1420 452 1495 474 cum
1519 452 1557 474 eo
1581 442 1641 483 qui
1663 441 1700 474 in
1723 441 1834 474 aliena
1855 444 2017 484 potestate
2040 444 2089 476 est
2114 442 2286 485 negotium
2309 451 2381 484 ges-

1371 489 1442 519 tum
1467 497 1534 519 esse
1559 486 1682 519 dicitur
1727 486 1758 520 J.
1784 489 1815 529 4,
1841 489 1856 518 7
1906 487 1949 521 D.
1979 489 2029 529 14,
2053 490 2072 522 5

1304 531 1399 574 quod
1419 531 1503 564 salso
1525 533 1637 564 tutore
1660 534 1795 564 auctore
1817 535 1947 573 gestum
1971 542 2038 565 esse
2061 531 2191 566 dicatur
2236 531 2279 567 D.
2293 533 2347 576 27,
2360 533 2381 566 6

1305 576 1400 619 quod
1421 576 1513 608 iussu
1559 576 1604 610 D.
1630 579 1682 618 15,
1706 579 1727 610 4

1305 621 1399 664 qnod
1420 620 1607 664 legatorum
1653 621 1697 655 D.
1721 623 1776 664 43,
1801 623 1821 655 3

1305 666 1400 709 quod
1420 669 1528 698 metus
1551 676 1650 699 eausa
1671 668 1799 709 gestum
1825 666 1888 698 erit
1934 666 1976 699 D.
2002 668 2034 708 4,
2057 668 2078 700 2
2280 705 2281 708 ¹

1304 711 1400 754 quod
1421 711 1561 752 quisque
1584 711 1668 743 iuris
1691 711 1727 743 in
1752 711 1893 744 alterum
1915 711 2088 754 statuerit,
2117 713 2157 745 ut
2178 712 2248 755 ipse
2271 711 2383 745 eodem

1371 756 1445 788 iure
1468 759 1585 788 utatur
1633 756 1675 790 Ι).
1700 758 1731 797 2,
1756 758 1775 790 2

1305 801 1400 843 quod
1422 801 1456 832 vi
1479 803 1539 833 aut
1560 800 1645 833 clam
1691 801 1735 835 D.
1759 803 1815 843 43,
1839 803 1883 836 24

1305 845 1478 889 quomodo
1514 848 1547 878 et
1575 845 1708 887 quando
1741 846 1842 879 iudex
1877 847 2073 879 sententiam
2107 846 2255 890 proferre
2289 845 2386 879 debet

1369 890 1599 934 praesentibus
1638 890 1789 933 partibus
1828 890 1882 923 vel
1924 901 1991 923 uua
2033 894 2128 934 parte
2169 891 2301 924 absente
2349 890 2385 924 G.

1373 938 1406 978 7,
1430 937 1472 970 43

1305 991 1373 1023 quo
1398 980 1538 1022 quisque
1562 979 1679 1013 ordine
1702 981 1921 1013 conveniatur
1969 979 2003 1013 C.
2031 982 2083 1023 11,
2108 982 2151 1014 36

1305 1036 1456 1068 quorum
1478 1024 1719 1067 appellationes
1743 1036 1810 1058 non
1833 1025 2040 1068 recipiantur
2087 1023 2122 1059 C.
2151 1027 2183 1068 7,
2206 1027 2249 1059 65

1305 1080 1456 1113 quorum
1478 1069 1642 1102 bonorum
1687 1070 1732 1103 D.
1756 1072 1811 1113 43,
1836 1071 1856 1104 2
1905 1070 1940 1104 C.
1964 1071 1996 1113 8,
2020 1071 2041 1104 2

1306 1125 1456 1158 quorum
1478 1114 1665 1158 legatorum
1714 1114 1748 1148 C.
1772 1117 1804 1158 8,
1829 1117 1848 1149 3

1818 1218 1869 1261 R.

1306 1294 1346 1327 de
1368 1296 1477 1371 Rapta
1500 1293 1669 1371 {virginum
1690 1305 1748 1327 seu
1771 1295 1948 1329 viduarum
1975 1306 2036 1330 nec
2058 1306 2127 1329 non
2150 1295 2383 1329 sanctimonia-

1389 1339 1457 1371 'um
1533 1364 1541 1372 .
1566 1340 1598 1380 9,
1626 1341 1664 1372 13

1304 1387 1421 1417 ratam
1444 1394 1512 1416 rem
1536 1383 1653 1416 haberi
1677 1386 1710 1416 et
1733 1384 1772 1417 de
1796 1385 2034 1418 ratihabitione
2079 1385 2124 1420 D.
2147 1388 2203 1429 46,
2228 1388 2247 1419 8

1306 1429 1346 1462 (10
1368 1430 1569 1461 ratiociniis
1592 1439 1729 1471 operum
1751 1429 1965 1472 publicorum
1996 1433 2030 1463 et
2057 1429 2097 1464 (10
2119 1430 2271 1473 patribus
2302 1430 2383 1463 civi—

1373 1476 1481 1506 tatum
1530 1473 1564 1506 C.
1590 1476 1622 1516 8,
1649 1476 1688 1507 12
1839 1472 1843 1477 “

1306 1519 1346 1551 (10
1369 1518 1480 1551 officio
1501 1519 1727 1561 procuratoris
1750 1519 1899 1552 Caesaris
1921 1519 1974 1552 vel
1997 1520 2187 1553 rationalis
2230 1520 2274 1554 D.
2295 1522 2323 1562 1,
2346 1521 2383 1554 19

1306 1564 1346 1597 de
1368 1562 1494 1596 tutelae
1517 1565 1551 1596 et
1572 1565 1772 1597 rationibus
1795 1564 2016 1598 distrahendis
2043 1568 2076 1598 et
2099 1564 2179 1598 utili
2201 1565 2385 1598 curationis

1374 1619 1472 1640 causa
1495 1609 1626 1641 actione
1672 1609 1714 1643 D.
1741 1611 1795 1651 27,
1819 1611 1838 1642 3

1307 1654 1346 1687 110
1368 1655 1471 1686 rebus
1500 1653 1619 1686 alienis
1647 1664 1715 1686 non
1747 1653 1932 1687 alienandis
1962 1658 1995 1688 et
2018 1654 2058 1688 de
2079 1653 2250 1697 prohibita
2273 1665 2382 1688 reruni

1351 1698 1552 1731 alienatione
1575 1698 1628 1731 vel
1652 1699 1837 1741 hypotheca
1885 1698 1919 1733 C.
1945 1701 1976 1742 4,
2001 1702 2040 1734 51

1306 1745 1347 1777 (10
1368 1745 1473 1776 rebus
1502 1744 1700 1776 auctoritate
1728 1743 1849 1776 iudicis
1876 1744 2081 1787 possidendis
2112 1755 2170 1778 seu
2199 1745 2385 1778 vendundis

1373 1788 1416 1822 D.
1441 1790 1496 1830 42,
1520 1790 1539 1821 5

1306 1834 1346 1866 de
1369 1834 1473 1866 rebus
1494 1833 1629 1866 creditis
1652 1836 1686 1866 et
1708 1834 1748 1866 de
1770 1833 1989 1866 iureiurando
2037 1833 2072 1867 G.
2096 1836 2129 1876 4,
2156 1836 2171 1868 1

1307 1879 1346 1911 (10
1369 1880 1474 1911 rebus
1503 1878 1638 1911 creditis
1665 1879 1694 1911 si
1723 1881 1850 1912 eertum
1879 1881 2011 1920 petetur
2040 1881 2073 1912 et
2104 1878 2145 1912 de
2174 1879 2384 1912 condictione

1373 1923 1418 1957 D.
1444 1925 1497 1966 12,
1525 1926 1537 1956 1

1306 1969 1346 2001 de
1368 1969 1472 2001 rebus
1495 1967 1605 2000 dubiis
1650 1968 1693 2001 D.
1719 1969 1773 2009 34,
1797 1969 1816 2000 5

1307 2014 1346 2047 (10
1369 2014 1473 2046 rebus
1495 2023 1609 2046 corum
1639 2012 1698 2054 qui
1725 2013 1786 2045 sub
1810 2011 1916 2045 tutela
1945 2012 1998 2045 vel
2021 2023 2102 2046 eura
2124 2015 2204 2046 sunt
2233 2014 2305 2046 sine
2328 2014 2383 2047 de-

1373 2060 1464 2091 creto
1487 2068 1556 2091 non
1580 2057 1765 2090 alienandis
1787 2057 1840 2090 vel
1863 2058 2088 2100 supponendis
2135 2058 2177 2094 D.
2202 2060 2257 2102 27,
2280 2061 2301 2093 9

1307 2103 1346 2137 (10
1369 2105 1473 2136 rebus
1495 2102 1761 2146 incorporalibus
1806 2103 1837 2137 J.
1861 2104 1894 2145 2,
1918 2105 1938 2137 2

1307 2149 1347 2182 tle
1368 2149 1645 2191 receptatoribus
1690 2148 1736 2181 D.
1759 2150 1814 2190 47,
1843 2149 1881 2182 16

1308 2194 1347 2226 (10
1369 2195 1518 2236 recepta
1565 2192 1599 2227 C.
1625 2194 1657 2236 2,
1683 2195 1724 2227 55

1307 2239 1347 2272 (10
1375 2240 1524 2281 receptis
1557 2238 1616 2280 qui
1651 2237 1827 2270 arbitrium
1862 2239 2075 2281 receperunt,
2110 2241 2150 2271 ut
2186 2239 2383 2272 sententiam

1373 2283 1488 2316 dicant
1532 2283 1576 2317 D.
1602 2285 1633 2324 4,
1659 2284 1678 2315 8

1306 2328 1347 2361 (10
1369 2327 1510 2371 captivis
1532 2329 1565 2361 et
1588 2327 1627 2360 de
1649 2327 1856 2371 postliminio
1887 2329 1920 2360 et
1942 2327 1982 2361 de
2005 2328 2193 2372 redemptis
2215 2329 2257 2362 ab
2281 2330 2384 2362 hosti—

1373 2372 1436 2406 bus
1480 2373 1522 2406 D.
1548 2374 1603 2413 49,
1631 2375 1670 2407 15
1719 2372 1752 2407 0.
1778 2374 1809 2415 8,
1834 2375 1876 2406 50

1306 2418 1347 2451 de
1375 2417 1530 2451 aedilicio
1561 2417 1669 2451 edicto
1697 2420 1731 2451 et
1759 2417 1994 2450 redhibitione
2027 2419 2060 2450 et
2094 2418 2212 2459 quanti
2246 2418 2386 2452 minoris

1374 2462 1418 2496 D.
1443 2465 1497 2504 21,
1524 2465 1535 2495 1

1306 2508 1347 2541 (10
1368 2508 1495 2550 regula
1519 2507 1706 2540 Catoniana
1752 2506 1795 2540 D.
1821 2508 1875 2548 34,
1898 2509 1916 2540 7

1306 2554 1346 2586 de
1369 2553 1508 2585 diversis
1528 2552 1664 2594 regulis
1686 2552 1771 2584 iuris
1786 2552 1919 2593 antiqui
1964 2552 2008 2586 D.
2034 2555 2087 2595 50,
2114 2555 2152 2586 17

1306 2598 1346 2630 (10
1368 2609 1410 2631 re
1431 2597 1580 2629 iudicata
1627 2597 1662 2631 0.
1683 2599 1715 2638 7,
1740 2599 1782 2630 52

1306 2643 1346 2676 de
1368 2653 1408 2675 re
1430 2642 1578 2675 iudicata
1610 2644 1643 2675 et
1671 2642 1711 2674 de
1741 2642 1859 2675 effectu
1881 2643 2120 2675 sententiarum
2150 2645 2184 2676 et
2215 2643 2256 2677 de
2278 2644 2383 2677 inter-

1373 2686 1600 2720 locutionibus
1644 2687 1688 2721 D.
1712 2689 1767 2728 42,
1795 2689 1810 2721 1

1307 2732 1347 2765 de
1369 2734 1441 2765 reis
1462 2731 1639 2775 postulatis
1686 2730 1720 2765 G.
1749 2734 1800 2774 10,
1825 2734 1868 2765 60

1306 2777 1347 2810 (10
1368 2778 1425 2810 rei
1444 2776 1671 2809 vindicatione
1715 2777 1758 2811 D.
1783 2780 1816 2819 6,
1842 2779 1857 2810 1
1908 2776 1943 2810 C.
1968 2779 2000 2819 3,
2025 2780 2067 2811 32

1306 2822 1347 2855 de
1369 2833 1422 2854 ret
1445 2822 1582 2855 uxoriae
1604 2822 1734 2855 actione
1764 2822 1802 2854 in
1826 2832 1864 2854 ex
1887 2821 2050 2864 stipulatu
2081 2823 2244 2855 actionem
2275 2825 2382 2855 trans-

1373 2867 1446 2899 fusa
1469 2869 1502 2899 et
1525 2867 1565 2899 de
1587 2869 1709 2899 natura
1731 2866 1864 2899 dotibus
1885 2868 2045 2909 praestita
2091 2867 2125 2901 C.
2151 2869 2183 2910 5,
2210 2869 2249 2902 13

1306 2911 1346 2944 de
1368 2912 1601 2945 relationibus
1648 2911 1683 2945 C.
1707 2913 1739 2954 7,
1763 2914 1802 2945 61

1306 2957 1346 2989 de
1369 2956 1653 2999 appellationibus
1675 2958 1709 2989 et
1729 2956 1962 2989 relationibus
2006 2957 2050 2990 D.
2074 2958 2130 2999 49,
2155 2959 2169 2989 1

1306 3002 1347 3034 (10
1369 3001 1548 3044 religiosis
1570 3004 1603 3033 et
1624 3001 1810 3044 sumptibus
1833 3001 1988 3034 funerum
2037 3001 2072 3035 G.
2096 3003 2128 3044 3,
2152 3003 2196 3036 44

1306 3046 1346 3080 (10
1368 3046 1551 3123 {eleg-ion}
1570 3048 1603 3078 et
1625 3046 1811 3088 sumptibus
1834 3047 1989 3079 funerum
2020 3050 2054 3080 et
2076 3049 2115 3080 ut
2137 3047 2239 3080 funus
2262 3046 2382 3081 ducere

1389 3091 1473 3123 ‘ceat
1553 3118 1560 3125 .
1590 3093 1640 3132 11,
1665 3093 1685 3124 7

1304 3145 1379 3168 rem
1409 3134 1552 3168 alienam
1586 3135 1781 3178 gerentibus
1810 3145 1879 3168 non
1912 3135 2070 3169 interdici
2100 3145 2212 3169 rerum
2245 3146 2381 3170 suarum

1371 3179 1574 3213 alienatione
1621 3179 1656 3215 C.
1677 3182 1710 3223 4,
1734 3182 1776 3215 53

1305 3224 1345 3257 de
1367 3235 1408 3257 re
1429 3224 1569 3257 militari
1614 3225 1657 3259 D.
1682 3227 1738 3267 49,
1766 3226 1804 3259 16
1853 3224 1888 3258 G.
1918 3227 1969 3267 12,
1992 3227 2036 3259 36

1305 3269 1346 3302 (10
1367 3271 1574 3303 remissione
1595 3270 1748 3312 pignoris
1795 3268 1830 3303 0.
1855 3271 1887 3312 8,
1911 3271 1953 3303 25

1305 3313 1345 3346 (10
1368 3315 1630 3348 remissionibus
1674 3314 1717 3348 D.
1742 3317 1798 3356 43,
1821 3316 1863 3348 25

1303 3368 1378 3391 rem
1399 3358 1524 3401 pupilli
1546 3358 1599 3392 vel
1621 3359 1841 3392 adulescentis
1862 3358 1986 3392 salvam
2009 3359 2079 3392 fore
2123 3359 2166 3394 D.
2190 3362 2245 3402 46,
2267 3362 2290 3395 6

1304 3402 1346 3435 ad
1368 3402 1473 3445 legem
1497 3403 1619 3436 Iuliam
1642 3404 1918 3447 repetundarum
1964 3403 1999 3438 0.
2024 3406 2056 3445 9,
2080 3406 2121 3439 27

1305 3447 1345 3480 (10
1366 3446 1440 3490 lege
1462 3447 1552 3481 Iulia
1574 3448 1852 3492 repetundarum
1896 3448 1940 3482 D.
1963 3450 2019 3492 48,
2045 3451 2083 3483 11

1304 3492 1344 3525 de
1365 3491 1656 3535 replicationibus
1699 3494 1731 3527 J.
1755 3495 1788 3536 4,
1814 3494 1855 3526 14

1304 3536 1344 3569 (10
1365 3538 1589 3579 repudianda
1611 3538 1775 3571 bonorum
1796 3538 1998 3580 possessione
2045 3536 2079 3571 0.
2103 3540 2135 3580 6,
2162 3539 2202 3572 19

1303 3581 1344 3614 (10
1365 3581 1590 3624 repudianda
1611 3582 1665 3615 vel
1686 3582 1882 3615 abstinenda
1904 3582 2087 3616 hereditate
2134 3582 2168 3617 C.
2194 3585 2225 3625 6,
2249 3584 2290 3618 31

1303 3625 1343 3659 (10
1366 3625 1519 3659 divortiis
1542 3629 1575 3659 et
1597 3627 1756 3669 repudiis
1799 3627 1843 3660 D.
1869 3629 1923 3669 24,
1947 3628 1968 3660 2

1303 3669 1344 3704 (10
1365 3671 1524 3715 repudiis
1547 3676 1581 3704 et
1601 3671 1729 3706 iudicio
1751 3671 1792 3705 de
1813 3671 1962 3704 moribus
1982 3670 2113 3705 sublato
2160 3671 2195 3706 0.
2219 3674 2252 3715 5,
2278 3673 2318 3707 17

1986 3793 2020 3824 0
