2528 3918
122 94 440 151 LfflER'rA'rmus

123 237 232 277 esset,
263 233 457 277 imperator
486 235 607 266 noster
637 228 821 274 rescripsit
851 228 888 263 in
920 227 1060 264 heredis
1084 237 1207 272 perso·

124 289 206 314 nam
241 276 527 313 transferendum
565 273 747 309 decretum
787 283 901 318 eoque
935 273 1015 308 loco
1044 273 1102 308 ius
1132 272 1208 307 eius

123 334 212 367 esse,
238 322 342 368 quasi
365 322 461 357 hunc
485 320 601 365 ipsum
625 328 670 354 ex
694 318 816 353 eadem
840 328 951 353 causa
975 319 1103 354 abesse
1124 327 1207 363 pro·
1240 343 1243 359 ,

127 373 139 403 1
192 368 401 404 nuntiasset.
448 364 486 400 Si
516 363 634 399 infans
666 364 713 399 sit
746 363 838 398 inter
873 373 951 406 eos,
991 363 1052 408 qui
1083 373 1208 397 manu·
1240 361 1243 401 ὲ

124 414 262 449 mittere
292 412 439 453 debent,
475 413 621 445 senatus
654 408 809 451 censuit,
848 419 929 443 cum
969 408 1073 444 unius
1108 412 1208 442 aetas

123 457 338 503 impedierit,
363 460 404 491 ut
426 454 528 490 liberi
551 454 757 499 liberaeque
780 454 852 489 siut
877 454 922 495 hi,
949 454 1077 499 quibus
1100 453 1207 488 liber-

124 507 144 539 2
190 507 283 538 tates
301 512 344 537 ex
357 510 468 536 causa
480 498 744 534 fideicommissi
763 499 941 543 praestari
953 502 1105 543 oportet.
1129 497 1209 532 Hoc

123 549 215 585 idem
244 547 311 582 erit
341 544 530 581 dicendum
561 547 597 579 et
630 544 661 579 si
694 543 792 579 solus
823 544 869 578 sit
892 544 995 579 heres
1025 543 1209 579 institutus

124 598 143 629 3
190 593 250 638 qui
278 591 347 627 fari
381 601 452 626 non
491 593 620 635 potest.
669 588 706 624 Si
737 599 821 624 vero
860 589 1017 634 pupillus
1056 592 1210 624 tutorem

123 638 231 674 habet
259 636 361 682 isque
391 636 482 670 nolit
513 634 560 670 ad
583 634 785 669 libertatem
809 635 1060 679 praestandam
1084 637 1211 668 auctor

121 693 217 725 esse,
253 681 341 717 adeo
374 691 447 716 non
478 680 584 715 debet
613 679 862 724 impedimento
896 690 974 715 esse
1004 689 1119 724 neque
1142 689 1209 758 glu-

145 728 217 769 illo,
243 730 283 762 ut
305 726 454 762 libertos
478 736 550 761 nou
574 725 716 768 habeat,
741 735 857 770 neque
881 725 1048 762 libertati.
1078 729 1117 759 ut
1167 723 1211 758 ‘vi

135 777 249 808 ratres
280 771 553 816 rescripserint¹
593 780 636 805 ex
667 780 778 805 causa
809 769 1071 806 fideicommissi
1102 769 1209 804 liber-

121 822 230 853 tatem
259 816 436 862 praestari
467 815 596 851 debere
628 826 747 857 servo,
785 815 933 860 perinde
966 820 1074 860 atque
1105 815 1136 850 si
1165 813 1211 848 ab

121 867 141 898 ⁴
188 863 267 908 ipso
281 862 418 915 pupillo
432 866 551 896 tutore
564 865 712 896 auctore
733 861 970 897 manumissus
983 864 1089 896 esset.
1125 858 1210 904 Qui-

121 918 272 953 cumque
302 908 410 952 igitur
442 916 550 943 casus
578 906 760 948 inciderit,
795 917 865 950 quo
896 906 927 942 is
957 906 1017 951 qui
1047 905 1117 940 fari
1141 915 1213 939 non

120 957 239 999 potest
262 952 555 988 fideicommissae
585 951 741 987 libertati
766 951 948 987 subiectus
973 955 1045 992 est,
1071 960 1211 986 accom-

121 998 342 1035 modabimus
366 1001 519 1033 mentem
544 1000 691 1032 senatus
716 997 887 1039 consulti,
919 1007 1012 1042 quae
1036 996 1143 1032 etiam
1167 994 1213 1030 ad

121 1049 139 1078 5
188 1044 353 1079 heredem
376 1042 549 1078 infantem
572 1042 688 1087 rogati
715 1042 892 1078 trahenda
915 1046 979 1078 est.
1015 1040 1213 1077 Adeundus

120 1093 175 1125 est
205 1093 325 1125 autem
359 1089 466 1124 etiam
497 1098 541 1123 ex
565 1087 634 1123 hac
664 1098 776 1123 causa
800 1092 962 1132 praetor,
1002 1085 1214 1133 praesertim

121 1145 201 1170 cum
225 1134 398 1180 rescripto
424 1133 495 1168 divi
518 1133 574 1168 Pii
597 1133 761 1169 effectum
781 1137 846 1175 est,
872 1137 922 1176 ut,
947 1133 978 1169 si
1002 1131 1146 1178 quidam
1170 1141 1214 1166 ex

122 1180 254 1225 rogatis
285 1183 494 1225 praesentes
526 1183 626 1220 sunt,
657 1179 718 1213 alii
752 1179 911 1221 latitent,
942 1178 1003 1214 alii
1035 1188 1080 1213 ex
1103 1186 1214 1213 causa

121 1225 257 1267 absint,
294 1224 536 1260 intercedente
573 1223 719 1259 infantis
758 1234 915 1268 persona
951 1234 1023 1259 non
1057 1222 1213 1259 omnium

120 1270 268 1306 libertus
293 1270 488 1312 efficiatur,
519 1269 583 1305 sed
606 1273 745 1304 tantum
774 1269 922 1304 infantis
946 1274 983 1304 et
1005 1279 1130 1304 eorum
1154 1267 1214 1313 qui

122 1320 141 1351 6
188 1327 233 1351 ex
256 1316 351 1351 iusta
376 1325 487 1351 causa
510 1315 642 1350 absunt
664 1314 720 1350 vel
744 1315 851 1350 etiam
875 1314 1129 1359 praesentium.
1176 1312 1214 1347 Si

120 1362 241 1406 plures
273 1361 423 1396 heredes
448 1364 539 1398 sunt
566 1359 723 1395 instituti
752 1364 788 1395 et
810 1360 905 1395 inter
937 1370 997 1395 eos
1030 1359 1114 1405 ²qui
1144 1357 1215 1393 fari

121 1418 193 1441 non
216 1410 354 1451 potest,
388 1405 452 1442 sed
474 1416 547 1441 non
570 1406 647 1450 ipse
679 1409 826 1450 rogatus
850 1405 898 1441 sit
921 1416 1063 1441 servum
1086 1414 1213 1439 manu-

121 1452 275 1495 mittere,
311 1463 383 1487 non
407 1454 574 1496 oportere
596 1451 808 1486 intercidere
837 1451 1040 1486 libertatem
1064 1450 1109 1486 ob
1133 1450 1214 1491 hoc,

121 1497 216 1543 quod
240 1496 476 1533 coheredibus
506 1496 582 1532 suis
605 1496 757 1531 vendere
781 1507 861 1532 eum
884 1496 1004 1531 infans
1034 1506 1107 1531 non
1130 1505 1213 1539 pos-

120 1542 182 1578 sit:
208 1546 245 1578 et
267 1546 385 1579 exstat
433 1542 550 1577 uidem
569 1545 716 1577 senatus
741 1542 945 1577 consultum
957 1541 1213 1582 Vitrasianum,

121 1588 183 1624 sed
213 1593 249 1623 et
280 1588 382 1624 divus
443 1587 499 1622 ius
525 1586 649 1622 Cassio
674 1586 811 1622 Dextro
844 1587 1029 1632 rescripsit
1059 1587 1111 1621 ita
1138 1596 1214 1621 rem

122 1633 312 1678 explicari,
345 1637 386 1668 ut
408 1636 527 1678 partes
560 1643 759 1674 servorum,
792 1631 920 1677 quibus
944 1643 1009 1677 per
1032 1631 1213 1667 fideicom-

123 1679 266 1714 missum
295 1679 442 1714 libertas
476 1677 560 1713 data
593 1681 666 1720 est,
706 1678 801 1714 iusto
833 1678 947 1722 pretio
981 1677 1215 1713 aestimentur

121 1730 228 1769 atque
260 1725 311 1759 ita
342 1724 489 1759 servus³
521 1724 566 1758 ab
599 1723 654 1759 his
686 1723 748 1768 qui
778 1724 893 1768 rogati
917 1727 1002 1759 sunt
1025 1721 1213 1758 manumit-

122 1774 230 1805 tatur.
277 1770 316 1804 hi
347 1773 483 1811 autem,
516 1768 578 1813 qui
601 1779 663 1804 eos
687 1769 986 1812 manumiserunt,
1014 1767 1126 1822 pretii
1150 1777 1213 1803 no-

122 1815 214 1850 mine
246 1815 394 1861 perinde
423 1813 597 1849 fratribus
629 1818 665 1849 et
699 1814 936 1850 coheredibus
969 1825 1044 1849 suis
1068 1812 1214 1858 obligati

121 1864 246 1903 erunt,
279 1864 387 1905 atque
416 1859 447 1895 si
478 1860 524 1895 ob
555 1869 634 1894 eam
657 1870 732 1894 rem
757 1869 800 1894 ex
829 1859 976 1895 iudicati
1000 1869 1111 1894 causa
1134 1869 1215 1893 cum

123 1909 140 1940 7
189 1906 246 1941 his
284 1906 342 1950 agi
376 1905 500 1950 possit.
551 1904 593 1939 In
630 1904 757 1940 furiosi
796 1915 951 1949 persona
990 1904 1092 1940 divus
1127 1903 1214 1939 Pius

122 1951 306 1997 rescripsit
351 1949 662 1986 fideicommissam
705 1949 908 1986 libertatem
946 1960 1020 1985 non
1053 1949 1215 1994 impediri

122 1997 214 2032 sub⁴
248 1995 457 2032 condicione
498 1994 623 2040 scripti
663 1995 823 2037 heredis,
871 2006 976 2041 quem
1014 1999 1214 2039 compotem

122 2042 248 2077 mentis
279 2052 352 2078 non
383 2051 462 2077 esse
493 2040 715 2076 adfirmatur.
763 2041 873 2085 igitur
901 2040 933 2077 si
956 2039 1159 2076 constiterit
1182 2039 1215 2075 ei

122 2092 220 2124 recte
237 2087 358 2123 datam
381 2097 446 2132 per
464 2085 775 2122 fideicommissum
795 2086 1008 2128 libertatem,
1033 2085 1215 2121 decretum

122 2134 195 2169 inte
241 2136 369 2168 onetur
377 2133 402 2174 ⁶,
427 2131 523 2185 quod
539 2131 577 2166 id
594 2131 712 2177 ipsum
736 2131 1004 2176 complectatur,
1030 2130 1077 2166 ad
1095 2140 1213 2166 exem-

123 2181 144 2214 8
189 2189 214 2224 p
230 2189 289 2213 um
313 2177 471 2213 infantis.
514 2176 610 2222 Ergo
634 2181 671 2212 et
693 2177 731 2211 in
754 2181 853 2212 muto
879 2180 915 2211 et
937 2177 974 2211 in
998 2175 1106 2212 surdo
1130 2175 1215 2211 sub-

124 2227 143 2260 9
190 2223 362 2259 venietur.
411 2221 481 2258 Sed
512 2226 548 2257 et
580 2221 611 2258 si
651 2222 730 2266 quis
767 2221 843 2257 sine
881 2221 1012 2257 herede
1050 2221 1106 2257 vel
1144 2221 1214 2256 alio

124 2279 333 2305 successore
358 2267 553 2303 decesserit
587 2266 649 2320 qui
679 2266 991 2303 fideicommissam
1013 2266 1216 2302 libertatem

123 2318 307 2360 praestare
339 2313 509 2357 debebat,
541 2312 639 2348 adito
670 2316 839 2358 praetore
876 2312 1079 2348 libertatem
1110 2322 1215 2358 prae-

128 2364 168 2395 10
215 2359 380 2396 standam
411 2368 489 2394 esse
524 2358 665 2394 censuit
699 2362 857 2394 senatus.
905 2357 976 2394 Sed
1008 2361 1044 2393 et
1074 2357 1105 2393 si
1129 2368 1216 2393 suus

125 2406 229 2441 heres
253 2414 292 2440 se
315 2404 546 2446 abstinuerit,
570 2403 731 2439 libertati
753 2403 1048 2439 fideicommissae
1072 2413 1137 2448 per
1159 2413 1214 2438 se-

125 2455 230 2486 natus
271 2449 473 2486 consultum
507 2449 719 2485 subventum
751 2453 806 2484 est
815 2450 840 2491 ⁶,
878 2448 1023 2484 tametsi
1059 2459 1131 2484 non
1161 2452 1217 2484 est

124 2496 201 2532 sine
224 2494 366 2538 herede,
391 2495 451 2539 qui
476 2505 579 2529 suum
603 2493 770 2529 heredem
793 2494 904 2530 habet
926 2494 1010 2529 licet
1034 2493 1215 2530 abstinen-

129 2545 163 2576 11
215 2545 288 2576 tem
322 2550 372 2576 se.
420 2539 517 2575 Idem
553 2538 765 2575 dicendum⁷
801 2543 837 2575 et
877 2539 908 2575 si
942 2539 1059 2575 minor
1095 2539 1217 2584 viginti

125 2586 280 2667 guinque
292 2585 395 2621 annis
420 2584 548 2620 adierit
570 2584 804 2620 hereditatem
828 2585 916 2627 eius,
942 2584 1004 2629 qui
1015 2584 1217 2620 libertatem

152 2630 434 2668 deicommissam
457 2630 620 2672 debebat,
645 2633 681 2665 et
703 2629 741 2664 in
764 2630 941 2674 integrum
965 2630 1012 2665 sit
1028 2630 1216 2665 restitutus

131 2680 169 2712 12
216 2675 419 2712 abstinendi
441 2685 563 2711 causa.

606 2674 856 2719 Quaerendum
880 2678 936 2711 est
958 2678 1089 2717 autem,
1115 2675 1216 2710 cuius

127 2723 273 2758 libertus
298 2722 365 2756 iste
383 2720 441 2756 fit:
466 2731 512 2756 ex
535 2719 790 2756 constitutione
805 2721 900 2756 enim
922 2730 1025 2756 servo
1044 2720 1218 2755 libertas⁸

127 2767 273 2812 perinde
298 2765 485 2810 competit,
517 2769 624 2818 atque
649 2765 679 2800 si
703 2776 747 2801 ex
777 2769 992 2801 testamento
1016 2765 1217 2801 libertatem

128 2816 344 2848 consecutus
379 2814 484 2847 esset.
533 2814 600 2846 erit
628 2810 737 2855 igitur
768 2810 918 2846 libertus
949 2810 1111 2853 orcinus,
1145 2821 1217 2846 non

132 2861 170 2893 13
218 2858 294 2893 eius
319 2857 379 2902 qui
403 2855 711 2892 fideicommissam
741 2855 943 2892 libertatem
967 2855 1131 2891 debebat.
1179 2855 1218 2891 Si

127 2903 219 2938 alter
242 2903 318 2939 sine
343 2911 552 2938 successore
576 2900 780 2943 decesserit,
805 2901 896 2937 alter
919 2911 963 2937 ex
987 2901 1083 2936 iusta
1107 2910 1218 2936 causa

127 2948 232 2991 absit,
256 2952 355 2984 extat
367 2947 580 2992 rescriptum
604 2946 764 2982 divorum
776 2946 893 2982 Marci
917 2950 954 2982 et
963 2946 1049 2982 Veri
1070 2946 1219 2991 perinde

128 2993 321 3029 dicentium
350 3003 432 3028 eum
463 2991 510 3027 ad
533 2991 734 3027 libertatem
756 2996 1026 3037 perventurum,
1051 3002 1094 3026 ac
1117 2991 1147 3026 si
1171 2992 1218 3027 ab

128 3050 170 3075 eo
194 3039 255 3084 qui
278 3038 355 3074 sine
378 3047 587 3074 successore
609 3036 762 3073 decessit
784 3041 820 3073 et
836 3038 883 3073 ab
904 3048 945 3072 eo
970 3037 1032 3082 qui
1054 3047 1099 3072 ex
1123 3036 1219 3072 iusta

130 3094 240 3120 causa
274 3083 418 3119 abesset
446 3082 494 3118 ad
522 3082 724 3118 libertatem
760 3086 801 3118 ut
832 3083 992 3128 oportuit
1022 3081 1218 3127 perductus

134 3132 174 3163 14
220 3132 324 3165 esset.
373 3128 566 3173 Eleganter
590 3127 714 3172 quaeri
736 3131 871 3172 potest,
908 3139 989 3163 cum
1014 3128 1117 3163 heres
1142 3127 1218 3163 sine

130 3184 338 3211 successore
368 3173 524 3215 decedit,
558 3176 680 3208 utrum
710 3174 911 3218 exspectari
942 3173 1068 3215 debet,
1105 3172 1218 3208 donec

131 3223 268 3255 certum
302 3219 350 3255 sit
383 3218 549 3255 heredem
578 3218 634 3254 vel
666 3218 841 3254 bonorum
871 3228 1115 3264 possessorem
1146 3228 1219 3253 non

129 3267 354 3307 extaturum,
389 3274 436 3299 an
467 3274 551 3300 vero
583 3263 691 3299 etiam
714 3262 799 3298 dum
832 3263 1009 3299 incertum
1033 3267 1088 3299 est
1113 3262 1219 3304 (forte

131 3309 349 3345 deliberante
371 3308 502 3345 herede
525 3309 674 3354 scripto)
704 3308 820 3353 possit
843 3308 890 3344 ad
912 3309 1115 3345 libertatem
1137 3318 1218 3354 per-

131 3354 266 3390 venire:
314 3357 351 3390 et
384 3354 510 3390 melius
545 3358 602 3390 est
639 3353 840 3399 exspectari
876 3358 1058 3399 oportere,
1101 3353 1220 3398 quoad

132 3404 267 3435 certum
302 3409 381 3435 esse
418 3399 576 3444 coeperit
612 3409 855 3435 successorem
892 3410 964 3434 non
1002 3403 1218 3435 extaturum.

136 3449 174 3479 15
222 3445 421 3490 Imperator
449 3448 572 3481 noster
602 3443 806 3480 Antoninus
836 3444 1020 3489 rescripsit
1049 3455 1129 3480 eum
1162 3444 1222 3479 cui

131 3490 406 3527 fideicommissa
427 3490 575 3525 libertas
599 3489 767 3532 debetur,
799 3489 876 3525 sine
898 3489 1064 3526 libertate
1087 3489 1221 3535 aliquid

134 3606 173 3644 (1)
199 3604 439 3647 rescripserunt
455 3604 490 3637 F
617 3604 660 3644 (2)
685 3603 713 3635 is
733 3604 793 3636 ins.
816 3601 867 3636 1ὅ*2
999 3604 1040 3644 (s)
1065 3602 1169 3636 servis
1188 3603 1223 3635 F

134 3650 178 3689 (4)
202 3649 264 3682 sub
283 3650 346 3683 del.
461 3651 503 3688 (5)
529 3649 720 3691 interponet
735 3649 870 3690 praetor
885 3660 948 3681 scr.
1069 3650 1113 3689 (6)
1139 3650 1173 3681 et
1189 3648 1223 3679 F

135 3697 178 3732 (Ἰ)
204 3696 253 3726 est
272 3696 330 3727 ins.
353 3693 404 3726 F²
526 3695 572 3736 (8)
595 3703 688 3726 servo
704 3692 852 3734 libertas]
875 3692 967 3725 favor
984 3692 1147 3726 libertatis
1167 3692 1218 3725 F2

136 3742 181 3786 (9)
205 3738 455 3773 fideicommissa
474 3740 506 3773 F
627 3741 687 3783 (10)
713 3738 872 3783 rescripto
890 3738 924 3772 1¹⁷
1040 3742 1095 3782 (11)
1121 3741 1218 3771 testa-

1196 99 1279 149 625

1285 3603 1397 3634 mento
1417 3602 1453 3635 F

2138 101 2310 146 XXXX
2342 104 2367 145 5

1284 230 1322 261 16
1370 236 1414 261 ex
1447 229 1659 260 testamento
1699 225 1838 262 heredis
1881 227 2046 271 accipere
2082 236 2200 271 posse.
2256 224 2368 260 Divus

1278 272 1385 307 etiam
1426 271 1572 306 Marcus
1611 270 1798 314 rescripsit
1834 270 2151 307 fideicommissas⁹
2185 270 2368 306 libertates

1278 327 1393 361 neque
1413 319 1532 352 aetate
1551 325 1667 360 neque
1687 316 1895 351 condicione
1916 327 2031 361 neque
2049 326 2150 351 mora
2168 326 2241 351 non
2266 326 2370 360 prae-

1278 362 1450 397 stantium
1477 360 1659 396 tardiusve
1690 360 1911 395 reddentium
1944 361 2124 406 corrumpi
2153 365 2216 396 aut
2247 361 2285 396 in
2308 360 2370 396 de·

1283 410 1319 442 17
1369 407 1535 442 teriorem
1565 409 1697 441 statum
1729 405 1886 449 perduci.
1934 406 2155 451 Quamquam
2188 417 2232 442 ex
2259 405 2370 441 irritis

1279 451 1452 487 codicillis
1477 451 1661 486 libertates
1692 461 1765 485 non
1789 450 2005 492 debeantur,
2031 456 2189 486 attamen
2213 451 2244 487 si
2266 452 2370 487 heres

1278 497 1344 532 hos
1370 497 1554 532 codicillos
1578 500 1678 531 ratos
1701 495 1828 530 habuit
1857 500 1892 531 et
1917 507 1960 531 ex
1989 496 2044 531 his
2069 496 2242 548 quaedam
2266 507 2370 542 prae-

1279 542 1370 577 stitit
1401 546 1436 577 et
1467 552 1587 577 servos
1612 540 1850 586 praestandae
1881 541 2173 577 fideicommissae
2197 542 2372 578 libertatis

1278 587 1395 632 gratia
1416 587 1454 622 in
1475 586 1642 622 libertate
1661 586 1795 621 morari
1812 586 1934 627 voluit,
1960 586 2006 621 ad
2025 586 2155 621 iustam
2171 587 2373 623 libertatem

1280 643 1341 668 eos
1365 632 1568 685 pervenisse
1591 631 1805 677 rescriptum
1817 633 1843 653 ¹⁰
1866 631 2089 676 imperatoris
2115 632 2227 668 nostri
2247 637 2283 668 et
2303 632 2374 668 divi

1279 681 1392 723 patris
1417 677 1495 713 eius
1519 677 1690 712 declarat.

1327 721 1377 760 31
1405 722 1462 758 ΡΑ
1471 732 1514 757 ω,
1522 732 1567 757 vs
1588 722 1680 758 libro
1706 723 1811 758 tertio
1842 722 2199 766 fideicommissorum
2244 723 2374 759 Alieno

1281 778 1382 804 servo
1423 767 1502 803 dari
1532 771 1653 812 potest
1686 777 1752 812 per
1794 766 2107 802 fideicommissum
2140 767 2306 811 libertas,
2344 769 2375 804 si

1281 818 1402 849 tamen
1438 813 1516 848 eius
1557 813 1621 853 sit,
1659 822 1740 848 cum
1777 823 1847 857 quo
1884 812 2088 847 testamenti
2101 814 2125 834 ¹¹
2160 812 2269 848 factio
2308 818 2374 849 est.

1288 863 1298 893 1
1351 858 1440 893 Cum
1472 858 1644 893 intestato
1677 857 1870 893 moriturus
1906 857 1990 892 fidei
2023 856 2088 892 filii
2112 859 2375 902 commississet‚

1282 908 1322 939 ut
1345 915 1485 940 servum
1509 903 1794 945 manumitteret,
1827 908 1864 938 et
1885 906 2073 948 postumus
2099 902 2132 937 ei
2156 910 2263 938 natus
2287 903 2373 939 fuis—

1283 953 1355 993 set,
1386 948 1458 984 divi
1481 948 1612 984 fratres
1637 948 1898 994 rescripserunt
1927 948 2129 983 libertatem
2140 949 2178 991 ¹²,
2212 949 2295 992 quia
2324 949 2376 984 di-

1284 998 1303 1030 2
1350 994 1423 1030 vidi
1452 1005 1526 1030 non
1556 998 1695 1039 potest,
1735 994 1781 1029 ab
1815 998 1967 1039 utroque
1998 993 2262 1038 praestandam.
2310 994 2378 1038 Qui

1284 1039 1647 1076 fideicommissariam
1675 1039 1878 1075 libertatem
1914 1039 2036 1083 debet,
2077 1038 2186 1074 etiam
2217 1049 2260 1075 eo
2290 1043 2377 1074 tem-

1284 1096 1389 1131 pore,
1424 1096 1494 1131 quo
1520 1084 1678 1120 alienare
1700 1085 1903 1130 prohibitus
1927 1084 2006 1126 erit,
2041 1085 2291 1120 manumittere
2314 1096 2378 1130 po-

1284 1135 1303 1167 3
1351 1131 1445 1166 terit.
1496 1130 1534 1165 Si
1564 1134 1741 1175 patronus
1774 1134 1902 1166 contra
1926 1130 2069 1165 tabulas
2093 1130 2270 1165 bonorum
2295 1141 2377 1174 pos-

1284 1176 1479 1212 sessionem
1503 1176 1703 1221 acceperit,
1739 1175 1825 1220 quia
1848 1186 1930 1211 eum
1967 1175 2193 1220 praeterierit
2215 1175 2378 1217 libertus,

1284 1233 1356 1258 non
1380 1225 1528 1267 cogetur
1540 1221 1695 1257 vendere
1719 1231 1859 1257 servum
1883 1220 2080 1266 proprium,
2105 1231 2209 1265 quem
2233 1226 2379 1266 rogatus

1287 1271 1306 1302 4
1353 1271 1432 1302 erat
1454 1277 1477 1302 a
1500 1267 1629 1303 liberto
1655 1277 1720 1302 suo
1750 1266 2013 1302 manumittere.
2061 1265 2100 1302 Si
2122 1265 2153 1301 is
2179 1266 2280 1302 cuius
2305 1277 2379 1302 ser-

1286 1323 1349 1348 vus
1375 1317 1430 1349 est
1454 1312 1544 1348 nolit
1568 1323 1648 1348 eum
1664 1312 1828 1354 vendere,
1855 1316 1896 1347 ut
1912 1311 2234 1354 manumitteretur,
2259 1312 2380 1347 nullae

1283 1358 1459 1403 praetoris
1492 1362 1614 1403 partes
1645 1362 1747 1393 sunt:
1787 1357 1881 1393 idem
1916 1361 1972 1393 est
2006 1361 2044 1393 et
2079 1357 2110 1393 si
2139 1357 2252 1402 pluris
2283 1357 2380 1393 iusto

1283 1403 1441 1439 vendere
1464 1403 1560 1439 velit.
1607 1403 1662 1439 sin
1687 1407 1807 1439 autem
1832 1407 1930 1438 certo
1956 1402 2099 1448 quidem
2122 1403 2258 1447 pretio,
2284 1403 2381 1448 quod

1283 1461 1356 1485 non
1380 1449 1496 1494 prima
1519 1448 1612 1484 facie
1635 1449 1777 1484 videtur
1800 1459 1879 1485 esse
1902 1448 2080 1493 iniquum,
2116 1448 2279 1483 dominus
2304 1458 2378 1484 ser-

1283 1507 1365 1530 vum
1394 1494 1547 1530 vendere
1578 1499 1729 1540 paratus
1762 1499 1836 1539 est,
1865 1494 1896 1529 is
1926 1504 2026 1538 vero,
2058 1494 2119 1538 qui
2147 1498 2294 1539 rogatus
2325 1497 2381 1529 est

1284 1539 1554 1582 manumittere,
1586 1540 1816 1575 immodicum
1845 1539 1881 1575 id
1910 1550 1990 1575 esse
2021 1539 2163 1581 nititur,
2201 1539 2378 1584 praetoris

1284 1590 1405 1631 partes
1436 1589 1541 1621 erunt
1572 1585 1870 1630 interponendae,
1903 1588 1945 1620 ut
1971 1585 2067 1620 iusto
2099 1585 2215 1629 pretio
2245 1584 2379 1620 volenti

1284 1632 1425 1667 domino
1450 1631 1534 1666 dato
1559 1631 1708 1666 libertas
1732 1631 1779 1666 ab
1800 1634 1960 1676 emptore
1978 1634 2193 1675 praestetur.
2231 1630 2328 1676 quod
2348 1630 2379 1665 si

1283 1681 1321 1713 et
1344 1676 1509 1712 dominus
1532 1676 1686 1712 vendere
1710 1680 1860 1721 paratus
1884 1676 1931 1711 sit
1954 1679 1990 1711 et
2008 1686 2132 1711 servus
2151 1676 2234 1711 velit
2252 1685 2378 1710 manu-

1282 1722 1385 1765 mitti,
1411 1721 1592 1775 cogendus
1616 1725 1672 1757 est
1694 1722 1798 1757 heres
1821 1721 2036 1757 redimere¹³
2061 1725 2098 1756 et
2116 1721 2378 1763 manumittere,

1283 1767 1352 1803 nisi
1376 1766 1540 1803 dominus
1564 1766 1649 1802 velit
1672 1777 1814 1803 servum
1838 1766 2100 1808 manumittere,
2125 1771 2167 1801 ut
2189 1766 2284 1802 actio
2309 1766 2379 1802 sibi

1282 1813 1390 1858 pretii
1412 1812 1451 1847 in
1475 1812 1639 1848 heredem
1665 1813 1786 1848 detur:
1819 1812 1926 1857 idque
1951 1811 2156 1847 faciendum
2180 1815 2236 1847 est
2257 1811 2377 1855 etiam,

1283 1858 1315 1895 si
1334 1858 1439 1894 heres
1458 1857 1593 1893 latitet:
1619 1861 1657 1893 et
1674 1858 1726 1893 ita
1744 1858 1940 1903 imperator
1956 1857 2161 1893 Antoninus
2179 1857 2376 1902 rescripsit.

1330 1901 1384 1941 32
1415 1902 1653 1939 Mammas
1682 1903 1774 1938 libro
1804 1904 1930 1948 quinto
1962 1902 2099 1938 decimo
2128 1902 2378 1947 fideicommis-

1283 1959 1407 1984 sorum
1454 1948 1524 1983 Sed
1548 1948 1579 1984 si
1603 1948 1760 1983 alienare
1784 1948 1927 1993 quidem
1947 1947 1995 1983 sit
2013 1952 2175 1993 paratus,
2201 1958 2274 1983 non
2294 1951 2378 1983 ante

1284 1998 1404 2030 tamen
1427 1993 1464 2028 id
1488 1994 1572 2029 velit
1595 1993 1726 2035 facere,
1752 2004 1860 2038 quam
1883 1993 1954 2029 sibi
1977 1993 2015 2028 in
2039 1992 2191 2038 pretium
2212 1993 2377 2035 satisfiat,

1284 2051 1357 2076 non
1388 2039 1457 2074 erit
1487 2039 1738 2074 manumittere
1769 2038 2051 2083 compellendus,
2093 2048 2139 2074 ne
2170 2043 2207 2073 et
2239 2049 2377 2074 servum

1283 2084 1512 2120 manumittat
1534 2087 1572 2120 et
1593 2084 1774 2120 interdum
1797 2084 1887 2119 nihil
1906 2087 1971 2119 aut
1988 2083 2105 2119 minus
2124 2089 2377 2127 consequatur,

1284 2130 1315 2166 si
1346 2131 1441 2165 forte
1471 2130 1518 2173 is,
1553 2130 1613 2174 qui
1645 2133 1792 2174 rogatus
1823 2133 1878 2164 est
1906 2129 2176 2171 manumittere,
2209 2129 2378 2164 solvendo

1288 2179 1301 2210 1
1353 2187 1425 2211 non
1449 2175 1506 2210 sit.
1543 2175 1658 2210 Invito
1683 2179 1803 2210 tamen
1826 2185 1928 2210 servo
1953 2184 2069 2219 neque
2092 2174 2154 2209 alii
2177 2184 2291 2219 neque
2316 2174 2378 2209 do-

1285 2221 1379 2257 mino
1405 2230 1484 2256 eam
1508 2231 1582 2256 rem
1606 2220 1772 2265 persequi
1797 2219 2064 2255 concedendum
2088 2226 2163 2262 est,
2195 2219 2279 2265 quia
2309 2230 2379 2255 non

1284 2267 1355 2302 tale
1379 2266 1428 2302 sit
1450 2266 1519 2301 hoc
1542 2265 1866 2308 fideicommissum,
1893 2275 1936 2300 ex
1956 2276 2025 2309 quo
2048 2265 2189 2300 domino
2235 2264 2297 2300 uid
2315 2265 2378 2300 ad·

1285 2312 1466 2356 quiratur:
1492 2311 1650 2355 alioquin
1673 2310 1743 2356 ipsi
1767 2310 1892 2346 datum
1916 2310 2107 2345 videretur.
2142 2321 2211 2354 quo
2260 2314 2380 2355 potest

1285 2357 1502 2401 contingere,
1519 2357 1548 2391 si
1564 2360 1718 2392 testator
1731 2356 1844 2400 pluris
1864 2366 1945 2391 eum
1962 2366 2113 2399 servum,
2131 2366 2238 2400 quam
2254 2356 2378 2400 quanti

1285 2407 1350 2446 est,
1376 2402 1502 2437 redimi
1527 2412 1570 2436 ac
1594 2401 1795 2436 manumitti
1815 2401 1943 2436 voluit:
1971 2411 2052 2435 nam
2072 2405 2159 2436 tunc
2181 2406 2216 2436 et
2236 2401 2379 2436 domino

1286 2448 1353 2484 erit
1376 2447 1640 2483 fideicommissi
1672 2446 1892 2492 persecutio,
1926 2446 2027 2481 cuius
2057 2446 2209 2482 interest
2237 2450 2381 2491 praeter

1286 2504 1409 2529 verum
1440 2492 1595 2546 pretium
1624 2492 1678 2534 id,
1717 2492 1812 2536 quod
1852 2492 1934 2537 plus
1971 2491 2003 2526 ei
2040 2491 2159 2527 iussus
2197 2497 2252 2527 est
2281 2491 2378 2534 dare,

1286 2539 1507 2582 conseqm¹⁴,
1549 2542 1585 2573 et
1598 2539 1624 2559 ¹⁵
1663 2537 1771 2579 servi,
1802 2541 1843 2572 ut
1874 2536 1920 2572 ad
1951 2536 2154 2572 libertatem
2183 2537 2379 2582 perveniat.

1287 2587 1305 2619 2
1355 2583 1460 2628 Quod
1492 2583 1631 2619 eveniet
1665 2586 1702 2618 et
1734 2583 1763 2618 si
1796 2592 1871 2618 rem
1905 2582 2057 2617 alienam
2093 2586 2194 2618 certa
2227 2582 2382 2627 pecunia

1286 2629 1459 2665 redimere
1495 2633 1603 2673 atque
1639 2628 1699 2663 alii
1733 2631 1919 2673 praestare
1953 2628 2057 2663 heres
2096 2628 2153 2663 vel
2187 2628 2380 2673 legatarius

1285 2675 1633 2718 intellegerenturffl:
1659 2683 1813 2718 namque
1835 2677 1922 2708 tunc
1945 2678 1981 2708 et
2006 2673 2149 2708 domino
2169 2674 2222 2708 rei
2241 2677 2278 2709 et
2297 2674 2330 2709 ei
2343 2674 2380 2717 ²⁷,

1287 2720 1345 2756 cui
1383 2719 1507 2755 eadem
1539 2723 1726 2764 praestare
1757 2718 1922 2760 deberet,
1960 2719 2247 2763 persecutionem
2282 2729 2379 2755 esse:

1288 2766 1474 2809 utriusque
1498 2765 1592 2800 enim
1615 2764 1789 2800 interesse
1813 2768 1849 2799 et
1872 2763 2022 2805 domini,
2055 2767 2096 2798 ut
2125 2769 2270 2808 praeter
2298 2774 2380 2809 pre-

1286 2811 1375 2846 tium
1399 2810 1573 2855 accipiat,
1603 2820 1674 2854 quo
1698 2809 1812 2854 pluris
1837 2819 1916 2844 eam
1940 2813 2094 2845 testator
2117 2809 2242 2844 redimi
2265 2809 2379 2852 iussit,

1287 2860 1324 2891 et
1346 2855 1423 2891 eius
1448 2855 1507 2890 cui
1530 2855 1656 2890 relicta
1678 2859 1743 2896 est,
1769 2854 1822 2889 uti
1846 2864 1924 2890 eam
1947 2855 2090 2890 habeat.

1333 2898 1386 2938 33
1412 2900 1572 2935 Panas
1592 2900 1684 2936 libro
1709 2901 1814 2940 tertio
1834 2900 2193 2945 fideicommissorum
2229 2900 2266 2936 Si
2284 2900 2379 2935 filius

1287 2945 1449 2982 defuncti
1477 2949 1625 2989 rogatus
1656 2944 1766 2981 fuerit
1796 2955 1937 2981 servum
1967 2945 2024 2980 sui
2051 2945 2165 2990 patris
2189 2945 2377 2980 manumit-

1286 2996 1381 3034 tere,
1422 2990 1612 3026 dicendum
1640 2994 1696 3026 est
1726 3001 1833 3035 posse
1868 3000 1949 3026 eum
1979 2991 2084 3026 etiam
2114 2994 2241 3026 contra
2273 2991 2376 3025 tabu-

1287 3038 1341 3073 las
1365 3036 1498 3071 habere
1523 3040 1557 3070 et
1581 3046 1710 3080 operas
1733 3036 1934 3080 imponere:
1965 3037 2035 3071 hoc
2065 3035 2157 3071 enim
2187 3035 2376 3080 potuisset,

1287 3081 1426 3117 etiamsi
1450 3081 1622 3116 directam
1646 3081 1846 3116 libertatem
1870 3081 2080 3126 accepisset,
2110 3081 2212 3125 quasi
2234 3080 2377 3125 patroni

1291 3131 1303 3162 1
1356 3127 1460 3162 filius.
1517 3126 1600 3161 Erit
1634 3126 1820 3162 Rubriano
1866 3131 2013 3163 senatus
2057 3126 2221 3162 consulto
2262 3126 2375 3165 locus,

1289 3171 1427 3207 etiamsi
1457 3171 1524 3207 sub
1557 3171 1768 3207 condicione
1798 3172 1946 3207 libertas
1984 3172 2069 3206 data
2107 3171 2170 3214 sit,
2203 3170 2233 3205 si
2270 3170 2374 3204 modo

1288 3228 1352 3263 per
1382 3217 1499 3262 ipsum
1530 3226 1671 3252 servum
1702 3227 1775 3252 non
1802 3217 1883 3258 fiet,
1924 3228 1993 3261 quo
2029 3217 2143 3250 minus
2177 3214 2375 3250 condicioni

1289 3266 1432 3307 pareat:
1471 3272 1537 3298 nec
1567 3262 1677 3297 refert
1707 3262 1744 3297 in
1773 3262 1891 3298 dando
1924 3273 1969 3296 an
2001 3262 2035 3295 in
2067 3260 2230 3295 faciendo
2261 3270 2307 3294 an
2338 3260 2375 3293 in

1288 3308 1408 3352 aliquo
1434 3317 1520 3343 casu
1546 3307 1707 3343 condicio
1735 3308 1919 3343 consistat.
1967 3306 2074 3340 immo
2105 3305 2212 3340 etiam
2243 3304 2375 3338 amittit

1288 3354 1454 3388 libertum
1478 3353 1599 3394 heres,
1630 3352 1662 3389 si
1691 3352 1891 3388 condicioni
1922 3351 2208 3395 impedimentum
2237 3349 2373 3390 fecerit,

1289 3397 1356 3433 etsi
1380 3398 1474 3432 filius
1498 3397 1660 3433 defuncti
1683 3398 1741 3440 sit,
1769 3397 1928 3442 quamvis
1943 3398 1969 3416 ¹⁸
1993 3395 2062 3429 alio
2086 3396 2162 3429 iure
2187 3394 2374 3429 habiturus

1289 3443 1337 3479 sit
1364 3443 1543 3478 libertum.
1591 3443 1796 3478 nonnullam
1826 3442 1919 3477 enim
1948 3444 1984 3476 et
2013 3439 2070 3474 hic
2100 3449 2251 3483 poenam
2280 3439 2372 3483 pati-

1289 3493 1364 3524 tur:
1397 3498 1480 3523 nam
1510 3492 1547 3523 et
1559 3489 1588 3510 ¹⁹
1616 3488 1649 3524 si
1675 3489 1713 3524 in
1745 3488 1951 3523 servitutem
1981 3484 2123 3530 petierit
2151 3488 2214 3519 aut
2245 3483 2372 3529 capitis

1570 3602 1631 3643 (12)
1653 3600 1840 3634 libertatem
1854 3612 1914 3633 om.
1935 3600 1968 3632 F
2087 3601 2144 3639 (13)
2170 3599 2325 3631 dirimere
2346 3599 2379 3632 F

1286 3647 1344 3687 (14)
1370 3648 1586 3688 consequitur
1604 3646 1659 3679 ΙΝ
1838 3648 1896 3686 (15)
1920 3655 2031 3685 servo,
2056 3655 2131 3676 cum
2156 3644 2289 3676 intersit
2312 3646 2372 3677 ins.

1289 3694 1347 3732 116)
1372 3692 1568 3725 iuberentur
1583 3705 1644 3725 scr.
1762 3692 1821 3732 (17)
1847 3692 1879 3722 et
1895 3690 1925 3722 ei
1944 3703 2002 3722 om.
2021 3690 2067 3721 F¹
2184 3694 2242 3729 (18)
2267 3690 2296 3722 is
2313 3691 2362 3724 ins

1288 3743 1348 3779 (19)
1373 3740 1407 3770 et
1423 3738 1485 3774 del.

2055 3790 2098 3826 '19
