2528 3918
124 133 299 166 LEGATA

124 247 359 288 ‘quacumque
389 253 433 278 ex
464 252 574 278 causa
608 242 779 284 debebat,
819 241 951 276 remitti
988 241 1069 277 volo
1104 250 1217 286 eoque

124 289 286 334 ‘amplius
311 289 432 323 decem
457 288 535 324 do':
561 287 731 323 codicillis
756 286 808 321 ita
831 286 992 332 scripsit:
1019 286 1125 322 ‘Titio
1150 287 1218 322 1100

124 333 285 379 ‘amplius
303 333 412 369 adfini
428 337 462 368 et
478 332 631 369 debitori
646 342 724 366 meo
743 342 890 367 usuram
905 333 1090 376 pecuniae,
1111 342 1217 377 quam

124 379 218 414 ‘mihi
243 378 365 418 debet,
398 378 445 414 ab
476 377 607 414 herede
638 387 717 412 meo
749 376 862 412 donec
887 377 1041 413 advivet:
1067 377 1162 422 quod
1186 376 1217 413 si

124 424 274 469 ‘exigere
299 425 395 459 ultra
418 423 639 459 voluntatem
662 432 777 457 meam
800 422 990 467 putaverit,
1017 423 1091 459 eius
1109 422 1216 458 601116

123 474 278 504 ‘usuram
309 469 423 505 eidem
447 468 543 504 Titio
574 467 619 503 ab
650 467 844 503 heredibus
879 468 966 503 meis
997 468 1110 504 donec
1134 467 1217 502 vivit

122 514 308 559 ‘praestari
332 514 436 550 volo'.
483 513 684 558 quaesitum
714 516 784 556 est,
814 523 895 548 cum
920 513 1073 558 augendi
1096 513 1215 559 potius

122 570 227 605 quam
251 559 432 595 minuendi
455 562 606 594 testator
629 558 847 593 voluntatem
871 558 1054 602 habuerit,
1084 569 1130 594 an
1153 558 1215 593 he-

122 605 224 641 redes
249 615 293 640 611
319 614 428 640 causa
445 603 711 639 fideicommissi
729 603 824 639 Titio
842 607 1044 646 teneantur,
1070 607 1111 639 ut
1134 614 1215 640 eum

122 650 218 686 omni
248 650 367 686 debito
396 650 559 685 liberent.
607 648 792 694 respondit
822 649 1018 684 secundum
1051 660 1093 685 ea
1124 659 1215 694 quae

120 707 186 741 pro
215 699 406 732 onerentur
429 694 542 730 videri
563 694 740 729 minutum
769 694 943 739 legatum,
976 695 1071 739 quod
1100 695 1215 740 primo

122 747 141 776 ϋ
188 707 346 776 dederat.
383 741 558 785 Legatum
574 743 629 775 est
648 743 863 775 testamento
885 740 953 775 hoc
971 740 1095 776 modo:
1122 740 1214 775 ‘Seio

122 786 280 822 ‘concedi
302 786 400 830 volo,
432 785 603 831 quidquid
632 785 716 820 mihi
748 785 794 820 ab
824 795 867 821 eo
898 785 1058 821 debitum
1083 789 1138 821 est
1160 785 1215 820 vel

122 832 237 867 ‘fidem
260 842 374 867 meam
398 842 463 876 pro
488 841 529 866 eo
555 830 736 875 obligavi':
768 841 919 875 quaero,
953 835 1073 866 utrum
1097 830 1133 866 id
1157 841 1213 866 so-

120 878 208 921 lum,
234 877 329 930 quod
351 876 556 912 testamenti
580 875 667 911 facti
690 879 851 921 tempore
877 876 1094 919 debebatur,
1119 876 1214 920 lega-

120 927 195 957 tum
225 927 287 967 611,
318 932 365 957 611
394 922 517 964 6116111,
547 921 578 957 61
608 920 692 966 quid
724 931 767 956 ex
793 932 835 956 ea
860 932 999 957 summa
1023 932 1215 957 usurarum

120 967 261 1003 nomine
281 971 408 1013 postea
426 966 589 1011 accessit,
609 967 726 1012 legato
749 967 864 1002 cedat.
901 967 1085 1012 respondit
1103 967 1215 1002 videri

121 1024 259 1049 omnem
292 1012 545 1057 obligationem
576 1012 652 1048 eius
678 1012 787 1048 debiti
811 1023 876 1058 per
900 1012 1212 1049 fideicommissum

123 1062 139 1093 7
189 1058 278 1095 solvi
302 1058 467 1094 voluisse.
510 1058 632 1093 Sticho
656 1061 871 1094 testamento
896 1058 1113 1094 manumisso
1133 1057 1213 1093 fun-

122 1104 206 1139 dum
225 1104 441 1140 instructum
457 1107 492 1139 et
516 1103 588 1138 alia
610 1103 740 1148 legavit
764 1108 799 1139 et
821 1104 912 1139 11660
935 1104 1044 1139 verba
1068 1103 1214 1139 adiecit:

124 1153 239 1195 ‘quem
262 1150 435 1185 rationem
459 1149 608 1185 reddere
632 1152 723 1192 veto,
749 1149 832 1194 quia
850 1149 1086 1185 instrumenta
1104 1159 1214 1194 penes

121 1199 171 1230 ‘se
194 1196 333 1230 habet':
365 1195 564 1239 quaesitum
589 1198 659 1237 est,
692 1204 739 1229 an
764 1194 908 1230 Stichus
932 1195 1089 1240 reliqua,
1123 1204 1214 1239 quae

121 1251 163 1276 ex
188 1240 494 1276 administratione
519 1243 622 1275 actus
647 1240 840 1283 debuerat,
864 1240 1013 1275 reddere
1038 1239 1211 1275 debuerit.

121 1286 289 1331 respondi
314 1285 475 1320 Stichum
498 1295 540 1321 eo
564 1285 705 1321 nomine
729 1296 801 1321 non
824 1286 951 1321 teneri.
1002 1285 1214 1321 CLAUDIUS.-

120 1342 223 1367 nemo
249 1331 342 1367 enim
367 1342 409 1366 ex
435 1331 614 1366 servitutis
640 1334 723 1365 actu
746 1336 830 1376 post
850 1331 1052 1367 libertatem
1071 1334 1214 1366 tenetur

120 1381 155 1412 et
185 1376 399 1412 consultatio
436 1376 482 1411 ad
518 1376 576 1411 ius
606 1376 715 1411 debiti
745 1376 859 1412 relata
894 1376 1029 1412 fuerat:
1067 1375 1213 1411 retineri

119 1433 202 1467 ergo
227 1423 364 1466 reliqua
388 1425 541 1466 possunt
565 1432 647 1456 cum
669 1421 809 1466 peculi0
842 1426 906 1457 aut
937 1432 980 1457 ex
1006 1432 1047 1457 eo
1073 1421 1212 1464 deduci,

120 1470 139 1503 8
187 1467 219 1503 si
242 1468 397 1512 legatum
423 1470 487 1502 est.
532 1467 704 1509 ‘Centum,
731 1477 822 1511 quae
846 1467 943 1512 apud
965 1467 1211 1512 Apronianum

120 1513 294 1558 ‘deposita
317 1513 450 1555 habeo,
481 1512 578 1558 apud
600 1512 718 1557 ipsum
743 1522 822 1548 esse
845 1513 943 1556 volo,
975 1512 1088 1548 donec
1117 1512 1212 1548 filius

120 1562 229 1593 ‘meus
254 1558 300 1593 ad
324 1568 437 1593 annos
461 1557 583 1602 viginti
612 1558 827 1602 pervenerit,
859 1558 1008 1603 eiusque
1038 1557 1212 1603 pecuniae

120 1606 275 1639 ‘usuram
310 1602 403 1656 exigi
440 1604 545 1638 veto’.
601 1604 802 1648 quaesitum
831 1607 904 1647 est,
941 1614 987 1638 an
1023 1614 1067 1639 ex
1103 1613 1212 1639 causa

117 1648 380 1684 fideicommissi
409 1648 640 1694 Apronianus
674 1649 845 1694 consequi
874 1649 1004 1694 possit,
1045 1659 1091 1684 ne
1130 1652 1212 1684 ante

119 1698 259 1740 tempus
290 1704 312 1728 a
343 1697 515 1730 testatore
544 1694 806 1739 praescriptum
842 1705 885 1730 ea
921 1705 1058 1730 summa
1094 1694 1139 1730 ab
1170 1705 1211 1729 60

120 1740 293 1785 exigatur.
329 1739 515 1785 respondit
538 1739 735 1775 secundum
754 1750 795 1775 ea
815 1750 905 1784 quae
924 1743 1212 1785 proponerentur

121 1788 139 1820 9
189 1785 359 1829 consequi
375 1795 495 1838 posse.
532 1785 644 1820 Filias
662 1784 811 1820 heredes
829 1785 1035 1830 scripserat,
1062 1796 1211 1830 quarum

122 1830 201 1867 fidei
226 1830 402 1866 commisit
426 1830 463 1865 in
487 1831 576 1865 haec
600 1831 725 1866 verba:
753 1833 808 1866 ‘ne
831 1841 853 1865 a
878 1830 968 1866 Gaio
994 1830 1075 1866 Seio
1100 1831 1210 1866 ratio-

121 1879 191 1911 ι1166
217 1879 319 1911 601116
344 1875 396 1911 rei
414 1886 525 1919 meae,
551 1886 643 1920 quae
662 1886 726 1921 per
744 1886 903 1911 mensam
921 1876 996 1911 eius
1017 1875 1089 1911 sive
1110 1879 1212 1911 extra

118 1924 287 1957 ‘mensam
322 1920 360 1955 in
396 1921 488 1956 diem
524 1921 649 1956 mortis
685 1931 784 1956 meae
821 1925 921 1966 gesta
957 1925 1026 1965 est,
1062 1921 1211 1966 exigatis

120 1973 243 2011 ‘eoque
274 1967 417 2001 nomine
448 1977 528 2001 eum
558 1966 741 2002 liberetis'.
796 1966 996 2011 quaesitum
1026 1970 1096 2010 est,
1130 1977 1211 2002 cum

118 2013 301 2048 universas
335 2012 493 2047 rationes
523 2012 560 2046 in
585 2011 676 2047 diem
700 2012 824 2047 mortis
848 2012 916 2047 iste
941 2011 1210 2047 administrave-

117 2059 184 2093 rit¹
211 2061 247 2092 et
271 2068 335 2102 per
358 2067 518 2092 mensam
542 2068 645 2093 suam
669 2060 705 2092 et
753 2067 820 2092 uae
850 2061 952 2092 extra
982 2057 1209 2092 administra-

118 2105 260 2147 bantur,
285 2114 332 2138 an
358 2102 404 2137 ad
428 2103 584 2138 rationes
603 2102 736 2138 redden
763 2113 803 2138 as
821 2102 1013 2138 heredibus
1031 2106 1209 2138 teneatur.

117 2148 303 2193 respondit
342 2148 588 2183 liberationem
629 2147 770 2192 quidem
805 2147 1001 2183 secundum
1038 2158 1079 2183 ea
1118 2158 1209 2192 quae

117 2197 403 2239 proponerentur
426 2193 579 2238 legatam
603 2203 691 2237 esse,
717 2193 780 2228 sed
822 2197 974 2229 uatenus
992 2193 1210 2238 praestanda

117 2240 175 2282 sit,
200 2249 244 2274 ex
269 2239 440 2283 qualitate
464 2238 732 2283 disceptationis
752 2239 790 2273 iu
816 2239 906 2274 icem
926 2240 1207 2274 aestimaturum.

121 2289 160 2319 10
208 2285 319 2327 Eum,
362 2284 423 2328 qui
462 2284 612 2319 tutelam
651 2283 766 2329 ipsius
804 2283 1132 2327 administraverat,
1175 2289 1210 2320 et

116 2330 263 2365 fratrem
293 2340 397 2365 suum
433 2332 469 2364 et
497 2329 586 2365 alios
618 2329 790 2374 quosdam
820 2329 965 2374 scripsit
993 2329 1142 2365 heredes
1174 2335 1209 2365 01

116 2376 227 2411 tutori
251 2374 395 2420 legavit,
427 2384 518 2420 quae
547 2374 772 2419 impenderat
800 2374 837 2409 in
863 2385 902 2410 se
927 2378 962 2410 et
985 2374 1132 2410 fratrem
1155 2375 1207 2420 ip-

117 2420 208 2463 sius,
238 2420 376 2456 decem:
414 2419 615 2464 quaesitum
645 2424 715 2464 est,
746 2430 793 2455 an
822 2420 908 2455 utile
938 2425 1032 2456 esset
1060 2420 1097 2455 in
1153 2431 1207 2455 er-

117 2476 206 2502 60116
237 2466 313 2501 61116
343 2464 666 2501 fideicommissum.
714 2465 915 2510 respondit,
946 2465 976 2501 si
1005 2465 1041 2500 id
1072 2465 1115 2501 de
1143 2466 1209 2501 erit

116 2522 181 2556 per
203 2510 515 2546 fideicommissum
541 2510 636 2555 quod
661 2511 870 2555 debebatur,
894 2511 968 2555 peti
992 2522 1064 2546 non
1087 2522 1206 2557 posse.

123 2560 157 2591 11
207 2556 304 2591 Idem
329 2556 491 2600 quaesiit,
518 2556 547 2591 si
570 2556 607 2590 in
630 2556 760 2591 tutoris
785 2566 940 2601 persona
957 2556 1082 2592 inutile
1101 2561 1206 2600 esset,

117 2612 163 2636 an
197 2601 234 2636 in
265 2611 418 2646 persona
449 2600 571 2636 fratris
604 2601 691 2636 utile
722 2601 917 2646 videretur,
954 2602 1121 2646 quoniam
1155 2602 1208 2637 illi

117 2646 325 2692 proficeret,
361 2646 462 2682 cuius
498 2650 534 2681 et
562 2646 700 2691 ipsius²
730 2647 880 2682 tutelam
911 2646 1205 2683 administrasset.

116 2692 301 2738 respondit
323 2691 428 2726 fratri
452 2691 587 2727 utiliter
610 2701 688 2727 esse
708 2692 872 2736 legatum,
899 2702 980 2727 cum
998 2703 1063 2728 suo
1086 2692 1205 2728 debito

120 2741 159 2771 12
206 2737 390 2773 liberetur.
436 2737 534 2772 Idem
559 2737 729 2781 quaesiit,
756 2737 786 2772 si
809 2740 908 2772 tutor
931 2737 1207 2782 amplecteretur

116 2782 427 2818 fideicommissum
451 2782 517 2825 ita,
548 2785 589 2816 ut
613 2782 826 2827 quibusdam
851 2782 939 2817 stari
962 2783 1067 2818 vellet
1090 2784 1206 2819 verbis

118 2827 334 2872 testamenti,
363 2828 400 2862 in
426 2827 662 2872 (111111116ᾶ61113
687 2831 804 2863 61116111
830 2827 991 2871 recedat,
1024 2827 1119 2872 quod
1141 2828 1206 2863 mi-

117 2883 240 2908 norem
280 2873 515 2918 quantitatem
551 2876 758 2918 sumptuum
796 2873 892 2908 dicat
933 2872 1206 2909 fideicommisso

118 2918 292 2954 contineri
321 2928 427 2963 quam
457 2918 533 2962 ipse
564 2922 786 2963 erogaverat,
826 2928 871 2953 an
904 2918 1019 2953 audiri
1049 2918 1206 2954 deberet.

117 2963 302 3008 respondit
324 2974 397 2999 non
420 2963 584 3008 impediri
601 2974 682 2999 eum
700 2964 879 3009 scriptura
896 2964 1109 3007 testamenti,
1136 2975 1205 3009 quo

116 3009 232 3044 minus
270 3019 388 3052 omne,
431 3009 526 3053 quod
561 3009 630 3045 sibi
665 3009 785 3044 deberi
821 3009 1043 3054 probasset&
1085 3013 1206 3054 petere

121 3058 159 3088 13
206 3058 340 3100 posset.
390 3054 540 3098 Quidam
571 3054 622 3089 ita
650 3054 796 3099 legavit:
829 3054 1069 3099 ‘Semproniae
1102 3055 1207 3090 uxori

118 3101 227 3134 ‘meae
256 3099 355 3134 reddi
387 3099 492 3134 iubeo
525 3100 570 3134 ab
605 3099 797 3135 heredibus
832 3099 920 3135 meis
951 3099 1206 3179 quinquaginta

118 3146 181 3188 ‘ea,
201 3154 292 3190 quae
311 3148 436 3179 mutua
454 3154 664 3189 acceperam
686 3145 945 3190 ⁵chirographo
963 3145 1106 3190 particu
1122 3145 1205 3180 atim

118 3190 165 3224 ‘in
188 3189 330 3234 negotia
353 3190 463 3225 mea':
494 3190 694 3235 quaesitum
723 3194 793 3232 est,
825 3200 887 3234 611,
919 3190 949 3225 61
977 3200 1058 3225 vere
1083 3191 1205 3225 uxoris

118 3234 256 3270 debitor
290 3234 414 3277 fuerit,
451 3234 762 3270 fideicommissum
798 3235 1008 3271 constiterit.
1057 3246 1205 3281 respon-

118 3279 187 3323 dit,
211 3279 243 3315 si
266 3279 387 3315 debita
411 3279 594 3324 fuissentss,
618 3281 755 3315 nullum
780 3290 857 3316 esse
881 3280 1204 3316 fideicommissum.

121 3328 160 3359 14
208 3325 306 3360 Idem
331 3325 493 3370 quaesiit,
518 3335 575 3368 an,
600 3325 632 3361 si
655 3326 748 3361 hanc
772 3325 961 3370 pecuniam
985 3330 1026 3360 ut
1050 3326 1204 3361 debitam

118 3369 213 3414 apud
242 3369 395 3405 iudicem
424 3370 567 3415 petierit
596 3374 632 3406 et
659 3371 754 3406 victa
782 3371 906 3415 fuerit,
941 3381 987 3406 an
1023 3370 1205 3408 fideicom-

117 3415 263 3450 missum
297 3415 372 3460 peti
406 3415 531 3461 possit.
585 3416 769 3461 respondit
804 3416 999 3452 secundum
1034 3427 1077 3451 ea
1114 3428 1205 3462 quae

117 3465 366 3505 proponuntur
389 3471 495 3506 posse
521 3471 564 3496 ex
589 3471 698 3496 causa
716 3460 981 3497 fideicommissi
1000 3462 1082 3506 peti,
1109 3462 1204 3507 quod

118 3505 344 3550 apparuisset
366 3516 438 3541 non
460 3505 572 3542 fuisse
597 3516 642 3542 ex
664 3506 735 3542 alia
760 3517 870 3542 eausa
894 3507 1062 3542 debitum.

119 3663 159 3702 (1)
183 3657 490 3697 adminisfaveritF
621 3664 663 3707 (2)
688 3665 718 3698 is
738 3666 797 3698 ins.
936 3667 977 3705 (3)
1005 3665 1154 3707 quisdam
1173 3666 1207 3698 F

121 3708 160 3747 (1)
185 3708 383 3750 probasseF
465 3710 507 3750 (5)
531 3709 601 3742 sine
615 3711 673 3743 ins.
767 3713 811 3752 (6)
836 3710 997 3743 fuissetF
1085 3714 1126 3753 (7)
1153 3713 1200 3744 est

122 3752 170 3786 ins
194 3752 245 3784 ινη
369 3755 413 3797 (s)
441 3759 497 3795 52.
513 3761 528 3788 4
548 3772 591 3783 =
612 3755 631 3789 l.
646 3762 681 3790 28
706 3760 763 3796 54.
779 3763 794 3792 6
814 3757 843 3790 Ιι.
860 3763 879 3790 t.
997 3757 1039 3801 (0)
1067 3759 1115 3791 est
1136 3757 1196 3790 del.

1209 115 1292 163 489

2113 118 2326 160 XXXIIII
2351 121 2375 162 3

1333 237 1386 277 29
1412 239 1469 275 ΡΑ
1478 249 1520 275 vl.
1529 249 1572 275 vs
1587 240 1678 275 libro
1697 244 1802 275 sexto
1821 241 1871 275 ad
1887 242 1998 287 leyem
2018 240 2150 276 Iuliam
2169 245 2203 276 et
2221 241 2374 288 Papiam

1286 285 1324 321 Si
1347 285 1378 320 is
1427 285 1487 330 qui
1518 285 1608 321 duos
1637 295 1718 320 reos
1749 286 1977 330 promittendi
2001 286 2125 330 habet,
2158 287 2378 323 damnaverit

1285 313 1469 373 heredem,
1500 334 1540 366 ut
1562 333 1734 383 utrosque
1757 331 1900 374 liberet,
1932 332 1961 367 si
1986 332 2077 367 alter
2101 343 2144 367 ex
2168 332 2225 368 his
2248 343 2376 386 capere

1286 387 1357 411 non
1381 376 1495 421 possit
1519 386 1585 411 nec
1609 376 1698 411 socii
1722 375 1809 419 sint,
1840 375 1993 421 delegari
2017 377 2159 413 debebit
2183 379 2214 414 is
2238 389 2299 423 (1111
2322 378 2376 413 ni·

1285 421 1336 456 hil
1362 421 1458 466 capit
1482 421 1515 457 ei
1540 420 1598 456 cui
1621 421 1690 456 hoc
1716 421 1937 456 commodum
1962 422 2037 466 lege
2062 424 2246 468 competit:
2274 423 2375 459 cuius

1284 467 1456 511 petitione
1480 470 1671 511 utrumque
1695 465 1842 510 accidit,
1867 470 1907 501 ut
1931 470 1966 502 et
1989 468 2056 502 hoc
2083 469 2305 504 commodum
2330 469 2376 504 ad

1285 523 1366 547 eum
1390 512 1572 556 perveniat
1597 515 1632 547 et
1655 512 1685 546 is
1709 511 1771 556 qui
1794 511 1890 556 capit
1907 511 2089 548 liberetur.
2126 514 2221 558 quod
2239 514 2270 550 si
2287 514 2376 550 socii

1285 557 1371 601 sint,
1408 561 1557 602 propter
1593 567 1674 593 eum
1710 556 1771 601 qui
1801 566 1916 602 capax
1947 562 2001 592 est
2030 562 2066 593 et
2097 559 2156 594 ille
2187 559 2283 604 capit
2311 570 2376 605 per

1285 603 1559 647 consequentias
1595 602 1747 638 liberato
1782 602 1843 638 illo
1881 612 1945 648 per
1976 604 2304 648 acceptilationem:
2339 604 2375 640 id

1284 647 1377 683 enim
1402 648 1567 691 eveniret,
1594 648 1731 684 etiamsi
1756 647 1872 683 solum
1896 658 2064 693 capacem
2082 649 2234 685 liberare
2254 650 2376 686 iussus

1283 697 1390 729 esset.

1329 736 1383 776 30
1413 738 1521 773 IDEM
1551 738 1643 774 libro
1675 739 1812 775 decimo
1845 740 2093 785 quaestionum
2150 739 2288 776 Petitor
2321 741 2376 776 vol

1283 793 1471 836 possessor
1501 783 1681 819 damnavit
1711 784 1878 820 heredem
1902 795 2022 829 suum,
2055 795 2099 820 ne
2124 786 2376 822 centumvirale

1283 829 1454 864 mdicium
1491 833 1671 864 exerceat:
1708 829 1751 865 de
1786 830 1917 865 effectu
1951 830 2059 875 legati
2094 832 2287 875 quaeritur.
2341 835 2377 867 et

1284 874 1438 910 dictum⁷
1462 873 1514 909 ita
1539 874 1679 909 demum
1702 875 1789 911 utile
1813 875 1924 911 videri
1947 875 2103 921 legatum
2128 886 2221 920 esse,
2247 877 2277 912 si
2300 888 2374 912 ma-

1283 920 1354 955 lam
1378 929 1525 955 causam
1542 919 1769 956 adversarius
1790 920 1973 956 testatoris
1995 921 2132 966 habuit,
2157 925 2197 956 ut
2216 922 2376 967 litigante

1283 965 1414 1001 herede
1442 965 1536 1000 vinci
1568 965 1746 1001 debuerit:
1783 970 1869 1001 tunc
1906 966 1999 1001 enim
2030 977 2103 1002 non
2133 971 2273 1002 tantum
2303 968 2375 1003 litis

1283 1011 1577 1054 emolumentum,
1622 1011 1686 1047 sed
1721 1011 1830 1047 etiam
1864 1015 2028 1056 sumptus
2063 1012 2166 1048 heres
2204 1013 2375 1057 legatario

1282 1060 1468 1102 praestare
1493 1056 1644 1101 cogitur.
1691 1067 1774 1092 nam
1805 1057 1842 1091 in
1872 1057 1967 1093 bona
1992 1068 2103 1093 causa
2126 1058 2213 1093 nihil
2237 1058 2377 1093 videtur

1282 1112 1361 1137 esse
1392 1101 1431 1137 in
1459 1102 1577 1147 legato
1606 1112 1673 1138 1100
1703 1106 1850 1148 propter
1886 1106 2067 1148 sumptus,
2106 1103 2199 1148 quod
2234 1103 2375 1149 quidam

1283 1147 1585 1183 existimaverunt.

1329 1190 1378 1230 31
1395 1193 1407 1213 ⁸
1432 1192 1461 1228 S
1466 1202 1635 1228 CAEVOLA
1662 1192 1753 1228 libro
1779 1194 1883 1228 tertio
1907 1204 2165 1241 responsorum
2214 1194 2377 1230 Creditor

1283 1238 1437 1274 debitori
1465 1238 1596 1284 legavit
1623 1239 1690 1274 ita:
1731 1238 1833 1274 ‘Gaio
1864 1239 1963 1282 Seio,
1993 1239 2164 1284 quidquid
2193 1240 2279 1274 mihi
2309 1241 2375 1276 sub

1284 1284 1441 1329 ‘pignore
1465 1283 1653 1319 hortorum
1676 1295 1824 1320 suorum
1843 1284 1976 1328 debuit,
2001 1285 2048 1320 ab
2072 1285 2264 1321 heredibus
2288 1285 2375 1321 meis

1284 1329 1371 1364 ‘dari
1394 1329 1505 1365 volo':
1531 1340 1678 1374 quaero,
1703 1340 1784 1365 cum
1807 1333 1960 1365 testator
1983 1331 2082 1365 vivus
2107 1341 2128 1366 a
2143 1330 2224 1367 Seio
2243 1331 2376 1376 aliquid

1281 1375 1434 1420 recepit,
1458 1384 1506 1410 an
1529 1376 1566 1410 id
1588 1385 1631 1411 ex
1657 1386 1767 1411 causa
1790 1375 1897 1420 legati
1920 1376 1995 1421 peti
2018 1376 2142 1421 possit.
2192 1377 2377 1422 respondit

1282 1420 1478 1456 secundum
1509 1430 1552 1456 ea
1583 1431 1674 1465 quae
1704 1426 1993 1466 proponerentur
2021 1432 2094 1456 non
2117 1432 2235 1467 posse.
2283 1422 2376 1458 idem

1281 1466 1423 1511 repetiit
1448 1469 1483 1501 et
1507 1466 1557 1500 ait
1578 1465 1664 1502 item
1687 1469 1897 1502 testatorem
1921 1470 2003 1502 ante
2033 1466 2149 1503 factos
2182 1467 2375 1512 codicillos,

1283 1512 1410 1556 quibus
1449 1511 1596 1556 legavit,
1643 1522 1756 1557 paene
1798 1522 1936 1547 omnem
1971 1512 2160 1557 pecuniam
2197 1513 2302 1549 sortis
2341 1517 2377 1549 et

1281 1567 1473 1592 usurarum
1501 1557 1696 1602 recepisse,
1727 1557 1779 1592 ita
1809 1561 1849 1592 ut
1879 1557 2058 1593 modicum
2088 1558 2193 1593 sortis
2225 1562 2260 1594 et
2289 1570 2374 1594 usu-

1280 1613 1402 1637 rarum
1426 1602 1618 1647 debeatur,
1649 1606 1685 1638 et
1715 1603 1883 1647 quaesiit,
1916 1613 1964 1638 an
1988 1603 2020 1639 ei
2043 1614 2082 1639 re
2110 1604 2208 1640 etitio
2233 1615 2374 1649 compe-

1280 1651 1373 1683 teret
1395 1651 1545 1693 propter
1568 1648 1677 1683 verba
1706 1649 1752 1683 ad
1784 1649 2017 1693 praeteritum
2048 1615 2162 1685 relata
2194 1650 2374 1695 ‘quidquid

1281 1693 1378 1728 ‘mihi
1403 1693 1549 1730 debuit’.
1596 1693 1799 1739 respondit:
1824 1693 1924 1739 prius
1949 1694 2090 1739 quidem
2115 1695 2308 1730 secundum
2334 1705 2374 1731 ea

1281 1749 1372 1784 quae
1409 1742 1697 1784 proponerentur
1735 1742 1832 1774 recte
1870 1750 2082 1784 responsum
2124 1743 2178 1775 est
2189 1741 2212 1783 ⁹,
2252 1751 2372 1776 verum

1280 1784 1458 1829 posterius
1473 1786 1498 1805 ¹⁰
1522 1788 1672 1829 propter
1696 1794 1757 1827 ea,
1785 1795 1876 1830 quae
1899 1785 1937 1819 in
1961 1789 2121 1831 tempore
2145 1785 2373 1829 adderentur,

1280 1830 1332 1864 ita
1364 1830 1409 1865 ab
1439 1828 1557 1865 iudice
1580 1830 1859 1874 aestimandum,
1893 1834 1934 1865 ut
1956 1830 2167 1883 inspiceret,
2199 1832 2374 1867 oblivione

1280 1875 1455 1926 pecuniae
1478 1875 1628 1919 solutae,
1654 1879 1718 1910 aut
1742 1875 1838 1920 quod
1863 1886 1905 1924 eo
1928 1876 2042 1912 inscio
2062 1880 2250 1912 numerata
2268 1881 2374 1920 esset,

1279 1920 1317 1955 1d
1339 1920 1503 1964 fecisset,
1536 1930 1583 1955 an
1607 1921 1789 1965 consulto,
1815 1921 1911 1974 quod
1936 1922 2171 1965 quantitatem
2195 1923 2373 1967 quondam

1286 1969 1297 2000 l
1344 1965 1511 2008 debitam,
1528 1976 1601 2001 non
1616 1966 1672 2001 ius
1688 1966 1909 2002 liberat10nis
1927 1966 2012 2002 dare
2026 1969 2053 1989 ¹¹
2070 1967 2252 2003 voluisset.
2277 1969 2375 2004 Inter

1281 2015 1400 2047 cetera
1423 2011 1553 2047 liberto
1576 2011 1628 2046 ita
1651 2011 1799 2056 legavit:
1834 2013 1880 2047 ‘et
1910 2011 1941 2047 si
1965 2012 2050 2057 quid
2073 2023 2129 2048 me
2153 2013 2230 2049 vivo
2253 2014 2373 2059 gessit,

1281 2057 1449 2092 ·rationes
1481 2057 1526 2091 ab
1561 2067 1603 2092 eo
1635 2057 1728 2102 exigi
1758 2057 1864 2092 veto'.
1913 2058 2114 2102 quaeritur,
2148 2068 2194 2093 an
2219 2059 2372 2103 chartas,

1279 2102 1316 2136 in
1346 2102 1476 2147 quibus
1508 2102 1665 2137 rationes
1700 2102 1925 2147 conscriptae
1959 2107 2060 2146 sunt,
2097 2103 2182 2139 item
2217 2104 2282 2140 reli
2308 2115 2373 2140 uas

1280 2147 1476 2182 secundum
1517 2151 1667 2192 accepta
1710 2152 1747 2183 et
1789 2158 1946 2194 expensa
1990 2149 2181 2184 heredibus
2225 2150 2288 2185 red
2315 2161 2374 2185 ere

1280 2192 1418 2228 debeat.
1474 2193 1660 2238 respondit
1696 2203 1739 2228 ea
1773 2193 1816 2229 de
1847 2193 1976 2238 quibus
2007 2198 2239 2239 quaereretur
2267 2206 2373 2240 posse

1278 2238 1445 2273 heredem
1476 2238 1676 2281 vindicare,
1715 2239 1752 2274 id
1784 2242 1920 2281 autem,
1953 2239 2048 2292 quod
2080 2241 2276 2283 conservis,
2313 2241 2373 2294 qui

1278 2287 1464 2319 remanent
1485 2283 1523 2319 in
1546 2284 1763 2327 hereditate,
1798 2284 1990 2320 crediderit
2022 2288 2057 2320 et
2079 2285 2116 2320 in
2140 2297 2215 2320 rem
2240 2286 2371 2321 domini

1280 2332 1298 2363 2
1346 2339 1488 2364 versum
1504 2333 1606 2369 esset,
1633 2329 1766 2365 desisse
1789 2329 1827 2365 in
1850 2330 1995 2375 reliquis
2020 2341 2109 2366 esse.
2147 2331 2255 2374 Titia,
2280 2342 2371 2376 quae

1279 2374 1368 2410 duos
1399 2378 1536 2410 tutores
1570 2375 1767 2417 habuerat,
1799 2375 1851 2410 ita
1881 2375 1992 2410 cavit:
2027 2377 2212 2412 ‘rationem
2237 2377 2371 2412 tutelae

1278 2422 1408 2464 ‘meae‚
1434 2430 1540 2466 quam
1565 2420 1636 2465 egit
1658 2420 1809 2456 Publius
1834 2421 1995 2456 Maevius
2020 2432 2100 2456 cum
2123 2421 2237 2457 Lucio
2262 2422 2370 2465 Titio,

1279 2466 1430 2510 ‘reposci
1453 2466 1500 2501 ab
1526 2475 1567 2501 eo
1591 2466 1707 2501 nolo':
1741 2466 1941 2511 quaeritur,
1974 2476 2037 2508 an,
2070 2467 2100 2502 si
2125 2477 2195 2512 qua
2218 2467 2371 2513 pecunia

1277 2510 1375 2556 apud
1409 2521 1490 2546 eum
1520 2521 1564 2546 ex
1595 2511 1710 2547 tutela
1741 2511 1929 2554 remansit,
1968 2512 2042 2556 peti
2078 2512 2123 2546 ab
2162 2522 2203 2548 eo
2242 2512 2368 2558 possit.

1276 2556 1461 2601 respondit
1483 2556 1572 2591 nihil
1595 2557 1758 2602 proponi,
1785 2567 1848 2592 cur
1863 2557 1888 2576 ¹2
1912 2557 2075 2601 pecunia,
2101 2568 2192 2602 quae
2239 2558 2370 2603 upillae

1277 2605 1371 2637 esset
1403 2605 1439 2637 et
1470 2602 1566 2646 apud
1596 2606 1752 2638 tutorem
1784 2605 2000 2644 remaneret,
2032 2602 2150 2647 legata
2178 2604 2212 2638 vi
2238 2607 2368 2639 eretur.

1278 2650 1297 2682 3
1345 2647 1435 2682 Item
1460 2647 1662 2691 quaeritur,
1695 2658 1742 2682 an
1774 2651 1942 2683 contutor
1973 2647 2145 2683 liberatus
2175 2648 2368 2684 videretur.

1277 2695 1297 2726 4
1344 2692 1531 2737 respondit
1566 2696 1790 2728 contutorem
1827 2703 1900 2727 non
1937 2692 2093 2728 liberari.
2151 2693 2254 2730 ‘Gaio
2288 2694 2368 2730 Seio

1277 2738 1419 2783 ‘optime
1444 2738 1568 2773 merito
1592 2738 1661 2774 hoc
1686 2738 1838 2783 amplius
1864 2738 1941 2783 lego
1968 2738 2186 2785 concedique
2206 2740 2286 2775 volo
2306 2750 2367 2775 ne-

1277 2785 1357 2828 ί(1116
1393 2783 1437 2818 ab
1468 2794 1509 2819 eo
1540 2783 1616 2829 peti
1644 2793 1759 2828 neque
1783 2783 1829 2819 ab
1853 2782 2046 2819 heredibus
2071 2784 2165 2827 eius,
2199 2785 2368 2830 quidquid

1275 2828 1360 2862 mihi
1385 2832 1449 2863 aut
1474 2828 1721 2873 chirographis
1746 2831 1809 2863 aut
1832 2828 2033 2864 rationibus
2059 2829 2199 2866 debitor
2228 2834 2283 2866 est
2313 2831 2368 2866 vel

1277 2873 1460 2918 ‘quidquid
1484 2884 1506 2909 a
1530 2884 1585 2909 me
1610 2878 1771 2909 mutuum
1795 2874 1936 2918 accepit
1959 2874 2015 2910 vel
2033 2873 2139 2910 fidem
2163 2885 2277 2911 meam
2301 2887 2366 2921 pro

1277 2922 1331 2954 ‘eo
1353 2919 1529 2964 obligavi’.
1565 2929 1711 2964 quaero,
1736 2922 1854 2954 utrum
1879 2919 1916 2954 id
1941 2919 2067 2963 solum,
2092 2921 2188 2965 quod
2212 2931 2254 2957 eo
2277 2924 2364 2956 tem-

1275 2975 1380 3016 pore,
1418 2975 1486 3009 quo
1519 2967 1773 3017 testamentum
1804 2964 1930 3006 fiebat,
1964 2965 2180 3010 debebatur,
2212 2966 2364 3011 legatum

1276 3013 1322 3044 611
1359 3019 1406 3044 611
1439 3013 1474 3044 61
1504 3020 1534 3044 61
1566 3010 1650 3054 quid
1683 3019 1727 3045 611
1759 3020 1801 3045 66
1833 3020 1970 3045 6111111116
2001 3021 2192 3046 usurarum
2224 3011 2365 3047 nomine

1274 3057 1401 3099 postca
1425 3054 1577 3089 accessit
1600 3055 1717 3099 legato
1742 3054 1857 3090 cedat.
1896 3055 2081 3100 respondit
2104 3056 2299 3092 secundum
2323 3067 2365 3091 ea

1276 3110 1367 3144 quae
1396 3104 1682 3145 proponerentur
1709 3099 1819 3136 videri
1844 3111 1983 3136 omnem
2009 3101 2258 3146 obligationem
2284 3101 2363 3136 Seio

1276 3149 1294 3179 5
1344 3145 1418 3180 eius
1436 3145 1546 3180 debiti
1562 3155 1627 3190 per
1643 3145 1954 3181 fideicommissum
1971 3146 2059 3182 solvi
2075 3147 2238 3182 voluisse.
2275 3147 2361 3182 Item

1276 3190 1468 3235 quaeritur,
1485 3190 1515 3225 si
1530 3195 1657 3235 postea
1672 3190 1862 3227 novatione
1878 3191 1976 3227 facta
1993 3195 2029 3227 et
2043 3192 2211 3237 ampliata
2227 3202 2362 3226 summa

1276 3235 1433 3280 coeperit
1458 3235 1597 3278 debere,
1622 3246 1668 3271 an
1689 3235 1736 3279 id,
1763 3236 1858 3280 quod
1882 3247 1926 3272 66
1950 3241 2067 3272 vetere
2093 3241 2277 3272 contractu
2302 3236 2361 3271 de—

1275 3281 1447 3323 bebatur,
1480 3280 1591 3316 nihilo
1617 3281 1733 3318 minus
1757 3281 1796 3317 in
1826 3292 1936 3317 causa
1960 3282 2065 3326 legati
2090 3284 2193 3317 duret
2217 3285 2251 3316 et
2267 3283 2292 3302 ¹³
2316 3291 2361 3316 an

1275 3336 1358 3361 vero
1390 3326 1579 3362 novatione
1611 3326 1709 3363 facta
1740 3327 1842 3380 quasi
1871 3338 1983 3362 novus
2009 3327 2148 3362 debitor
2171 3326 2361 3371 ampliatae

1276 3381 1432 3406 summae
1450 3371 1565 3416 possit
1585 3372 1775 3408 conveniri.
1816 3372 2001 3417 respondit
2014 3371 2051 3406 id
2066 3371 2252 3406 dumtaxat
2265 3371 2361 3416 lega-

1274 3420 1349 3451 tum
1373 3416 1484 3451 videri
1509 3417 1604 3462 quod
1627 3421 1713 3453 tunc
1738 3418 1935 3461 debuisset,
1970 3416 1999 3451 si
2027 3420 2147 3452 tamen
2170 3416 2301 3452 mansit
2323 3416 2358 3451 in

1274 3472 1316 3498 ea
1340 3462 1522 3497 voluntate
1545 3466 1707 3507 testator,
1733 3473 1824 3509 quae
1847 3466 1933 3498 tunc
1957 3461 2094 3496 fuisset.

1271 3667 1330 3707 (10)
1355 3667 1519 3709 posterius
1533 3668 1593 3701 del.
1649 3668 1702 3708 (11)
1729 3665 1801 3699 dari
1815 3665 1865 3698 17⁷²
1918 3665 1976 3706 (12)
2002 3674 2068 3697 non
2083 3664 2142 3697 t'nS.
2159 3664 2309 3697 Fcontm
2324 3663 2357 3696 Β

1270 3714 1325 3752 (13)
1353 3715 1386 3745 61
1400 3714 1457 3745 (Μ.

2041 3810 2084 3845 62
