2528 3918
182 117 396 161 XXVIIII
424 119 450 160 2

229 237 282 277 53
317 239 440 276 Gaws
468 238 559 274 libro
591 242 722 285 quarto
754 238 890 276 decim
920 240 972 276 ad
997 240 1110 286 leqem
1134 237 1270 275 Iuliam

181 288 217 320 et
239 284 396 331 Papiam
442 282 512 328 Qui
534 292 580 319 ex
603 283 743 320 duabus
766 285 932 330 partibus
955 286 1059 321 heres
1082 283 1268 321 institutus

175 329 309 370 fuerit,
334 338 378 364 ex
401 328 473 364 alia
494 338 603 374 pure,
627 338 672 364 ex
694 329 766 365 alia
788 330 856 366 sub
881 330 1109 371 condicione,
1141 330 1200 365 et¹
1224 339 1270 366 ex

206 384 273 410 ura
295 373 518 409 institutione
540 373 669 409 adierit
690 378 728 410 et
749 374 945 411 decesserit
966 379 1163 420 posteaque
1183 385 1268 410 con·

180 385 274 455 gieio
304 418 499 461 exstiterit,
538 428 583 455 ea
616 429 758 466 quoque
792 430 878 465 pars
913 419 961 455 ad
994 419 1162 455 heredem
1193 419 1269 455 eius

184 468 197 498 1
245 463 414 516 pertinet.
470 462 538 508 Qui
567 463 677 500 semel
706 464 828 510 aliqua
858 475 903 501 ex
933 469 1038 510 parte
1066 464 1172 500 heres
1205 474 1266 500 ex-

180 508 282 551 stitit,
306 508 546 544 deficientium
568 512 690 554 partes
709 510 817 545 etiam
838 510 968 545 invitus
988 509 1067 545 exci
1092 509 1132 552 it,
1156 508 1194 545 id
1213 513 1269 545 est

178 553 290 589 tacite
309 553 342 589 ei
361 553 600 590 deficientium
644 559 740 590 artes
760 555 867 590 etiam
886 555 1021 591 invito²
1088 558 1265 590 crescunt.

226 597 280 636 54
304 599 581 635 Ειοικεινηινυε
596 600 621 635 Ιε
665 611 687 635 o
707 605 832 635 octavo
852 600 1115 635 institutionum
1152 598 1267 635 Heres

179 643 397 689 quandoque
427 643 590 680 adeundo
622 644 856 680 hereditatem
885 644 957 680 iam
987 648 1076 680 tunc
1106 654 1130 680 a
1152 648 1267 680 morte

174 689 396 725 successisse
418 689 588 726 defuncto
611 689 838 734 intellegitur.

224 732 278 772 55
310 733 548 771 Mamaos
581 734 673 770 libro
708 734 865 770 secundo
899 735 1110 781 requitur-um
1177 733 1267 770 Cum

177 778 376 816 hereditate
397 779 512 826 patris
535 780 759 815 necessarius
782 780 886 815 heres
906 789 946 815 se
964 779 1155 823 abstineat,
1179 790 1265 815 con-

177 825 271 862 dicio
303 823 471 861 coheredi
500 824 574 860 sive
604 834 670 860 suo
701 824 775 860 sive
804 828 975 861 extraneo
1006 824 1186 868 defertur,
1225 828 1268 860 ut

177 874 242 906 aut
270 874 385 906 totam
415 869 612 914 adgnoscat
641 873 705 904 aut
734 879 757 904 a
779 873 856 906 toto
880 869 1047 913 recedat,
1079 874 1116 906 et
1144 870 1197 905 ita
1227 880 1267 905 se

177 916 360 952 abstinere
387 919 509 960 potest
538 918 686 960 propter
717 914 843 958 alium,
876 915 936 960 qui
966 925 1031 960 per
1058 924 1160 951 suam
1183 924 1266 960 per-

177 971 303 997 sonam
334 970 407 996 non
434 963 586 1006 poterat.
635 960 665 995 si
694 962 817 995 tamen
848 959 1043 996 creditores
1074 959 1196 996 dicant
1226 969 1266 996 se

177 1009 366 1043 contentos
397 1014 476 1041 esse
505 1005 582 1040 eius
611 1005 793 1049 portione,
829 1005 912 1050 quia
943 1016 1016 1041 non
1050 1009 1171 1050 potest
1204 1015 1266 1041 ex-

177 1051 331 1094 onerari,
356 1050 426 1086 nisi
449 1049 631 1086 deferatur
654 1049 830 1093 condicio,
855 1054 892 1086 et
910 1049 1058 1086 alterius
1077 1054 1182 1096 parte
1201 1050 1265 1086 ab·

177 1096 310 1132 stinere
333 1106 374 1132 se
396 1095 590 1131 creditores
614 1093 764 1139 debent,
794 1099 836 1130 ut
865 1095 942 1131 eius
965 1096 1125 1131 actiones
1149 1095 1183 1131 ei
1206 1095 1267 1141 qui

178 1140 386 1178 convenitur
409 1140 548 1176 dentur.

224 1183 278 1224 56
306 1186 500 1222 Uzmiws
516 1185 606 1220 libro
623 1185 923 1231 quinquaqesimo
938 1185 1091 1231 septimo
1106 1184 1156 1220 ad
1170 1184 1265 1220 edic-

179 1237 253 1267 tum
312 1231 350 1266 Si
378 1230 411 1266 is
442 1230 504 1275 qui
532 1229 723 1265 immiscuit
752 1239 792 1265 se
821 1229 1012 1267 hereditati
1043 1229 1265 1272 decessisset,

178 1276 307 1313 deinde
338 1274 430 1311 alter
460 1284 500 1310 se
531 1274 705 1318 abstinet,
738 1274 862 1310 eadem
886 1275 1049 1310 condicio
1073 1274 1267 1310 deferenda

177 1325 234 1358 est
254 1320 377 1357 heredi
401 1320 477 1355 eius
501 1329 594 1365 quae
617 1323 653 1355 et
675 1319 756 1364 ipsi,
781 1320 878 1365 quod
900 1319 1096 1356 Marcellus
1119 1320 1180 1356 ait.

223 1364 276 1404 57
305 1366 428 1402 Gsws
455 1365 546 1400 libro
579 1365 744 1400 vicesimo
777 1366 881 1401 tertio
912 1365 962 1401 ad
990 1365 1145 1401 edictum

176 1411 329 1448 vinciale
374 1410 594 1446 Necessariis
617 1409 809 1445 heredibus
838 1420 910 1446 non
934 1410 1050 1446 solum
1072 1410 1170 1456 impu
1197 1420 1266 1447 eri-

176 1457 258 1500 bus,
281 1455 345 1491 sed
368 1455 476 1490 etiam
498 1455 696 1500 puberibus
720 1455 922 1491 abstinendi
942 1465 982 1491 se
999 1456 1046 1491 ab
1066 1455 1267 1492 hereditate

202 1500 370 1537 roconsul
393 1504 608 1545 potestatem
630 1499 737 1543 facit,
761 1504 821 1543 ut,
846 1501 1006 1546 quamvis
1030 1500 1266 1537 creditoribus

175 1513 400 1582 {ereditariis
423 1545 502 1580 iure
525 1545 618 1580 civili
640 1549 850 1588 teneantur,
882 1549 1003 1581 tamen
1023 1546 1062 1581 in
1086 1555 1149 1582 eos
1171 1546 1266 1581 actio

176 1602 250 1644 non
276 1591 400 1643 detur,
433 1590 464 1626 si
493 1589 604 1643 yelint
634 1589 880 1642 derelinquere
907 1590 1154 1642 hereditatem.
1202 1590 1267 1643 sed

175 1635 961 1732 ffiussffissusstqauissffianffiffhiiaema
928 1635 1266 1725 ρὲἓέῑῗὲἒὲἑῗὲὲῑ

179 1730 194 1761 1
243 1725 306 1768 ita,
330 1724 363 1761 si
385 1734 425 1760 se
446 1734 519 1760 non
541 1727 809 1760 immiscuerint.
857 1724 928 1760 Sed
950 1728 1071 1761 tamen
1094 1729 1131 1761 et
1152 1726 1265 1771 pube-

175 1771 276 1808 ribus
294 1770 493 1805 minoribus
511 1769 635 1814 viginti
652 1769 808 1815 quinque
828 1770 943 1812 annis,
963 1770 995 1806 si
1013 1774 1147 1806 temere
1166 1770 1265 1806 dam·

176 1825 302 1852 nosam
324 1814 559 1851 hereditatem
581 1815 740 1860 parentis
769 1815 1003 1860 appetierint,
1035 1825 1081 1851 ex
1109 1815 1267 1860 generali

176 1860 293 1897 edicto
326 1860 422 1913 quod
453 1863 509 1896 est
538 1859 591 1912 de·
614 1860 812 1912 minoribus
835 1860 958 1905 viginti
980 1860 1139 1906 quinque
1162 1860 1265 1897 annis

176 1909 368 1948 succurrit,
398 1916 478 1940 cum
503 1908 539 1940 et
563 1915 593 1941 si
617 1908 777 1941 extranei
801 1905 1009 1941 damnosam
1031 1905 1267 1942 hereditatem

175 1951 340 1993 adierint,
365 1960 409 1986 ex
432 1960 476 1986 ea
498 1953 602 1995 parte
624 1949 732 1986 edicti
753 1950 792 1985 in
814 1951 852 1985 in
956 1961 992 1986 m
1015 1960 1077 1986 eos
1096 1951 1264 1987 restituit.

176 1999 197 2032 2
245 1996 363 2031 Servis
387 1999 506 2030 autem
530 1995 741 2030 necessariis
764 1995 888 2031 heredi
913 2006 976 2039 us,
1008 1996 1082 2032 sive
1111 1996 1265 2042 puberes

175 2041 251 2077 sive
272 2041 320 2076 im
346 2041 474 2076 uberes
500 2040 583 2082 sint,
607 2041 676 2076 hoc
699 2051 772 2076 non
795 2040 1023 2086 permittitur.

222 2082 276 2123 58
310 2051 471 2121 fisurus
498 2085 589 2121 libro
617 2085 775 2121 secundo
806 2085 1016 2132 regularum
1070 2086 1129 2122 Ex
1162 2090 1267 2132 parte

175 2131 281 2167 heres
301 2130 488 2166 institutus
511 2139 634 2166 servus
657 2134 695 2166 et
716 2130 876 2166 nondum
899 2130 999 2166 adita
1020 2131 1221 2167 hereditate
1244 2142 1267 2167 a

177 2175 353 2212 coherede
376 2175 452 2210 eius
475 2175 566 2211 liber
585 2179 622 2210 et
640 2175 744 2211 heres
765 2175 806 2210 fit
825 2175 1061 2219 necessarius,
1086 2177 1171 2222 quia
1193 2187 1266 2212 non

176 2231 199 2256 a
223 2220 410 2262 coherede,
435 2219 498 2256 sed
521 2230 544 2255 a
567 2223 680 2255 semet
701 2220 780 2265 ipso
801 2220 933 2266 accipit
951 2220 1172 2257 libertatem:
1197 2221 1265 2257 nisi

174 2266 228 2301 ita
242 2265 427 2302 institutus
443 2265 570 2300 fuerit:
594 2268 687 2301 ‘cum
702 2265 788 2300 mihi
804 2265 882 2310 quis
898 2265 1003 2301 lieres
1019 2266 1099 2308 erit,
1120 2266 1265 2302 Stichus

176 2311 279 2347 ‘liber
302 2315 339 2347 et
360 2310 464 2346 heres
487 2310 588 2346 esto'.

222 2353 276 2394 59
309 2355 516 2392 Nmurws
543 2355 634 2391 libro
663 2354 821 2391 secundo
852 2355 1141 2391 membranarum
1197 2355 1266 2400 Qui

174 2399 731 2498 εξιέετςιιειιιιιιι
747 2399 826 2481 ἕως
843 2400 1266 2498 sesamae

175 2491 229 2527 sic
259 2491 504 2536 recipiendum
534 2493 591 2526 est
620 2490 728 2527 etiam
763 2490 793 2526 si
826 2500 904 2526 vivo
935 2490 1072 2536 pupillo
1103 2494 1265 2526 mortuus

175 2536 254 2579 erit,
279 2535 407 2572 deinde
428 2535 584 2581 pupillus
609 2535 772 2581 impubes
796 2534 1000 2571 decesserit.
1043 2545 1127 2572 iiam
1150 2536 1180 2572 is
1205 2536 1265 2589 qui

175 2582 279 2617 heres
299 2581 475 2616 exstiterit
486 2581 500 2602 ³
519 2580 654 2626 pupillo
699 2590 818 2626 uoque
836 2580 942 2616 lieres
957 2581 1160 2617 necoesario
1177 2584 1264 2617 erit:

176 2636 259 2662 nam
283 2626 314 2662 si
336 2626 624 2678 ipsum-invitum
654 2592 806 2678 effingat,
831 2625 969 2679 ‘coniun
995 2626 1002 2633 '
1035 2636 1114 2662 eam
1144 2629 1265 2679 pater-

176 2681 245 2707 nae
278 2671 468 2724 hereditati
500 2675 537 2723 et
567 2670 799 2724 adcrescendi
828 2680 906 2706 iure
936 2681 958 2706 a
984 2671 1077 2716 quiri
1108 2681 1264 2707 cuicum-

176 2716 527 2813 qugopffigmhggcig
537 2716 834 2813 1.ῗόῗίιῇἳέιῖΠὲ
846 2719 1265 2814 ωέζςιενίονίὺαεραζκρ·

175 2807 235 2841 nis
271 2805 401 2840 Filium
418 2810 678 2851 emancipatum
694 2809 797 2852 pater
809 2816 848 2842 so
864 2816 923 2841 um
934 2805 1101 2842 heredem
1110 2809 1267 2841 instituit

177 2854 225 2894 et,
250 2850 280 2886 si
303 2851 334 2886 is
357 2850 460 2886 heres
484 2861 557 2886 non
580 2855 685 2894 esset,
710 2861 849 2887 servum
873 2851 1024 2887 liberum
1044 2855 1081 2887 et
1099 2851 1265 2887 heredem

175 2905 256 2932 esse
279 2895 451 2931 iusserat:
484 2895 597 2938 filius,
627 2900 700 2932 tam
726 2907 809 2932 uam
832 2900 937 2942 pater
960 2896 1103 2932 demens
1125 2896 1264 2939 fuisset,

175 2941 376 2977 bonorum⁴
407 2941 667 2985 possessionem
692 2952 714 2976 a
762 2941 932 2977 intestato
957 2941 1045 2986 petit
1069 2945 1106 2977 et
1126 2941 1180 2977 ita
1201 2941 1264 2977 he-

175 2985 364 3022 reditatem
395 2986 562 3030 possedit.
609 2986 732 3022 Labeo
764 2987 833 3029 ait,
866 2987 896 3022 si
951 2986 1144 3022 robaretur
1175 2996 1265 3022 sana

175 3034 296 3067 mente
328 3034 433 3076 pater
463 3034 713 3067 testamentum
743 3031 890 3074 fecisse,
970 3032 1040 3066 'um
1076 3041 1121 3067 ex
1154 3034 1264 3067 testa-

176 3079 295 3112 mento
327 3075 422 3120 patri
454 3075 617 3110 heredem
649 3086 737 3112 esse.
781 3076 851 3112 hoc
881 3075 1011 3112 falsum
1041 3080 1148 3122 puto:
1181 3086 1263 3112 nam

175 3120 271 3157 filius
306 3120 550 3165 emancipatus
583 3131 662 3155 cum
695 3122 926 3157 hereditatem
957 3125 1171 3157 testamento
1200 3121 1263 3157 da-

175 3169 250 3202 tam
282 3165 329 3201 ad
360 3174 400 3200 se
456 3164 609 3200 ertinere
637 3166 768 3210 noluit,
802 3167 970 3202 continuo
995 3177 1039 3202 ea
1062 3166 1108 3202 ad
1132 3166 1263 3202 substi-

175 3214 293 3246 tutum
323 3176 491 3262 heredgm
523 3210 653 3262 transit
676 3221 742 3246 nec
765 3215 885 3257 potest
908 3211 1018 3247 videri
1042 3222 1108 3257 pro
1132 3211 1264 3247 herede

175 3256 339 3302 gessisse,
364 3266 437 3300 qui,
460 3258 502 3289 ut
524 3254 755 3291 hereditatem
780 3257 968 3298 omitteret,
997 3267 1041 3292 ex
1065 3256 1136 3292 alia
1159 3260 1263 3302 parte

176 3300 283 3337 edicti
314 3300 575 3346 possessionem
606 3300 781 3335 bonorum
813 3306 922 3346 petat.
978 3301 1167 3337 P.wsvs‘.
1213 3301 1264 3336 Et

175 3345 351 3381 Proculus
377 3344 554 3380 Labeonis
586 3346 797 3380 sententiam
828 3346 1007 3392 improbat
1038 3350 1075 3382 et
1099 3346 1136 3382 in
1160 3346 1261 3382 Iavo-

175 3391 246 3426 leni
269 3390 447 3426 sententia
469 3393 534 3425 est.

222 3433 271 3473 61
309 3434 451 3471 Macen
489 3434 582 3471 libro
605 3435 729 3480 primo
760 3435 804 3470 de
834 3436 960 3482 officio
984 3436 1171 3483 praesidis
1224 3435 1263 3471 Si

175 3481 292 3517 minor
315 3480 437 3522 annis,
468 3483 702 3525 posteaquam
726 3489 770 3514 ex
793 3484 896 3525 parte
918 3481 1022 3518 heres
1047 3481 1201 3524 exstitit,
1225 3481 1262 3517 in

174 3526 351 3571 integrum
375 3525 563 3561 restitutus
587 3528 660 3566 est,
689 3523 789 3559 divus
814 3524 963 3561 Severus
988 3526 1190 3569 constituit,
1220 3529 1263 3561 ut

1201 1375 1267 1418 ²⁹⁰.-

175 3639 216 3678 (1)
241 3639 287 3679 et]
300 3638 328 3670 si
345 3650 407 3671 scr.
517 3639 561 3678 (2)
586 3638 686 3670 etiam
699 3637 808 3671 invito
825 3638 887 3671 del.
1005 3643 1047 3680 (³)
1072 3639 1163 3681 patri
1180 3640 1231 3673 ins
1249 3651 1262 3673 e

172 3689 347 3725 praeterea
358 3684 457 3716 verba
469 3692 547 3715 nam
558 3681 588 3715 is
640 3681 706 3715 erit
718 3682 857 3717 insiticia
868 3690 945 3716 tun!
990 3685 1032 3722 (4)
1054 3685 1126 3716 eius
1139 3685 1199 3718 ins.
1210 3682 1261 3718 F*

176 3731 220 3767 (ὅ)
244 3727 350 3759 Aulus
363 3739 420 3760 ser.
516 3728 560 3767 (6)
586 3726 621 3759 in
637 3728 695 3761 ins.
711 3725 764 3761 F*
855 3731 897 3766 (τ)
922 3732 956 3760 et
967 3727 1061 3760 adire
1074 3729 1184 3762 iussus
1197 3729 1259 3763 del.

1264 115 1348 164 404

1923 135 1987 166 ΒΕ
2012 135 2309 175 mqumnma
2338 139 2427 172 VEL

1339 240 1415 276 eius
1438 242 1551 286 partis
1575 253 1667 278 onus
1691 242 1838 280 coheres
1860 243 2043 290 suscipere
2065 255 2138 281 non
2162 250 2331 292 cogatur,
2361 248 2425 286 sed

1337 285 1515 321 bonorum
1538 287 1719 333 possessio
1742 288 1979 325 creditoribus
2002 289 2119 325 detur.

1384 327 1444 383 62·
1461 330 1509 366 la
1518 341 1689 368 νοιωνυε
1715 332 1808 370 libro
1830 335 1956 381 prinw
1989 345 2041 370 ea:
2062 336 2332 382 posterioribus
2354 337 2423 374 la-

1338 375 1461 428 beones
1482 420 1488 427 .
1506 377 1682 412 Antistius
1704 376 1828 414 Labeo
1851 379 1921 422 ait,
1953 378 1984 414 si
2013 380 2066 414 ita
2093 379 2280 418 institutus
2311 383 2359 418 sit
2381 383 2424 419 ·si

1336 426 1524 463 iuraverit,
1548 421 1652 457 heres
1676 423 1777 466 esto’,
1804 424 1963 469 quamvis
1986 423 2176 468 iuraverit,
2207 436 2282 462 non
2303 431 2423 464 tamen

1337 475 1418 500 eum
1441 466 1561 501 statim
1583 466 1750 502 heredem
1771 466 1953 512 futurum,
1984 473 2176 514 antequam
2201 481 2268 516 pro
2291 471 2423 509 herede

1336 509 1383 545 ali
1409 509 1470 545 uid
1491 511 1652 563 gesserit,
1676 512 1761 557 quia
1782 512 1933 550 iurando
1954 513 2172 551 volumtatem
2188 515 2301 562 magis
2320 526 2423 554 suam

1336 521 1552 608 degarasse·
1561 555 1735 592 videatur.
1769 567 1846 610 ,ego
1869 563 1957 611 puto
1982 559 2069 595 satis
2093 569 2175 595 eum
2227 571 2269 596 ro
2291 561 2423 599 herede

1337 609 1499 652 gessisse,
1524 611 1554 653 ⁸¹.
1576 605 1618 636 ut
1639 601 1745 638 heres
1767 608 1955 639 iuraverit:
1981 604 2158 640 Proculus
2180 605 2194 640 i
2218 614 2286 649 em,
2310 616 2422 653 eoque

1340 648 1354 679 1
1403 655 1481 681 iure
1503 649 1646 681 utimur.
1695 646 1733 682 Si
1755 657 1878 684 servus
1902 649 2006 684 heres
2029 649 2215 686 institutus
2242 655 2328 696 post
2349 651 2421 687 ius-

1336 699 1416 742 sum
1439 690 1582 733 domini,
1607 694 1798 736 antequam
1816 693 1942 736 adiret,
1967 693 2143 730 alienatus
2162 699 2268 739 esset,
2291 706 2422 732 novum

1334 745 1470 770 iussum
1484 735 1694 780 postes-ioris
1710 735 1853 780 domini,
1869 748 1942 774 non
1957 738 2091 775 iussum
2135 739 2240 776 rioris
2306 741 2313 748 '
2340 741 2421 777 'tur.

1381 776 1434 817 63
1468 779 1602 816 eLibro
1635 781 1692 817 sin
1745 781 1820 818 lari
1846 783 2056 829 reyularum
2125 794 2288 821 oupoivu
2356 796 2408 822 AB

1338 833 1484 877 cessus
1510 828 1614 877 potat
1664 792 1839 863 Ἑξιηι-ἰοειιε
1872 827 2062 873 adquirere
2093 829 2163 866 sibi
2198 831 2421 867 commodum

1334 869 1542 922 hereditatis
1566 879 1611 906 ex
1633 873 1846 907 testamento
1870 882 1943 908 non
1963 876 2094 924 potest,
2118 875 2188 910 nisi
2205 875 2238 910 si
2255 885 2421 912 necessa-

1333 924 1408 949 rius
1431 919 1528 966 patri
1547 919 1612 950 aut
1630 915 1772 952 domino
1790 916 1896 953 heres
1915 921 2065 953 existat:
2089 929 2155 964 per
2173 918 2283 955 alium
2301 924 2421 956 autem

1334 958 1475 1011 adquiri
1505 959 1538 995 ei
1567 963 1707 1006 potest,
1738 961 1847 997 veluti
1877 972 1943 1007 per
1973 972 2114 999 servum
2135 964 2191 999 vel
2214 973 2295 1000 eum
2318 974 2421 1010 quem

1333 1014 1371 1039 in
1420 1007 1574 1041 otestate
1595 1005 1716 1042 habet.

1410 1047 1436 1086 4
1474 1048 1520 1085 IA
1529 1059 1700 1086 romnus
1738 1050 1829 1087 libro
1870 1051 2029 1087 secundo
2071 1062 2123 1088 σε
2154 1054 2424 1099 poster-toribus

1334 1092 1516 1130 Labeonis
1568 1095 1699 1131 Servus
1731 1095 1883 1131 duorum
1912 1096 2018 1132 lieres
2047 1096 2232 1134 institutus
2262 1102 2299 1134 et
2323 1099 2422 1135 adire

1334 1139 1477 1174 iussus⁷
1500 1139 1533 1175 si
1551 1140 1698 1176 alterius
1718 1140 1851 1176 domini
1869 1141 1971 1176 iussu
1990 1141 2128 1185 adierit,
2153 1142 2279 1179 deinde
2296 1154 2422 1180 manu·

1334 1183 1464 1264 {fissus
1486 1183 1615 1228 fuerit,
1642 1186 1776 1231 poterit
1797 1185 1875 1231 ipse
1898 1185 2062 1222 adeundo
2086 1196 2132 1223 ex
2153 1191 2258 1232 parte
2280 1187 2423 1225 dimidia

1361 1239 1440 1265 eres
1464 1239 1555 1271 esse,

1381 1271 1434 1312 65
1461 1273 1517 1309 ΡΑ
1525 1284 1621 1311 ozas
1640 1275 1731 1311 libro
1754 1275 1912 1311 secundo
1935 1275 1987 1312 ad
2002 1274 2178 1313 Sabinum
2224 1281 2262 1313 et
2282 1277 2314 1314 si
2336 1278 2422 1315 sub-

1335 1319 1500 1355 stitutum
1522 1319 1672 1356 haberet
1694 1319 1787 1356 idem
1818 1330 1941 1356 servus
1971 1321 2024 1356 ita
2056 1321 2099 1357 ‘si
2120 1321 2224 1358 heres
2247 1332 2321 1358 non
2343 1323 2422 1367 erit,

1335 1364 1406 1400 ‘ille
1428 1365 1535 1400 heres
1558 1365 1660 1408 esto’,
1685 1365 1900 1401 substitutus
1922 1364 2042 1401 locum
2065 1377 2138 1402 non
2160 1366 2281 1403 habet.

1363 1406 1435 1462 ‚66
1466 1409 1661 1446 Ummvs
1689 1410 1780 1446 libro
1803 1411 2032 1463 sexaqesimo
2048 1412 2173 1459 primo
2197 1411 2248 1447 ad
2268 1412 2423 1449 edictum

1336 1454 1374 1491 Si
1397 1464 1519 1491 servus
1544 1455 1740 1491 communis
1763 1455 1819 1491 vel
1841 1467 1904 1491 uni
1937 1466 1982 1491 ex
2008 1455 2159 1492 dominis
2182 1456 2238 1493 vel
2260 1457 2422 1502 pluribus

1333 1499 1391 1536 vel
1405 1500 1570 1536 omnibus
1587 1500 1692 1537 heres
1708 1500 1886 1537 exstiterit
1899 1501 2134 1544 necessarius,
2150 1501 2281 1538 nullius
2298 1512 2422 1539 eorum

1333 1544 1535 1580 hereditate
1557 1555 1598 1580 se
1645 1546 1753 1581 eterit
1775 1545 1966 1582 abstinere.

1380 1587 1434 1627 67
1459 1588 1566 1624 IDEM
1581 1590 1611 1625 li
1652 1601 1673 1625 o
1682 1591 1809 1643 primo
1827 1590 2037 1637 reqularum
2073 1590 2203 1627 Servus
2225 1592 2422 1629 communis

1333 1634 1380 1670 ab
1405 1637 1528 1670 extero
1552 1634 1657 1670 heres
1679 1635 1866 1670 mstitutus
1889 1635 1920 1671 si
1942 1635 2043 1671 iussu
2065 1636 2172 1671 unius
2201 1635 2329 1672 adierit
2358 1637 2422 1674 he-

1333 1678 1543 1722 reditatem,
1582 1689 1655 1715 non
1690 1690 1756 1725 pro
1787 1680 1921 1715 maiore
1951 1684 2054 1726 parte
2083 1680 2226 1717 interim
2255 1681 2422 1719 heredem

1335 1733 1415 1760 eum
1436 1723 1527 1760 facit
1572 1734 1655 1759 uam
1677 1735 1745 1770 pro
1770 1725 1967 1768 dominica,
1999 1725 2126 1761 deinde
2157 1726 2284 1762 ceteris
2314 1727 2422 1763 sociis

1334 1779 1407 1805 non
1429 1769 1568 1805 iubenti
1594 1779 1637 1805 us
1659 1769 1771 1806 tacito
1794 1770 1873 1806 iure
1894 1774 2017 1815 partes
2041 1770 2074 1807 ei
2096 1770 2322 1807 adcrescunt.

1380 1811 1434 1852 68
1455 1813 1616 1850 Pinus
1629 1814 1720 1851 libro
1737 1816 1863 1860 quinto
1880 1815 1930 1850 ad
1945 1815 2058 1862 leqem
2072 1814 2205 1851 Iuliam
2220 1820 2255 1851 et
2267 1815 2420 1864 Papiam

1335 1859 1424 1895 Cum
1448 1859 1547 1895 solus
1571 1869 1695 1896 servus
1717 1859 1823 1896 heres
1845 1860 2028 1896 institutus
2053 1861 2110 1903 sit,
2135 1860 2228 1896 sicut
2246 1860 2331 1897 licet
2349 1873 2421 1899 uno

1333 1909 1496 1950 tempore
1519 1905 1677 1940 omnium
1697 1904 1918 1941 dominorum
1937 1905 2038 1941 iussu
2059 1905 2158 1941 adire
2177 1906 2422 1950 hereditatem,

1333 1950 1386 1985 ita
1415 1953 1452 1985 et
1482 1950 1658 1995 separatis
1689 1950 1910 1995 temporibus
1945 1950 2163 1996 singulorum
2192 1951 2294 1987 iussu
2323 1956 2423 1988 recte

1334 1995 1428 2031 adit:
1467 2004 1550 2030 nam
1606 1995 1690 2030 uia⁸
1719 1995 1862 2041 saepius
1893 1995 1987 2038 adit,
2019 2006 2092 2032 non
2122 2006 2168 2032 ex
2197 1999 2422 2040 testamento,

1335 2040 1399 2076 sed
1418 2050 1464 2076 ex
1481 2040 1560 2076 iure
1604 2040 1802 2076 ominorum
1821 2041 1942 2077 venire
1961 2040 2124 2076 utilitatis
2145 2050 2257 2076 causa
2270 2041 2421 2085 videtur,

1335 2096 1381 2121 ne
1403 2085 1550 2121 alterius
1572 2085 1803 2121 festinatione
1824 2085 1971 2122 alterius
1994 2086 2050 2121 ius
2072 2085 2246 2122 laedatur.

1382 2128 1436 2168 69
1467 2129 1662 2166 mmm
1675 2130 1772 2167 'libro
1790 2132 2018 2177 sexaqesimo
2037 2130 2088 2166 ad
2105 2130 2258 2167 edictum
2289 2130 2421 2176 Quam·

1335 2175 1396 2210 diu
1419 2175 1605 2211 institutus
1628 2175 1768 2210 admitti
1786 2179 1918 2221 potest,
1942 2175 2136 2212 substituto
2154 2175 2256 2212 locus
2275 2187 2349 2212 non
2367 2182 2424 2214 est

1334 2230 1402 2255 nec
1425 2224 1510 2256 ante
1533 2219 1725 2256 succedere
1747 2224 1868 2266 potest
1893 2231 2000 2267 quam
2031 2220 2176 2257 excluso
2206 2220 2338 2258 herede
2365 2221 2421 2257 in-

1334 2265 1472 2301 stituto.
1520 2265 1657 2301 eveniet
1679 2266 1804 2311 igitur,
1831 2270 1873 2301 ut
1893 2265 2135 2302 necessarium
2158 2265 2205 2301 sit
2225 2265 2421 2303 remedium

1334 2309 1510 2356 praetoris
1533 2314 1570 2345 et
1593 2310 1690 2346 circa
1710 2310 1935 2356 denegandas
1954 2310 2069 2356 primo
2089 2311 2249 2346 actiones
2268 2314 2306 2347 et
2324 2312 2422 2348 circa

1333 2354 1643 2400 praestituendum
1665 2359 1808 2401 tempus
1831 2355 2047 2398 substituto,
2079 2355 2187 2401 quia⁰
2208 2355 2306 2391 intra
2328 2356 2421 2393 diem

1334 2400 1448 2445 primo
1480 2400 1732 2445 praestitutum
1763 2409 1879 2446 neque
1910 2400 2010 2436 adire
2038 2400 2272 2436 hereditatem
2301 2405 2422 2446 potest

1334 2444 2421 2535 53,ζὲἕὲεέἛᾱῖἕὲἶέ’ἓξιιῗωῖῗῗέεεὲῗῶἳῇἕωωμῗξ

1332 2535 1411 2580 ipse
1432 2538 1553 2587 potest
1570 2515 1774 2570 s'uccedere.
1809 2545 1892 2580 ergo
1922 2539 2169 2580 exspectamus
2196 2535 2233 2571 in
2260 2535 2419 2581 singulis,

1332 2583 1375 2615 ut
1393 2590 1494 2625 prius
1515 2579 1565 2615 eis
1586 2579 1769 2615 deferatur
1786 2579 1983 2616 hereditas:
2008 2583 2096 2616 tunc
2115 2579 2252 2623 deinde,
2276 2586 2420 2626 postea-

1333 2635 1441 2671 quam
1457 2624 1576 2660 delata
1591 2628 1658 2668 est,
1674 2629 1922 2670 exspectamus
1939 2625 2030 2661 diem
2046 2626 2308 2670 praestitutum,
2325 2627 2420 2662 intra

1333 2680 1438 2716 quem
1459 2669 1551 2705 diem
1570 2669 1638 2705 nisi
1658 2674 1722 2705 aut
1741 2670 1849 2706 adeat
1867 2674 1931 2706 aut
1948 2680 2014 2716 pro
2032 2670 2163 2706 herede
2177 2674 2291 2716 gerat,
2311 2670 2420 2708 dene-

1331 2725 1457 2761 gamus
1482 2715 1513 2750 ei
1537 2714 1708 2751 actiones.

1380 2758 1433 2798 70
1459 2759 1515 2795 ΡΑ
1523 2769 1619 2796 vsvs
1638 2760 1728 2796 libro
1753 2760 2052 2807 quinquaqesimo
2075 2771 2114 2796 se
2141 2761 2226 2797 timo
2252 2760 2303 2797 ad
2323 2761 2417 2798 edio-

1334 2809 1408 2841 tum
1454 2805 1497 2841 In
1527 2804 1682 2851 plurium
1712 2804 1883 2841 heredum
1913 2805 2083 2851 gradibus
2139 2816 2183 2842 oc
2206 2806 2419 2842 servandum

1333 2855 1407 2893 est,
1439 2854 1497 2893 ut,
1530 2850 1562 2886 si
1584 2853 1835 2886 testamentum
1858 2850 2082 2896 proferatur,
2106 2851 2206 2896 prius
2229 2860 2252 2886 a
2275 2851 2417 2896 scriptis

1331 2895 2126 2976 ἒὲἒὲῑίξξιῑᾞᾶέιὲξέῗῗῶθῗιεῗ
2138 2895 2197 2976 :35¹
2220 2905 2310 2976 ‘1:²5⁸
2332 2895 2417 2976 ἓξὲξ

1332 2990 1486 3039 utroque
1523 2984 1629 3021 modo
1645 2951 1861 3037 ppertines’it:
1899 2995 1984 3020 nam
2016 2985 2087 3021 hoc
2162 2966 2295 3020 adatim
2313 2951 2416 3021 qcon·

1332 3035 1512 3084 sequitur,
1547 3033 1588 3066 ut
1620 3040 1721 3075 prius
1756 3039 1801 3065 ex
1833 3033 2047 3066 testamento
2079 3029 2103 3065 d
2159 3033 2252 3071 tam,
2289 3029 2417 3067 deinde

1332 3075 1524 3122 legitimam
1546 3074 1718 3121 repudiet.
1764 3074 1858 3110 idem
1880 3074 1968 3110 iuris
1992 3078 2047 3110 est
2068 3075 2105 3110 in
2128 3074 2305 3111 bonorum
2332 3086 2416 3121 pos·

1333 3121 1509 3174 sessione,
1537 3123 1579 3173 ut
1601 3120 1701 3172 prius
1724 3119 1879 3172 scriptus
1901 3119 2052 3173 repellat
2074 3119 2250 3155 bonorum
2272 3130 2415 3166 posses-

1331 3164 1812 3263 {mugimv’ergessffifflugssf
1824 3165 2414 3263 issgqssieffiffqss‘ffioeffssff

1330 3255 1463 3299 tinere,
1487 3254 1648 3291 condicio
1674 3254 1760 3290 data
1782 3258 1847 3298 sit,
1878 3254 1966 3291 mhil
1989 3259 2207 3291 constituere
2229 3259 2348 3301 potest
2371 3255 2415 3291 de

1328 3300 1496 3346 legitima,
1520 3303 1711 3345 antequam
1735 3299 1810 3336 dies
1834 3299 2051 3335 condicionis
2075 3304 2247 3343 transeat,
2276 3304 2312 3336 et
2333 3299 2413 3336 ideo

1330 3349 1350 3381 2
1397 3344 1586 3381 dicendum
1610 3348 1666 3381 est
1688 3348 1724 3381 et
1745 3345 1782 3380 in
1806 3354 1848 3381 eo
1873 3355 1960 3380 casu
1974 3346 2009 3379 ¹⁰.
2058 3344 2096 3380 Si
2118 3344 2304 3391 respondit
2324 3354 2412 3381 neu-

1328 3395 1421 3426 tram
1451 3389 1685 3426 hereditatem
1716 3390 1763 3425 ad
1793 3399 1834 3426 se
1863 3389 1953 3425 velle
1986 3390 2183 3435 pertinere,
2221 3389 2319 3426 bona
2351 3389 2412 3426 de-

1328 3434 1443 3471 functi
1466 3445 1489 3470 a
1512 3434 1746 3471 creditoribus
1770 3434 1986 3481 possidenda
2007 3439 2102 3470 sunt.

1376 3478 1425 3518 71
1460 3479 1655 3516 viennas
1673 3480 1765 3516 libro
1788 3481 2018 3526 seoeaqcsimo
2034 3481 2158 3533 primo
2186 3479 2238 3515 ad
2257 3479 2412 3516 edictum

1329 3524 1367 3561 si
1402 3535 1542 3561 servum
1578 3525 1656 3570 quis
1691 3524 1845 3560 alienum
1879 3525 1926 3560 ab
1959 3525 2123 3561 hostibus
2158 3523 2347 3560 redemerit
2377 3527 2413 3561 et

1330 3639 1378 3680 (s)
1402 3638 1491 3680 quod
1502 3651 1564 3673 ser.
1665 3640 1712 3680 (s)
1735 3638 1919 3672 substituto
1933 3639 2026 3681 quia]
2039 3639 2120 3681 quia
2131 3636 2334 3670 substitutus
2346 3649 2409 3671 ser.

1330 3685 1391 3736 (ιο)
1415 3687 1449 3715 et
1459 3683 1547 3715 idem
1560 3683 1737 3717 dicendum
1750 3686 1801 3716 est
1817 3686 1850 3716 et
1863 3683 1899 3716 in
1912 3693 1951 3716 eo
1963 3693 2042 3716 oasu
2055 3682 2095 3716 de
2106 3682 2267 3715 bonorum
2279 3691 2410 3725 posses·

1328 3738 1423 3761 sione
1434 3740 1495 3761 scr.
