2528 3918
204 111 375 156 XXXX
403 115 441 156 9.
470 117 533 158 10.
561 117 626 157 11.
653 116 704 156 12

203 235 240 272 id
262 238 318 272 eet
339 235 370 272 si
393 234 560 271 solvendo
591 235 639 271 sit
661 244 727 271 nec
750 235 796 272 ob
819 235 857 272 id
880 237 1073 273 creditores
1095 236 1282 273 videantur

208 284 221 316 1
270 279 442 317 fraudari.
477 279 551 316 Sub
576 280 786 317 condicione
807 291 928 318 servus
947 282 960 316 l
1004 286 1086 317 atus
1105 281 1281 326 pendente

204 325 412 361 condicione
434 324 541 371 pleno
563 324 641 361 iure
662 324 803 362 heredis
826 331 897 368 est,
928 337 966 361 se
1019 326 1152 362 nullam
1173 326 1279 362 liber-

201 374 312 405 tatem
324 370 371 405 ab
384 379 427 405 eo
442 380 550 405 conse
574 369 611 404 ui
624 373 754 415 potest,
778 380 823 406 ne
836 371 1007 416 legatario
1024 370 1152 407 iniuria
1166 370 1278 407 fieret.

248 412 301 452 30
333 413 527 450 Uipsanas
567 414 645 450 ibro
668 419 799 461 quarto
822 416 872 451 ud
894 416 1006 467 leqem
1030 415 1168 451 Aeliam
1191 415 1280 451 Sen-

202 460 288 495 tiam
335 459 372 494 Si
396 459 474 503 quis
495 459 566 495 hac
589 459 665 505 lege
679 469 817 495 servum
831 464 964 503 emerit,
988 463 1030 495 ut
1042 460 1278 502 manumittat,

201 509 239 541 et
268 514 340 539 non
371 503 639 540 manumittente
666 514 709 539 eo
738 514 861 540 servus
891 505 937 540 ad
967 505 1167 541 libertatem
1198 515 1279 551 per-

202 548 337 585 venerit
358 558 403 584 ex
426 548 680 584 constitutione
703 548 773 584 divi
794 549 926 591 Marci,
957 559 1004 585 an
1026 550 1141 595 possit
1163 553 1204 585 ut
1224 550 1280 585 in-

201 598 342 639 gratum
366 603 547 636 accusare,
569 593 762 629 videamus.
798 598 835 629 et
857 594 927 629 dici

204 642 218 673 1
268 638 316 674 sit
338 638 582 683 manumissor,
604 638 675 674 hoc
694 638 748 674 ius
766 648 845 674 eum
862 650 934 674 non
975 639 1093 676 abere.
1132 639 1171 676 Si
1185 639 1280 676 filius

200 693 300 719 meus
322 692 367 718 ex
388 683 571 719 voluntate
593 693 674 719 mea
695 683 948 726 manumiserit,
972 694 1020 719 an
1041 687 1083 719 ut
1104 683 1280 729 ingratum

199 738 282 764 eum
303 727 497 764 accusandi
518 727 575 764 ius
597 728 767 770 habeam,
799 727 956 763 dubitari
979 729 1111 774 poterit
1133 729 1279 772 idcirco,

200 772 285 818 quia
313 783 386 808 non
415 772 620 808 manumisi:
653 772 715 808 sed
739 783 805 818 pro
830 783 871 808 eo
896 774 1081 810 habendus
1104 784 1204 816 sum,
1236 784 1280 810 ac

200 820 221 853 2
266 817 298 854 si
312 817 621 854 manumississem.
662 817 733 853 Sed
748 817 779 853 si
795 821 1013 854 castrensem
1029 829 1168 855 servum
1184 819 1279 855 filius

199 873 299 898 meus
322 863 558 904 manumittat,
583 862 691 898 dubio
714 862 841 906 procul
863 863 933 898 hoc
955 863 1012 899 ius
1036 874 1108 899 non
1126 864 1278 906 habebo,

199 907 285 954 quia
305 918 380 944 non
400 907 478 953 ipse
501 906 705 942 manumisi:
737 907 815 952 ipse
845 908 952 952 plane
982 908 1077 944 filius
1108 919 1279 944 accusare

199 956 219 988 3
266 952 408 998 poterit.
463 952 614 987 Tamdiu
652 955 773 987 autem
809 962 981 989 accusare
1020 954 1099 999 quis
1135 954 1277 999 poterit,

199 1000 220 1033 4
266 997 436 1044 quamdiu
470 999 674 1042 perseverat
710 1000 896 1042 patronus.
951 998 1123 1043 Quotiens
1160 1003 1278 1034 autem

199 1042 341 1089 patroni
377 1042 543 1078 libertum
578 1041 703 1077 volunt
736 1052 925 1085 accusare,
964 1047 1084 1079 utrum
1122 1043 1278 1079 omnium

199 1097 394 1124 consensus
428 1087 647 1123 necessarius
677 1086 725 1122 sit
757 1096 805 1122 an
839 1097 921 1123 vero
956 1092 993 1123 et
1027 1099 1119 1124 unus
1153 1089 1277 1134 possit,

198 1133 390 1168 videamus.
427 1136 463 1167 et
477 1135 531 1167 est
545 1131 672 1175 verius,
697 1130 729 1166 si
747 1131 873 1167 saltem
894 1132 933 1167 in
955 1143 1065 1168 unum
1088 1133 1158 1169 boc
1181 1144 1277 1170 com-

198 1178 344 1221 miserit,
368 1187 449 1212 eum
472 1181 513 1211 ιιι
534 1176 711 1221 ingratum
734 1177 909 1220 accusari,
934 1177 997 1213 sed
1017 1178 1172 1214 omnium
1192 1189 1277 1214 con-

198 1226 218 1258 5
265 1233 407 1258 sensum
430 1221 688 1264 necessarium,
720 1221 751 1256 si
779 1221 851 1257 sint
873 1222 1030 1258 eiusdem
1052 1223 1194 1268 gradus.
1241 1223 1279 1258 Si

196 1271 300 1313 pater
321 1267 487 1303 libertum
510 1266 573 1301 uni
595 1276 639 1301 ex
661 1265 743 1301 filiis
766 1266 1023 1311 adsignaverit,
1052 1269 1168 1304 solum
1197 1279 1278 1304 eum

196 1322 368 1348 accusare
390 1321 496 1357 posse
517 1310 677 1347 Iulianus
700 1311 861 1357 scripsit:
893 1311 1009 1348 solum
1037 1313 1131 1349 enim
1154 1317 1276 1359 patro-

196 1368 280 1393 num
303 1366 394 1393 esse.

241 1400 292 1440 31
309 1404 319 1424 ¹
354 1401 578 1438 Traunms
609 1400 790 1438 Caurus
817 1401 908 1438 libro
938 1403 1065 1448 quinto
1093 1402 1143 1438 ad
1164 1403 1277 1450 leqem

196 1447 329 1483 Iuliam
358 1450 394 1482 et
415 1445 572 1493 Papiam
617 1445 823 1526 guaesitum
854 1451 928 1490 est,
960 1447 991 1483 si
1021 1447 1186 1483 libertam
1211 1458 1276 1493 pa-

195 1497 321 1528 tronus
344 1490 574 1527 iureiurando
598 1501 620 1526 a
647 1491 785 1536 egisset,
809 1502 855 1527 ne
871 1502 914 1528 ea
929 1492 1061 1529 liberos
1076 1493 1278 1545 impuberes

195 1538 331 1573 habens
354 1536 515 1578 nuberet,
539 1536 625 1581 quid
646 1536 736 1572 iuris
759 1540 864 1572 esset.
911 1537 1072 1574 Iulianus
1095 1538 1183 1574 dicit
1204 1549 1278 1573 non

196 1581 307 1618 videri
329 1585 455 1617 contra
477 1581 590 1626 legem
612 1581 751 1616 Aeliam
770 1581 927 1618 Sentiam
949 1582 1078 1619 fecisse
1101 1594 1192 1627 eum,
1217 1583 1278 1629 qui

196 1638 269 1664 non
289 1633 500 1673 perpetuam
521 1626 730 1672 viduitatem
753 1626 903 1663 libertae
923 1627 1146 1664 iniunxisset.

240 1670 294 1710 32
319 1671 427 1707 loru
445 1671 536 1708 libro
559 1675 685 1707 octavo
707 1671 758 1707 ad
780 1672 892 1719 leqem
913 1671 1048 1708 Iuliam
1070 1679 1107 1708 et
1122 1673 1277 1721 Papiam

195 1717 234 1753 Si
256 1728 330 1753 non
350 1716 533 1752 voluntate
555 1716 699 1762 patroni
721 1716 763 1760 is,
787 1717 849 1762 qui
866 1716 905 1753 in
924 1717 1000 1753 eius
1018 1722 1196 1772 potestate
1219 1719 1276 1763 sit,

194 1761 440 1799 iusiurandum
462 1761 621 1807 adegerit
641 1761 698 1797 vel
719 1761 911 1808 stipulatus
935 1762 1060 1806 fuerit,
1084 1773 1130 1799 ne
1152 1764 1276 1807 nubat,

194 1808 287 1844 nisi²
314 1807 353 1842 id
382 1810 556 1853 patronus
586 1806 746 1842 remittat
778 1812 843 1842 aut
876 1807 1045 1843 liberabit
1077 1808 1241 1844 libertam
1250 1810 1276 1852 ³,

195 1852 326 1889 incidet
347 1851 386 1887 in
407 1852 422 1887 l
483 1862 537 1887 m:
561 1851 739 1887 videbitur
760 1851 853 1887 enim
875 1852 913 1888 id
935 1852 948 1888 i
974 1863 1053 1888 sum
1075 1853 1158 1889 dolo
1181 1854 1276 1890 malo

976 598 1080 637 otest,
1105 605 1186 630 cum
1209 605 1280 630 non

196 1901 211 1933 1
261 1896 392 1933 facere.
475 1906 523 1932 on
552 1896 811 1941 prohibentur⁴
839 1897 917 1943 lege
974 1898 1043 1933 elia
1067 1897 1190 1934 Sentia
1211 1909 1277 1944 pa-

194 1942 289 1978 troni
317 1953 340 1979 a
367 1941 504 1977 libertis
532 1941 714 1977 mercedes
746 1952 890 1988 capere,
922 1942 986 1978 sed
1015 1943 1172 1988 obligare
1195 1954 1277 1980 eos:

193 1988 315 2033 itaque
336 1986 369 2022 si
391 1990 520 2032 sponte
538 1996 606 2022 sua
620 1986 770 2022 libertus
786 1987 986 2023 mercedem
1002 1991 1155 2033 patrono
1171 1999 1276 2034 prae-

194 2031 343 2074 stiterit,
377 2031 513 2066 nullum
544 2031 651 2067 huius
681 2031 768 2076 legis
798 2032 995 2077 praemium
1026 2037 1275 2078 consequetur.

195 2080 215 2112 2
261 2077 314 2119 Is,
345 2076 407 2121 qui
437 2085 566 2121 operas
594 2079 659 2111 aut
684 2075 723 2111 in
751 2076 908 2122 singulas
937 2087 998 2113 eas
1023 2081 1158 2114 certam
1180 2089 1275 2114 sum-

194 2132 289 2158 mam
306 2121 479 2167 promisit,
503 2120 551 2156 ad
572 2121 667 2156 hanc
687 2121 801 2166 legem
824 2132 896 2157 non
918 2122 1084 2167 pertinet,
1109 2123 1276 2168 quoniam

194 2177 322 2213 operas
352 2165 568 2212 praestando
622 2169 715 2201 otest
742 2165 901 2202 liberari.
946 2166 1041 2202 idem
1072 2167 1274 2204 Octavenus

193 2212 324 2258 probat
347 2215 384 2247 et
406 2210 533 2247 adicit:
558 2210 603 2246 ob
621 2211 628 2219 ⁸
734 2210 802 2246 sibi
820 2211 996 2254 libertum,
1020 2215 1062 2247 ut
1076 2213 1275 2248 mercedem

193 2266 384 2303 operarum
407 2256 537 2301 capiat,
565 2255 598 2292 is
619 2255 848 2301 intellegitur,
875 2256 938 2302 qui
959 2256 1029 2293 hoc
1053 2257 1168 2293 solum
1191 2258 1275 2303 agit,

193 2306 236 2338 ut
257 2301 381 2347 utique
403 2300 602 2337 mercedem
625 2310 669 2336 ca
693 2300 764 2344 iat,
792 2300 933 2338 etiamsi
962 2302 1031 2338 sub
1061 2301 1164 2339 titulo
1188 2312 1274 2349 ope-

193 2357 315 2384 rarum
337 2355 416 2383 eam
439 2345 631 2392 stipulatus
694 2345 772 2382 erit.

701 2481 775 2523 X’.

356 2548 420 2582 DE
442 2547 553 2582 IURE
575 2547 827 2582 AUREORUM
849 2548 1113 2584 ANULORUM.

242 2614 262 2652 1
289 2614 535 2650 Pamnuws
554 2613 645 2650 libro
655 2614 779 2661 primo
793 2624 1050 2660 responsorum
1095 2615 1194 2652 Inter
1217 2626 1274 2652 ce-

193 2661 315 2696 teros⁸
344 2658 513 2694 alimenta
539 2658 668 2695 liberto
696 2658 823 2695 relicta
852 2669 925 2695 non
954 2659 1087 2697 idcirco
1117 2671 1191 2697 non
1213 2661 1275 2698 de-

193 2706 340 2747 bentur,
370 2705 454 2749 quia
482 2704 539 2740 ius
567 2714 759 2739 aureorum
780 2703 969 2740 anulorum
992 2706 1039 2742 ab
1062 2705 1275 2751 imperatore

196 2753 212 2785 i
259 2749 409 2785 libertus
433 2749 622 2793 acceperit.
666 2748 855 2784 Diversum
876 2748 915 2784 in
937 2760 980 2786 eo
1003 2751 1190 2795 probatur,
1213 2752 1274 2797 qui

192 2793 371 2831 iudicatus
400 2794 438 2828 in
484 2804 575 2830 nuus
607 2794 813 2830 conlusione
848 2804 912 2839 per
945 2795 1054 2831 alium
1085 2799 1275 2840 patronum

194 2839 337 2876 detecta
359 2849 427 2874 con
452 2839 580 2874 icioni⁴¹
605 2849 692 2874 suae
713 2838 875 2875 redditus
898 2838 1066 2876 alimenta
1081 2841 1159 2885 sibi,
1184 2852 1275 2886 quae

193 2884 320 2921 tertius
342 2887 515 2936 patronus
538 2883 740 2928 reliquerat,
764 2884 930 2929 praeberi
950 2884 1140 2921 desiderat.
1177 2886 1273 2922 hunc

193 2929 286 2966 enim
309 2932 416 2964 etiam
439 2928 650 2964 beneficium
674 2928 862 2964 anulorum
885 2929 1047 2966 amittere
1069 2930 1217 2976 placuit.

239 2971 266 3011 2
294 2972 400 3009 10⁸1
427 2972 518 3008 libro
547 2974 672 3018 quinto
701 2973 837 3010 decimo
866 2985 1122 3020 responsorum
1172 2975 1274 3012 Intra

194 3019 350 3064 quinque
377 3027 490 3053 annos
522 3028 589 3062 pro
618 3018 837 3063 ingenuitate
867 3019 1044 3055 sententia
1071 3019 1168 3056 dicta
1198 3031 1273 3057 res-

193 3064 289 3100 cissa
310 3062 448 3099 fuerat:
472 3062 604 3097 victum
628 3063 815 3099 anulorum
837 3073 1028 3100 aureorum
1051 3064 1272 3109 beneficium,

194 3108 290 3154 quod
317 3111 401 3143 ante
428 3107 638 3143 sententiam
667 3118 732 3152 pro
760 3108 979 3153 ingenuitate
1007 3109 1139 3145 dictam
1169 3120 1272 3153 acce·

194 3153 288 3200 perit
310 3163 354 3188 ac
377 3151 552 3198 deposuit,
576 3162 648 3187 non
672 3153 859 3188 retinuisse
882 3154 1061 3199 respondi.

239 3195 265 3236 3
296 3196 532 3234 Mummius
565 3196 656 3233 libro
688 3198 810 3243 primo
846 3199 1107 3235 institutionum
1160 3199 1272 3236 Divus

194 3241 407 3279 Comedus
438 3245 476 3278 et
500 3240 558 3278 ius
581 3241 769 3277 anulorum
792 3242 914 3278 datum
937 3243 1070 3280 ademit
1091 3244 1178 3288 illis,
1211 3246 1272 3290 qui

193 3287 310 3324 invitis
334 3290 399 3322 aut
418 3286 663 3331 ignorantibus
684 3287 847 3332 patronis
871 3293 1097 3334 acceperant.

239 3331 264 3370 4
295 3331 490 3369 vimmo-s
515 3330 607 3383 libro
636 3332 740 3383 tertio
770 3332 821 3367 ad
849 3332 963 3379 leyen:
985 3333 1119 3370 Iuliam
1142 3337 1177 3370 et
1200 3334 1271 3370 Pa-

188 3378 293 3425 piam
348 3375 471 3412 Etiam
498 3375 653 3413 feminae
680 3385 737 3411 ius
768 3376 955 3414 anulorum
985 3388 1176 3415 aureorum
1205 3379 1270 3415 im-

193 3422 358 3468 petrare·
380 3423 418 3458 et
438 3420 620 3456 natalibus
642 3420 782 3456 restitui
803 3426 984 3466 poterunt.

194 3534 235 3575 (ι)
260 3534 302 3577 qs.
315 3533 361 3566 D.
375 3534 558 3576 35,1‚e²‚²
632 3535 675 3573 (2)
700 3532 868 3566 nini-iffi
938 3536 980 3575 (s)
1004 3533 1160 3569 liberavit
1170 3536 1271 3570 liber-

194 3580 266 3611 tum
278 3578 312 3612 F
395 3579 441 3620 (4)
464 3578 598 3612 hacine.
614 3577 665 3611 F·

239 3624 284 3664 (s)
307 3623 393 3666 Pap.
400 3630 425 3657 ι.
432 3630 466 3663 ²:
483 3622 567 3657 Sub.
574 3630 609 3662 a:
627 3623 692 3659 Ed.
700 3630 727 3657 ⁴.
735 3631 762 3657 s.
771 3630 798 3657 e.
805 3641 851 3647 —
858 3622 940 3657 Bae.
951 3624 1025 3657 vol..
1033 3631 1050 3658 s
1054 3637 1091 3668 p.
1100 3632 1134 3659 «s
1143 3626 1270 3659 Ηεὺιιὸ.

195 3685 238 3691 -
251 3668 301 3710 Cf
313 3668 458 3710 Comme
503 3668 550 3710 (ὅ)
569 3671 677 3701 cetera
690 3666 740 3701 F·
786 3669 831 3710 (¹1)
847 3667 1044 3702 condicione
1056 3670 1089 3702 F'
1130 3672 1175 3711 (8)
1194 3681 1270 3713 pos-

195 3715 274 3744 sunt
285 3714 318 3746 et
329 3713 403 3745 iura
414 3712 634 3754 ingenuitatis
646 3714 821 3755 impetrare
833 3713 893 3746 im.
907 3711 957 3746 Ρ
969 3722 1081 3747 eontra
1094 3714 1237 3748 Graeco:

1276 112 1363 163 638

1510 13 1580 82 κῆ

1569 99 1585 134 4
1607 130 1678 163 DE
1695 131 1802 164 mm
1818 131 1919 164 AUR.
1934 133 2066 165 nwn.
2103 105 2166 166 ΒΕ.
2183 135 2286 168 ΕΔΤ.
2299 136 2422 169 ΒΕΒΤ.

1395 235 1420 275 5
1445 237 1603 291 Pau-zos
1621 239 1712 276 libro
1734 251 1831 277 nono
1854 241 1905 277 ad
1926 242 2039 288 leqem
2062 241 2194 278 Iuliam
2217 246 2253 279 et
2271 243 2423 291 Papiam

1348 282 1401 325 Is,
1433 293 1494 328 qui
1521 285 1788 335 ius-anulorum
1810 285 2027 331 impetravit.
2058 290 2100 321 ut
2120 287 2292 332 ingenuus
2314 289 2423 326 liabe-

1349 331 1613 407 gizhrquamvis
1635 329 1674 365 in
1695 330 1892 366 hereditate
1915 331 1991 366 eius
2014 335 2186 376 patronus
2209 343 2282 368 non
2304 334 2423 371 exclu-

1383 414 1419 469 ‚6
1450 416 1644 469 Πινμινυε
1667 418 1759 455 libro
1781 420 1904 466 primo
1932 420 1983 455 ad
2004 421 2116 473 leqem
2139 421 2272 458 Iuliam
2295 427 2330 458 et
2352 423 2423 459 Pa-

1342 472 1446 512 ppam
1491 461 1696 513 Libertinus
1711 464 1743 499 si
1755 464 1811 500 ius
1826 465 2013 500 anulorum
2031 467 2281 511 impetraverit,
2300 478 2422 512 quam-

1347 516 1398 541 vis
1427 506 1507 557 iura
1535 508 1763 551 ingenuitatis
1791 509 1888 545 salvo
1916 510 1994 545 iure
2028 512 2170 556 patroni
2205 516 2332 548 nactus
2365 513 2423 556 sit,

1347 554 1466 602 tamen
1488 561 1661 630 ingenuus
1682 553 1916 599 intellegitur:
1946 559 1983 590 et
2007 555 2075 591 hoc
2098 555 2198 592 divus
2221 557 2424 593 Hadrianus

1348 605 1515 641 rescripsi
1533 622 1541 630 .

1839 733 1931 774 XI’.

1532 798 1595 831 DE
1618 797 1874 832 NATALIBUS
1896 801 2236 835 RESTITUENDIS.

1397 860 1415 900 1
1450 862 1644 900 ammos
1669 863 1760 900 libro
1789 865 1946 901 secundo
1974 877 2227 912 responsorum
2273 867 2307 902 A
2329 867 2424 912 prin-

1347 908 1426 954 cipe
1448 908 1628 944 natalibus
1652 909 1726 945 suis
1749 910 1952 946 restitutum
1974 921 2067 953 eum,
2091 912 2152 956 qui
2174 922 2213 947 se
2235 911 2424 957 ingenuum

1347 957 1469 987 natum
1525 953 1652 998 rincipi
1681 953 1895 998 adfirmavit,
1926 955 1956 991 si
1987 966 2033 990 ex
2062 956 2194 992 ancilla
2222 960 2329 993 natus
2358 960 2424 1000 est,

1346 997 1435 1033 nihil
1457 998 1490 1033 vi
1516 998 1571 1037 eri.
1590 998 1812 1044 impetrasse.

1393 1040 1419 1079 2
1442 1041 1678 1079 Mamaos
1697 1044 1788 1080 libro
1799 1045 1922 1091 primo
1940 1045 2201 1080 institutionum
2243 1045 2425 1081 Interdum

1346 1090 1383 1123 et
1411 1087 1503 1123 servi
1530 1088 1606 1123 nati
1634 1098 1678 1124 ex
1732 1092 1790 1124 ost
1816 1088 1914 1125 facto
1943 1089 2032 1124 iuris
2060 1089 2261 1126 interventu
2283 1090 2426 1135 ingenui

1346 1132 1455 1175 fiunt,
1486 1136 1527 1167 ut
1552 1143 1636 1168 ecce
1659 1133 1691 1168 si
1729 1133 1898 1169 ‘bertinus
1921 1144 1944 1169 a
1966 1134 2125 1180 principe
2147 1135 2326 1171 natalibus
2348 1135 2423 1171 suis

1345 1178 1532 1213 restitutus
1562 1177 1680 1213 fuerit.
1732 1178 1804 1214 illis
1833 1178 1932 1214 enim·
1953 1179 2074 1223 utique
2108 1180 2286 1215 natalibus
2321 1180 2424 1216 resti-

1345 1222 1476 1266 tuitur,
1500 1223 1538 1257 in
1561 1222 1690 1267 quibus
1713 1223 1813 1259 initio
1837 1234 1958 1260 omnes
1980 1224 2142 1260 homines
2164 1224 2327 1267 fuerunt,
2353 1235 2425 1260 non

1345 1267 1382 1302 in
1406 1267 1534 1312 quibus
1557 1267 1635 1313 ipse
1658 1269 1830 1312 nascitur,
1854 1279 1935 1304 cum
1958 1279 2080 1305 servus
2103 1273 2209 1305 natus
2226 1274 2332 1306 esset.
2366 1269 2424 1305 hic

1345 1313 1450 1355 enim,
1475 1318 1648 1357 quantum
1671 1313 1718 1348 ad
1740 1316 1856 1349 totuin
1877 1314 1933 1349 ius
1955 1314 2121 1359 pertinet,
2148 1314 2293 1359 perinde
2314 1314 2423 1350 habe-

1344 1361 1414 1401 tur,
1439 1361 1547 1403 atque
1570 1358 1603 1393 si
1624 1358 1798 1403 ingenuus
1820 1363 1927 1394 natus
1945 1363 2051 1402 esset,
2074 1369 2141 1395 nec
2157 1363 2330 1405 patronus
2350 1358 2424 1395 eius

1345 1407 1465 1448 potest
1487 1402 1534 1438 ad
1556 1404 1818 1439 successionem
1841 1403 1960 1440 venire
1971 1406 2011 1440 ¹⁰.
2055 1403 2207 1450 ideoque
2234 1405 2424 1450 imperato-

1345 1458 1404 1483 res
1427 1458 1499 1483 non
1520 1447 1627 1483 facile
1649 1448 1766 1484 solent
1788 1459 2000 1494 quemquam
2026 1449 2207 1485 natalibus
2237 1449 2425 1485 restituere

1345 1492 1415 1528 nisi
1438 1493 1680 1529 consentiente

1390 1535 1415 1576 3
1440 1537 1644 1574 Scaevoia
1667 1538 1696 1574 le·
1715 1549 1758 1574 ro
1781 1544 1886 1575 sexto
1909 1549 2164 1585 responsorum
2208 1538 2423 1584 Respondit:

1345 1583 1498 1628 quaeris,
1523 1593 1571 1618 an
1592 1583 1820 1635 ingenuitatis
1843 1583 1919 1619 iure
1942 1588 2066 1619 utatur
2083 1583 2126 1626 is,
2151 1593 2254 1629 quem
2272 1583 2424 1619 sanctis-

1345 1628 1455 1663 simus
1479 1632 1515 1663 et
1537 1628 1777 1664 nobilissimus
1800 1629 1994 1680 imperator
2015 1629 2195 1665 natalibus
2223 1628 2298 1665 suis
2320 1627 2423 1664 resti-

1344 1673 1424 1708 tuit.
1460 1672 1524 1709 sed
1547 1683 1590 1708 ea
1612 1683 1670 1709 res
1693 1683 1760 1709 nec
1779 1673 2036 1709 dubitationem
2050 1674 2160 1709 habet
2174 1684 2241 1709 nec
2257 1683 2424 1726 umquam

1344 1718 1488 1762 habuit,
1522 1718 1607 1762 quin
1639 1718 1861 1763 exploratum
1891 1719 1938 1754 sit
1965 1718 2012 1754 ad
2035 1729 2174 1754 omnem
2199 1719 2206 1725 ”
2302 1717 2424 1754 uitatis

1345 1766 1479 1799 statum
1494 1762 1635 1798 restitui
1648 1773 1739 1806 eum,
1756 1764 1818 1809 qui
1830 1764 1899 1799 isto
1915 1763 2088 1799 beneficio
2104 1763 2276 1809 principis
2289 1766 2423 1799 utatur.

1391 1806 1418 1845 4
1449 1806 1607 1843 Pivws
1641 1808 1732 1844 libro
1763 1812 1894 1854 quarto
1924 1809 2181 1844 sententiar-um
2240 1807 2318 1844 Nec
2349 1806 2424 1844 filio

1344 1853 1488 1898 patroni
1510 1852 1618 1888 invito
1642 1853 1792 1889 libertus
1815 1853 1994 1889 natalibus
2023 1853 2097 1889 suis
2127 1853 2266 1890 restitui
2286 1855 2423 1899 potest:

1345 1897 1547 1978 quid-egim
1568 1898 1735 1942 interest,
1765 1898 1835 1944 ipsi
1861 1902 2013 1944 patrono
2042 1908 2090 1934 an
2114 1897 2198 1935 filiis
2221 1898 2298 1935 eius
2320 1897 2423 1934 fiat¹¹

1344 1953 1474 1978 imuria

1390 1987 1416 2025 5
1439 1987 1695 2024 Moeranum
1721 1988 1813 2024 libro
1838 1989 1988 2035 septimo
2011 1987 2221 2035 reqularum
2265 1987 2423 2024 Patrono

1346 2032 1588 2068 consentiente
1618 2032 1725 2069 debet
1753 2033 1904 2069 libertus
1933 2033 1979 2070 ab
2008 2033 2223 2078 imperatore
2242 2032 2422 2070 natalibus

1345 2078 1502 2114 restitui:
1541 2077 1599 2113 ius
1630 2078 1723 2113 enim
1752 2078 1896 2123 patroni
1923 2078 1994 2114 hoc
2022 2078 2211 2124 impetrato
2239 2077 2422 2114 amittitur.

1349 2126 1364 2157 1
1411 2122 1634 2165 Libertinus‚
1665 2122 1725 2168 qui
1755 2123 1935 2160 natalibus
1964 2122 2152 2159 restitutus
2174 2126 2248 2166 est,
2277 2122 2423 2168 perinde

1344 2167 1513 2210 habetur,
1545 2171 1653 2212 atque
1683 2168 1715 2203 si
1742 2167 1915 2213 ingenuus
1944 2167 2062 2204 factus
2074 2169 2103 2191 ¹²
2124 2167 2240 2204 medio
2263 2171 2423 2214 tempore

1343 2212 1520 2249 maculam
1544 2212 1723 2249 servitutis
1745 2223 1819 2249 non
1841 2213 2078 2250 sustinuisset.

1750 1498 1867 1530 trono.

1912 2349 1940 2372 is

1640 2415 1704 2449 DE
1725 2350 1946 2449 LIBEznlALI
1970 2414 2123 2448 CAUSA.

1392 2479 1413 2519 1
1445 2479 1640 2518 Uapuivvs
1659 2480 1751 2517 libro
1767 2481 2091 2529 quinquaqmstbno
2107 2484 2239 2528 quarto
2260 2481 2313 2518 ad
2327 2482 2420 2518 edic:-

1344 2529 1418 2562 tum
1464 2525 1503 2561 Si
1526 2525 1667 2571 quando
1690 2526 1733 2569 is,
1757 2526 1819 2571 qui
1840 2526 1878 2562 in
1894 2525 2121 2572 possessione
2139 2526 2318 2563 servitutis
2335 2537 2420 2563 con-

1343 2570 1489 2607 stitutus
1520 2575 1592 2613 est,
1622 2571 1760 2616 litigare
1791 2570 1836 2608 de
1859 2570 2068 2608 condicione
2091 2581 2158 2607 sua
2179 2582 2253 2607 non
2273 2571 2420 2618 patitur,

1344 2615 1440 2661 quod
1462 2615 1555 2652 forte
1577 2615 1648 2652 sibi
1669 2620 1805 2661 suoque
1820 2616 1943 2662 generi
1959 2615 2066 2652 vellet
2081 2615 2237 2662 aliquam
2255 2616 2421 2654 iniuriam

1342 2660 1474 2697 inferre
1486 2661 1525 2703 ¹⁴,
1555 2660 1595 2696 in
1623 2661 1694 2697 hoc
1724 2671 1812 2697 casu
1842 2671 1995 2706 aequum
2028 2665 2083 2697 est
2106 2661 2316 2706 quibusdam
2338 2672 2419 2708 per-

1342 2706 1439 2742 sonis
1463 2705 1542 2741 dari
1563 2705 1742 2742 licentiam
1763 2716 1830 2752 pro
1853 2716 1896 2742 eo
1920 2706 2076 2751 litigare:
2100 2709 2142 2742 ut
2161 2709 2252 2752 puta
2268 2707 2420 2752 parenti,

1343 2751 1403 2796 qui
1426 2750 1522 2786 dicat
1544 2750 1656 2786 filium
1679 2750 1717 2786 in
1739 2761 1807 2787 sua
1834 2755 2014 2796 potestate
2043 2761 2140 2787 esse:
2170 2761 2254 2787 nam
2282 2751 2421 2788 etiamsi

1341 2796 1431 2832 nolit
1457 2795 1568 2838 filius,
1600 2806 1666 2841 pro
1697 2806 1740 2832 eo
1769 2796 1931 2841 litigabit.
1977 2795 2039 2832 sed
2068 2800 2104 2831 et
2128 2795 2161 2832 si
2181 2796 2220 2832 in
2240 2799 2420 2842 potestate

1342 2851 1414 2876 non
1437 2841 1500 2883 sit,
1535 2840 1675 2886 parenti
1695 2840 1839 2877 dabitur
1855 2842 1925 2877 hoc
1941 2841 2009 2884 ius,
2034 2841 2117 2885 quia
2134 2850 2272 2887 semper
2288 2851 2418 2888 paren-

1345 2890 1360 2921 1
1409 2886 1456 2921 tis
1478 2885 1628 2922 interest
1654 2884 1766 2921 filium
1795 2886 1997 2922 servitutem
2026 2896 2099 2921 non
2129 2885 2259 2922 subire.
2306 2885 2419 2923 Versa

1342 2931 1447 2967 etiam
1471 2930 1547 2966 vice
1570 2930 1727 2966 dicemus
1749 2930 1870 2967 liberis
1886 2930 2087 2976 parentium
2106 2930 2213 2966 etiam
2228 2930 2417 2967 invitorum

1341 2975 1489 3012 eandem
1522 2975 1729 3011 facultatem
1767 2975 1863 3011 dari:
1904 2985 2019 3021 neque
2055 2975 2147 3011 enim
2180 2975 2320 3012 modica
2354 2976 2419 3012 filii

1341 3023 1362 3056 2
1408 3020 1601 3066 ignominia
1628 3024 1700 3063 est,
1731 3020 1762 3055 si
1789 3025 1974 3065 parentem
2002 3030 2140 3056 servum
2168 3019 2312 3058 habeat.
2357 3020 2416 3057 Id-

1341 3066 1437 3101 circo
1460 3065 1572 3101 visum
1594 3069 1651 3101 est
1674 3075 1715 3100 co
1765 3066 1834 3101 atis
1857 3066 1964 3101 etiam
1985 3065 2055 3101 hoc
2078 3063 2158 3100 dari
2179 3064 2248 3102 deb

1387 3107 1413 3147 2
1447 3109 1570 3146 aava
1598 3109 1649 3146 ad
1677 3121 1697 3145 e
1723 3111 1830 3146 ictum
1854 3110 2041 3157 praetoris
2074 3109 2208 3146 urbani
2238 3110 2304 3146 ritu
2372 3110 2417 3146 de

1342 3154 1483 3191 liberali
1503 3165 1615 3191 eausa
1661 3155 1827 3200 quoniam
1851 3155 2002 3190 servitus
2032 3164 2155 3190 eorum
2183 3154 2230 3191 ad
2258 3154 2414 3191 dolorem

1340 3203 1501 3235 nostrum
1523 3199 1757 3245 iniuriamque
1779 3204 1938 3236 nostram
1959 3198 2162 3245 porrigitur.

1386 3242 1410 3282 3
1442 3243 1635 3280 Uimws
1655 3245 1745 3281 libro
1765 3245 2085 3297 quinquaqensimo
2105 3247 2235 3290 quarto
2258 3243 2309 3280 ad
2321 3243 2414 3280 edic—

1340 3293 1415 3325 tum
1469 3288 1632 3334 Amplius
1666 3294 1753 3334 puto
1787 3288 2009 3325 naturalibus
2045 3299 2186 3334 quoque
2218 3288 2288 3324 hoc
2320 3287 2414 3325 idem

1338 3333 1603 3379 praestandum,
1627 3338 1668 3370 ut
1690 3344 1820 3380 parens
1843 3332 1954 3371 filium
1971 3333 2008 3368 in
2027 3333 2197 3370 servitute
2215 3332 2413 3378 quaesitum

1342 3382 1357 3414 1
1405 3382 1442 3415 et
1455 3379 1710 3415 manumissum
1725 3379 1839 3425 possit
1851 3375 1890 3414 in
1904 3377 2105 3414 libertatem
2121 3377 2309 3414 vindicare.
2342 3377 2412 3414 Mi-

1337 3423 1392 3459 liti
1422 3423 1529 3459 etiam
1557 3434 1623 3470 pro
1654 3423 1862 3461 necessariis
1891 3422 1959 3458 sibi
1986 3423 2147 3468 personis
2177 3424 2220 3459 de
2248 3422 2413 3459 libertate

1383 3536 1430 3578 (9)
1455 3536 1536 3570 Sab.
1550 3544 1574 3570 i.
1587 3544 1621 3576 2:
1640 3537 1724 3581 Pap.
1738 3543 1766 3571 a.
1778 3543 1813 3570 4:
1831 3536 1896 3570 Ed.
1910 3544 1991 3571 s.—
2007 3536 2035 3570 Ο
2049 3560 2058 3570 .
2070 3536 2222 3579 Cadme

1339 3580 1473 3615 ιιι-σιν
1557 3582 1612 3621 (ιι)
1635 3580 1740 3615 fitz-²
1828 3582 1886 3622 (ιι)
1910 3581 2018 3614 factus
2041 3580 2232 3614 natusHaL

1383 3628 1441 3667 (ιθ)
1465 3625 1530 3659 Ed.
1543 3633 1647 3665 imno:
1665 3626 1745 3660 Sub.
1757 3632 1883 3665 eomas:
1901 3625 1987 3669 Pap.
1999 3632 2120 3663 asma:
2137 3626 2225 3703 AFpp.
2238 3630 2355 3659 samu.
2365 3641 2406 3649 —

1338 3670 1423 3704 Bae.
1436 3671 1492 3712 48,
1505 3678 1593 3705 s.—
1607 3671 1658 3715 cy:
1675 3671 1753 3705 Ood.
1766 3671 1842 3712 ⁷,1e
1934 3672 1993 3712 (u)
2016 3669 2136 3705 inferi-i

2274 3536 2333 3578 (ιο)
2355 3543 2412 3568 ve-
