2528 3918
184 107 343 151 XX11

1267 104 1350 150 270

2103 123 2166 155 DE
2193 124 2426 158 nimmolo
2465 0 2528 146 ἲ

913 464 1093 518 LIBER
1120 464 1438 519 VIGESIMUS
1469 467 1704 518 PRIMUS.

703 597 759 637 1¹.

238 661 302 697 DE
326 660 561 696 AEDILICIO
586 662 751 695 EDICTO
775 662 859 695 ΕΤ2
883 661 1218 694 REDHIBITIONE

488 708 548 740 ET
573 708 744 744 QUANTI
768 708 970 741 MINORIS.

238 775 254 812 1
286 774 482 811 Uhpwvvs
497 774 589 810 libro
603 775 726 820 primo
746 774 796 809 ad
813 773 967 809 edictum
987 774 1157 808 aedilium
1169 782 1274 808 curu-

188 821 275 857 lium
321 820 443 855 Labeo
477 819 602 854 scribit
633 819 788 854 edictum
820 819 985 854 aedilium
1021 818 1196 854 curulium
1224 817 1275 869 ‚de

187 865 450 900 venditionibus
483 874 602 899 rerum
634 874 713 899 esse
744 868 818 898 tam
851 874 974 899 earum
998 874 1090 909 quae
1113 863 1181 899 soli
1203 866 1276 897 sint

191 914 204 945 1
277 920 362 945 uam
382 920 503 945 earum
523 919 614 954 quae
634 909 780 944 mobiles
800 913 864 943 aut
875 919 913 944 se
924 913 1117 944 moventes.
1164 908 1276 942 Aiunt

186 965 229 991 ae
257 956 264 962 '
281 956 361 990 es³z
383 955 464 999 ‘Qui
483 955 661 999 mancipia
679 954 836 989 vendunt
849 954 1017 989 certiores
1029 953 1166 988 faciant
1178 963 1274 997 emp-

187 1004 314 1043 ‘tores,
344 1000 431 1052 quid
454 1000 569 1035 morbi
591 999 709 1035 vitiive
740 999 868 1044 cuique
898 999 963 1041 sit,
996 999 1075 1044 quis
1105 998 1274 1049 fugitivus

186 1049 320 1081 ‘errove
342 1049 390 1080 sit
411 1055 550 1080 noxave
569 1045 707 1080 solutus
729 1055 801 1080 non
820 1044 882 1079 sit:
908 1044 1123 1089 eademque⁴
1145 1053 1274 1084 omma,

187 1094 280 1126 ‘cum
294 1101 336 1125 ea
351 1090 531 1135 mancipia
549 1090 730 1131 venibunt,
750 1089 869 1134 palam
888 1093 986 1124 recte
1006 1089 1272 1134 pronuntianto.

186 1135 327 1181 ‘quodsi
350 1135 567 1180 mancipium
590 1135 759 1170 adversus
784 1145 826 1169 ea
849 1134 1021 1176 venisset,
1053 1134 1126 1169 sive
1150 1133 1272 1168 adver-

187 1184 260 1216 ‘sus
292 1180 388 1225 quod
421 1180 555 1215 dictum
586 1180 839 1225 promissumve
867 1179 998 1214 fuerit⁵
1023 1190 1104 1214 cum
1126 1179 1272 1220 veniret,

186 1225 341 1268 ‘fuisset‚
373 1225 469 1271 quod
491 1225 566 1260 eius
615 1225 766 1260 raestari
789 1228 954 1269 oportere
985 1224 1141 1260 dicetur:
1175 1234 1272 1268 emp-

186 1271 267 1306 ‘tori
297 1271 531 1315 omnibusque
563 1236 613 1305 ag
640 1280 730 1315 quos
762 1279 805 1304 ea
835 1279 891 1305 res
922 1269 1077 1314 pertinet
1104 1269 1273 1304 iudicium

186 1316 374 1358 ‘dabimus‚
398 1319 438 1350 ut
459 1315 495 1350 id
518 1315 734 1359 mancipium
753 1314 993 1350 redhibeatur.
1030 1315 1062 1350 si
1081 1313 1190 1366 quid⁸
1209 1324 1272 1349 au-

186 1365 270 1397 ‘tem
301 1364 384 1406 post
413 1359 651 1396 venditionem
673 1359 972 1405 traditionemque
997 1359 1150 1395 deterius
1175 1369 1271 1404 emp-

185 1406 286 1442 ‘toris
310 1416 420 1450 opera
442 1405 598 1440 familiae
621 1405 909 1450 procuratorisve
934 1405 1009 1440 eius
1033 1405 1170 1440 factum
1194 1405 1272 1447 erit,

185 1452 270 1486 ‘sive
293 1451 378 1496 quid
403 1461 446 1486 ex
470 1461 511 1485 eo
536 1454 619 1495 post
641 1450 879 1485 venditionem
902 1454 1026 1485 natum
1057 1450 1273 1495 adquisitum

185 1496 322 1538 ‘fuerit‚
355 1500 391 1531 et
422 1496 453 1531 si
484 1496 567 1540 quid
598 1495 696 1530 aliud
727 1496 764 1530 in
787 1495 989 1531 venditione
1012 1496 1045 1531 ei
1068 1495 1272 1537 accesserit,

185 1542 269 1576 ‘sive
300 1541 385 1587 quid
416 1551 460 1575 ex
484 1551 527 1575 ea
549 1550 589 1575 re
611 1540 751 1575 fructus
775 1540 974 1585 pervenerit
997 1541 1043 1576 ad
1066 1544 1271 1585 emptorem,

185 1590 237 1621 ‘ut
260 1596 302 1622 ea
326 1586 444 1621 omnia
467 1586 641 1621 restituat.
677 1586 763 1621 item
786 1586 817 1620 si
840 1596 930 1630 quas
952 1586 1176 1621 accessiones
1195 1586 1272 1630 ipse

186 1631 430 1676 praestiterit,
466 1635 507 1666 ut
540 1630 700 1676 recipiat.
743 1631 827 1665 item
862 1631 892 1666 si
928 1631 1023 1675 quod
1058 1631 1272 1676 mancipium

187 1677 383 1721 ‘capitalem
413 1675 576 1711 fraudem
609 1675 809 1718 admiserit,
841 1678 963 1711 mortis
995 1676 1271 1712 consciscendae

186 1722 263 1757 ‘sibi
294 1731 406 1757 causa
436 1721 520 1766 quid
548 1721 691 1764 fecerit,
730 1721 810 1756 inve
844 1721 1016 1757 harenam
1047 1721 1272 1767 depugnandi

183 1770 307 1802 ‘causa
325 1766 373 1802 ad
391 1766 523 1802 bestias
539 1766 764 1802 intromissus
784 1766 902 1809 fuerit,
929 1776 972 1802 ea
989 1767 1109 1802 omnia
1129 1767 1166 1802 in
1186 1777 1270 1802 ven-

183 1812 329 1847 ‘ditione
358 1811 632 1857 pronuntianto:
666 1822 710 1846 ex
741 1811 796 1846 his
828 1812 920 1846 enim
953 1812 1071 1848 causis
1102 1811 1271 1848 iudicium

184 1857 370 1892 ‘dabimus
414 1857 484 1892 1100
516 1857 666 1901 amplius
697 1856 728 1892 si
758 1856 836 1901 quis
872 1857 1042 1892 adversus
1077 1867 1120 1893 ea
1155 1857 1271 1893 sciens

183 1902 277 1938 ‘dolo
312 1902 406 1937 malo
441 1901 642 1937 vendidisse
676 1901 833 1945 dicetur,
875 1902 1046 1937 iudicium
1082 1902 1268 1938 dabimus'.

183 1950 203 1982 2
252 1946 370 1982 Causa
393 1946 499 1982 huius
524 1946 630 1982 edicti
652 1947 876 1992 proponendi
900 1951 972 1990 est,
996 1951 1036 1982 ut
1060 1952 1271 1983 occurratur

181 1992 333 2027 fallaciis
355 1992 582 2027 vendentium
614 1995 650 2027 et
681 1992 900 2038 emptoribus
931 1996 1159 2036 sucmratur,
1192 1993 1269 2038 qui-

183 2047 335 2082 cumque
369 2037 508 2089 decepti
543 2047 566 2072 a
597 2037 840 2073 venditoribus
882 2037 1032 2073 fuerint:
1077 2038 1268 2074 dummodo

182 2082 337 2118 sciamus
360 2082 590 2125 vend1torem,
614 2083 752 2118 etiamsi
771 2083 946 2128 ignoravit
966 2094 1007 2119 ea
1027 2093 1119 2128 quae
1138 2084 1269 2119 aediles

182 2127 358 2180 praestari
388 2127 531 2171 iubent,
563 2131 682 2164 tamen
704 2129 819 2164 teneri
842 2128 981 2164 debere.
1018 2139 1083 2164 nec
1115 2133 1170 2165 est
1199 2129 1269 2164 hoc

181 2173 359 2219 iniquum:
391 2174 511 2219 potuit
540 2174 632 2209 enim
664 2183 707 2209 ea
729 2177 816 2210 nota
839 2174 972 2209 habere
993 2174 1174 2209 venditor:
1206 2184 1268 2209 ne-

183 2229 251 2264 que
274 2219 389 2254 enim⁷
413 2219 561 2254 interest
585 2219 772 2264 emptoris,
797 2229 861 2254 cur
883 2219 1047 2261 fallatur,
1071 2219 1271 2264 ignorantia

182 2266 202 2299 3
249 2263 440 2299 venditoris
460 2274 506 2299 an
526 2264 730 2300 calliditate.
777 2263 870 2299 Illud
889 2264 1072 2299 sciendum
1096 2268 1151 2299 est
1175 2264 1269 2300 edic-

181 2312 203 2344 4
249 2312 326 2344 tum
349 2309 419 2344 hoc
443 2320 514 2345 non
538 2310 716 2355 pertinere
739 2309 786 2344 ad
804 2309 1023 2345 venditiones
1043 2309 1195 2345 fiscales.
1232 2309 1270 2345 Si

181 2358 301 2389 tamen
323 2364 382 2390 res
405 2355 550 2400 publica
573 2355 692 2400 aliqua
714 2354 827 2390 faciat
842 2354 1089 2397 venditionem,
1115 2355 1269 2390 edictum

182 2402 201 2434 5
248 2399 319 2436 hoc
349 2400 468 2436 locum
490 2400 648 2436 habebit.
695 2400 738 2434 In
760 2399 994 2445 pupillaribus
1019 2410 1161 2445 quoque
1184 2411 1267 2435 ven-

180 2448 202 2481 6
250 2445 440 2481 ditionibus
464 2446 531 2481 erit
552 2445 668 2481 edicto
687 2445 800 2480 locus.
849 2444 887 2480 Si
904 2445 1128 2490 intellegatur
1146 2445 1269 2480 vitium

181 2491 370 2527 morbusve
393 2491 561 2536 mancipii
594 2494 648 2532 (ut
678 2490 886 2535 plerumque
917 2490 1024 2535 signis
1057 2490 1269 2536 quibusdam

180 2536 298 2573 solent
317 2536 559 2572 demonstrare
574 2536 684 2578 vitia),
705 2539 824 2581 potest
843 2535 914 2570 dici
933 2535 1089 2571 edictum
1108 2545 1267 2571 cessare:

179 2580 250 2618 hoc
274 2582 366 2617 enim
389 2585 530 2617 tantum
552 2580 763 2616 intuendum
787 2585 858 2623 est,
884 2591 929 2616 ne
952 2584 1090 2626 emptor
1113 2581 1269 2626 decipia-

182 2630 200 2661 '1
248 2630 319 2662 tur.
367 2626 439 2662 Sed
469 2626 653 2662 sciendum
685 2630 740 2662 est
772 2626 936 2661 morbum
971 2626 1067 2671 apud
1098 2625 1270 2662 Sabinum

181 2672 233 2707 sic
257 2671 438 2707 definitum
462 2682 540 2707 esse
563 2672 725 2707 habitum
749 2672 919 2716 cuiusque
951 2671 1110 2723 corporis
1143 2675 1270 2707 contra

182 2721 359 2759 naturam,
384 2717 445 2762 qui
467 2728 572 2752 usum
596 2718 671 2752 eius
692 2716 739 2752 ad
756 2716 794 2752 id
812 2717 901 2752 facit
920 2716 1141 2758 deteriorem,
1167 2717 1268 2752 cuius

183 2772 294 2798 causa
316 2766 447 2797 natura
469 2762 572 2797 nobis
597 2763 671 2797 eius
697 2762 856 2807 corporis
881 2762 1070 2797 sanitatem
1094 2761 1208 2797 dedit:
1233 2762 1270 2797 id

182 2811 301 2842 autem
325 2807 415 2842 alias
438 2807 476 2842 in
498 2811 575 2842 toto
601 2817 768 2852 corpore,
801 2807 888 2842 alias
920 2807 957 2842 in
979 2811 1083 2851 parte
1106 2807 1269 2842 accidere

183 2854 349 2896 (namque
378 2852 487 2887 totius
519 2852 677 2897 corporis
707 2852 853 2887 morbus
878 2856 932 2887 est
953 2856 1043 2896 puta
1065 2852 1192 2897 φθίσις
1214 2852 1267 2887 fe-

182 2897 268 2939 bris,
292 2897 403 2942 partis
427 2897 535 2932 veluti
559 2898 732 2939 caecitas,
756 2897 839 2932 licet
861 2898 967 2932 homo
991 2897 1137 2942 itaque⁸
1160 2902 1267 2933 natus

183 2941 262 2984 sit):
287 2942 479 2986 vitiumque
503 2952 525 2976 a
547 2943 671 2978 morbo
695 2942 844 2977 multum
869 2941 1029 2984 differre,
1063 2946 1104 2976 ut
1125 2946 1214 2987 puta
1238 2942 1267 2977 si

183 2986 262 3032 quis
286 2986 413 3022 balbus
437 2986 494 3028 sit,
518 2997 600 3021 nam
625 2988 719 3022 hunc
743 2987 907 3022 vitiosum
931 2987 1042 3031 magis
1062 2997 1140 3022 esse
1160 2997 1267 3032 quam

182 3031 398 3067 morbosum.
446 3041 509 3083 ego
542 3036 629 3076 puto
662 3032 792 3067 aediles
821 3032 999 3068 tollendae
1034 3031 1267 3067 dubitationis

181 3076 298 3121 gratia
320 3076 375 3111 bis
399 3089 491 3109 κατα
514 3078 578 3109 τοῦ
602 3073 733 3110 αὐτοῦ’)
754 3077 848 3112 idem
872 3077 1014 3119 dixisse,
1039 3087 1085 3112 ne
1108 3087 1179 3122 qua
1203 3077 1267 3112 du-

183 3124 204 3157 8
250 3121 376 3156 bitatio
415 3131 457 3156 su
485 3126 626 3156 eresset.
680 3122 835 3157 Proinde
870 3122 900 3157 si
935 3121 1021 3174 quid
1054 3122 1126 3157 tale
1159 3121 1269 3156 fuerit

181 3166 257 3201 vitii
280 3166 354 3202 sive
382 3175 459 3201 mor
484 3165 514 3207 i,
546 3165 642 3210 quod
664 3177 769 3201 usum
793 3167 1093 3212 ministeriumque
1116 3167 1267 3202 hominis

181 3210 363 3256 impediat,
386 3210 424 3245 id
447 3209 546 3245 dabit
568 3211 791 3246 redhibitioni
816 3212 953 3253 locum,
978 3211 1168 3247 dummodo
1192 3222 1265 3246 me-

182 3255 388 3291 minerimus
432 3266 504 3290 non
538 3256 661 3299 utique
697 3256 878 3308 quodlibet
937 3267 1020 3291 uam
1054 3256 1267 3291 levissimum

183 3300 343 3342 efficere,
374 3303 415 3335 ut
445 3300 632 3335 morbosus
662 3300 850 3336 vitlosusve
884 3301 931 3336 ha
957 3306 1070 3336 eatur.
1118 3301 1267 3346 proinde

183 3345 269 3381 levis
300 3344 476 3381 febricula
506 3348 570 3379 aut
599 3348 700 3379 vetus
731 3350 909 3390 quartana
938 3356 1030 3391 quae
1052 3350 1172 3381 tamen
1196 3346 1267 3381 iam

183 3390 303 3436 sperni
325 3394 445 3436 potest
466 3390 520 3424 vel
543 3389 789 3425 vulnusculum
809 3390 986 3426 modicum
1005 3391 1142 3426 nullum
1160 3391 1268 3426 habet

182 3435 221 3470 in
239 3445 279 3471 se
296 3435 474 3476 delictum,
499 3434 600 3479 quasi
619 3435 886 3478 pronuntiatum
907 3446 979 3470 non
999 3436 1064 3471 sit:
1090 3435 1268 3471 contemni

1341 596 1362 628 9
1409 604 1505 634 mus,
1537 593 1600 646 qui
1630 594 1787 630 morbosi
1816 593 2002 641 vitiosique
2033 601 2127 634 sunt.
2173 595 2281 643 Apud
2313 595 2430 633 Vivia-

1342 649 1427 673 num
1450 643 1653 683 quaeritur,
1685 640 1715 675 si
1737 650 1859 676 servus
1882 642 1976 676 inter
1997 641 2173 679 fanaticos
2198 654 2270 678 non
2293 653 2431 688 semper

1343 687 1453 729 caput
1475 684 1628 719 iactaret
1651 689 1687 720 et
1709 685 1829 730 aliqua
1851 687 2016 731 profatus
2040 693 2145 730 esset,
2169 697 2216 724 an
2235 688 2345 724 nihilo
2366 690 2429 724 mi-

1347 739 1417 764 nus
1448 740 1559 765 sanus
1587 729 1778 765 videretur.
1823 736 1859 766 et
1890 732 1941 767 ait
1971 732 2142 768 Vivianus
2173 733 2282 769 nihilo
2314 733 2430 769 minus

1342 774 1439 809 hunc
1470 783 1599 809 sanum
1631 785 1727 810 esse:
1764 785 1879 820 neque
1909 776 2002 812 enim
2033 788 2118 820 nos,
2149 778 2282 823 inquit,
2314 779 2430 814 minus

1343 818 1452 854 animi
1474 818 1568 854 vitiis
1583 820 1610 840 ¹⁰
1632 820 1770 865 aliquos
1801 831 1909 857 sanos
1941 832 2019 858 esse
2048 823 2252 868 intellegere
2283 823 2428 859 debere:

1343 863 1519 908 alioquin,
1544 864 1678 909 inquit,
1702 864 1882 909 futurum,
1914 870 1955 902 ut
1978 867 2015 902 in
2038 867 2175 903 infinito
2199 868 2268 904 hac
2291 869 2430 904 ratione

1343 909 1474 944 multos
1498 919 1605 945 sanos
1630 920 1708 945 esse
1731 921 1958 956 negaremus,
1989 916 2031 947 ut
2060 918 2149 958 puta
2171 913 2282 948 levem
2305 924 2428 959 super-

1344 954 1520 989 stitiosum
1551 954 1761 990 iracundum
1793 961 2038 993 contumacem
2069 962 2107 994 et
2137 958 2167 993 si
2197 969 2268 1010 qua
2302 959 2430 994 similia

1344 1003 1428 1034 sunt
1459 999 1569 1034 animi
1599 1000 1700 1035 vitia:
1733 1001 1843 1046 magis
1875 1002 1968 1037 enim
1999 1002 2044 1038 de
2074 1013 2234 1048 corporls
2265 1004 2429 1047 sanitate,

1344 1054 1451 1089 quam
1475 1044 1520 1079 de
1542 1045 1651 1080 animi
1672 1045 1767 1081 vitiis
1789 1047 1958 1091 promitti.
1993 1047 2172 1083 interdum
2202 1052 2342 1092 tamen,
2374 1050 2428 1084 in-

1344 1090 1429 1135 quit,
1453 1089 1577 1124 vitium
1601 1100 1643 1126 co
1689 1091 1786 1126 orale
1810 1102 1924 1137 usque
1947 1092 1994 1127 ad
2017 1093 2174 1128 animum
2191 1094 2374 1138 pervenire
2394 1099 2430 1130 et

1343 1145 1424 1170 eum
1447 1134 1590 1170 vitiare:
1622 1146 1663 1171 ve
1678 1135 1730 1170 uti
1755 1137 1975 1182 contingeret
1997 1140 2202 1183 φρενητικῷ
2216 1140 2258 1179 ¹¹,
2286 1139 2370 1184 quia
2392 1139 2430 1175 id

1343 1180 1376 1215 ei
1406 1190 1451 1215 ex
1480 1179 1641 1216 febribus
1673 1181 1854 1217 acciderit.
1891 1182 1977 1227 quid
2000 1193 2082 1228 ergo
2107 1184 2187 1219 est?
2221 1183 2252 1219 si
2275 1184 2359 1229 quid
2382 1185 2430 1220 sit

1342 1225 1451 1260 animi
1473 1225 1596 1277 vitium
1619 1225 1709 1268 tale,
1734 1231 1774 1260 ut
1798 1227 1835 1262 id
1859 1238 1881 1262 a
1903 1227 2084 1264 venditore
2109 1228 2224 1273 excipi
2247 1233 2429 1274 oporteret

1341 1280 1456 1315 neque
1478 1270 1516 1305 1d
1534 1270 1696 1306 venditor
1717 1282 1798 1306 cum
1818 1272 1926 1307 sciret
1945 1274 2223 1318 pronuntiasset,
2247 1285 2291 1309 ex
2310 1279 2427 1320 empto

1347 1318 1385 1350 10
1433 1325 1513 1351 eum
1525 1316 1648 1351 teneri.
1696 1316 1794 1351 Idem
1804 1317 1975 1353 Vivianus
1988 1318 2049 1361 ait,
2063 1319 2222 1364 quamvis
2236 1319 2426 1364 aliquando

1342 1360 1421 1406 quis
1446 1361 1542 1396 circa
1563 1360 1651 1396 fana
1673 1361 1870 1398 bacchatus
1895 1363 1942 1398 sit
1965 1367 2001 1398 et
2022 1374 2195 1409 responsa
2224 1365 2425 1408 reddiderit,

1340 1410 1479 1449 tamen,
1504 1406 1535 1441 si
1558 1416 1654 1442 nunc
1678 1406 1746 1442 hoc
1770 1418 1843 1442 non
1865 1407 1994 1451 faciat,
2027 1409 2163 1444 nullum
2185 1409 2307 1446 vitium
2331 1421 2425 1446 esse:

1340 1461 1456 1496 neque
1480 1461 1522 1487 eo
1546 1451 1698 1494 nomine,
1724 1452 1820 1497 quod
1843 1453 1890 1487 ali
1916 1453 2033 1490 uando
2056 1454 2094 1489 id
2116 1454 2214 1496 fecit,
2239 1454 2335 1491 aetio
2361 1460 2425 1498 est,

1341 1495 1446 1531 sicuti
1469 1496 1500 1532 si
1524 1496 1715 1542 aliquando
1739 1497 1875 1533 febrem
1925 1499 2042 1534 abuit:
2077 1503 2232 1536 ceterum
2263 1500 2294 1535 si
2316 1500 2426 1536 nihilo

1340 1542 1457 1577 minus
1481 1547 1704 1587 permaneret
1727 1542 1765 1577 in
1789 1553 1830 1578 eo
1854 1543 1951 1586 vitio,
1975 1549 2016 1579 ut
2039 1545 2135 1580 circa
2152 1544 2239 1580 fana
2257 1545 2429 1581 bacchari

1340 1587 1472 1622 soleret
1495 1590 1531 1622 et
1578 1587 1654 1622 uasi
1679 1587 1822 1623 demens
1845 1599 2019 1634 responsa
2042 1590 2163 1632 daret,
2194 1590 2331 1626 etiamsi
2362 1601 2428 1636 per

1339 1632 1516 1667 luxuriam
1535 1598 1576 1668 id
1592 1632 1728 1668 factum
1750 1636 1815 1676 est,
1834 1634 1954 1669 vitium
1972 1639 2093 1670 tamen
2114 1645 2202 1678 esse,
2223 1636 2286 1671 sed
2305 1636 2427 1671 vitium

1340 1677 1465 1720 animi,
1497 1688 1570 1713 non
1603 1678 1782 1723 corporis,
1817 1678 1968 1724 ideoque
1998 1680 2174 1716 redhiberi
2204 1691 2277 1716 non
2307 1691 2427 1727 posse,

1340 1723 1506 1768 quoniam
1530 1722 1661 1758 aediles
1686 1724 1730 1758 de
1753 1725 1999 1769 corporalibus
2022 1726 2114 1761 vitiis
2133 1725 2346 1771 loquuntur:
2370 1731 2426 1761 at-

1343 1772 1381 1803 11
1430 1772 1551 1803 tamen
1574 1779 1618 1804 ex
1642 1772 1760 1813 empto
1792 1769 1968 1805 actionem
1999 1770 2163 1806 admittit.
2211 1770 2309 1806 Idem
2340 1770 2428 1806 dicit

1340 1813 1447 1848 etiam
1469 1813 1506 1848 in
1529 1813 1596 1856 his,
1621 1814 1681 1858 qui
1704 1818 1846 1858 praeter
1869 1815 2011 1850 modum
2034 1816 2146 1851 timidi
2169 1815 2287 1861 cupidi
2309 1816 2425 1852 avari-

1341 1869 1410 1904 que
1433 1862 1518 1894 sunt
1542 1862 1606 1894 aut
1627 1859 1792 1894 iracundi

1386 1901 1411 1940 2
1436 1903 1493 1939 PA
1501 1913 1596 1939 &Lus
1623 1904 1714 1940 libro
1763 1905 1856 1940 rimo
1879 1904 1930 1941 ad
1951 1905 2103 1942 edictum
2127 1905 2297 1942 aedilium
2320 1917 2426 1943 curu-

1340 1949 1426 1984 lium
1472 1949 1528 1984 vel
1550 1949 1735 1985 melancho
1752 1950 1797 1985 'ci
1941 1976 1944 1979 »

1385 1992 1410 2031 3
1439 1994 1563 2030 0111178
1590 1994 1681 2030 libro
1705 1996 1829 2048 primo
1860 1995 1911 2031 ad
1939 1995 2092 2031 edictum
2124 1990 2296 2031 aedilium
2319 2007 2426 2032 curu-

1340 2039 1425 2075 lium
1472 2039 1527 2075 vel
1557 2044 1715 2084 protervi
1746 2040 1800 2076 vel
1829 2040 2008 2086 gibberosi
2030 2041 2086 2076 vel
2110 2041 2208 2076 curvi
2230 2041 2285 2076 vel
2307 2041 2423 2086 pruri-

1338 2084 1453 2130 ginosi
1476 2085 1532 2120 vel
1555 2085 1722 2128 scabiosi,
1745 2085 1830 2121 item
1852 2086 1942 2121 muti
1965 2089 2002 2121 et
2024 2086 2141 2121 surdi:

1385 2129 1411 2167 4
1439 2129 1634 2166 ULPIANUS
1649 2130 1740 2167 libro
1754 2132 1878 2177 primo
1897 2131 1948 2166 ad
1965 2131 2118 2166 edictum
2139 2131 2307 2166 aedilium
2319 2142 2425 2167 curu-

1340 2175 1426 2210 lium
1482 2175 1528 2210 ob
1587 2185 1657 2212 uae
1688 2175 1775 2211 vitia
1808 2180 1914 2222 negat
1946 2175 2216 2212 redhibitionem
2250 2186 2346 2219 esse,
2381 2187 2425 2212 ex

1342 2224 1356 2255 1
1408 2231 1462 2256 em
1489 2224 1526 2256 to
1584 2224 1623 2255 at
1652 2221 1839 2257 actionem.
1888 2221 1958 2256 Sed
1982 2221 2012 2256 si
2034 2221 2158 2256 vitium
2182 2222 2340 2266 corporis
2364 2232 2423 2256 us-

1339 2276 1407 2311 que
1441 2275 1464 2300 a
1523 2266 1680 2302 animum
1710 2269 1892 2311 penetrat,
1927 2265 2022 2318 forte
2055 2266 2086 2301 si
2115 2270 2262 2319 propter
2290 2266 2424 2302 febrem

1338 2311 1531 2356 loquantur
1554 2311 1681 2353 aliena,
1713 2311 1768 2346 vel
1800 2311 1862 2356 qui
1892 2321 1957 2355 per
1978 2321 2075 2346 vicos
2099 2321 2197 2347 more
2219 2321 2424 2347 msanorum

1338 2355 1531 2391 deridenda
1562 2356 1772 2408 loquantur,
1802 2357 1840 2391 111
1870 2366 1958 2401 quos
1988 2356 2065 2390 id¹2
2089 2356 2196 2391 animi
2226 2357 2349 2391 vitium
2380 2367 2424 2392 ex

1338 2404 1358 2436 2
1407 2401 1565 2446 corporis
1588 2401 1673 2437 171110
1697 2400 1838 2443 accidit,
1861 2401 2037 2436 redhiberi
2081 2411 2172 2436 osse.
2220 2401 2309 2437 Item
2328 2401 2423 2436 alea-

1337 2450 1434 2482 tores
1468 2450 1504 2481 et
1533 2446 1688 2482 vinarios
1720 2457 1793 2482 non
1826 2446 2000 2482 contineri
2030 2456 2049 2481 e
2075 2446 2146 2482 icto
2171 2446 2344 2491 quosdam
2367 2457 2425 2482 re-

1338 2491 1524 2537 spondisse
1547 2491 1766 2536 Pomponius
1789 2491 1850 2533 ait,
1875 2490 2169 2536 quemadmodum
2192 2501 2258 2526 nec
2279 2491 2423 2536 gulosos

1339 2541 1359 2572 3
1406 2547 1472 2571 nec
1495 2536 1705 2582 impostores
1729 2540 1792 2571 aut
1814 2536 2002 2572 mendaces
2027 2540 2090 2571 aut
2107 2536 2289 2581 litigiosos.
2324 2536 2423 2571 Idem

1337 2582 1556 2626 Pomponius
1589 2582 1658 2624 ait,
1691 2582 1851 2627 quamvis
1882 2592 1954 2617 non
1985 2581 2100 2616 valide
2131 2581 2325 2634 sapientem
2349 2591 2422 2616 ser-

1339 2638 1420 2662 vum
1442 2627 1604 2662 venditor
1626 2631 1811 2672 praestare
1834 2626 1972 2668 debeat,
1996 2631 2133 2669 tamen,
2157 2637 2189 2661 si
2210 2627 2261 2661 ita
2283 2625 2422 2661 fatuum

1337 2672 1392 2707 vel
1415 2672 1609 2707 morionem
1633 2672 1848 2714 vendiderit,
1884 2676 1924 2706 ut
1954 2671 1991 2706 in
2023 2682 2065 2707 eo
2096 2681 2183 2707 usus
2214 2671 2332 2706 nullus
2364 2672 2421 2714 sit,

1337 2716 1449 2752 videri
1467 2717 1600 2752 vitium.
1633 2721 1669 2752 et
1682 2718 1709 2740 ¹⁸
1726 2717 1883 2752 videmur
1903 2716 1972 2752 hoc
1991 2716 2068 2751 iure
2088 2716 2152 2758 uti,
2177 2720 2217 2751 ut
2235 2717 2310 2751 vitii
2327 2726 2421 2751 mor-

1338 2762 1445 2807 bique
1477 2762 1668 2807 appellatio
1702 2773 1773 2798 non
1796 2761 1960 2797 videatur
1982 2762 2160 2806 pertinere
2182 2761 2250 2796 nisi
2273 2761 2320 2796 ad
2342 2771 2421 2796 cor-

1337 2818 1444 2887 pora:
1469 2807 1577 2842 animi
1599 2811 1719 2844 autem
1742 2807 1865 2842 vitium
1887 2806 1939 2841 ita
1962 2806 2102 2841 demum
2145 2806 2319 2842 raestabit
2335 2816 2422 2840 ven-

1361 2852 1449 2895 itor,
1474 2852 1504 2887 si
1527 2852 1705 2897 promisit,
1730 2852 1762 2887 si
1784 2852 1911 2893 minus,
1935 2861 2016 2886 non.
2054 2857 2090 2886 et
2111 2851 2123 2886 i
2150 2861 2191 2886 eo
2216 2851 2429 2886 nominatim

1337 2898 1382 2933 de
1405 2908 1530 2932 ertone
1554 2901 1590 2932 et
1611 2896 1758 2942 fugitivo
1783 2896 1975 2941 excipitur:
2007 2896 2076 2932 1100
2109 2896 2201 2931 0111111
2232 2895 2340 2931 animi
2369 2895 2428 2931 vi—

1337 2943 1426 2978 tium
1449 2947 1513 2984 est,
1538 2953 1612 2977 non
1635 2942 1804 2987 corporis.
1839 2941 1934 2976 unde
1957 2941 2101 2986 quidam
2119 2941 2274 2976 iumenta
2293 2940 2430 2986 pavida„

1338 2991 1374 3022 et
1397 2987 1586 3023 calcitrosa
1608 2987 1783 3022 morbosis
1814 2997 1887 3021 non
1918 2996 1996 3021 esse
2027 2985 2293 3021 adnumeranda
2322 2985 2428 3020 dixe²

1337 3036 1439 3068 runt:
1475 3032 1584 3067 animi
1619 3032 1730 3074 enim,
1766 3042 1839 3066 non
1874 3031 2035 3083 corporis
2070 3031 2139 3066 hoc
2173 3031 2294 3066 vitium
2329 3040 2427 3065 esse.-.

1337 3081 1358 3112 4
1404 3078 1446 3112 In
1479 3086 1618 3112 summa
1652 3077 1682 3112 si
1716 3076 1858 3121 quidem
1891 3076 1999 3111 ammi
2029 3080 2168 3111 tantum
2198 3075 2319 3110 vitium
2353 3078 2429 3117 est„

1336 3121 1514 3157 redhiberi
1538 3132 1610 3156 non
1633 3125 1769 3166 potest,
1801 3121 1870 3156 nisi
1900 3121 1931 3156 si
1960 3120 2094 3156 dictum
2126 3123 2181 3155 est
2202 3120 2271 3155 hoc
2294 3119 2431 3155 abesse·

1337 3171 1373 3202 et
1395 3177 1467 3202 non
1490 3167 1610 3201 abest:
1644 3177 1688 3201 ex
1712 3170 1829 3211 empto
1853 3170 1973 3201 tamen
1996 3165 2052 3210 agi
2074 3169 2212 3210 potest,
2243 3164 2274 3200 si
2303 3165 2429 3200 sciens-

1335 3211 1372 3247 id
1406 3211 1528 3246 vitium
1563 3211 1670 3246 animi
1705 3211 1863 3246 reticuit:
1899 3211 1928 3246 si
1963 3215 2081 3245 autem
2117 3209 2275 3255 corporis
2310 3209 2429 3244 solius

1335 3257 1457 3292 vitium
1488 3259 1544 3291 est
1573 3260 1637 3291 aut
1667 3259 1703 3291 et
1734 3267 1775 3291 co
1822 3256 1893 3291 oris
1925 3259 1960 3290 et
1983 3255 2091 3290 animi
2114 3254 2262 3289 mixtum
2283 3254 2428 3296 vitium„

1336 3305 1355 3336 5
1403 3301 1591 3336 redhibitio
1616 3301 1735 3336 locum
1758 3301 1805 3335 ha
1831 3300 1915 3336 ebit.
1963 3299 2054 3334 Illud
2078 3300 2144 3334 erit
2163 3298 2427 3341 adnotandum,

1336 3345 1431 3398 quod
1451 3346 1494 3380 de
1513 3345 1635 3380 morbo
1654 3345 1864 3389 generaliter
1888 3344 2058 3389 scriptum
2082 3348 2146 3386 est,
2172 3354 2243 3379 non
2267 3343 2319 3379 do»
2333 3353 2425 3378 son-⁷

1334 3395 1406 3425 1100
1437 3390 1579 3432 morbo,
1612 3400 1677 3425 nec
1708 3390 1833 3425 mirum
1863 3389 1932 3424 hoc
1964 3389 2071 3424 videri
2099 3388 2323 3433 Pomponius
2349 3387 2417 3423 ait:

1335 3435 1422 3470 1111111
1453 3435 1545 3470 0111111
1568 3435 1618 3470 1111
1641 3435 1758 3479 agitur
1782 3434 1826 3469 de
1849 3444 1892 3469 ea
1915 3444 1974 3476 re,
2006 3433 2064 3469 cui
2087 3433 2146 3469 hic
2168 3433 2244 3478 ipse
2275 3433 2428 3468 morbus⁴

183 3480 277 3515 enim
306 3480 397 3515 haec
427 3482 631 3525 potuerunt.
667 3480 816 3523 exempli
838 3480 959 3524 itaque
989 3481 1104 3524 gratia
1133 3479 1267 3515 refera-
1297 3495 1304 3514 ι
1336 3483 1356 3515 6
1403 3479 1531 3515 obstet.
1579 3479 1676 3514 Idem
1697 3480 1747 3514 ait
1766 3490 1837 3514 non
1858 3488 1995 3514 omnem
2015 3479 2177 3513 morbum
2196 3477 2428 3512 dane-locum

231 3595 272 3634 (1)
296 3595 360 3627 Ed.
375 3601 453 3628 ¹...⁴.
464 3600 493 3627 s.
507 3601 534 3628 s.
549 3599 715 3627 1o.12...u.
726 3599 840 3626 ηψπ.
851 3600 895 3626 35.
908 3600 1027 3628 ³7...⁴5.
1036 3601 1166 3632 59...⁶³;
1181 3593 1264 3627 Sub.

185 3644 214 3672 ι.
230 3646 256 3673 τ.
268 3646 296 3672 ο.
311 3646 349 3673 ιι.
365 3647 407 3673 15.
420 3647 463 3673 w.
477 3645 521 3672 ³⁴.
542 3646 589 3672 30.
603 3644 729 3676 40....’,3;
750 3637 838 3680 Pup.
853 3645 979 3677 ⁵4...⁵8;
998 3639 1086 3682 App.
1101 3645 1146 3672 04.
1162 3645 1208 3672 05.
1221 3655 1265 3662 -

187 3683 270 3717 Bas.
285 3685 337 3724 19,
352 3691 452 3717 ¹0.—
466 3684 517 3726 CJ.
531 3683 609 3717 Cod.
623 3684 655 3723 4,
669 3689 705 3716 ss
776 3686 818 3721 (2)
843 3681 883 3715 de
896 3683 955 3715 ins.
970 3684 1036 3717 ind.
1049 3684 1085 3716 F
1155 3685 1198 3723 (³)
1223 3683 1266 3724 ct:

183 3728 320 3761 edictum
341 3740 447 3761 eorum
461 3729 552 3770 apud
566 3727 704 3761 Gellium
717 3727 750 3767 4,
763 3733 814 3765 2,1
998 3729 1041 3767 (4)
1066 3738 1171 3769 eaque
1185 3727 1265 3760 Hal.

1336 3593 1380 3631 (5)
1405 3592 1508 3625 fuerit
1519 3593 1581 3626 del.
1671 3593 1715 3629 (e)
1741 3592 1828 3634 quod
1842 3590 1895 3624 1⁷²
1985 3594 2028 3630 (7)
2053 3591 2142 3624 enim
2156 3591 2218 3624 dol.

1336 3639 1410 3671 dett.
1503 3641 1547 3675 (9)
1574 3638 1611 3670 id
1621 3644 1686 3670 est.-
1698 3636 1786 3669 idem
1799 3635 2028 3678 significantes
2122 3640 2181 3674 (10)
2205 3634 2428 3668 11111011νί111·-

1335 3682 1447 3714 minus
1459 3694 1522 3715 scr.
1592 3686 1646 3722 (ιι)
1660 3683 1698 3715 id
1705 3689 1774 3715 αις
1786 3681 1913 3713 furenti
1984 3684 2042 3720 (12)
2055 3690 2121 3722 quo
2134 3680 2183 3713 sit.
2192 3681 2236 3714 R·
2289 3682 2346 3718 (ιδ)
2359 3678 2429 3712 aeda

1336 3727 1575 3771 Bynkerskoek

2300 3591 2344 3628 (s)
2368 3590 2419 3623 ita
2487 3616 2489 3618 ,
