2528 3918
128 90 130 92 ’
152 113 443 148 resi-mmo

270 225 279 234 ’
330 223 533 261 hominibus
564 221 769 259 inferendos
799 230 879 258 esse
913 221 1035 257 heredi
1094 221 1237 267 rinceps

155 276 169 308 1
220 269 416 309 constituit.
463 267 532 305 Sed
563 271 599 304 et
626 267 657 303 si
686 265 905 303 condicionis
933 267 1066 313 implen
1091 277 1134 303 ae
1155 276 1236 312 grae

151 317 204 353 tia
225 325 366 354 servum
386 314 569 351 institutus
592 312 837 356 manumiserit
859 322 903 348 ac
926 317 1054 358 postea
1076 312 1170 348 filius
1194 311 1238 347 de

151 361 350 399 inofficioso
383 359 521 405 mendo
554 358 709 394 tenuerit
739 357 795 392 vel
823 360 1077 393 testamentum
1107 357 1239 393 falsum

151 407 260 444 fuerit
311 404 572 458 renuntiatum,
613 412 833 456 consequens
862 403 940 455 ‚erit
976 402 1070 456 idem
1099 402 1139 438 in
1169 403 1238 438 hac

152 447 1238 539 witz&1322222-251212323‘2353232“sissima

153 545 272 579 mento
293 541 494 576 libertatem
516 538 569 574 ita
592 538 745 574 dederit:
772 538 1002 584 Tamphilus,
1027 539 1060 575 si
1079 549 1160 575 eum
1179 548 1238 574 so-

152 588 239 624 ‘cius
260 584 516 627 manumiserit,
540 584 632 619 liber
650 584 751 625 esto’,
777 583 921 620 Servius
938 584 1124 629 respondit
1140 583 1239 619 socio

151 631 418 669 manumittente
437 639 658 666 communem
675 629 754 664 fieri
771 629 938 664 libertum
956 629 1113 665 familiae
1132 632 1241 674 atque

151 675 435 713 manumissoris:
460 685 576 720 neque
600 674 693 710 enim
716 684 847 710 novum
865 679 928 710 aut
945 675 1166 720 incognitum
1185 678 1240 710 est

149 722 246 758 vario
268 721 348 757 iure
371 720 550 756 communi
572 719 750 764 mancipio
773 719 976 755 libertatem
1000 720 1193 766 optingere.

194 765 248 806 49
273 766 381 802 IDEM
395 766 486 802 libro
506 771 612 801 sexto
634 775 889 810 responsorum
926 765 1156 801 Testamento
1174 764 1239 800 mi-

148 813 221 848 litis
242 812 295 847 ita
315 810 571 846 manumissam
595 809 762 846 ‘Samiam
786 809 824 845 in
847 810 1014 847 libertate
1037 821 1117 846 esse
1138 810 1239 846 iussi’

149 858 321 893 directam
344 856 548 892 libertatem
570 856 648 891 iure
672 855 819 890 militiae
843 856 980 901 cepisse
1006 855 1154 901 placuit.

195 901 248 941 50
271 901 379 938 low
393 901 484 937 libro
500 911 596 936 nono
611 911 868 948 responsorum
903 901 1007 946 Quod
1022 901 1102 937 divo
1114 901 1240 936 Marco

148 947 492 1029 ξἘωΗῗθῗέἓὲὲξὲἓο
506 945 1102 1028 ⁰?:zstifvassz⁶{⁸0n¹3¹³5ffitzsss⁰3:12
1111 1004 1120 1013 ·
1130 946 1241 1028 1111Ξέι

630 1019 639 1036 ,
1112 1019 1121 1027 .

148 1039 235 1085 quin
264 1038 475 1074 vacantibus
502 1037 591 1073 fisco
622 1036 811 1073 vindicatis
842 1047 915 1072 non
945 1037 1080 1073 habere
1106 1037 1240 1073 consti-

150 1088 165 1119 1
215 1083 390 1119 tutionem
423 1082 543 1118 locum
581 1089 706 1128 aperte
743 1085 901 1117 cavetur.
955 1082 1082 1119 Servos
1120 1087 1239 1118 aut-em

147 1132 361 1165 testamento
379 1128 629 1172 manumissos,
653 1131 696 1162 ut
711 1127 808 1162 bona
825 1127 1034 1173 suscipiant,
1057 1128 1136 1163 iure
1154 1138 1240 1164 cau-

147 1175 280 1210 tionem
302 1173 467 1209 idoneam
491 1173 630 1216 offerre,
654 1183 728 1208 non
750 1173 867 1208 minus
891 1183 998 1218 quani
1019 1177 1157 1209 ceteros
1178 1173 1239 1209 de-

147 1220 263 1255 functi
284 1219 431 1255 libertos
455 1222 520 1254 aut
551 1218 724 1254 extrarios
758 1218 971 1254 declaravit:
1005 1219 1102 1264 quod
1131 1219 1239 1255 bene-

147 1265 287 1310 ficium,
317 1264 515 1300 minoribus
546 1264 649 1299 annis
678 1263 870 1299 heredibus
901 1264 1045 1309 scriptis
1069 1264 1241 1300 auxilium

147 1310 251 1391 baius
282 1309 537 1355 praestitutum
566 1319 664 1345 more
687 1308 794 1344 solito
825 1309 1131 1353 desiderantibus,
1169 1321 1242 1346 non

147 1366 170 1392 a
212 1358 311 1391 ertur
324 1357 344 1390 ¹.

194 1399 243 1437 51
271 1400 380 1436 IDEM
397 1399 490 1436 libro
509 1402 640 1445 quarto
663 1398 801 1435 decimo
822 1410 1078 1446 responsorum
1114 1399 1241 1436 Testa-

147 1449 266 1482 mento
291 1445 451 1482 centurio
478 1455 598 1481 servos
623 1455 708 1480 suos
731 1445 853 1480 venire
875 1445 1060 1491 prohibuit
1077 1455 1121 1480 ac
1140 1445 1240 1491 petit,

147 1495 257 1538 prout
286 1491 435 1537 quisque
464 1490 670 1532 meruisset,
704 1499 765 1526 eos
796 1491 1011 1526 manumitti.
1057 1491 1241 1527 libertates

146 1536 283 1573 utiliter
300 1536 403 1571 datas
423 1535 619 1581 respondit,
639 1546 732 1579 cum,
752 1535 784 1571 si
800 1546 904 1572 nemo
926 1546 1110 1572 servorum
1129 1536 1240 1572 offen-

147 1583 254 1626 derit,
284 1592 406 1618 omnes
438 1581 485 1616 ad
514 1581 715 1616 libertatem
744 1581 929 1626 pervenire
957 1585 1128 1627 possunt:
1164 1581 1241 1626 qui-

146 1627 299 1664 busdam
322 1630 443 1663 autem
466 1636 532 1673 per
556 1625 728 1662 offensam
750 1627 906 1662 exclusis
925 1627 1061 1662 residui
1079 1627 1117 1662 in
1134 1627 1241 1662 liber-

152 1677 166 1709 1
214 1676 326 1708 tatem
344 1672 567 1718 perveniunt.
604 1671 694 1707 Cum
712 1671 765 1707 ita
784 1675 999 1708 testamento
1020 1672 1241 1718 adscriptum

147 1722 261 1754 esset:
297 1717 419 1761 ‘servi‚
468 1717 507 1752 ui
531 1717 606 1752 sine
631 1716 768 1753 offensa
791 1717 957 1760 fuerunt,
980 1717 1084 1753 liberi
1109 1718 1240 1760 sunto',

147 1763 394 1800 condicionem
424 1773 447 1797 a
473 1762 644 1808 scriptam
674 1762 785 1798 videri
815 1763 970 1816 placuit²
1003 1763 1105 1799 cuius
1129 1764 1240 1799 inter-

172 1809 386 1845 retationem
408 1808 517 1844 talem
540 1807 761 1850 faciendam,
794 1812 835 1843 ut
866 1808 911 1844 de
933 1809 989 1844 his
1014 1809 1050 1844 in
1074 1809 1241 1844 libertate

195 1854 267 1890 nda
298 1854 475 1899 cogitasse
498 1863 571 1888 non
593 1852 776 1896 videatur,
810 1864 900 1899 quos
931 1864 1049 1907 poena
1081 1854 1242 1890 coercuit

147 1903 211 1940 aut
247 1900 293 1935 ab
333 1899 471 1935 honore
506 1898 734 1934 ministrandi
767 1899 823 1935 vel
854 1899 1160 1935 administrandae
1190 1899 1241 1935 rei

148 1946 291 1989 negotio
316 1944 476 1980 removit.

193 1989 247 2029 52
271 1990 431 2026 PAULUs
459 1989 551 2025 libro
581 1988 792 2025 duodecimo
822 1990 1072 2035 quaestionum
1123 1989 1176 2025 Im
1205 1999 1239 2025 e-

146 2040 285 2072 ratores
317 2034 489 2071 Missenio
521 2034 714 2070 Frontoni:
751 2033 994 2071 ‘Testamento
1028 2034 1149 2071 militis
1209 2035 1240 2071 is

147 2081 276 2118 ‘verbis
293 2080 476 2125 adscripta
492 2079 678 2115 libertate:
703 2078 949 2125 “Stephanum
966 2089 1106 2116 servum
1122 2090 1240 2116 meum

146 2127 323 2163 “liberum
361 2136 440 2162 esse
479 2125 584 2161 volo’'
622 2124 680 2160 vel
717 2125 870 2161 “iubeo”
908 2125 1006 2161 adita
1042 2125 1240 2162 hereditate

148 2173 306 2208 ‘libertas
337 2171 524 2217 competit:
556 2173 592 2206 et
622 2170 704 2207 ideo
736 2180 794 2214 ea,
828 2181 921 2216 quae
950 2175 1078 2216 postea
1100 2171 1240 2207 adiecta

147 2221 261 2254 ‘sunt:
292 2217 369 2253 “sic
393 2220 534 2259 tamen,
563 2219 605 2251 ut
628 2226 709 2251 cum
731 2216 863 2252 herede
886 2226 965 2252 meo
991 2216 1037 2251 sit
1059 2218 1155 2262 quo²
1178 2227 1239 2252 us-

149 2265 241 2308 “que
262 2262 400 2298 iuvenis
424 2261 488 2297 sit:
521 2260 618 2307 quod
648 2260 679 2297 si
707 2262 863 2297 noluerit
885 2265 949 2297 aut
973 2263 1238 2308 contempserit,

146 2309 249 2344 “iure
271 2307 451 2344 servitutis
474 2307 662 2343 teneatur”
694 2306 742 2342 ad
764 2307 1003 2343 revocandam
1026 2307 1238 2351 libertatem,

147 2356 251 2399 ‘quae
275 2353 463 2398 competit,
492 2363 567 2388 non
595 2355 680 2388 sunt
703 2351 889 2388 efficacia’.
936 2352 1030 2389 idem
1054 2357 1090 2389 et
1112 2353 1150 2389 iii
1173 2364 1237 2400 pa-

147 2410 324 2445 ganorum
346 2398 570 2434 testamentis
595 2397 816 2434 observatur.

193 2443 246 2482 53
272 2444 380 2480 IDEM
395 2443 486 2480 libro
505 2444 631 2489 quinto
652 2443 789 2479 decimo
808 2454 1065 2489 responsorum
1104 2443 1240 2480 Lucius

148 2490 266 2525 Titius
289 2499 391 2526 servo
415 2489 619 2524 libertatem
643 2488 757 2532 dedit,
790 2489 822 2525 si
851 2489 1027 2524 rationem
1056 2493 1160 2525 actus
1185 2490 1241 2525 sui

148 2546 193 2572 ex
214 2535 286 2571 fide
310 2534 467 2570 dedisset
490 2534 580 2569 Gaio
606 2534 686 2569 Seio
711 2533 784 2569 filio
808 2545 895 2570 suo:
929 2545 1011 2570 cum
1034 2545 1148 2570 annos
1199 2547 1239 2570 u-

148 2581 298 2617 bertatis
327 2590 492 2625 egressus
516 2579 646 2615 fuisset
669 2578 781 2615 Gaius
806 2579 927 2622 Seius,
958 2590 981 2615 a
1011 2580 1171 2616 curatori
1198 2591 1239 2616 us

147 2626 306 2662 eiusdem
330 2628 524 2661 conventus
548 2634 670 2660 servus
695 2624 803 2659 etiam
829 2625 928 2670 apud
949 2624 1102 2660 iudicem
1127 2626 1240 2661 omni-

150 2673 218 2708 bus
246 2670 440 2707 satisfecit:
481 2673 609 2705 exacta
645 2670 812 2705 cautione
843 2680 866 2705 a
895 2670 1123 2706 curatoribus
1154 2682 1238 2716 pro-

148 2716 353 2752 nuntiatum
382 2719 437 2751 est
467 2715 618 2750 liberum
643 2724 723 2750 eum
747 2725 843 2750 esse:
877 2726 974 2751 nunc
999 2715 1112 2752 Gaius
1137 2715 1240 2752 Seius

147 2762 242 2798 filius
271 2761 455 2797 testatoris
486 2763 594 2805 negat
629 2760 857 2796 curatoribus
892 2760 967 2796 suis
1001 2764 1101 2796 recte
1129 2772 1239 2807 pecu-

148 2808 244 2843 niam
274 2807 442 2842 inlatam:
475 2816 626 2858 quaero,
659 2815 707 2840 an
729 2805 807 2841 iure
831 2805 951 2841 soluta
974 2806 1022 2841 sit
1045 2807 1238 2851 quantitas.

147 2852 283 2890 Paulus
324 2850 509 2897 respondit
549 2851 773 2886 curatoribus
814 2851 957 2895 quidem
1000 2851 1240 2888 adulescentis

148 2898 214 2933 reli
239 2908 322 2932 uam
344 2896 537 2938 rationem,
567 2899 608 2931 ut
632 2896 792 2932 condicio
818 2900 1032 2932 testamento
1058 2897 1240 2943 adscripta

148 2944 220 2989 imp
236 2946 355 2985 eatur,
390 2953 463 2977 non
492 2941 570 2976 iure
600 2941 799 2976 exsolutam
821 2942 950 2977 videri:
981 2942 1044 2978 sed
1074 2942 1104 2977 si
1133 2953 1238 2988 prae-

149 2992 248 3024 sente
273 2987 501 3023 adulescente
525 2986 679 3032 pecunia
701 2986 802 3023 illata
825 2990 880 3023 est
903 2987 958 3022 vel
981 2987 1019 3022 in
1037 2987 1238 3024 rationibus

149 3034 225 3069 eius
249 3033 379 3077 relata,
410 3032 594 3078 impletam
618 3031 861 3068 condicionem
884 3032 1015 3076 videri,
1049 3043 1092 3068 ac
1117 3034 1147 3069 si
1169 3033 1239 3079 ipsi

150 3078 268 3114 soluta
289 3077 428 3113 fuisset.

196 3122 249 3160 54
274 3122 477 3159 SGAEVOLA
502 3122 593 3158 libro
618 3125 750 3167 quarto
780 3132 1035 3169 responsorum
1082 3122 1151 3168 Qui
1174 3123 1237 3159 ha-

149 3169 260 3204 bebat
282 3178 422 3204 servum
435 3167 639 3209 Cratistum,
663 3170 875 3203 testamento
899 3168 952 3204 ita
969 3168 1077 3204 cavit:
1103 3173 1238 3205 ‘servus

151 3216 260 3248 ‘meus
285 3213 452 3248 Cratinus
482 3213 575 3248 liber
603 3213 708 3248 esto’:
742 3223 893 3257 quaero,
926 3224 974 3249 an
1003 3224 1125 3250 servus
1150 3213 1238 3250 Cra-

150 3258 255 3294 tistus
288 3258 335 3294 ad
365 3258 566 3294 libertatem
597 3258 782 3303 pervenire
810 3258 942 3303 possit,
974 3269 1055 3294 cum
1086 3262 1239 3295 testator

150 3314 290 3339 servum
325 3303 510 3339 Cratinum
549 3314 622 3339 non
662 3303 836 3346 habebat,
877 3304 941 3340 sed
981 3305 1078 3340 hunc
1122 3305 1238 3340 solum

152 3349 357 3385 Cratistum.
401 3348 587 3393 respondit
617 3347 706 3383 nihil
734 3348 879 3391 obesse,
937 3349 1010 3385 uod
1039 3349 1076 3384 in
1101 3350 1239 3396 syllaba

156 3397 168 3428 1
219 3396 384 3429 errasset.
432 3393 563 3439 Scripti
586 3396 799 3429 testamento
822 3393 909 3429 here
934 3405 972 3430 es
996 3398 1080 3430 ante
1103 3395 1238 3431 aditam

150 3438 383 3474 hereditatem
414 3438 512 3484 pacti
543 3442 628 3474 sunt
658 3449 739 3474 cum
770 3438 1024 3483 creditoribus,
1062 3443 1103 3475 ut
1133 3445 1238 3486 parte

151 3483 296 3519 dimidia
328 3483 485 3520 contenti
517 3487 652 3528 essent,
685 3486 722 3519 et
751 3482 804 3519 ita
833 3483 999 3520 decreto³
1027 3495 1049 3521 a
1071 3489 1238 3530 praetore

149 3528 361 3575 interposito
392 3528 625 3565 hereditatem
656 3528 840 3565 adierunt:
875 3540 1026 3574 quaero,
1057 3540 1105 3566 an
1127 3530 1237 3567 liber-

152 3643 191 3680 (1)
215 3641 386 3676 auferetur
399 3642 451 3675 F2
542 3644 585 3683 (2)
610 3642 700 3684 quod
711 3643 747 3676 F
830 3644 873 3683 (3)
899 3642 994 3677 decre
1006 3644 1040 3676 F

154 3686 216 3719 del.
231 3685 295 3723 Ρ,
362 3690 405 3726 (5)
431 3689 582 3729 erogaret
592 3700 655 3721 scr.
733 3688 777 3728 (6)
802 3697 841 3719 cx
855 3688 917 3721 del.

154 3738 183 3771 ⁹,
196 3739 212 3765 ⁵
305 3732 349 3772 (8)
375 3742 442 3765 non
456 3745 514 3765 om.
528 3733 564 3765 F
646 3734 692 3774 (9)
717 3733 780 3765 hoc
794 3743 862 3765 non
873 3745 932 3767 scr.

994 3690 1038 3731 (τ)
1062 3691 1106 3733 cf.
1118 3646 1236 3732 {2943}

1036 3735 1096 3777 (ιο)
1121 3738 1232 3768 existi<

1227 94 1310 143 619

2165 100 2395 145 XXXX4

1306 223 1400 257 tates
1419 220 1457 256 in
1476 229 1519 256 eo
1538 221 1753 258 testamento
1771 221 1878 258 datae
1897 222 2167 268 competierunt.
2200 222 2397 269 respondit,

1307 266 1339 302 si
1360 269 1514 302 testator
1535 265 1728 302 fraudandi
1758 268 1944 304 consilium
1967 279 2039 304 non
2063 269 2267 314 habuisset,
2300 279 2396 305 com-

1307 315 1429 357 petere
1451 311 1647 347 libertates.

1354 355 1407 394 55
1445 356 1683 393 Mammam
1715 355 1807 393 libro
1846 358 2003 395 secundo
2039 359 2398 405 fideicommissorum

1307 402 1493 438 Libertate
1523 402 1590 438 sub
1623 400 1835 438 condicione
1873 402 1958 438 data
1993 404 2065 441 huc
2095 405 2167 441 iam
2204 405 2394 442 decursum

1307 451 1372 492 est,
1397 451 1448 490 ut,
1472 447 1504 483 si
1527 457 1593 492 per
1616 447 1868 483 statuliberum
1891 458 1963 484 non
1986 452 2059 485 stet
2098 451 2287 496 quominus
2311 461 2398 486 con-

1309 492 1440 528 dicioni
1463 495 1601 538 pareat,
1627 492 1786 538 quamvis
1810 503 1855 528 ne
1878 503 1943 545 per
1965 493 2049 530 here
2077 506 2131 530 em
2151 496 2293 541 quidem
2316 499 2398 538 stet,

1308 542 1429 573 tamen
1452 538 1499 573 ad
1521 538 1723 573 libertatem
1745 542 1941 583 pervemat.
1990 540 2086 584 quod
2119 541 2226 578 credo
2249 551 2398 587 respon-

1309 583 1386 618 den·
1409 586 1575 629 oportere
1597 586 1634 619 et
1658 583 1689 619 si
1719 593 1784 628 per
1807 582 2119 621 fideicommissum
2149 587 2273 632 utique
2296 587 2399 623 here-

1312 633 1325 663 1
1377 628 1515 664 ditariis
1547 628 1658 664 servis
1687 628 1834 664 libertas
1864 627 1950 664 data
1972 628 2091 665 fuerit.
2138 631 2221 667 Non
2245 631 2399 668 absurde

1309 677 1328 708 2
1376 678 1412 709 et
1435 674 1479 709 de
1503 673 1643 709 heredis
1666 674 1779 710 servis
1801 674 1896 710 idem
1920 673 2067 710 dicetur.
2109 676 2164 712 De
2188 677 2243 712 his
2267 681 2399 720 autem,

1308 730 1398 764 quos
1429 719 1653 755 redimendos
1685 719 1848 762 habebit,
1880 729 1954 754 non
1981 719 2075 755 iuste
2099 720 2320 766 dubitamus,
2351 723 2399 758 si-

1308 764 1450 809 quidem
1476 774 1518 800 eo
1551 774 1638 800 casu
1669 763 1831 809 iniquum
1854 766 1922 800 erit
1944 765 2110 801 heredem
2133 767 2280 811 perinde
2303 778 2399 804 com-

1307 810 1393 855 pelli
1416 809 1548 845 debere
1570 809 1744 845 redimere
1768 820 1848 852 eos,
1882 813 1990 855 atque
2015 811 2047 846 si
2071 811 2231 848 condicio
2255 813 2401 858 impleta

1307 858 1422 898 esset,
1469 854 1567 900 quod
1611 854 1706 890 forte
1745 855 1910 891 dominus
1953 856 2160 900 prohiberet
2201 858 2401 894 condicioni

1307 910 1452 946 parere,
1485 901 1609 980 uttet⁴
1633 900 1789 946 pretium
1811 900 2014 947 perciperet
2036 906 2071 936 et
2095 901 2133 936 in
2157 903 2400 939 condicionem

1307 957 1379 982 non
1404 956 1444 981 ro
1492 956 1530 981 re
1570 972 1579 980 .

1356 989 1409 1029 56
1467 1000 1595 1026 Αυιυε
1615 990 1706 1026 libro
1757 990 1849 1026 rimo
1869 990 2230 1035 fideicommissorum
2266 992 2304 1027 Si
2321 994 2401 1038 quis

1309 1047 1412 1072 servo
1435 1039 1649 1072 testamento
1674 1035 1718 1071 de
1745 1035 1813 1071 erit
1834 1035 2038 1072 libertatem
2062 1041 2099 1073 et
2119 1037 2255 1073 directo
2280 1041 2316 1073 et
2337 1049 2402 1083 per

1307 1081 1638 1126 fideicommissum,
1669 1081 1708 1116 in
1763 1084 1916 1117 otestate
1945 1082 2039 1118 servi
2071 1086 2145 1125 est,
2177 1087 2297 1118 utrum
2320 1083 2403 1119 velit

1308 1129 1378 1163 ex⁶
1409 1128 1544 1163 directo
1577 1137 1624 1162 an
1654 1137 1698 1162 ex
1748 1126 1995 1163 deicommisso
2026 1127 2075 1163 ad
2097 1128 2299 1164 libertatem
2320 1139 2401 1175 per-

1308 1172 1444 1209 venire:
1471 1176 1507 1208 et
1528 1173 1580 1207 ita
1603 1172 1750 1207 Marcus
1773 1172 1967 1218 imperator
1990 1173 2186 1219 rescripsit.

1355 1216 1432 1256 57⁷
1467 1217 1591 1254 Galus
1626 1218 1717 1253 libro
1750 1219 1855 1253 tertio
1895 1217 1940 1253 de
1971 1218 2312 1255 manumissionibus
2366 1219 2403 1255 Si

1308 1264 1469 1309 locuples
1493 1263 1610 1308 egenti
1633 1263 1738 1298 heres
1764 1263 1957 1306 exstiterit,
1981 1263 2183 1307 videamus,
2208 1273 2256 1299 an
2280 1274 2322 1299 ea
2345 1275 2403 1300 res

1308 1312 1522 1345 testamento
1547 1308 1641 1344 datis
1673 1308 1901 1344 libertatibus
1925 1308 2110 1354 proficiat,
2142 1314 2184 1345 ut
2207 1309 2402 1346 creditores

1308 1354 1471 1390 fraudari
1493 1354 1590 1390 non⁸
1611 1353 1811 1389 videantur.
1859 1357 1895 1390 et
1919 1364 2008 1390 sane
2031 1358 2116 1390 sunt
2140 1354 2304 1400 quidam,
2330 1356 2401 1400 qui,

1309 1411 1391 1436 cuin
1414 1401 1518 1435 heres
1549 1399 1711 1444 locuples
1742 1399 1930 1442 existeret,
1962 1399 2036 1436 tale
2061 1410 2139 1436 esse
2163 1400 2402 1445 crediderunt,

1332 1445 1434 1489 uale,
1467 1445 1499 1480 si
1528 1444 1607 1490 ipse
1636 1447 1792 1480 testator
1822 1444 1986 1481 adauctis
2009 1448 2138 1490 postea
2169 1445 2403 1482 facultatibus

1309 1457 1530 1527 {ecessisset
1579 1489 1643 1526 sed
1664 1489 1753 1525 mihi
1775 1490 1947 1525 traditum
1969 1494 2025 1526 est
2048 1491 2117 1527 hoc
2146 1491 2225 1527 iure
2248 1502 2315 1528 nos
2340 1491 2402 1536 uti,

1308 1540 1350 1572 ut
1381 1536 1428 1571 ad
1457 1546 1534 1571 rem
1564 1546 1638 1570 non
1660 1535 1857 1581 pertineat,
1890 1535 2050 1581 locuples
2082 1546 2130 1571 an
2162 1546 2269 1582 egens
2298 1536 2403 1573 heres

1308 1581 1488 1624 extiterat,
1513 1580 1577 1617 sed
1600 1591 1753 1626 quarum
1776 1580 2002 1616 facultatium
2021 1584 2176 1617 testator
2198 1582 2402 1618 decesserit.

1309 1638 1417 1673 quam
1437 1626 1651 1662 sententiam
1668 1626 1830 1662 Iulianus
1854 1626 1943 1662 adeo
1967 1627 2140 1672 sequitur,
2166 1631 2207 1662 ut
2228 1628 2405 1664 existimet

1308 1683 1353 1708 ne
1383 1682 1465 1709 eum
1495 1671 1638 1717 quidem
1669 1671 1874 1707 libertatem
1903 1675 2200 1715 consecuturum,
2233 1683 2338 1719 quem
2360 1674 2403 1717 is,

1308 1718 1370 1763 qui
1400 1717 1569 1754 solvendo
1601 1727 1674 1753 non
1704 1720 1820 1760 esset,
1849 1717 1902 1752 ita
1931 1717 2084 1753 liberum
2115 1728 2195 1754 esse
2223 1718 2402 1755 iussisset:

1309 1766 1403 1799 ‘cum
1434 1773 1496 1799 aes
1528 1762 1684 1798 alienum
1715 1762 1873 1799 solutum
1902 1763 1986 1806 erit,
2019 1763 2163 1799 Stichus
2187 1764 2278 1800 liber
2300 1764 2401 1800 esto'.

1309 1809 1373 1844 sed
1404 1819 1477 1844 non
1508 1809 1604 1844 hoc⁹
1634 1811 1691 1843 est
1721 1817 1944 1853 consequens
1970 1808 2094 1844 Sabini
2124 1812 2159 1843 et
2184 1808 2299 1845 Cassii
2322 1820 2401 1845 sen-

1307 1854 1457 1896 tentiae,
1484 1863 1591 1899 quam
1614 1857 1651 1889 et
1672 1852 1751 1898 ipse
1774 1853 1875 1898 sequi
1898 1853 2048 1896 videtur,
2074 1854 2135 1899 qui
2159 1855 2365 1890 existimant
2377 1856 2402 1877 ¹⁸

1309 1899 1497 1953 consilium
1520 1908 1695 1944 quemque
1717 1898 2001 1952 manumittentis
2026 1901 2230 1945 spectare¹²
2253 1899 2402 1952 debere:

1307 1955 1392 2026 ¹2²?ss
1410 1944 1660 2042 iffitfussagss
1684 1944 2405 2027 sssssfflffii.⁸222¹2¹1¹1¹10⁸¹1²1t2u¹13¹1²²2¹332

1306 2036 1425 2078 iubet,
1458 2038 1500 2070 ut
1522 2034 1748 2081 apertissime
1780 2044 1908 2071 curare
1931 2034 2114 2080 videatur,
2138 2045 2184 2072 ne
2209 2035 2404 2073 creditores

1308 2080 1364 2117 sui
1386 2079 1654 2116 fraudarentur.
2344 2100 2347 2103 r

1354 2123 1408 2164 58
1432 2125 1671 2161 MAEGIANUS
1691 2125 1781 2161 libro
1807 2125 1912 2161 tertio
1928 2124 2295 2178 fideicommissorum
2332 2125 2403 2162 Ve-

1307 2183 1388 2208 rum
1411 2174 1467 2207 est
1490 2181 1589 2214 eum,
1622 2170 1684 2216 qui
1706 2170 1798 2207 liber
1823 2180 1903 2207 esse
1925 2180 2045 2207 iussus
2069 2173 2184 2214 esset,
2210 2170 2404 2207 alienatum

1307 2228 1330 2253 a
1352 2220 1536 2260 testatore,
1559 2216 1592 2253 si
1603 2217 1632 2238 ¹²
1654 2220 1739 2252 ante
1762 2216 1897 2252 aditam
1920 2215 1996 2251 eius
2020 2215 2255 2253 hereditatem
2278 2227 2404 2253 rursus

1307 2261 1543 2298 hereditarius
1568 2261 1681 2305 fieret,
1705 2272 1789 2297 mox
1813 2261 1973 2297 adiretur
1995 2261 2195 2305 hereditas,
2226 2261 2274 2297 ad
2296 2262 2403 2298 liber-

1307 2312 1418 2344 tatem
1469 2307 1639 2343 ervenire.

1354 2351 1408 2391 59
1474 2362 1647 2388 curvom
1678 2352 1770 2388 libro
1807 2352 1999 2388 vicensimo
2038 2352 2143 2388 tertio
2181 2352 2402 2400 diqestorum

1309 2398 1405 2434 Titia
1428 2398 1538 2434 servis
1586 2397 1776 2433 uibusdam
1797 2400 1833 2433 et
1856 2397 1995 2433 ancillis
2013 2397 2223 2433 nominatim
2247 2397 2403 2434 directas

1307 2445 1491 2480 libertates
1521 2444 1565 2479 de
1591 2443 1636 2487 it,
1670 2442 1798 2478 deinde
1827 2442 1880 2477 ita
1909 2442 2071 2487 scripsit:
2110 2446 2158 2478 ‘et
2186 2443 2402 2496 pedisequas

1309 2493 1462 2532 ‘omnes‚
1496 2499 1648 2534 quarum
1680 2488 1825 2524 nomina
1855 2487 1893 2523 in
1925 2488 2125 2524 rationibus
2157 2488 2244 2525 meis
2268 2493 2403 2534 scripta

1309 2538 1421 2579 ‘sunt,
1452 2534 1585 2570 liberas
1618 2544 1697 2570 esse
1725 2533 1830 2569 volo'.
1879 2533 2080 2577 quaesitum
2109 2537 2183 2576 est,
2216 2544 2263 2569 an
2287 2534 2400 2580 Euty-

1310 2581 1391 2616 chia
1403 2582 1441 2623 ²³,
1475 2590 1567 2625 quae
1599 2579 1803 2615 testamenti
1833 2578 1922 2614 facti
1952 2583 2113 2624 tempore
2144 2579 2238 2615 inter
2259 2580 2400 2625 pedise-

1309 2636 1399 2672 quas
1435 2625 1638 2661 libertatem
1673 2626 1882 2669 acceperat,
1925 2624 2051 2660 mortis
2087 2628 2206 2660 autem
2242 2628 2402 2671 tempore

1307 2671 1508 2708 inveniatur
1532 2670 1648 2706 actori
1670 2670 1707 2705 in
1732 2669 1967 2705 contubernio
1990 2669 2143 2712 tradita,
2178 2681 2222 2706 ex
2244 2671 2403 2715 generali

1281 2741 1288 2747 ·
1309 2717 1427 2762 capite
1449 2716 1724 2762 pedisequarum
1748 2715 1948 2750 libertatem
1968 2725 2078 2752 conse
2105 2716 2140 2750 ui
2159 2720 2293 2761 posset.
2326 2726 2400 2751 res-

1307 2762 1435 2808 pondit
1470 2762 1558 2797 nihil
1591 2760 1756 2806 impediri
1790 2760 1990 2796 libertatem
2026 2771 2071 2805 pe
2096 2762 2260 2806 isequae‚
2305 2761 2401 2807 quod

1312 2811 1326 2842 1
1376 2807 1501 2843 mortis
1522 2807 1664 2842 demum
1684 2810 1844 2851 tempore
1862 2805 2058 2851 pedisequa
2078 2816 2157 2842 esse
2170 2807 2287 2842 desiit.
2328 2807 2400 2841 Pu-

1309 2864 1386 2888 ram
1424 2856 1461 2888 et
1491 2852 1663 2887 directam
1701 2850 1835 2886 domini
1866 2850 1922 2886 sui
1953 2854 2167 2887 testamento
2200 2852 2400 2887 libertatem

1309 2898 1454 2934 Stichus
1484 2900 1675 2942 acceperat
1705 2900 1747 2941 et,
1771 2907 1815 2932 ex
1845 2895 2045 2932 hereditate
2069 2897 2181 2933 multa
2214 2908 2279 2942 per
2301 2897 2399 2931 frau-

1309 2943 1387 2979 dem
1412 2943 1586 2978 amovisse
1620 2942 1768 2978 dicitur:
1805 2941 2005 2987 quaesitum
2037 2946 2110 2985 est,
2142 2953 2190 2978 an
2219 2953 2292 2978 non
2315 2946 2400 2976 ante

1308 2989 1345 3023 in
1368 2988 1569 3024 libertatem
1592 2988 1816 3032 proclamare
1839 2987 1986 3029 debeat,
2012 2999 2119 3041 quam
2142 2998 2201 3030 ea,
2236 2997 2327 3032 quae
2351 2997 2399 3022 ex

1308 3033 1506 3068 hereditate
1537 3032 1711 3068 amovisse
1742 3032 1890 3077 probari
1913 3035 2056 3078 poterit,
2080 3033 2271 3068 heredibus
2294 3032 2396 3067 resti-

1308 3082 1435 3115 tueret.
1478 3078 1663 3123 respondit
1685 3077 1882 3114 secundum
1907 3087 1961 3120 ea,
1987 3089 2078 3124 quae
2100 3080 2396 3123 proponerentur,

1309 3134 1390 3159 eum
1421 3123 1465 3159 de
1497 3133 1568 3169 quo
1606 3125 1838 3168 quaereretur
1866 3123 2019 3159 liberum
2051 3133 2140 3159 esse.
2190 3123 2262 3158 CLA
2270 3131 2396 3156 vows:

1308 3169 1449 3205 videtur
1463 3168 1661 3204 absolvisse
1677 3172 1713 3204 et
1724 3169 1751 3189 ¹⁴¹
1770 3168 1807 3203 id
1824 3168 1868 3204 de
1884 3179 1955 3214 quo
1973 3169 2173 3215 quaeritur:
2198 3177 2280 3201 nam
2295 3166 2396 3201 here-

1310 3217 1329 3249 2
1378 3214 1482 3250 dibus
1501 3213 1589 3249 satis
1610 3213 1812 3250 consultum
1832 3217 1888 3250 est
1909 3213 2027 3250 edicto
2048 3214 2091 3248 de
2109 3212 2224 3247 furtis.
2260 3211 2396 3246 Lucius

1309 3259 1425 3295 Titius
1456 3262 1671 3295 testamento
1702 3270 1768 3295 suo
1799 3259 1851 3294 ita
1886 3258 1997 3294 cavit:
2041 3257 2291 3302 ‘Onesiphore‚
2327 3255 2396 3291 nisi

1309 3304 1383 3340 ‘dili
1407 3307 1507 3340 enter
1523 3304 1699 3340 rationem
1719 3304 1930 3347 excusseris,
1951 3305 2041 3340 liber
2057 3313 2102 3338 ne
2122 3302 2226 3337 esto’:
2251 3311 2394 3346 quaero,

1309 3361 1356 3385 an
1379 3316 1623 3395 &nesiphorus
1653 3359 1698 3386 ex
1727 3350 1784 3385 his
1813 3349 1930 3385 verbis
1960 3350 2159 3384 libertatem
2191 3346 2259 3381 sibi
2282 3345 2394 3381 vindi-

1309 3405 1392 3431 care
1421 3394 1548 3440 possit.
1595 3395 1782 3441 respondit
1811 3394 1946 3436 verbis,
1979 3403 2070 3439 quae
2097 3394 2394 3437 proponerentur,

1308 3440 1510 3476 libertatem
1533 3440 1642 3476 adimi
1659 3440 1783 3508 potius
1808 3449 1914 3485 quam
1939 3439 2028 3474 dari.

1356 3484 1409 3522 60
1434 3485 1657 3522 SOABVOLA¹
1697 3486 1788 3522 libro
1809 3484 1999 3520 vicensimo
2020 3484 2150 3528 quarto
2174 3481 2394 3534 diqestorum

1309 3530 1541 3568 Testamento
1581 3530 1634 3567 ita
1677 3530 1788 3567 cavit:
1827 3526 1976 3564 ‘Eiidem
2013 3525 2192 3573 βούλομαι
2234 3523 2395 3569 δοθηναι

1305 3646 1375 3677 mat
1394 3645 1428 3678 F
1560 3647 1615 3687 (1¹)
1641 3643 1817 3678 consilium
1837 3641 2000 3685 cuiusque
2018 3640 2284 3674 manumittentis
2302 3650 2392 3684 spec-

1305 3690 1372 3723 tari
1383 3703 1446 3724 scr.
1542 3694 1601 3734 (12)
1625 3691 1672 3723 sic
1687 3691 1722 3723 F
1801 3688 1858 3729 (13)
1882 3687 2072 3731 eutychium
2084 3687 2118 3719 F

1303 3736 1364 3776 (15)
1388 3735 1478 3770 idem
1489 3736 1543 3770 F²

2055 3787 2121 3822 78*

2201 3687 2260 3727 (14)
2286 3687 2320 3719 et
2331 3685 2393 3719 del.
2455 3713 2458 3716 .
