2528 3918
134 154 514 189 ossmGA‘rlomus

132 266 185 304 sic
217 266 340 303 debuit
361 264 542 311 interponi
570 263 772 309 stipulatio,
806 265 863 307 ut,
896 263 927 300 si
957 273 1039 299 eum
1063 262 1221 299 emanci-

131 316 255 358 passet
290 312 346 347 vel
376 310 647 353 exheredasset,
689 312 827 345 certum
867 309 952 354 quid
984 309 1220 354 promitteret.

133 368 203 402 quo
229 361 349 392 tamen
369 366 457 392 casu
481 354 670 391 commissa
687 353 919 400 stipulatione
943 359 1061 400 potest
1085 354 1220 407 quaeri,

132 413 179 438 an
212 401 427 438 exheredato
458 399 735 447 permittendum
764 403 861 435 esset
890 400 1009 436 dicere
1032 399 1076 435 de
1099 397 1220 435 moffi·

133 448 257 484 cioso‘?
281 447 449 490 maxime,
475 446 505 481 si
527 445 622 491 patri
645 445 803 481 naturali
826 444 930 481 heres
956 445 1147 487 extitisset,
1174 455 1222 479 an

132 493 225 529 victo
257 491 465 538 deneganda
494 496 549 527 est
580 501 623 526 ex
653 490 701 526 sti
725 491 828 525 ulatu
860 490 980 526 actio?
1027 490 1091 526 sed
1121 490 1152 526 si
1175 490 1221 531 ei,

133 539 193 584 qui
225 539 417 591 stipulatus
449 540 522 579 εει,
553 547 625 572 non
656 535 701 572 de
726 535 780 571 uit
810 535 978 581 denegari
1007 536 1104 571 victo
1134 535 1221 577 filio,

134 594 200 620 nec
222 583 294 630 ipsi
325 581 531 627 deneganda
561 581 630 618 erit
654 581 795 617 debitae
827 581 1002 627 pecuniae
1025 581 1219 616 exsecutio.

131 629 170 665 in
200 639 242 664 eo
275 632 413 671 autem,
456 627 517 673 qui
540 637 615 663 non
638 626 839 672 adoptavit,
873 637 977 672 quem
1000 626 1222 662 intellectum

132 675 265 711 habeat
286 674 377 710 haec
401 672 585 718 conceptio
619 673 659 708 ‘si
682 683 763 708 eum
788 672 892 707 aliter
915 682 1021 717 quam
1045 674 1086 706 ut
1109 670 1222 706 filium

133 719 392 761 ‘observasset',
432 729 505 754 non
543 717 724 764 prospicio
737 721 763 753 ¹:
805 728 852 753 an
883 721 919 753 et
956 718 1014 752 hic
1048 716 1219 762 exigimus

132 765 443 801 exheredationem
466 764 520 800 vel
546 763 881 808 emancipationem,
906 773 964 799 res
987 762 1025 797 in
1049 766 1220 797 extraneo

130 811 296 856 ineptas?
320 810 382 846 sed
406 810 437 845 si
459 809 508 852 is,
535 809 596 854 qui
618 809 772 854 legitime
796 807 997 854 adoptavit,
1022 807 1111 843 nihil
1133 807 1223 843 facit

132 861 259 891 contra
281 856 390 892 verba
415 854 675 900 stipulationis,
701 865 782 889 cum
805 854 918 889 utitur
941 853 1059 898 patrio
1083 852 1162 888 iure
1185 853 1222 887 in

130 912 185 945 eo,
216 900 277 946 qui
299 901 412 937 haec²
436 911 509 936 non
531 900 635 943 fecit,
669 900 776 935 dicit³
800 909 1039 944 supervacuo:
1073 898 1143 934 dici
1165 902 1220 933 ta-

134 950 149 981 1
198 957 281 982 men
299 946 432 992 poterit
451 946 675 981 commissam
692 955 770 981 esse
789 944 1067 990 stipulationem.
1107 943 1222 979 Filius

131 991 286 1027 familias
309 992 361 1027 ita
383 991 576 1036 stipulatus
599 993 672 1026 est:
707 992 889 1035 ‘quantam
912 989 1102 1035 pecuniam
1126 988 1221 1024 Titio

132 1036 339 1081 ‘credidero‚
364 1037 435 1073 fide
457 1041 522 1072 tua
545 1046 624 1072 esse
646 1035 749 1071 iubes
758 1035 786 1070 ‘2’
813 1039 848 1070 et
873 1035 1118 1080 emancipatus
1144 1045 1221 1070 cre-

131 1082 237 1118 didit:
263 1082 358 1128 patri
381 1093 454 1118 non
478 1081 622 1118 debebit
643 1080 850 1123 fideiussor,
885 1080 969 1126 quia
992 1091 1058 1116 nec
1082 1090 1164 1116 reus
1189 1079 1222 1115 ei

131 1132 284 1164 tenetur.

183 1171 259 1211 133
291 1173 495 1209 SOAEVOLA
537 1172 629 1209 libro
660 1172 764 1206 tertio
801 1171 938 1207 decimo
971 1173 1222 1217 quaestionum

132 1220 169 1255 Si
193 1219 245 1255 sic
270 1218 463 1264 stipulatus
483 1217 569 1253 sim:
596 1219 651 1253 ‘ne
677 1227 722 1252 ue
744 1228 809 1277 per
832 1220 869 1252 te
891 1227 1007 1261 neque
1031 1227 1096 1262 per
1119 1217 1221 1252 here-

134 1265 225 1300 ¹dem
249 1267 351 1299 tuum
374 1263 443 1299 vim
467 1263 546 1299 fieri
567 1273 657 1309 spon
684 1263 746 1298 es‘?
783 1266 819 1298 et
839 1262 903 1306 egi,
929 1262 1025 1306 quod
1044 1262 1130 1297 mihi
1153 1262 1223 1297 vim

130 1310 269 1353 feceris,
295 1313 391 1345 recte
410 1319 595 1344 remanere
612 1307 750 1343 factum
762 1307 905 1343 heredis
922 1308 960 1342 in
979 1308 1220 1353 stipulatione.

131 1366 215 1391 nam
243 1358 280 1390 et
311 1365 355 1390 ex
383 1354 496 1399 ipsius
528 1353 728 1399 posteriore
751 1353 787 1388 vi
816 1357 938 1398 potest
962 1353 1135 1389 committi
1159 1353 1222 1388 sti-

130 1400 285 1447 pulatio:
312 1411 384 1436 non
408 1400 498 1435 enim
523 1399 569 1434 ad
593 1409 703 1434 unam
726 1399 795 1434 vim
818 1399 983 1444 pertinet.
1021 1409 1102 1434 nam
1128 1398 1223 1434 sicut

132 1450 167 1482 et
189 1446 303 1491 ipsius
327 1450 364 1481 et
385 1444 526 1481 heredis
551 1448 674 1490 caput,
706 1444 758 1479 ita
781 1444 895 1489 ipsius
918 1444 971 1479 vis
1001 1444 1056 1480 vel
1080 1444 1223 1490 saepius

130 1491 230 1527 facta
253 1490 502 1536 complectitur
511 1491 536 1533 ⁴,
561 1494 602 1525 ut
628 1489 885 1525 condemnetur
912 1490 1036 1534 quanti
1059 1489 1221 1525 interest.

131 1541 195 1573 aut
219 1537 250 1572 si
272 1536 324 1572 sic
347 1536 511 1572 volumus
531 1535 663 1573 factam
688 1545 766 1571 esse
785 1535 831 1571 sti
858 1534 1070 1571 ulationem:
1098 1538 1224 1579 ‘neque

131 1587 209 1636 ‘per
231 1586 268 1617 te
292 1592 406 1627 neque
429 1592 494 1627 per
516 1581 683 1616 heredem
706 1584 808 1616 tuum
857 1581 956 1625 eri?',
981 1585 1023 1616 ut
1046 1580 1092 1616 ad
1115 1591 1224 1616 unam

132 1639 200 1663 vim
223 1627 374 1673 primam
398 1630 537 1662 teneat:
565 1627 596 1662 si
618 1627 689 1662 vim
711 1625 849 1670 fecerit,
874 1627 1027 1671 amplius
1052 1637 1097 1662 ex
1120 1627 1222 1661 here-

131 1674 186 1709 dis
210 1673 383 1709 committi
406 1683 478 1708 non
501 1672 652 1718 poterit:
678 1682 762 1717 ergo
787 1671 818 1707 si
842 1675 964 1707 actum
987 1671 1034 1708 sit
1057 1673 1160 1717 quasi
1181 1683 1224 1707 ex

131 1719 245 1765 ipsius
268 1719 314 1761 vi,
338 1722 416 1754 tota
440 1721 653 1764 consumpta
676 1718 762 1753 sit⁵:
818 1717 890 1753 uod
914 1728 986 1753 non
1013 1721 1067 1753 est
1089 1728 1223 1753 verum.

181 1762 260 1803 134
298 1763 457 1799 PAULUS
497 1763 588 1799 libro
631 1764 757 1809 quinto
818 1763 930 1799 ecimo
969 1773 1224 1810 responsorum

132 1810 244 1853 Titia,
301 1819 370 1845 uae
394 1819 438 1844 ex
462 1809 531 1844 alio
556 1808 670 1844 filium
691 1808 866 1851 habebat,
898 1809 937 1843 in
959 1808 1225 1844 matrimonium

132 1856 206 1891 coit
229 1855 319 1891 Gaio
333 1854 416 1890 Seio
440 1854 588 1890 habenti
611 1853 737 1889 filiam:
764 1857 801 1889 et
822 1857 984 1899 tempore
1007 1854 1224 1890 matrimonii

133 1903 409 1942 consenserunt,
442 1903 483 1935 ut
512 1900 588 1935 filia
611 1899 692 1934 Gaii
721 1899 793 1934 Seii
822 1899 896 1935 filio
922 1899 1038 1935 Titiae
1070 1899 1223 1952 despon-

132 1946 287 1988 deretur,
313 1949 349 1981 et
371 1945 623 1991 interpositum
646 1949 702 1980 est
724 1945 1000 1980 instrumentum
1025 1948 1061 1981 et
1084 1945 1225 1981 adiecta

131 2003 268 2038 poena,
300 1992 330 2026 si
362 1991 441 2036 quis
474 2001 598 2027 eorum
629 1990 763 2036 nuptiis
793 1990 1045 2044 impedimento
1077 1990 1223 2027 fuisset:

131 2041 259 2083 postea
279 2036 391 2072 Gaius
416 2035 518 2072 Seius
544 2039 731 2072 constante
754 2037 979 2072 matrimonio
1004 2036 1097 2072 diem
1122 2046 1225 2072 suum

133 2083 222 2119 obiit
253 2086 289 2118 et
319 2081 397 2117 filia
428 2081 504 2117 eius
539 2081 655 2117 noluit
684 2082 838 2117 nubere:
878 2092 1029 2127 quaero,
1066 2092 1113 2117 an
1145 2081 1225 2118 Gaii

133 2128 205 2164 Seii
226 2127 375 2164 heredes
399 2131 591 2163 teneantur
614 2138 659 2162 ex
683 2126 923 2172 stipulatione.
972 2126 1158 2173 respondit
1180 2137 1225 2162 ex

133 2173 375 2219 stipulatione,
401 2183 492 2225 quae
515 2176 794 2218 proponeretur,
827 2183 908 2207 cum
931 2183 1004 2208 non
1029 2172 1225 2209 secundum

133 2219 248 2255 bonos
270 2228 387 2254 mores
411 2218 624 2264 interposita
647 2218 708 2260 sit,
741 2217 859 2263 agenti
883 2218 1130 2263 exceptionem
1154 2218 1226 2254 doli

132 2265 218 2300 mali
242 2265 481 2306 obstaturam,
507 2263 591 2308 quia
614 2263 842 2299 inhonestum
865 2263 982 2299 visum
1006 2267 1060 2300 est
1082 2263 1226 2300 vinculo

132 2320 271 2357 poenae
302 2309 552 2345 matrimonia⁶
583 2308 758 2362 obstringi
789 2309 862 2344 sive
893 2308 1018 2344 futura
1050 2309 1123 2344 sive
1155 2310 1226 2345 iam

137 2360 150 2391 1
203 2359 401 2391 contracta.
448 2354 546 2390 Idem
569 2354 773 2400 respondit:
806 2354 1015 2400 plerumque
1038 2364 1099 2396 ea,
1134 2365 1226 2400 quae

133 2400 417 2447 praefationibus
470 2399 677 2436 convenisse
722 2399 990 2445 concipiuntur,
1039 2400 1146 2436 etiam
1188 2401 1226 2435 in

134 2446 424 2493 stipulationibus
467 2446 622 2499 repetita
659 2445 873 2487 creduntur,
921 2445 973 2481 sic
1006 2449 1147 2489 tamen,
1186 2451 1227 2481 ut

133 2503 206 2528 non
237 2502 282 2528 ex
311 2501 355 2527 ea
385 2491 597 2537 repetitlone
628 2490 762 2526 inutilis
796 2490 996 2527 efficiatur⁷
1028 2491 1225 2537 stipulatio.

135 2541 155 2573 2
202 2537 301 2573 Idem
324 2536 528 2582 respondit,
562 2547 642 2572 cum
666 2535 844 2581 Septicius
867 2536 997 2572 litteris
1021 2537 1097 2573 suis
1122 2548 1225 2582 prae-

134 2587 315 2620 staturum
348 2593 387 2618 se
413 2582 547 2618 caverit
576 2581 765 2627 pecuniam
790 2585 826 2618 et
849 2592 977 2618 usuras
1002 2582 1077 2618 eius
1103 2583 1225 2619 semis-

135 2639 210 2671 ses,
242 2638 334 2673 quae
359 2627 456 2673 apud
479 2627 727 2672 Sempronium
751 2626 933 2672 depositae
957 2627 1047 2663 sint:
1081 2628 1112 2664 si
1133 2628 1228 2663 inter

134 2677 340 2720 praesentes
373 2676 493 2708 actum
525 2676 596 2716 est,
628 2671 903 2716 intellegendum
933 2673 1040 2707 etiam
1072 2683 1095 2708 a
1149 2678 1227 2709 arte

136 2723 155 2754 3
202 2718 309 2754 Lucii
331 2717 417 2753 Titii
439 2718 680 2770 praecessisse
702 2717 813 2753 verba
836 2717 1090 2762 stipulationis.
1123 2685 1225 2754 {dem

135 2763 330 2816 respondit,
356 2766 520 2808 quotiens
551 2763 715 2808 pluribus
740 2762 942 2807 specialiter
970 2763 1088 2808 pactis
1113 2764 1225 2810 stipu-

135 2809 223 2845 latio
255 2819 328 2843 una
359 2808 522 2844 omnibus
553 2808 745 2851 subicitur,
779 2809 938 2860 quamvis
970 2819 1043 2844 una
1072 2809 1225 2846 interro-

135 2854 232 2900 gatio
257 2858 294 2889 et
316 2864 530 2899 responsum
553 2864 664 2889 unum
687 2852 897 2898 subiciatur,
931 2858 1052 2890 tamen
1075 2855 1226 2900 proinde

136 2899 277 2943 haberi,
311 2909 354 2934 ac
387 2899 417 2934 si
447 2898 608 2944 singulae
638 2899 776 2945 species
806 2899 843 2934 in
874 2899 1142 2945 stipulationem
1167 2901 1225 2936 de-

137 2945 266 2980 ductae
290 2944 454 2980 fuissent.

187 2988 265 3028 135
290 2989 495 3025 Sefflvom
525 2988 616 3025 libro
648 2989 775 3036 quinto
806 3001 1063 3036 responsorum
1116 2989 1155 3025 Si
1178 2991 1228 3025 ita

139 3036 216 3081 quis
240 3035 461 3081 promiserit:
495 3034 630 3070 ‘decem
651 3034 719 3069 tibi
742 3034 853 3078 dabo,
887 3045 958 3080 qua
982 3034 1038 3070 die
1067 3035 1226 3081 petieris,

139 3084 185 3116 ‘et
215 3091 338 3118 eorum
367 3090 498 3116 usuras
528 3079 566 3114 in
597 3079 672 3115 dies
702 3080 873 3125 triginta’,
910 3090 1063 3126 quaero,
1095 3091 1229 3117 usurae

138 3131 257 3162 utrum
282 3136 326 3161 ex
349 3125 407 3161 die
431 3124 672 3171 stipulationis
696 3135 743 3160 an
768 3136 810 3161 ex
828 3126 896 3168 die,
922 3136 993 3172 qua
1016 3125 1131 3172 petita
1149 3137 1227 3162 sors

138 3171 258 3215 fuerit,
283 3171 493 3207 debeantur.
536 3169 720 3221 respondit
742 3171 937 3206 secundum
961 3181 1004 3207 ea
1028 3181 1120 3217 quae
1169 3182 1228 3207 ro-

139 3220 359 3261 ponerentur
394 3226 438 3252 ex
473 3215 530 3251 die
566 3215 806 3260 stlpulationis
843 3216 981 3259 deberi,
1025 3216 1095 3252 nisi
1129 3226 1151 3252 a
1167 3216 1228 3252 'ud

146 3265 155 3296 1
207 3264 328 3297 actum
350 3260 538 3297 manifeste
562 3261 788 3306 probaretur.
822 3261 913 3297 Item
936 3262 1139 3307 quaesitum
1162 3265 1228 3304 est,

140 3306 283 3352 quando
306 3306 496 3351 pecuniam
526 3305 674 3343 reddere
698 3305 835 3342 debebo
867 3309 960 3343 ‘cum
988 3307 1142 3352 primum
1192 3318 1227 3343 e-

141 3352 270 3387 ‘tierit'.
319 3351 503 3397 respondit
526 3351 636 3387 verba
668 3361 759 3396 quae
781 3356 1068 3398 proponerentur
1092 3363 1136 3387 ex
1159 3318 1228 3395 (lie,

142 3400 161 3432 2
208 3407 278 3441 quo
312 3396 495 3442 stipulatio
527 3396 625 3432 facta
656 3400 766 3440 esset,
796 3396 936 3432 initium
960 3408 1099 3443 capere.
1148 3398 1230 3433 Seia

141 3442 234 3477 cavit
260 3441 370 3477 Lucio
391 3442 498 3486 Titio,
524 3442 619 3487 quod
643 3441 836 3477 mandante
858 3452 901 3478 eo
926 3442 1050 3479 hortos
1075 3443 1228 3485 emisset,

142 3498 223 3522 cum
260 3486 414 3532 pretium
445 3498 548 3523 omne
588 3497 669 3522 cum
707 3487 826 3523 usuris
858 3487 904 3523 ab
944 3498 986 3524 eo
1024 3488 1228 3534 recepisset,

141 3542 180 3568 se
220 3532 259 3567 in
302 3541 382 3567 eum
424 3532 679 3578 proprietatem
729 3532 915 3568 hortorum
956 3533 1228 3569 translaturam:

142 3648 182 3687 (ι)
205 3645 370 3689 perspicio
383 3646 455 3679 edd.
526 3647 571 3688 (2)
595 3646 659 3679 hoc
669 3658 733 3681 scr.
804 3650 846 3686 (3)
870 3644 952 3679 licet
964 3646 1015 3680 F²
1084 3647 1126 3688 (4)
1153 3657 1230 3678 nam

141 3691 228 3723 sicut
240 3693 272 3723 et
283 3690 389 3733 ipsius
398 3692 434 3723 et
443 3689 576 3724 heredis
587 3691 689 3734 capit,
709 3691 758 3724 ita
775 3690 879 3734 ipsius
896 3689 950 3725 vel
965 3691 1095 3735 saepius
1108 3692 1230 3724 factam

142 3735 375 3778 complectitur
386 3747 448 3769 εον.
464 3736 625 3776 (similiter
636 3737 732 3776 Hal.)
805 3738 847 3777 (5)
873 3736 939 3769 erit
949 3748 1012 3770 scr.
1091 3738 1135 3778 (6)
1158 3747 1228 3769 ma-

142 3781 296 3813 trimonii
306 3781 341 3814 F
416 3781 458 3822 (7)
484 3779 692 3816 efficieturF
767 3783 811 3823 (8)
835 3781 985 3815 aiomF
1054 3783 1099 3823 (9)
1124 3781 1227 3814 relin-

1211 133 1299 184 733

2116 144 2323 187 XXXXV
2357 154 2371 187 1

1293 262 1421 298 deinde
1452 261 1491 297 in
1528 261 1726 299 continenti
1764 264 1856 300 inter
1888 268 2077 311 utrumque
2117 268 2299 310 convenit,
2341 270 2381 303 ut

1291 308 1387 343 intra
1416 307 1590 343 kalendas
1623 309 1766 353 Apriles
1806 311 1938 355 primas
1974 312 2175 348 universam
2207 323 2378 349 summam

1292 352 1482 388 mandator
1506 358 1710 388 numeraret
1733 356 1769 388 et
1797 356 1921 391 hortos
1945 356 2135 403 acciperet.
2183 358 2378 403 quaeritur,

1293 409 1374 435 cum
1405 402 1490 435 ante
1519 398 1693 434 kalendas
1718 400 1858 443 Apriles
1890 412 1961 436 non
1992 413 2094 438 omne
2123 404 2274 448 pretium
2300 414 2379 440 cum

1292 443 1411 479 usuris
1445 454 1467 479 a
1498 443 1612 479 Lucio
1637 443 1729 479 Titio
1764 444 1866 480 Seiae
1890 447 2045 482 solutum
2075 449 2137 491 sit,
2171 449 2379 495 interposito

1293 494 1413 524 tamen
1435 489 1576 525 modico
1599 493 1759 535 tempore
1782 490 1956 535 reliquum
1979 493 2132 544 pretium
2156 505 2237 529 cum
2261 496 2380 531 usuris

1293 533 1396 570 Seiae
1421 534 1537 571 Titius
1562 535 1698 570 solvere
1729 539 1878 580 paratus
1902 536 2010 572 fuerit
2041 549 2155 583 neque
2179 539 2261 575 Seia
2285 541 2379 575 acci-

1292 590 1378 625 pere
1408 580 1519 615 voluit
1551 585 1587 615 et
1618 590 1732 625 usque
1764 580 1801 615 in
1832 581 2042 617 hodiernum
2065 594 2128 628 per
2152 585 2285 619 Titium
2310 596 2379 620 non

1292 629 1381 667 stet,
1414 636 1484 671 quo
1507 625 1626 661 minus
1657 625 1834 679 reliquum
1858 626 2027 669 solveret,
2060 639 2106 663 an
2130 630 2240 666 nihilo
2264 631 2380 666 minus

1292 670 1427 706 Lucius
1452 670 1580 716 Titius,
1605 670 1660 707 si*
1684 670 1787 706 Selae
1811 671 2010 707 universam
2035 675 2221 718 pecuniam
2246 677 2382 711 solvere

1292 719 1443 761 paratus
1480 717 1546 759 sit,
1589 727 1633 752 ex
1672 716 1847 762 stipulatu
1885 727 1989 761 agere
2026 721 2150 763 possit.
2199 721 2384 766 respondit

1292 772 1419 806 posse,
1458 762 1489 797 si
1527 773 1600 797 non
1639 762 1752 797 multo
1791 765 1875 807 post
1906 763 2094 807 optulisset
2130 775 2195 800 nec
2225 766 2382 801 mulieris

1294 807 1485 887 quicffiuam
1508 810 1658 853 propter
1681 818 1760 843 eam
1781 817 1917 842 moram
1936 807 2142 844 interesset:
2168 811 2262 855 quod
2281 822 2383 846 omne

1294 856 1313 887 3
1361 862 1382 887 a
1430 852 1558 888 iudicis
1584 852 1823 898 cognitionem
1846 853 2095 888 remittendum
2119 860 2183 890 est.
2228 856 2284 891 Ea
2307 857 2382 901 lege

1293 898 1466 933 donatum
1491 898 1559 934 sibi
1583 909 1662 934 esse
1686 909 1708 933 a
1733 898 1815 934 Seia
1838 908 1978 933 servum
2002 903 2037 933 ει
2060 900 2246 943 traditum,
2278 906 2317 936 ut
2340 913 2383 936 ne

1293 943 1340 978 ad
1371 942 1522 979 fratrem
1555 944 1630 979 eius
1664 948 1728 979 aut
1751 942 1863 979 filium
1887 947 1951 978 aut
1974 954 2123 980 uxorem
2155 950 2218 980 aut
2242 958 2382 982 socrum

1293 988 1511 1034 perveniret,
1546 989 1692 1034 scripsit
1715 993 1752 1025 et
1782 989 1872 1024 haee
1904 989 1955 1023 ita
1979 989 2172 1034 stipulante
2197 991 2277 1027 Seia
2302 1003 2382 1037 spo—

1293 1034 1419 1079 pondit
1450 1033 1585 1077 Titius,
1619 1035 1679 1079 qui
1708 1037 1792 1080 post
1826 1033 2009 1070 biennium
2040 1035 2188 1072 heredes
2221 1038 2384 1082 reliquit⁰

1294 1079 1411 1115 Seiam
1445 1083 1480 1115 et
1513 1079 1681 1123 fratrem,
1715 1080 1774 1115 cui
1797 1090 1843 1115 ne
1867 1080 2034 1124 serviret,
2060 1090 2266 1126 expressum
2290 1087 2383 1117 erat:

1295 1125 1481 1170 quaeritur
1513 1135 1560 1160 an
1590 1125 1672 1160 Seia
1697 1136 1778 1161 cum
1802 1125 1914 1161 fratre
1947 1129 1983 1161 et
2007 1126 2180 1162 coherede
2206 1139 2247 1161 ex
2272 1128 2383 1173 stipu-

1292 1171 1369 1206 latu
1393 1181 1498 1215 agere
1521 1171 1647 1217 possit.
1695 1170 1883 1216 respondit
1914 1181 2021 1216 posse
2044 1170 2082 1206 in
2105 1171 2158 1214 id,
2193 1172 2285 1217 quod
2310 1173 2385 1208 eius

1294 1220 1312 1250 4
1361 1216 1521 1252 interest.
1568 1216 1672 1260 Filia,
1699 1227 1789 1261 quae
1813 1216 1857 1251 de
1880 1216 2081 1252 inofficioso
2107 1227 2211 1261 agere
2235 1218 2387 1253 instituit

1293 1265 1330 1296 et
1353 1262 1527 1307 transegit
1550 1266 1678 1307 postea
1702 1273 1783 1298 cum
1807 1261 1999 1297 heredibus
2023 1262 2253 1307 stipulatione
2276 1264 2385 1298 inter-

1293 1307 1412 1387 posita
1436 1312 1472 1343 et
1496 1307 1659 1343 subiecta
1682 1307 1756 1343 doli
1776 1307 1948 1349 clausula,
1974 1307 2071 1352 apud
2094 1307 2317 1352 praefectum
2342 1309 2383 1345 de

1309 1352 1386 1388 also
1419 1356 1636 1388 testamento
1669 1353 1740 1398 egit
1770 1363 1836 1388 nec
1870 1353 2055 1398 probavit:
2088 1363 2240 1398 quaero,
2273 1365 2318 1389 an
2344 1365 2386 1389 ex

1294 1397 1367 1433 doli
1404 1398 1568 1434 clausula
1611 1399 1726 1443 possit
1768 1398 1960 1434 conveniri.
2014 1398 2183 1443 respondi
2218 1399 2305 1433 nihil
2341 1400 2386 1434 ad

1293 1454 1372 1478 eam
1397 1444 1666 1489 stipulationem
1688 1444 1742 1488 id,
1776 1443 1872 1489 quod
1901 1447 2030 1489 postea
2062 1449 2181 1479 actum
2210 1456 2385 1490 propone-

1293 1492 1409 1532 retur,
1434 1489 1627 1535 pertinere.

1344 1532 1424 1573 136
1459 1534 1617 1570 Panos
1651 1535 1741 1571 libro
1783 1535 1909 1588 quinto
1948 1536 2204 1569 sententiarum
2252 1535 2289 1571 Si
2321 1536 2386 1571 sub

1294 1591 1367 1615 una
1391 1580 1651 1626 significatione
1676 1580 1823 1616 diversis
1848 1579 2051 1616 nominibus
2076 1591 2118 1615 ea
2142 1591 2208 1624 res,
2235 1592 2326 1626 quae
2350 1581 2386 1616 in

1295 1626 1503 1672 stipulatum
1535 1626 1740 1670 deducitur,
1771 1625 1992 1671 appellatur,
2024 1637 2097 1661 non
2120 1625 2275 1661 infirmat
2299 1627 2385 1662 obli-

1299 1675 1309 1706 1
1362 1672 1559 1716 gationem,
1597 1672 1628 1708 si
1663 1672 1755 1707 alter
1786 1671 1900 1706 altero
1923 1671 2031 1706 verbo
2056 1675 2189 1706 utatur.
2238 1672 2293 1714 Si,
2329 1672 2385 1716 qui

1295 1718 1386 1753 viam
1411 1717 1457 1753 ad
1481 1717 1632 1752 fundum
1656 1727 1762 1753 suum
1785 1716 1864 1752 dari
1888 1716 2080 1762 stipulatus
2105 1716 2229 1759 fuerit,
2263 1721 2388 1769 postea

1295 1762 1444 1798 fundum
1475 1767 1661 1815 partemve
1691 1763 1769 1798 eius
1808 1766 1891 1798 ante
1922 1762 2154 1798 constitutam
2185 1766 2387 1798 serv1tutem

1294 1808 1511 1851 alienaverit,
1538 1808 1719 1844 evanescit
1741 1807 1936 1853 stipulatio.

1345 1852 1422 1891 137
1458 1854 1688 1889 VENULEIUS
1715 1854 1806 1889 libro
1824 1854 1949 1900 primo
1973 1853 2247 1900 stipulationum
2296 1853 2387 1888 Con-

1295 1899 1418 1935 tinuus
1454 1903 1558 1934 actus
1594 1899 1801 1945 stipulantis
1834 1903 1870 1934 et
1898 1898 2140 1944 promittentis
2174 1910 2252 1934 esse
2283 1899 2389 1934 debet

1295 1948 1349 1988 (ut
1385 1950 1506 1980 tamen
1542 1944 1689 1990 aliquod
1727 1947 1945 1980 momentum
1988 1948 2139 1981 naturae
2177 1944 2388 1980 intervenire

1294 1991 1422 2037 possit)
1459 1994 1496 2026 ει
1531 1990 1727 2026 comminus
1767 1989 1977 2035 responderi
2013 1990 2199 2034 stipulanti
2231 1995 2387 2034 oportet:

1296 2040 1454 2072 ceterum
1494 2035 1524 2071 si
1560 2040 1643 2081 post
1680 2035 1998 2080 interrogationem
2028 2035 2126 2070 aliud
2157 2035 2337 2080 acceperit
2352 2038 2388 2074 ¹⁰.

1299 2085 1313 2117 1
1364 2081 1452 2116 nihil
1470 2081 1640 2127 proderit,
1663 2081 1822 2126 quamvis
1839 2081 1963 2116 eadem
1983 2080 2041 2116 die
2060 2092 2076 2116 s
2104 2081 2321 2126 opondisset.
2353 2081 2389 2115 Si

1295 2127 1475 2162 hominem
1506 2127 1552 2162 sti
1581 2127 1700 2162 ulatus
1734 2127 1800 2161 sim
1832 2130 1868 2161 et
1898 2136 1964 2170 ego
1989 2126 2033 2161 de
2057 2127 2127 2161 aio
2153 2136 2317 2168 sensero,
2349 2130 2389 2160 tu

1296 2172 1339 2208 de
1363 2173 1449 2216 alio,
1482 2172 1555 2207 nih'
1601 2172 1674 2207 acti
1705 2172 1787 2207 erit:
1821 2182 1905 2206 nam
1928 2171 2112 2216 stipulatio
2138 2183 2182 2207 ex
2206 2172 2390 2216 utriusque

1297 2221 1316 2253 2
1366 2228 1546 2254 consensu
1587 2217 1783 2263 perficitur.
1851 2217 1941 2253 Cum
1984 2217 2034 2252 ita
2075 2217 2267 2262 stipulatus
2311 2228 2389 2252 sum

1297 2263 1446 2308 ‘Ephesi
1470 2263 1549 2299 dari
1558 2263 1587 2298 ‘P’
1623 2263 1716 2299 inest
1739 2266 1900 2308 tempus:
1927 2262 2023 2308 quod
2047 2266 2165 2297 autem
2190 2262 2305 2307 accipi
2329 2262 2389 2297 de-

1295 2310 1390 2351 beat,
1416 2309 1612 2354 quaeritur.
1651 2312 1686 2344 et
1709 2309 1821 2353 magis
1845 2312 1915 2352 est,
1941 2312 1982 2342 ut
2005 2311 2118 2344 totam
2143 2318 2220 2343 eam
2244 2318 2318 2342 rem
2343 2308 2388 2342 ad

1295 2354 1467 2396 iudicem,
1504 2354 1543 2389 id
1575 2357 1630 2390 est
1668 2353 1714 2389 ad
1744 2354 1860 2389 virum
1891 2354 2026 2389 bonum
2058 2353 2297 2395 remittamus,
2330 2353 2389 2397 qui

1296 2400 1470 2442 aestimet,
1497 2403 1630 2444 quanto
1651 2403 1812 2445 tempore
1836 2399 1984 2444 diligens
2008 2403 2112 2444 pater
2130 2398 2283 2433 familias
2304 2409 2388 2433 con-

1296 2446 1404 2481 ficere
1433 2445 1565 2491 possit,
1605 2445 1701 2490 quod
1731 2444 1914 2480 facturum
1945 2455 1983 2480 se
2012 2445 2231 2489 promiserit,
2265 2448 2305 2478 ut
2329 2443 2390 2488 qui

1295 2491 1432 2536 Ephesi
1457 2490 1624 2526 daturum
1649 2501 1687 2526 se
1717 2490 1968 2536 spoponderit,
2000 2500 2114 2536 neque
2145 2489 2348 2533 duplomate
2363 2490 2387 2509 ¹¹

1296 2536 1421 2572 diebus
1460 2547 1503 2571 ac
1535 2536 1702 2572 noctibus
1738 2539 1775 2571 et
1807 2536 1902 2571 omni
1940 2538 2152 2580 tempestate
2185 2537 2388 2579 contempta

1295 2582 1363 2616 iter
1399 2582 1651 2617 continuare¹2
1685 2584 1836 2626 cogatur
1871 2591 1986 2626 neque
2021 2584 2094 2615 tam
2127 2580 2276 2615 delicate
2304 2590 2388 2624 pro-

1338 2626 1396 2662 edi
1419 2627 1566 2669 debeat,
1591 2630 1633 2662 ut
1656 2626 1935 2672 reprehensione
1959 2626 2086 2671 dignus
2111 2629 2301 2670 appareat,
2327 2624 2386 2659 sed

1295 2638 1421 2708 ffibita
1457 2672 1597 2708 ratione
1642 2672 1815 2718 temporis
1853 2670 1980 2708 aetatis
2022 2682 2126 2707 sexus
2167 2670 2387 2710 valetudinis,

1297 2729 1379 2754 cum
1402 2718 1439 2753 id
1463 2722 1557 2763 agat,
1583 2721 1624 2753 ut
1643 2723 1783 2753 mature
1833 2717 2001 2758 erveniat‚
2025 2716 2062 2752 id
2087 2719 2142 2752 est
2159 2715 2283 2751 eodem
2301 2719 2388 2750 tem-

1295 2773 1400 2809 pore,
1436 2774 1507 2809 quo
1531 2763 1692 2808 plerique
1717 2763 1791 2798 eius
1819 2773 1874 2798 em
1899 2762 2120 2798 condicionis
2144 2760 2304 2796 homines
2330 2771 2386 2795 εο-

1295 2810 1370 2844 lent
1407 2809 1604 2854 pervenire.
1661 2818 1775 2853 eoque
1811 2811 2021 2850 transacto,
2063 2807 2220 2852 quamvis
2254 2805 2387 2840 Romae

1295 2855 1508 2890 remanserit
1531 2864 1597 2889 nec
1629 2854 1744 2899 possit
1768 2853 1905 2898 Ephesi
1927 2852 2117 2898 pecuniam
2142 2852 2245 2893 dare,
2278 2850 2384 2885 nihils

1296 2901 1412 2936 minus
1431 2901 1464 2935 ei
1484 2903 1581 2936 recte
1602 2899 1821 2942 condicatur,
1842 2899 1898 2933 vel
1943 2898 2002 2933 uia
2020 2908 2086 2943 per
2104 2897 2220 2942 ipsum
2241 2895 2387 2936 steterit,

1321 2956 1368 2981 uo
1407 2945 1525 2980 minus
1561 2945 1697 2990 Ephesi
1730 2944 1848 2988 daret,
1888 2954 1930 2979 ve
1981 2942 2147 2988 quoniam
2185 2952 2249 2987 per
2279 2941 2386 2975 alium

1297 2956 1438 3036 {phesi
1467 2990 1584 3036 possit
1613 2989 1691 3025 dari
1719 2989 1774 3024 vel
1806 2988 1891 3034 quia
1921 2988 2053 3033 ubique
2083 2991 2202 3032 potest
2232 2986 2384 3021 solvere:

1297 3046 1379 3071 nam
1403 3039 1440 3071 et
1462 3035 1559 3081 quod
1581 3035 1619 3070 in
1640 3035 1732 3070 diem
1752 3034 1912 3077 debetur,
1938 3039 2022 3069 ante
2040 3032 2129 3068 solvi
2151 3034 2278 3076 potest,
2303 3029 2387 3082 licet

1296 3082 1371 3126 peti
1402 3091 1475 3116 non
1505 3084 1635 3125 potest.
1685 3079 1781 3125 quod
1804 3079 1834 3115 si
1859 3079 2063 3125 duplomate
2095 3087 2181 3112 usus
2205 3078 2268 3110 aut
2290 3074 2386 3109 felici

1296 3126 1522 3171 navigatione
1545 3125 1721 3161 maturius
1746 3135 1853 3170 quam
1876 3125 2026 3169 quisque
2048 3120 2247 3167 pervenerit
2264 3119 2385 3164 Ephe-

1297 3182 1388 3214 sum,
1414 3170 1601 3206 confestim
1627 3170 1804 3215 obligatus
1829 3174 1902 3212 est,
1928 3169 2010 3214 quia
2034 3168 2069 3202 in
2092 3177 2154 3207 εο,
2179 3164 2273 3216 quod
2297 3169 2384 3199 tem-

1297 3228 1385 3262 pore
1415 3219 1522 3260 atque
1545 3215 1644 3251 facto
1667 3215 1806 3250 finitum
1831 3219 1904 3257 est,
1937 3214 2055 3248 nullus
2081 3215 2134 3246 est
2157 3212 2385 3261 comecturae

1299 3267 1317 3297 3
1366 3262 1478 3297 locus.
1515 3261 1605 3296 Item
1629 3261 1690 3306 qui
1712 3260 1867 3296 insulam
1888 3258 1969 3294 fieri
1993 3255 2194 3302 spopondlt,
2218 3265 2291 3305 non
2314 3257 2383 3289 ut1-

1298 3317 1366 3352 que
1390 3305 1598 3351 conquisitis
1623 3305 1781 3351 undique
1803 3305 1915 3340 fabris
1938 3307 1972 3337 et
1996 3300 2155 3347 plurimis
2180 3309 2296 3344 operis
2321 3298 2384 3333 ad-

1297 3351 1419 3387 hibitis
1437 3351 1610 3387 festinare
1627 3351 1733 3387 debet
1750 3361 1816 3386 nec
1836 3360 1959 3384 rursus
1980 3352 2130 3390 utroque
2150 3348 2213 3379 aut
2224 3345 2251 3365 ¹⁸
2271 3344 2384 3379 altero

1300 3400 1488 3433 contentus
1513 3406 1602 3439 esse,
1628 3396 1692 3432 sed
1715 3395 1839 3431 modus
1864 3391 2086 3428 adhibendus
2110 3393 2165 3425 est
2188 3388 2383 3424 secundum

1298 3442 1472 3478 rationem
1503 3441 1679 3487 diligentis
1713 3438 1949 3476 aedificatoris
1991 3440 2026 3471 et
2056 3440 2255 3487 temporum
2286 3434 2384 3470 loco-

1298 3497 1458 3532 rumque.
1506 3486 1592 3522 item
1624 3487 1654 3522 si
1683 3496 1755 3522 non
1784 3484 2009 3519 inchoetur¹⁴
2041 3491 2148 3524 opus,
2180 3479 2217 3514 id
2244 3482 2384 3513 tantum

1299 3533 1516 3575 aestimetur,
1541 3532 1636 3578 quod
1659 3532 1696 3566 in
1716 3531 1777 3565 illo
1801 3527 1986 3564 intervallo
2003 3525 2097 3561 effici
2115 3524 2242 3570 potuit.
2266 3527 2384 3559 trans-

1299 3646 1422 3688 quitF
1512 3649 1574 3689 (ιο)
1598 3643 1764 3686 occeperit
1774 3641 1937 3676 Donellus
2036 3640 2090 3680 (11)
2116 3637 2306 3681 duplomate
2321 3639 2382 3671 del.

1300 3691 1357 3734 (12)
1380 3691 1574 3724 continuari
1594 3691 1629 3723 F
1758 3688 1815 3728 (13)
1839 3687 1984 3726 utroque
2004 3684 2073 3726 aut]
2096 3694 2165 3716 uno
2185 3685 2285 3725 atque
2309 3684 2386 3716 edd.

1298 3736 1358 3780 (1⁴)
1381 3746 1449 3778 quo
1469 3736 1522 3770 die
1540 3733 1697 3769 convenit
1716 3734 1755 3765 ut
1772 3731 1987 3764 inchoaretur
2005 3731 2066 3762 ins.
