2528 3918
76 104 138 134 DE
169 103 269 135 OFF.
299 103 456 134 PRAEF.
487 102 592 134 AUG.
623 102 721 133 CET.

76 216 151 247 tum
176 213 354 248 abstineat
376 222 421 247 ne
447 222 492 248 ue
510 221 617 247 avare
633 211 777 247 modum
795 211 981 247 xeniorum
1002 211 1162 247 excedat.

77 268 182 302 quam
205 268 279 292 rem
304 257 402 292 divus
454 266 577 292 everus
601 260 637 292 et
658 257 854 301 imperator
865 257 1070 292 Antoninus
1094 256 1163 291 ele-

74 302 279 347 gantissime
314 301 465 347 epistula
500 305 584 336 sunt
618 301 808 344 moderati,
854 302 954 337 cuius
990 302 1164 347 epistulae

75 348 183 382 verba
205 347 295 382 haec
318 350 420 382 sunt:
455 343 652 391 ‘Quantum
684 346 730 381 ad
752 346 859 382 xenia
882 347 1054 392 pertinet,
1080 346 1164 382 audi

71 389 172 437 ‘quid
203 392 392 427 sentimus:
425 396 526 427 vetus
558 391 785 447 proverbium
818 396 890 426 est:
927 391 1010 426 οὔτε
1043 389 1163 425 πάντα

71 433 168 471 ‘oirte
191 434 350 471 πάντοτε
374 435 456 470 οὔτε
478 450 580 482 παρα
602 435 754 471 πάντων
767 438 787 471 ¹.
825 447 908 472 nam
931 437 1035 473 valde
1058 437 1162 472 inhu-

70 478 228 516 ‘manum
251 485 306 517 est
329 492 351 517 a
374 481 515 517 nemine
538 482 712 539 accipere,
737 481 799 517 sed
811 482 946 527 passim
957 483 1163 518 vilissimum

70 524 138 562 ‘est
162 531 198 562 et
221 527 339 562 omnia
363 527 620 562 avarissimum.
682 531 717 562 et
748 527 844 572 quod
874 528 1052 563 mandatis
1077 538 1162 563 con-

72 573 222 614 tinetur,
248 583 293 607 ne
317 572 449 607 donum
471 572 527 607 vel
551 583 681 608 munus
704 572 782 617 ipse
805 573 1000 617 proconsul
1023 573 1077 609 vel
1102 572 1164 617 qui

72 618 108 652 in
139 617 233 652 alio2
256 617 375 653 officio
409 617 476 652 erit
506 618 661 662 accipiat
685 621 822 652 ematve
846 618 931 662 quid
955 618 1023 653 nisi
1046 618 1162 653 victus

73 662 257 697 cottidiani
282 672 410 704 eausa,
435 662 482 697 ad
504 663 647 698 xeniola
670 673 742 698 non
793 663 937 706 ertinet‚
963 663 1026 699 sed
1050 663 1096 698 ad
1121 673 1164 697 ea

72 718 163 752 quae
186 707 341 743 edulium
365 707 541 743 excedant
563 718 678 744 usum.
723 717 761 743 se
810 718 877 743 nec
899 709 1006 744 xenia
1028 707 1162 754 produ-

72 752 184 788 cenda
207 756 292 788 sunt
315 752 362 788 ad
384 763 570 788 munerum
594 753 812 799 qualitatem.

116 796 139 834 7
165 797 271 833 IDEM
301 798 392 833 libro
424 798 581 834 secundo
613 799 658 834 dc
691 799 817 843 officio
842 797 1079 845 proconsulis
1126 797 1163 832 Si

69 843 106 878 in
142 843 247 878 aliam
282 843 412 888 quam³
447 843 622 879 celebrem
657 844 836 879 civitatem
870 843 926 878 vel
959 842 1163 888 provinciae

70 892 178 934 eaput
190 888 381 931 advenerit,
405 888 482 933 pati
506 888 612 924 debet
635 888 876 925 commendari
894 888 962 924 sibi
985 888 1163 924 civitatem

67 934 262 979 laudesque
286 944 371 969 31133
395 944 467 968 11011
489 937 636 979 gravate
660 934 805 977 audire,
839 945 921 969 cum
943 933 1072 969 honori
1095 943 1160 968 suo

69 979 305 1024 provinciales
329 979 366 1013 id
396 979 596 1016 vindicent:
630 983 666 1015 et
689 979 799 1015 ferias
824 979 1021 1014 seeundum
1043 989 1161 1014 mores

71 1028 85 1059 1
137 1028 173 1059 et
192 1024 485 1060 consuetudinem
507 1034 600 1070 quae
618 1028 713 1060 retro
735 1025 891 1070 optinuit
910 1024 1006 1059 dare.
1041 1023 1161 1059 Aedes

68 1080 190 1105 sacras
216 1073 251 1105 et
274 1079 384 1114 opera
406 1070 551 1114 publica
577 1070 764 1106 circumire
794 1069 1007 1115 inspiciendi
1035 1069 1160 1114 gratia,

68 1125 115 1150 an
150 1118 250 1150 sarta
280 1118 448 1159 tectaque
479 1115 551 1150 sint
572 1115 628 1151 vel
659 1126 707 1151 an
730 1115 851 1161 aliqua
881 1114 1076 1150 refectione
1106 1114 1161 1149 in-

69 1160 229 1205 digeant,
266 1164 302 1195 et
332 1160 363 1195 si
398 1171 470 1205 qua
503 1171 567 1196 coe
593 1164 632 1196 ta
667 1164 751 1196 sunt
785 1164 826 1195 ut
860 1163 1160 1202 consummentur,

94 1209 177 1241 rout
199 1205 291 1240 vires
317 1205 392 1240 eius
417 1206 469 1241 rei
491 1206 564 1251 pub
580 1206 658 1241 icae
681 1206 912 1252 permittunt,
949 1215 1076 1241 curare
1100 1205 1160 1240 de-

97 1255 132 1286 et
156 1254 410 1295 curatoresque
435 1262 583 1296 operum
607 1251 790 1304 diligentes
816 1251 1034 1286 sollemniter
1055 1261 1160 1295 prae-

67 1306 219 1341 ponere,
252 1295 448 1331 ministeria
471 1307 613 1341 quoque
636 1297 821 1339 militaria,
856 1296 887 1331 si
918 1307 938 1332 o
966 1306 1008 1331 us
1040 1296 1159 1338 fuerit,

68 1344 88 1376 2
136 1341 182 1376 ad
207 1345 390 1376 curatores
415 1341 634 1377 adiuvandos
659 1342 756 1377 dare.
806 1341 896 1376 Cum
919 1353 942 1386 p
959 1341 1161 1376 enissimam

68 1390 186 1421 autem
209 1386 489 1422 iurisdictionem
512 1388 707 1432 proconsul
729 1387 874 1429 habeat,
899 1387 1056 1422 omnium
1076 1397 1159 1431 par-

66 1436 131 1473 tes,
157 1432 219 1484 (1111
241 1431 378 1467 Romae
401 1432 456 1467 vel
481 1433 583 1477 quasi
606 1433 836 1478 magistratus
859 1432 916 1468 vel
939 1435 1041 1467 extra
1065 1431 1160 1466 ordi-

67 1487 147 1512 nem
170 1487 226 1512 1us
251 1477 386 1520 dicunt,
411 1478 458 1512 ad
481 1478 598 1522 ipsum
620 1478 823 1523 pertinent:

113 1519 137 1559 8
149 1522 163 1543 ⁴
185 1521 293 1557 IDEM
311 1522 402 1558 libro
423 1523 632 1569 triqensimo
653 1534 749 1559 nono
762 1523 812 1558 ad
823 1523 977 1558 edictum
1024 1525 1060 1557 et
1079 1522 1159 1557 ideo

67 1568 180 1602 maius
204 1567 391 1612 imperium
415 1568 453 1602 in
477 1578 520 1603 ea
542 1568 729 1613 provincia
752 1568 863 1603 habet
887 1567 1052 1603 omnibus
1077 1570 1160 1612 post

66 1613 263 1658 principem
276 1614 289 1634 ⁵

113 1656 162 1695 9⁶
186 1658 292 1693 IDEM
313 1658 404 1694 libro
422 1660 573 1705 prim0⁷
597 1659 641 1695 de
665 1659 793 1705 officio
810 1658 1047 1705 proconsulis
1093 1668 1159 1693 nec

67 1703 256 1748 quicquam
280 1707 335 1738 est
356 1704 394 1738 in
417 1704 620 1748 provincia,
653 1704 750 1749 quod
773 1714 846 1739 non
869 1713 934 1749 per
955 1703 1074 1748 ipsum
1098 1713 1158 1738 ex-

66 1749 240 1793 pediatur.
289 1759 376 1784 sane
400 1750 430 1784 si
452 1749 586 1785 fiscalis
609 1749 817 1795 pecuniaria
841 1759 952 1784 causa
976 1748 1042 1791 sit,
1067 1758 1160 1793 quae

67 1794 112 1829 ad
135 1797 404 1839 procuratorem
427 1794 598 1840 principis
621 1794 786 1840 respicit,
811 1794 937 1829 melius
960 1793 1104 1836 fecerit,
1129 1793 1160 1828 si

70 1843 82 1873 1
135 1839 324 1874 abstineat.
372 1839 442 1875 Ubi
477 1839 683 1875 decretum⁸
714 1839 955 1875 necessarium
991 1843 1063 1881 est,
1095 1848 1160 1883 per

66 1884 222 1919 libellum
256 1884 293 1919 id
328 1885 495 1930 expedire
528 1885 723 1930 proconsul
753 1895 826 1920 non
856 1884 1004 1929 poterit:
1041 1884 1160 1919 omnia

67 1930 170 1972 enim,
220 1940 442 1975 uaecumque
455 1941 588 1966 causae
607 1930 843 1975 cognitionem
856 1929 1070 1972 desiderant,
1094 1939 1159 1974 per

66 1978 86 2010 2
133 1975 203 2010 libe
231 1986 290 2010 um
314 1985 386 2011 non
409 1979 563 2020 possunt
587 1976 756 2021 expediri.
806 1975 910 2010 Circa
940 1974 1160 2010 advocatos⁹

66 2020 258 2066 patientem
294 2031 371 2056 esse
405 2022 654 2066 proconsulem
689 2024 850 2066 oportet,
892 2020 955 2056 sed
989 2031 1071 2055 cum
1103 2020 1158 2055 in-

66 2065 186 2110 genio,
211 2076 257 2101 110
282 2066 559 2111 contemptibilis
583 2067 764 2109 videatur,
789 2077 856 2101 nec
880 2065 970 2101 adeo
995 2065 1158 2100 dissimu-

66 2111 150 2153 lare,
175 2111 205 2146 si
229 2121 318 2156 quos
338 2122 528 2146 causarum
549 2113 822 2148 concinnatores
842 2111 897 2146 vel
915 2110 1159 2156 redemptores

67 2155 318 2201 deprehendat,
345 2167 477 2202 eosque
500 2157 597 2193 solos
621 2158 699 2203 pati
721 2157 916 2202 postulare,
942 2156 1071 2201 quibus
1095 2166 1160 2201 per

67 2203 86 2235 3
134 2201 288 2237 edictum
313 2201 388 2237 eius
412 2203 596 2247 postulare
619 2203 849 2247 permittitur.
885 2202 941 2237 De
964 2201 1072 2246 plano
1094 2212 1158 2236 au-

65 2249 136 2281 tem
159 2247 352 2291 proconsul
384 2251 504 2293 potest
535 2248 702 2293 expedire
732 2249 840 2283 haec:
873 2250 915 2282 ut
950 2246 1159 2291 obsequium

66 2292 272 2336 parentibus
298 2296 333 2327 et
355 2293 516 2344 patronis
537 2293 728 2338 liberisque
746 2296 979 2338 patronorum
1001 2292 1159 2327 exhiberi

49 2337 202 2372 iubeat:
241 2338 448 2373 comnnnari
479 2338 586 2373 etiam
618 2342 654 2374 et
685 2342 820 2374 terrere
850 2338 961 2372 filium
998 2347 1021 2372 a
1054 2341 1159 2382 patre

67 2382 242 2424 oblatum,
279 2383 339 2427 qui
368 2393 441 2418 non
472 2387 513 2417 ut
548 2385 729 2429 oportet¹⁰
765 2382 970 2419 conversari
1006 2382 1156 2425 dicatur,

67 2427 196 2471 poterit
208 2427 252 2463 (10
271 2428 398 2472 plano:
424 2429 584 2464 similiter
608 2433 644 2464 et
666 2429 835 2464 libertum
858 2439 931 2463 non
956 2427 1156 2472 obsequen-

67 2476 136 2507 tem
171 2473 361 2508 emendare
395 2477 459 2508 aut
488 2474 604 2509 verbis
637 2478 700 2509 aut
730 2473 879 2509 fustium
911 2473 1155 2517 castigatione.

67 2520 86 2552 4
134 2518 331 2554 Observare
353 2519 474 2564 itaque
499 2530 580 2554 eum
604 2522 756 2564 oportet,
782 2522 823 2554 ut
846 2519 893 2554 sit
917 2518 1004 2553 ordo
1030 2518 1157 2563 aliquis

66 2563 365 2607 postulationum,
402 2564 538 2600 seilicet
561 2568 602 2599 ut
626 2565 784 2600 omnium
808 2563 983 2599 desideria
1006 2563 1156 2598 audian-

66 2612 142 2650 tur,
166 2619 212 2644 ne
235 2608 328 2644 forte
353 2609 437 2644 dum
460 2609 588 2645 honori
609 2610 869 2655 postulantium
893 2608 999 2644 datur
1018 2609 1074 2644 vel
1091 2608 1156 2643 im-

91 2653 233 2689 robitati
267 2654 422 2697 ceditur,
459 2655 654 2690 mediocres
688 2654 863 2690 desideria
887 2664 954 2689 sua
976 2664 1050 2689 non
1073 2664 1156 2706 pro-

83 2703 200 2742 erant,
226 2700 285 2744 qui
309 2703 373 2734 aut
397 2700 540 2735 omnino
565 2711 638 2736 non
662 2701 921 2741 adhibuerunt,
954 2702 1018 2734 aut
1040 2709 1156 2734 minus

66 2743 268 2789 frequentes
301 2755 416 2790 neque
439 2746 477 2780 in
501 2746 621 2791 aliqua
645 2745 817 2791 dignitate
839 2745 978 2790 positos
1002 2744 1156 2779 advoca-

68 2791 86 2823 5
132 2793 189 2825 tos
213 2790 281 2825 sibi
303 2795 575 2836 prospexerunt.
621 2791 828 2827 Advocatos
860 2799 1002 2835 quoque
1031 2793 1156 2834 peten-

66 2834 160 2870 tibus
185 2835 328 2870 debebit
357 2836 540 2881 indulgere
570 2836 796 2882 plerumque:
829 2834 969 2870 feminis
1003 2834 1059 2870 vel
1089 2845 1156 2879 pu-

67 2879 156 2924 pillis
178 2881 235 2916 vel
258 2881 346 2916 alias
371 2881 544 2917 debilibus
567 2882 624 2917 vel
647 2882 714 2924 his,
740 2881 800 2927 qui
824 2890 912 2916 31130
931 2880 1060 2915 mentis
1083 2890 1157 2915 non

67 2928 167 2968 sunt,
203 2926 234 2961 si
259 2926 337 2971 quis
362 2927 411 2962 eis
462 2931 553 2962 etat:
591 2927 648 2962 vel
680 2928 710 2963 si
745 2937 847 2962 nemo
880 2925 927 2961 sit
959 2925 1020 2970 qui
1042 2928 1154 2970 petat,

68 2970 159 3006 ultro
193 2971 244 3007 eis
276 2971 362 3007 dare
395 2938 548 3007 deljiebit.
596 2972 699 3008 sed¹²
725 2973 755 3008 si
780 2971 840 3017 qui
863 2981 928 3016 per
958 2969 1156 3016 potentiam

68 3015 259 3051 adversarii
290 3026 363 3052 non
393 3017 550 3053 invenire
580 3028 619 3053 se
649 3018 864 3053 advocatum
895 3015 1010 3058 dicat,
1043 3025 1157 3060 aeque

69 3061 243 3105 oportebit
254 3062 285 3097 ei
297 3062 510 3097 advocatum
534 3063 629 3098 dare.
663 3067 818 3099 ceterum
839 3061 993 3106 opprimi
1003 3061 1156 3106 aliquem

69 3116 131 3149 per
154 3107 347 3142 adversarii
372 3107 427 3142 sui
449 3108 646 3152 potentiam
669 3120 742 3144 non
766 3110 924 3154 oportet:
958 3106 1028 3142 hoc
1064 3105 1156 3141 enim

69 3150 172 3201 etiam
196 3152 242 3187 ad
265 3152 433 3187 invidiam
457 3153 531 3188 01113
549 3153 609 3198 qui
619 3154 826 3198 provinciae
836 3155 981 3198 praeest
1002 3154 1153 3196 spectat,

69 3205 98 3229 Sl
128 3197 206 3241 quis
236 3202 311 3232 tam
334 3198 547 3242 impotenter
570 3209 608 3234 se
631 3204 750 3244 gerat,
783 3203 826 3234 ut
848 3207 970 3233 omnes
994 3200 1156 3232 metuant

69 3243 88 3291 β
134 3241 301 3277 adversus
327 3253 406 3278 eum
431 3244 700 3280 advocationem
724 3245 917 3289 suscipere.
967 3242 1067 3286 Quae
1102 3245 1154 3276 01-

67 3295 136 3320 13111
166 3288 321 3322 omnium
344 3288 548 3332 praesidum
573 3290 774 3325 communia
798 3293 883 3326 sunt
907 3290 943 3323 et
965 3288 1097 3324 debent
1120 3290 1156 3321 et

69 3330 112 3364 ab
136 3331 189 3366 his
214 3333 403 3368 observari.

72 3444 109 3484 (1)
126 3445 161 3477 id
173 3453 218 3478 est
229 3458 241 3477 .·
254 3456 362 3487 neque
375 3446 488 3479 01111113
497 3457 604 3488 neque
614 3447 864 3489 omnitempore
873 3458 981 3489 neque
994 3447 1035 3479 ab
1046 3447 1154 3479 omni-

71 3487 132 3520 bus
213 3491 256 3532 (2)
281 3492 330 3524 sic
341 3493 375 3524 F
382 3504 450 3525 cum
463 3492 508 3534 B,
524 3492 638 3534 aliquo
651 3493 680 3526 S
756 3494 799 3534 (3)
825 3492 854 3524 si
867 3493 904 3525 in
918 3492 1066 3534 aliquam
1080 3493 1153 3525 dett.

69 3537 110 3573 (4)
134 3534 232 3569 =D.
246 3537 276 3575 1,
290 3543 361 3576 18‚4
432 3538 474 3578 (5)
498 3538 664 3580 rineipem
676 3538 711 3570 F
782 3539 826 3579 (6)
853 3538 873 3571 l.
889 3545 905 3572 9
923 3542 966 3576 §1
980 3554 1025 3566 -—-
1037 3538 1085 3571 D.
1100 3538 1154 3576 50,

69 3585 110 3618 17,
124 3586 155 3612 71
249 3581 291 3620 (7)
317 3581 463 3614 secundo
474 3583 520 3615 D.
533 3583 552 3615 l.
561 3595 642 3625 yem-
655 3590 740 3615 recte
833 3583 877 3623 (8)
902 3583 1088 3615 diceretum
1099 3582 1155 3620 F¹‚

72 3622 235 3655 dicretum
246 3624 294 3657 F2
340 3626 383 3666 (9)
410 3626 657 3659 circadvocatos
670 3628 704 3660 F
746 3628 805 3668 (lo)
831 3630 944 3670 portet
956 3629 990 3660 F
1031 3629 1084 3670 (11)
1099 3626 1157 3659 sed

74 3670 106 3699 et
116 3668 195 3701 Hal.
268 3670 326 3710 (12)
352 3669 450 3702 debet
463 3671 504 3703 F¹
571 3673 629 3712 (13)
653 3672 912 3714 repetundarem
924 3672 959 3704 F

115 3714 171 3751 (14)
196 3714 262 3745 Ed.
275 3714 413 3746 -Bas.
425 3717 456 3755 6,
466 3722 492 3755 4,
503 3723 529 3749 5.
542 3734 589 3739 —
605 3717 656 3760 le
669 3717 746 3749 Cod.
759 3717 789 3756 1,
803 3722 837 3750 37

1176 84 1226 133 15
2110 89 2129 131 1
2164 91 2328 133 16-18

1283 209 1332 248 10
1357 210 1466 246 IDEM
1485 210 1575 245 libro
1601 209 1737 246 decimo
1762 211 1805 246 de
1829 211 1955 257 officio
1973 211 2208 258 proconsulis
2250 211 2326 246 Me-

1232 256 1378 291 minisse
1397 255 1577 300 oportebit
1588 265 1702 300 usque
1714 255 1760 290 ad
1773 256 1965 292 adventum
1977 256 2196 292 successoris
2208 257 2328 292 omnia

1233 301 1362 336 debere
1385 300 1635 345 proconsulem
1659 310 1775 344 agere,
1801 313 1881 336 cum
1906 302 1952 336 sit
1975 312 2069 337 unus
2093 302 2327 353 proconsula-

1232 351 1291 381 tus
1316 350 1352 382 et
1382 346 1518 380 utilitas
1550 345 1754 390 provinciae
1787 347 1905 391 exigat
1941 357 2020 382 esse
2055 347 2228 391 aliquem,
2264 358 2328 391 per

1233 402 1337 436 quem
1361 391 1504 435 negotia
1527 400 1594 425 sua
1616 390 1850 435 provinciales
1875 392 2070 437 explicent:
2098 402 2179 436 ergo
2204 392 2241 427 in
2264 392 2326 426 ad-

1234 440 1250 471 1
1299 440 1444 472 ventum
1478 435 1696 470 successoris
1729 435 1913 471 (10110111112
1943 438 1998 472 1113
2034 437 2162 472 dicere.
2210 437 2327 482 Lega-

1232 485 1308 516 tum
1332 492 1435 516 suum
1460 491 1505 516 ne
1529 484 1612 515 ante
1636 491 1674 515 se
1699 481 1743 516 de
1766 482 1950 526 provincia
1974 483 2148 525 dimittat,
2183 486 2218 518 et
2252 483 2328 527 lege

1231 527 1323 562 Iulia
1352 525 1634 571 repetundarum
1647 526 1674 547 ¹³
1706 530 1741 561 et
1772 527 1946 572 rescripto
1981 528 2051 562 ‹Iivi
2074 528 2250 563 Hadriani
2281 528 2327 563 ad

1233 571 1464 617 Calpurnium
1487 571 1623 606 Rufum
1646 572 1896 616 proconsulem
1919 573 2080 608 Achaiae
2103 573 2325 609 admonetur.

1281 615 1329 654 11
1368 616 1597 652 VENULEIUS
1618 615 1872 652 SATURNINUS
1902 617 1994 653 libro
2018 618 2175 654 secundo
2200 619 2245 654 de
2268 619 2327 664 of-

1229 663 1315 708 ficio
1323 662 1557 709 proconsulis
1604 661 1642 696 Si
1666 661 1751 706 quid
1775 662 1843 697 erit
1861 662 1957 707 quod
1976 663 2146 698 maiorem
2166 664 2326 699 animad-

1231 708 1430 743 versionem
1464 707 1598 752 exigat,
1630 707 1765 742 reicere
1789 707 1927 752 legatus
1952 708 2050 753 apud
2073 709 2325 753 proconsulem

1233 753 1356 788 debet:
1381 763 1497 798 neque
1510 752 1603 787 enim
1622 752 1926 788 animadvertendi
1946 754 2134 788 coercendi
2152 755 2209 790 vel
2228 758 2307 790 atro

1233 798 1322 834 citer
1343 797 1557 833 verberandi
1579 798 1635 833 ius
1659 798 1779 833 habet.

1281 841 1332 880 12
1356 843 1414 878 ΡΑ
1422 852 1517 879 nus
1549 843 1641 879 libro
1676 842 1834 879 secundo
1870 843 1919 878 ad
1952 843 2108 879 edictum
2168 844 2326 890 Legatus

1230 888 1402 924 mandata
1426 888 1494 924 sibi
1515 887 1761 924 iurisdictione
1783 887 1912 924 iudicis
1936 888 2044 923 dandi
2067 889 2123 924 ius
2147 889 2267 925 habet.

1280 931 1330 971 13
1356 934 1588 969 POMPONIUS
1620 933 1711 969 libro
1736 933 1872 969 decimo
1897 934 1947 969 ad
1969 933 2140 976 Quintum
2164 934 2323 971 Mucium

1229 979 1358 1024 Legati
1385 978 1611 1024 proconsulis
1631 978 1718 1014 nihil
1737 979 1923 1030 proprium
1942 978 2088 1023 habent,
2112 980 2182 1015 nisi
2201 991 2223 1016 a
2242 992 2325 1026 pro-

1232 1025 1379 1060 consule
1404 1025 1455 1060 eis
1479 1024 1650 1059 mandata
1673 1023 1783 1059 fuerit
1804 1024 2016 1060 iurisdictio.

1281 1068 1332 1107 14
1365 1069 1562 1105 [amm
1591 1069 1682 1104 libro
1707 1070 1898 1105 vicensimo
1922 1070 1972 1105 acl
1996 1070 2109 1116 leqem
2133 1069 2268 1105 Iuliam
2293 1076 2327 1106 et

1229 1115 1388 1196 ἱΙίιῃυίαηι
1433 1115 1675 1150 Ρ100011311103
1706 1125 1780 1150 11011
1812 1115 1964 1160 amplius
1999 1125 2107 1160 quam
2130 1126 2194 1150 sex
2216 1115 2326 1151 fasci-

1256 1171 1298 1196 us
1321 1164 1482 1195 utuntur.

1279 1204 1329 1242 15
1354 1205 1568 1241 Llclmvws
1588 1205 1769 1241 Rvmrzss
1789 1205 1880 1240 libro
1902 1206 2006 1241 tertio
2029 1206 2242 1253 reqularum
2276 1206 2328 1242 Et

1228 1251 1337 1296 legati
1386 1251 1616 1287 roconsulum
1639 1254 1776 1286 tutores
1801 1250 1886 1286 dare
1909 1255 2073 1296 possunt.

1279 1295 1329 1334 16
1390 1306 1558 1332 LPIANUS
1579 1296 1670 1332 libro
1689 1296 1847 1331 secundo
1868 1300 1917 1331 acl
1936 1296 2091 1332 edictum
2125 1296 2327 1333 Proconsul

1229 1346 1372 1387 portam
1396 1341 1534 1377 Romae
1556 1342 1737 1386 ingressus
1762 1340 1909 1386 deponit
1931 1342 2130 1387 imperium.

1694 1435 1805 1473 XVII
1820 1433 1857 1472 ¹⁴.

1342 1502 1403 1534 DE
1430 1500 1609 1534 OFFICIO
1634 1499 1889 1532 PRAEFECTI
1913 1500 2210 1534 AUGUSTALIS.

1279 1567 1297 1604 1
1334 1567 1530 1603 ULPIANUS
1540 1567 1631 1602 libro
1646 1567 1772 1612 quinto
1786 1566 1923 1601 decimo
1945 1566 1996 1602 ad
2011 1567 2168 1603 edictum
2214 1567 2325 1603 Prae-

1227 1613 1344 1649 fectus
1356 1613 1511 1658 Aegypti
1534 1623 1607 1647 non
1630 1612 1730 1656 prius
1755 1611 1902 1656 deponit
1921 1612 2186 1656 praefecturam
2206 1616 2241 1648 et
2259 1613 2325 1648 im-

1227 1659 1376 1704 perium,
1412 1657 1509 1703 quod
1540 1657 1586 1692 ad
1618 1657 1883 1692 similitudinem
1906 1658 2131 1702 proconsulis
2155 1658 2232 1703 lege
2255 1659 2325 1693 sub

1227 1705 1390 1749 Augusto
1416 1704 1448 1739 ei
1472 1703 1596 1738 datum
1620 1706 1692 1745 est,
1725 1712 1833 1747 quam
1857 1702 2113 1737 Alexandriam
2143 1703 2325 1748 ingressus

1227 1749 1275 1784 sit
1298 1759 1486 1784 successor
1511 1748 1598 1790 eius,
1624 1748 1708 1782 licet
1731 1748 1767 1781 in
1792 1748 2011 1792 provinciam
2034 1748 2188 1783 venerit:
2216 1753 2251 1784 et
2274 1749 2326 1784 ita

1227 1793 1407 1829 mandatis
1432 1793 1507 1829 eius
1533 1793 1745 1828 continetur.

1680 1886 1810 1924 XVIII
1825 1885 1862 1925 ¹⁵.

1501 1953 1561 1984 nn
1588 1952 1766 1984 OFFICIO
1791 1952 2043 1986 I’RAESIDIS.

1278 2017 1295 2055 1
1324 2017 1468 2054 MACER
1491 2018 1583 2055 libro
1601 2019 1726 2065 primo
1751 2019 1796 2054 cle
1827 2018 1955 2064 officio
1981 2019 2169 2065 praesidis·
2214 2020 2324 2056 Prae-

1227 2063 1314 2099 sidis
1338 2074 1468 2100 nomen
1490 2064 1656 2110 generale
1681 2068 1736 2099 est
1759 2075 1873 2109 eoque
1897 2067 1933 2099 et
1955 2064 2191 2109 proconsules
2217 2069 2252 2100 et
2274 2065 2325 2101 le-

1226 2109 1302 2155 gati
1338 2109 1501 2145 Caesaris
1537 2113 1574 2145 et
1608 2120 1731 2145 omnes
1767 2109 1968 2154 provincias
2012 2113 2196 2154 regentes,
2242 2110 2327 2146 licet

1227 2159 1413 2191 senatores
1436 2155 1560 2197 sint¹⁶‚
1594 2155 1780 2199 praesides
1813 2154 2060 2200 appellantur:
2095 2156 2324 2200 proconsulis

1227 2210 1273 2246 ap
1302 2200 1420 2235 ellatio
1446 2200 1611 2245 specialis
1638 2205 1702 2235 est.

1273 2211 1298 2282 Ξ
1320 2245 1516 2281 (amm
1525 2245 1616 2281 libro
1629 2246 1820 2281 vicensimo
1833 2248 1938 2280 sexto
1952 2244 2001 2279 ad
2013 2244 2189 2280 Sabinum
2212 2245 2324 2281 Prae-

1227 2301 1284 2326 ses
1309 2291 1406 2336 apud
1429 2301 1468 2326 se
1492 2290 1667 2336 adoptare
1689 2293 1820 2336 potest,
1846 2289 2143 2335 quemadmodum
2157 2293 2323 2326 010111311-

1227 2336 1348 2382 cipare
1370 2336 1483 2371 filium
1506 2340 1543 2371 et
1564 2336 1814 2371 manumittere
1836 2346 1978 2370 servum
2027 2339 2131 2370 otest.

1274 2380 1297 2420 3
1324 2381 1484 2417 mes
1512 2381 1604 2417 libro
1630 2382 1735 2416 tertio
1759 2381 1895 2417 decimo
1919 2380 1970 2416 ad
2021 2380 2167 2416 abinum
2212 2381 2322 2417 Prae-

1226 2437 1282 2463 ses
1318 2426 1523 2472 provinciae
1556 2426 1594 2461 in
1629 2436 1716 2462 suae
1751 2426 1956 2471 provinciae
1989 2425 2150 2461 homines
2181 2429 2323 2462 tantum

1225 2473 1413 2518 imperium
1435 2472 1565 2514 habet,
1601 2475 1637 2507 et
1659 2472 1728 2507 hoc
1753 2472 1837 2506 dum
1860 2472 1897 2505 in
1922 2470 2106 2516 provincia
2130 2475 2202 2506 est:
2239 2482 2322 2507 nam

1227 2518 1257 2553 si
1282 2518 1483 2560 excesserit,
1508 2517 1667 2562 privatus
1692 2520 1757 2552 est.
1800 2517 1911 2551 habet
1933 2515 2112 2551 interdum
2135 2516 2323 2562 imperium

1227 2567 1263 2598 et
1286 2563 1456 2598 adversus
1482 2566 1670 2597 extraneos
1702 2561 1873 2603 homines,
1907 2560 1937 2595 si
1968 2560 2053 2606 quid
2083 2571 2192 2596 manu
2224 2573 2321 2598 com-

1227 2607 1388 2643 miserint
1400 2609 1445 2642 ¹⁷:
1468 2617 1551 2642 nam
1564 2607 1647 2642 etin
1665 2606 1842 2641 mandatis
1863 2605 2066 2650 principum
2083 2610 2148 2648 est,
2162 2611 2203 2642 111
2222 2611 2323 2643 curet

1225 2654 1268 2696 is,
1293 2653 1354 2698 qui
1377 2652 1582 2697 provinciae
1605 2655 1758 2697 praeest,
1783 2651 1883 2686 malis
1908 2651 2112 2686 hominibus
2126 2652 2154 2672 ¹⁸
2177 2653 2322 2698 provin-

1227 2699 1318 2734 ciam
1341 2708 1506 2743 pmgare,
1531 2708 1598 2732 1100
1623 2697 1886 2742 distinguuntur
1900 2696 1927 2717 ¹⁹
1950 2695 2045 2732 unde
2069 2697 2151 2731 sint.

1271 2743 1339 2780 4²⁰
1371 2743 1565 2779 Uimzws
1594 2742 1685 2778 libro
1719 2742 1923 2787 triqensimo
1956 2753 2052 2776 nono
2086 2742 2135 2777 ad
2166 2742 2322 2779 edictum

1224 2789 1375 2824 Praeses
1405 2788 1609 2833 provinciae
1639 2787 1753 2822 11131113
1787 2786 1973 2832 imperium
2001 2787 2040 2822 in
2072 2797 2115 2822 ea
2138 2788 2323 2833 provincia

1225 2834 1334 2869 habet
1357 2833 1522 2869 omnibus
1545 2835 1629 2877 post
1650 2832 1858 2877 principem.

1271 2878 1295 2916 5
1320 2878 1427 2914 IDEM
1443 2878 1534 2913 libro
1547 2878 1671 2924 primo
1684 2877 1729 2912 dc
1740 2877 1904 2913 omnibus
1925 2877 2166 2914 tribunalibus
2210 2878 2321 2914 Prae-

1225 2935 1282 2959 303
1314 2923 1520 2969 provinciae
1550 2933 1624 2957 non
1654 2922 1765 2967 magis
1796 2926 1952 2958 tutorem
1987 2933 2095 2968 quam
2129 2924 2321 2969 specialem

1223 2970 1378 3005 iudicem
1401 2969 1479 3013 ipse
1501 2978 1541 3003 se
1566 2967 1653 3003 dare
1676 2971 1806 3013 potest.

1272 3013 1295 3052 6
1322 3014 1430 3049 IDEM
1449 3013 1539 3049 libro
1557 3013 1681 3059 primo
1705 3014 1917 3059 opinionum
1951 3014 2100 3049 Illicitas
2115 3015 2320 3050 exactiones

1225 3064 1260 3095 et
1283 3059 1451 3095 violentia
1474 3058 1611 3101 factas,
1649 3062 1685 3094 et
1719 3062 1876 3094 extortas
1907 3063 2006 3094 metu
2037 3059 2258 3095 venditiones
2284 3064 2319 3095 et

1225 3105 1409 3140 cautiones
1432 3105 1487 3139 vel
1511 3104 1587 3139 sine
1610 3104 1716 3148 pretii
1738 3105 1986 3140 numeratione
2005 3105 2196 3150 prohibeat
2216 3116 2320 3150 prae—

1224 3161 1280 3186 ses
1300 3149 1515 3195 provinciae.
1550 3149 1635 3184 item
1654 3159 1699 3184 ne
1720 3149 1798 3194 quis
1811 3150 1973 3195 iniquum
1983 3149 2123 3185 lucrum
2134 3153 2197 3185 aut
2218 3150 2316 3185 dam—

1228 3199 1241 3230 1
1291 3207 1378 3230 num
1406 3195 1548 3237 sentiat,
1570 3205 1717 3239 praeses
1745 3195 1950 3239 provinciae
1982 3195 2180 3240 provideat.
2216 3195 2319 3231 Veri-

1222 3245 1279 3276 tas
1314 3250 1433 3276 rerum
1479 3240 1658 3275 erroribus
1692 3243 1874 3285 gestarum
1884 3241 1914 3261 ²¹
1950 3251 2024 3276 non
2065 3240 2232 3276 vitiatur:
2285 3244 2321 3276 et

1222 3286 1302 3322 ideo
1338 3295 1484 3330 praeses
1514 3284 1719 3330 provinciae
1748 3285 1786 3320 id
1819 3290 1991 3330 sequatur
2026 3286 2122 3330 quod
2156 3286 2321 3321 convenit

1224 3334 1244 3366 2
1292 3342 1373 3367 eum
1396 3341 1440 3366 ex
1463 3329 1534 3366 fide
1557 3341 1680 3367 eorum
1703 3341 1795 3376 quae
1817 3331 2078 3376 probabuntur.
2116 3331 2171 3367 Ne
2192 3334 2318 3376 poten-

1274 3445 1331 3486 (15)
1353 3445 1708 3486 Sab.1...8.11.13...16;
1727 3447 1793 3479 Ed.
1809 3452 2027 3484 9.12.17...19;
2045 3445 2131 3487 Pap.
2146 3452 2190 3478 10.
2206 3451 2256 3478 20.
2271 3452 2316 3478 21.

1225 3509 1271 3514 -
1281 3490 1366 3523 Bas.
1380 3492 1411 3529 6,
1424 3498 1448 3524 1.
1458 3497 1631 3524 35...54.—
1647 3491 1697 3534 le
1716 3492 1794 3525 Cod.
1812 3492 1840 3531 1,
1852 3499 1888 3525 4ο
1969 3492 2028 3531 (16)
2052 3489 2134 3522 11001
2146 3492 2318 3521 senatores

1226 3535 1296 3567 sint
1310 3536 1402 3576 (sunt
1417 3536 1477 3575 F¹)
1493 3550 1532 3569 ne
1545 3540 1634 3569 muta
1649 3538 1737 3578 (vide
1751 3537 1828 3568 add.
1844 3536 1890 3567 acl
1904 3535 1953 3568 ed.
1967 3532 2057 3573 mai.)
2125 3533 2185 3573 (Π)
2200 3534 2229 3566 si
2242 3534 2319 3575 quis

1227 3580 1351 3612 malum
1375 3581 1580 3613 commiserit
1604 3581 1634 3614 S
1657 3589 1770 3614 contra
1794 3581 1859 3614 FB
1996 3579 2056 3619 (18)
2082 3577 2262 3611 homnibus
2289 3579 2324 3612 F

1228 3626 1288 3666 (19)
1314 3625 1525 3668 distingutur
1536 3627 1573 3667 F,
1589 3626 1824 3668 distinguntur
1843 3626 1876 3665 Ρ,
1892 3623 2117 3665 distinguitur
2134 3624 2193 3657 VL

1228 3671 1292 3713 (20)
1316 3672 1418 3704 =D.
1432 3673 1462 3712 1,
1476 3679 1520 3712 16,
1532 3679 1548 3706 8
1621 3673 1678 3713 (21)
1703 3673 1874 3713 gestorum
1889 3671 1962 3702 dett.
