2528 3918
110 145 395 177 LIBERTORUM

107 266 187 292 eum
221 258 318 291 recte
353 255 629 296 arbitraturum,
669 252 706 289 id
735 253 887 297 faciant,
927 264 998 289 non
1028 254 1112 300 quia
1142 254 1196 290 vel

113 306 122 335 1
174 300 361 336 immodice
386 301 535 346 obligari
558 299 677 335 velint.
725 299 767 334 In
798 299 977 342 libertam,
1011 310 1102 345 quae
1133 310 1194 335 vo-

107 347 244 382 luntate
275 346 419 391 patroni
454 345 593 391 nupsit,
630 345 905 390 praeteritarum
937 348 1020 380 ante
1051 345 1195 390 nuptias

107 401 295 436 operarum
320 391 415 427 actio
438 391 555 426 datur.

153 434 202 473 31
238 436 492 472 Moossrmvs
518 435 611 472 libro
635 435 760 482 primo
794 435 1006 481 regularum
1066 434 1193 480 Operis

107 493 177 517 non
200 481 374 526 impositis
397 481 655 525 manumissus,
690 480 830 516 etiamsi
853 491 897 515 ex
922 490 988 515 sua
1012 479 1195 515 voluntate

107 528 224 572 aliquo
249 531 407 572 tempore
430 526 660 572 praestiterit,
686 525 850 571 compelli
873 526 919 561 ad
944 525 1194 571 praestandas,

107 583 194 618 quas
220 582 292 607 non
315 571 488 617 promisit,
515 582 587 608 non
608 574 740 618 potest.

152 615 205 655 32
237 617 344 652 low
370 617 460 653 libro
491 620 596 653 sexto
621 616 889 664 pandectarum
947 616 982 652 Is
1017 615 1077 661 qui
1109 626 1193 651 one-

107 663 240 699 randae
270 662 444 698 libertatis
477 672 587 698 causa
617 661 805 708 pecuniam
836 664 988 706 patrono
1021 661 1193 706 repromi-

106 709 206 751 serit,
239 718 311 743 non
341 711 501 744 tenetur:
533 708 589 743 vel
619 711 811 752 patronus,
845 707 875 742 si
898 707 1087 752 pecuniam
1113 716 1194 741 exe-

105 754 203 798 gerit,
228 754 402 789 bonorum
426 753 688 798 possessionem
713 756 839 788 contra
859 752 1001 788 tabulas
1023 751 1100 788 eius
1123 762 1195 787 non

134 802 226 834 otest
275 802 383 834 etere.

107 811 129 845 p
151 842 203 882 33
252 853 455 879 AVOLENUS
476 843 566 879 libro
590 845 696 879 sexto
721 853 772 879 ex
791 841 912 878 Cassio
954 841 1093 888 Imponi
1110 852 1194 887 ope-

106 900 167 925 rae
190 889 251 931 ita,
276 892 317 924 ut
340 889 417 934 ipse
439 889 588 924 libertus
611 899 651 924 se
674 888 759 930 alat,
785 898 856 923 non
879 891 1043 933 possunt.

151 933 204 972 34
230 934 458 969 PvMPONws
487 934 577 970 libro
606 934 797 969 vicensimo
821 934 979 969 secundo
1011 933 1060 968 ad
1083 932 1194 976 vQuin-

107 984 179 1015 tum
204 979 364 1015 Mucium
409 979 591 1015 Interdum
616 982 652 1014 et
675 978 953 1014 deminutionem
973 981 1008 1014 et
1027 988 1193 1023 augmen-

106 1029 180 1060 tum
213 1028 249 1060 et
278 1024 511 1061 mutationem
542 1024 702 1069 recipere
734 1023 969 1068 obligationes
1005 1033 1195 1069 operarum

106 1070 289 1106 sciendum
318 1073 384 1106 est.
432 1080 514 1105 nam
548 1070 631 1105 dum
662 1070 807 1114 languet
838 1069 1007 1111 libertus,
1040 1072 1193 1114 patrono

106 1126 255 1168 operae,
288 1126 382 1160 quae
424 1116 495 1150 iam
522 1115 648 1151 cedere
673 1118 887 1167 coeperunt,
920 1119 1083 1160 pereunt.
1132 1114 1195 1150 sed

105 1173 135 1197 si
158 1161 305 1203 liberta,
330 1171 422 1206 quae
446 1171 574 1206 operas
597 1160 780 1205 promisit,
814 1159 860 1195 ad
885 1170 964 1195 eam
988 1160 1195 1204 dignitatem

106 1207 296 1251 perveniat,
321 1210 361 1242 ut
383 1207 634 1242 inconveniens
657 1205 705 1241 sit
726 1209 913 1251 praestare
933 1208 1087 1251 patrono
1109 1215 1193 1250 ope-

106 1263 177 1293 ras,
202 1252 279 1297 ipso
304 1251 382 1287 iure
404 1252 472 1288 hae
495 1251 721 1288 intercident.

150 1295 203 1335 35
236 1296 395 1333 PAULUS
430 1298 521 1333 libro
562 1296 720 1332 secundo
757 1296 808 1331 ad
843 1296 956 1342 leqem
987 1295 1122 1332 Iuliam
1159 1301 1194 1331 et

106 1343 259 1389 Papiam
321 1342 468 1378 Liberta
497 1342 611 1378 maior
641 1341 900 1394 quinquaginta
929 1341 1032 1378 annis
1064 1351 1193 1387 operas

105 1391 288 1434 praestare
312 1391 463 1432 patrono
487 1398 560 1424 non
584 1398 626 1423 co
651 1390 733 1422 itur.

150 1431 203 1471 36
236 1432 430 1469 ULPIANUS
450 1433 542 1468 libro
567 1443 633 1467 unc
643 1433 756 1468 ocimo
787 1432 838 1468 ad
864 1432 976 1479 leqem
1001 1432 1136 1468 Iuliam
1160 1435 1195 1467 et

106 1478 259 1525 Papiam
314 1478 436 1514 Labeo
465 1478 515 1513 ait
537 1478 715 1513 libertatis
740 1487 851 1513 causa
874 1478 1081 1513 societatem
1102 1477 1195 1513 inter

104 1524 273 1603 liblertum
303 1526 339 1559 et
367 1527 559 1569 patronum
589 1523 723 1559 factam
753 1523 831 1568 ipso
861 1523 939 1559 iure
963 1523 1052 1558 nihil
1077 1523 1195 1559 valere

105 1580 150 1614 pa
165 1580 222 1604 am
246 1578 334 1605 esse.

151 1612 203 1652 37
237 1614 293 1650 ΡΑ
302 1623 397 1649 vsvs
427 1613 519 1649 libro
556 1613 713 1650 secundo
751 1613 800 1649 ad
839 1613 952 1659 leqem
991 1613 1126 1649 Iuliam
1160 1616 1197 1649 et

104 1659 260 1707 Papiam
307 1658 388 1704 ‘Qui
410 1659 596 1695 libertinus
621 1659 710 1695 duos
735 1659 899 1704 pluresve
924 1669 946 1694 a
970 1669 1008 1695 se
1030 1659 1194 1704 genitos¹

106 1709 263 1741 ‘natasve
293 1705 331 1740 in
360 1715 426 1740 sua
455 1708 635 1749 potestate
665 1705 812 1740 habebit
835 1707 979 1749 praeter
1004 1714 1102 1747 eum,
1134 1704 1195 1749 qui

105 1754 230 1786 ‘artem
261 1750 436 1785 ludicram
467 1749 594 1786 fecerit
624 1751 727 1795 quive
758 1760 887 1802 operas
919 1760 1004 1786 suas
1040 1753 1082 1784 ut
1113 1760 1195 1785 cum

105 1796 239 1832 ‘bestiis
259 1798 434 1842 pugnaret
453 1795 642 1831 locaverit:
667 1806 712 1831 ne
731 1806 808 1840 quis
823 1805 947 1831 eorum
966 1804 1093 1840 operas
1111 1795 1195 1830 doni

106 1841 273 1877 ‘muneris
306 1840 445 1877 aliudve
476 1841 664 1886 quicquam
693 1840 869 1877 libertatis
899 1851 1011 1876 causa
1038 1843 1194 1886 patrono

105 1890 290 1933 ‘patronae
321 1886 485 1922 liberisve
515 1896 657 1929 eorum,
696 1886 741 1921 de
778 1886 908 1931 quibus
938 1886 1109 1921 iuraverit
1139 1885 1195 1921 vel

105 1931 320 1978 ‘promiserit
354 1931 573 1976 obligatusve
607 1932 690 1975 erit,
729 1931 814 1967 dare
851 1932 970 1967 facere
1009 1934 1195 1976 praestare

107 1983 121 2013 1
173 1977 336 2013 ‘debeto'.
383 1977 433 2012 Et
463 1977 495 2013 si
524 1987 596 2012 non
626 1977 750 2012 eodem
782 1980 942 2021 tempore
973 1976 1044 2012 duo
1068 1977 1105 2011 in
1129 1987 1194 2022 po-

109 2026 239 2059 testate
262 2021 429 2058 habuerit
452 2022 508 2058 vel
530 2033 641 2057 unum
673 2022 952 2067 quinquennem,
984 2021 1195 2058 liberabitur

108 2072 150 2104 la
197 2078 386 2113 operarum
418 2068 644 2112 obligatione.
699 2067 832 2103 Amissi
868 2071 975 2103 antea
1009 2067 1112 2103 liberi
1148 2067 1194 2103 ad

106 2124 167 2149 eas
199 2123 345 2166 operas,
378 2123 470 2165 quae
500 2116 628 2159 postea
656 2113 908 2158 imponuntur,
947 2116 1117 2158 prosunt,
1153 2116 1195 2149 ut

105 2163 125 2197 2
171 2159 331 2194 Iuhanus
363 2162 423 2193 ait.
472 2157 543 2194 Sed
575 2161 611 2194 et
640 2158 673 2194 si
708 2168 780 2194 uno
817 2158 948 2194 amisso
981 2158 1113 2211 obliget
1144 2168 1193 2203 se,

105 2204 231 2240 deinde
261 2204 352 2240 alter
382 2207 573 2246 nascatur,
605 2203 718 2239 multo
749 2203 861 2248 magis
893 2203 1113 2248 Pompomus
1143 2204 1194 2239 ait

106 2254 124 2285 3
173 2248 342 2286 amissum
371 2249 454 2285 huic
484 2249 599 2294 iungi,
630 2249 684 2284 uti
713 2249 896 2284 liberetur.
945 2249 1045 2284 Nihil
1074 2252 1194 2285 autem

104 2296 269 2339 interest,
303 2297 423 2330 utrum
445 2294 516 2341 ipsi
538 2295 724 2340 promittat
745 2298 899 2339 patrono
924 2304 971 2330 an
995 2295 1046 2330 eis
1071 2295 1132 2339 qui
1155 2294 1193 2330 in

105 2344 126 2375 4
173 2343 352 2386 potestate
376 2340 451 2376 eius
478 2340 558 2375 sint.
597 2339 666 2375 Sed
691 2340 721 2375 si
745 2339 913 2375 creditori
937 2350 1002 2375 suo
1026 2340 1195 2375 libertum

105 2388 278 2431 patronus
302 2385 526 2430 delegaverit,
551 2395 623 2420 non
643 2388 762 2430 potest
778 2385 872 2420 idem
892 2384 980 2420 dici:
1005 2385 1193 2422 solutionis

106 2431 199 2467 enim
227 2431 339 2467 vicem
371 2430 529 2466 continet
558 2430 649 2466 haec
680 2430 866 2475 delegatio.
920 2433 1042 2475 potest
1071 2434 1194 2466 tamen

105 2476 185 2521 dici,
210 2476 241 2512 si
263 2476 301 2512 in
323 2475 371 2519 id,
396 2476 492 2521 quod
516 2479 667 2522 patrono
691 2475 865 2521 promisit,
897 2475 959 2511 alii
1007 2478 1109 2512 ostea
1132 2476 1193 2512 de·

104 2522 242 2567 legatus
273 2521 335 2565 sit,
375 2531 481 2567 posse
512 2532 594 2557 eum
623 2521 770 2557 liberari
800 2531 845 2557 ex
875 2521 945 2557 hac
990 2531 1071 2566 ege:
1111 2532 1194 2557 nam

104 2578 226 2603 verum
251 2570 306 2603 est
328 2571 479 2612 patrono
508 2577 589 2602 eum
619 2566 869 2612 expromisisse
879 2567 904 2609 ²,
938 2566 1098 2611 quamvis
1127 2577 1192 2612 pa-

105 2616 210 2649 trono
234 2622 329 2649 nunc
352 2623 425 2648 non
448 2612 595 2648 debeat:
629 2611 725 2656 quod
753 2612 784 2648 si
813 2612 859 2647 ab
883 2612 985 2648 initio
1010 2612 1194 2657 delegante

106 2661 124 2693 5
173 2661 326 2704 patrono
342 2658 493 2694 libertus
510 2657 721 2703 promiserit,
738 2667 810 2693 non
825 2656 970 2692 liberari
986 2667 1078 2693 eum.
1110 2657 1194 2693 Non

105 2703 222 2740 solum
245 2702 459 2746 futurarum,
484 2702 547 2739 sed
571 2703 679 2737 etiam
702 2702 977 2748 praeteritarum
1002 2712 1193 2748 operarum

107 2753 126 2783 6
173 2748 338 2784 liberatio
363 2748 415 2783 fit.
463 2748 623 2784 Iulianus
655 2747 762 2783 etiam
791 2747 822 2782 si
850 2747 921 2782 iam
952 2748 1086 2793 petitae
1110 2751 1195 2784 sunt

107 2803 247 2839 operae,
272 2793 393 2829 liberis
418 2792 570 2830 sublatis
594 2792 852 2829 absolutionem
875 2792 1087 2828 faciendam.
1130 2793 1194 2829 sed

106 2840 137 2875 si
159 2839 230 2875 iam
254 2849 446 2885 operarum
468 2838 611 2875 nomine
635 2838 891 2874 condemnatus
921 2842 992 2881 est,
1024 2849 1098 2874 non
1128 2849 1193 2883 po-

106 2887 178 2921 test
208 2884 372 2927 liberari,
405 2884 572 2937 quoniam
601 2883 673 2919 iam
696 2883 885 2929 pecuniam
909 2883 1038 2919 debere
1064 2883 1191 2928 coepit.

108 2935 125 2965 '1
174 2931 366 2966 Postumus
398 2929 516 2965 liberti
546 2929 696 2965 heredes
752 2928 839 2965 atris
871 2929 927 2965 sui
957 2939 1030 2965 non
1052 2929 1192 2972 liberat,

107 2975 202 3022 quod
234 2974 414 3021 proficisci
447 2974 611 3011 liberatio
646 2984 668 3010 a
701 2974 727 3009 li
753 2977 830 3010 erto
862 2974 968 3010 debet
997 2984 1064 3010 nec
1096 2974 1192 3020 quis-

107 3031 213 3067 quam
235 3024 318 3066 post
340 3024 490 3056 mortem
512 3020 657 3056 liberari
678 3019 835 3064 intellegi
857 3022 988 3065 potest.
1025 3029 1070 3055 ex
1092 3020 1193 3064 lege³

108 3070 127 3102 8
174 3068 294 3102 autem
317 3065 394 3101 nati
415 3065 520 3102 liberi
543 3068 707 3110 prosunt.
744 3065 896 3101 Etiamsi
919 3065 956 3100 in
979 3066 1193 3110 personam⁴

107 3111 226 3147 liberti
249 3111 381 3148 collata
401 3111 566 3147 liberatio
591 3113 663 3154 est,
688 3109 916 3147 fideiussores
940 3120 1081 3156 quoque
1104 3110 1191 3145 libe-

108 3157 284 3192 rabuntur
307 3166 352 3192 ex
375 3156 553 3192 sententia
575 3156 681 3200 legis:
713 3155 808 3201 quod
835 3155 866 3191 si
888 3155 1040 3192 libertus
1064 3165 1192 3201 expro-

107 3202 291 3238 missorem
315 3201 463 3244 dederit,
486 3201 574 3237 nihil
596 3201 666 3237 hoc
691 3204 801 3246 caput
823 3201 856 3236 ei
879 3200 1049 3246 proderit.

155 3243 208 3285 38
237 3246 522 3283 enumeramus
542 3247 633 3283 libro
651 3247 755 3282 tertio
772 3245 881 3282 edicti
894 3246 1081 3282 monitorii
1115 3246 1194 3281 Hae

108 3292 250 3328 demum
272 3291 460 3337 impositae
483 3301 614 3338 operae
629 3290 892 3336 intelleguntur,
919 3301 1010 3336 quae
1026 3292 1102 3327 sine
1118 3295 1192 3326 tur-

108 3337 270 3383 pitudine
291 3337 467 3383 praestari
489 3340 643 3383 possunt
665 3340 701 3372 et
718 3336 794 3372 sine
809 3336 968 3388 periculo
987 3337 1090 3372 vitae.
1126 3347 1193 3372 nec

109 3383 203 3419 enim
232 3382 264 3419 si
294 3382 460 3418 meretrix
488 3383 707 3418 manumissa
736 3381 863 3425 fuerit,
893 3381 1036 3418 easdem
1066 3392 1193 3427 operas

108 3431 262 3475 patrono
302 3430 487 3473 praestare
524 3427 648 3471 debet,
689 3426 848 3472 quamvis
887 3427 1004 3463 adhuc
1044 3437 1194 3473 corpore

110 3476 296 3518 quaestum
328 3471 456 3508 faciat:
495 3482 562 3508 nec
592 3472 804 3508 harenarius
835 3472 1073 3508 manumissus
1103 3473 1193 3508 tales

111 3517 369 3609 ‘ipessffiss’sui‘tia
389 3516 602 3599 igiaiassssff
613 3517 783 3599 ἔξέἑῗιῖὲο
796 3517 1195 3599 &afflatis-02²2?

332 3588 341 3597 ·
1184 3589 1193 3604 ν

112 3609 187 3645 eius
217 3617 358 3654 quoque
389 3617 517 3653 operas
549 3611 700 3653 patrono
724 3610 909 3654 praestare
933 3607 1095 3651 debebit,
1127 3608 1196 3645 etsi

864 3726 906 3767 (2)
930 3724 1118 3767 promisisse
1129 3737 1190 3759 sor.

113 3728 152 3768 (ι)
177 3735 196 3758 a
208 3736 241 3759 se
254 3725 394 3768 genitos]
409 3734 448 3758 ex
460 3734 493 3757 se
505 3724 601 3757 natos
616 3725 767 3760 eusanius

824 3771 866 3813 (5)
891 3769 1113 3813 turpitudine,
1130 3771 1193 3804 hae

112 3772 155 3813 (³)
181 3781 266 3805 exse
285 3783 347 3807 scr.
463 3771 505 3813 (4)
529 3771 716 3813 personaF

1183 127 1270 176 567

2071 131 2301 173 XXXVIII
2337 137 2351 172 l

1265 257 1348 298 post
1372 252 1686 288 manumissionem
1713 252 1749 287 id
1774 253 1948 290 didicerit.
1994 255 2089 300 quod
2113 255 2143 291 si
2167 256 2355 291 artificium

1265 308 1432 334 exercere
1464 297 1629 339 desierit,
1662 299 1752 333 tales
1784 309 1911 343 operas
1943 302 2047 336 edere
2077 301 2237 343 debebit,
2268 311 2358 346 quae

1264 354 1336 379 non
1369 346 1497 380 contra
1527 342 1735 387 dignitatem
1765 343 1841 379 eius
1874 345 2022 388 fuerint,
2063 347 2172 381 veluti
2204 350 2244 381 ut
2277 358 2358 381 cum

1263 393 1418 434 patrono
1439 391 1608 432 moretur,
1633 398 1781 433 peregre
1798 390 2059 434 proficiscatur,
2084 392 2264 436 negotium
2281 392 2357 427 eius

1265 439 1442 470 exerceat.

1311 477 1364 517 39
1390 479 1551 516 PAULUS
1571 479 1663 515 libro
1685 480 1836 525 septimo
1863 480 1912 514 ad
1928 480 2111 516 Plautium
2159 482 2197 518 Si
2220 483 2271 517 ita
2294 484 2356 518 sti-

1264 525 1401 569 pulatio
1426 535 1448 560 a
1471 529 1625 570 patrono
1650 523 1749 559 facta
1773 525 1837 560 sit:
1865 525 1906 560 ‘si
1931 525 2052 561 decem
2073 527 2209 562 dierum
2228 539 2356 572 operas

1265 574 1349 605 ‘non
1373 570 1530 613 dederis,
1562 569 1685 614 viginti
1709 581 1872 605 nummos
1898 570 1983 606 dare
2008 573 2200 616 spondes'?
2236 574 2356 608 viden-

1265 616 1348 651 dum
1374 619 1446 658 est,
1477 626 1525 650 an
1548 626 1615 651 nec
1640 615 1763 660 viginti
1787 616 1880 650 actio
1907 615 2026 650 danda
2050 618 2111 659 sit,
2146 618 2248 662 quasi
2272 630 2355 653 ono-

1263 660 1398 696 randae
1421 661 1597 697 libertatis
1620 661 1737 705 gratia
1761 661 1928 706 promissi
1953 661 2041 703 sint,
2066 673 2132 698 nec
2156 675 2175 698 0
2206 674 2356 706 erarum,

1265 716 1358 751 quae
1381 707 1580 751 promissae
1604 717 1677 741 non
1701 706 1798 742 sint?
1833 716 1880 741 an
1909 717 1993 741 vero
2019 718 2149 751 operae
2198 713 2356 743 umtaxat

1264 751 1462 797 promissae
1486 751 1572 795 fingi
1597 751 1768 794 debeant,
1801 762 1846 787 ne
1871 756 2045 797 patronus
2071 754 2271 790 omnimodo
2298 765 2356 788 ex-

1266 796 1459 832 cludatur?
1485 800 1520 831 et
1543 797 1612 832 hoc
1636 800 1782 842 praetor
1806 808 1948 843 quoque
1972 797 2081 833 sentit
2105 809 2233 842 operas
2257 799 2358 834 dum-

1268 845 1282 876 1
1334 845 1435 877 taxat
1465 841 1671 887 promissas.
1722 842 1881 887 Sequens
1912 842 1975 878 illa
2007 843 2168 895 quaestio
2202 848 2271 888 est,
2312 856 2358 880 an

1266 887 1415 923 libertus
1440 887 1633 932 impetrare
1658 887 1806 930 debeat,
1831 898 1877 923 ne
1900 888 2046 923 maioris
2072 899 2229 924 summae
2254 901 2358 934 quam

1264 932 1387 977 viginti
1414 933 1690 975 condemnetur,
1724 933 1807 977 quia
1838 932 1978 969 videtur
2009 933 2268 978 quodammodo
2295 947 2357 980 pa-

1264 981 1390 1014 tronus
1421 978 1513 1012 tanti
1546 988 1673 1022 operas
1706 979 1912 1014 aestimasse
1939 978 2093 1024 ideoque
2116 990 2189 1015 non
2213 980 2358 1016 deberet

1265 1023 1385 1068 egredi
1401 1023 1621 1059 taxationem
1639 1023 1772 1068 viginti.
1806 1025 1869 1060 sed
1885 1024 2046 1068 iniquum
2063 1027 2119 1060 est
2136 1035 2202 1060 nec
2220 1030 2359 1071 oportet

1264 1069 1391 1104 liberto
1417 1069 1486 1104 hoc
1510 1068 1714 1113 indulgere,
1741 1069 1825 1114 quia
1848 1080 1920 1105 non
1945 1070 2051 1106 debet
2074 1080 2120 1105 ex
2142 1075 2246 1115 parte
2269 1071 2357 1106 obli-

1264 1114 1443 1166 gationem
1468 1115 1720 1159 comprobare,
1754 1124 1799 1150 ex
1829 1118 1932 1160 parte
1964 1118 2147 1161 tamquam
2171 1116 2215 1151 de
2238 1116 2360 1161 iniqua

1265 1170 1375 1205 queri.

1311 1203 1364 1242 40
1391 1205 1640 1241 PAPINJANUS
1668 1205 1759 1241 libro
1792 1205 1984 1241 vicensimo
2016 1206 2267 1252 quaestionum
2323 1206 2360 1240 Si

1264 1251 1359 1286 bona
1383 1251 1526 1296 patroni
1550 1251 1743 1294 venierint,
1777 1261 1987 1296 operarum,
2019 1261 2111 1295 quae
2133 1254 2217 1297 post
2240 1252 2358 1286 vendi-

1263 1296 1396 1331 tionem
1420 1296 1681 1341 praeterierint,
1707 1296 1802 1332 actio
1826 1300 1981 1342 patrono
1998 1296 2155 1340 dabitur,
2180 1297 2247 1332 etsi
2265 1297 2360 1332 alere

1264 1351 1302 1377 se
1326 1342 1459 1386 possit:
1493 1345 1577 1377 ante
1600 1341 1838 1378 venditionem
1861 1342 2138 1387 praeteritarum
2161 1353 2233 1378 non
2258 1342 2357 1377 dabi-

1265 1390 1335 1429 tur,
1361 1387 1530 1431 quoniam
1555 1397 1600 1422 ex
1623 1391 1708 1423 ante
1730 1391 1832 1432 gesto
1857 1388 1942 1432 agit.

1311 1430 1360 1468 41
1389 1432 1496 1467 IDEM
1518 1433 1610 1468 libro
1636 1433 1762 1478 quinto
1787 1443 2045 1479 responsorum
2091 1433 2270 1476 Libertus,
2300 1433 2359 1477 qui

1265 1488 1455 1523 operarum
1488 1478 1704 1523 obligatione
1735 1477 1901 1514 dimissus
1926 1482 1983 1514 est
2006 1481 2114 1523 atque
2138 1478 2190 1514 ita
2212 1479 2359 1514 liberam

1264 1523 1470 1558 testamenti
1494 1523 1688 1559 factionem
1712 1523 1905 1560 adsecutus
1931 1526 1995 1566 est,
2021 1524 2131 1560 nihilo
2155 1524 2271 1559 minus
2296 1525 2358 1559 ob-

1263 1568 1365 1613 sequi
1376 1569 1389 1589 ⁶
1405 1569 1641 1604 verecundiae
1654 1572 1808 1604 tenetur.
1835 1569 2083 1604 alimentorum
2099 1569 2238 1604 diversa
2251 1580 2360 1604 causa

1265 1616 1329 1655 est,
1357 1624 1437 1649 cum
1461 1614 1583 1660 inopia
1606 1614 1750 1659 patroni
1774 1624 1839 1659 per
1861 1614 2053 1650 invidiam⁷
2083 1615 2248 1650 libertum
2274 1626 2359 1650 con-

1264 1659 1370 1695 venit.

1310 1702 1364 1741 42
1389 1704 1497 1740 IDEM
1516 1704 1608 1740 libro
1632 1715 1729 1740 nono
1753 1715 2012 1751 responsorum
2056 1704 2263 1741 ‘Cerdonem
2284 1716 2357 1741 ser-

1264 1752 1358 1786 ‘vum
1390 1760 1508 1785 meum
1539 1750 1742 1785 manumitti
1777 1751 1857 1786 volo
1887 1750 1957 1792 ita,
2000 1754 2040 1784 ut
2074 1761 2202 1795 operas
2237 1751 2358 1785 heredi

1265 1795 1484 1841 ‘promittat'.
1522 1806 1593 1830 non
1620 1795 1758 1841 cogitur
1781 1796 2019 1832 manumissus
2045 1796 2269 1840 promittere:
2295 1796 2358 1832 sed

1265 1841 1331 1876 etsi
1354 1840 1577 1886 promiserit,
1602 1840 1640 1875 in
1665 1852 1745 1876 eum
1770 1841 1863 1877 actio
1889 1852 1962 1876 non
1987 1841 2148 1876 dabitur:
2183 1851 2265 1876 nam
2289 1842 2358 1876 iuri

1292 1886 1410 1923 ublico
1435 1886 1608 1931 derogare
1638 1897 1711 1922 non
1735 1887 1869 1931 potuit,
1902 1887 1962 1931 qui
1993 1886 2356 1922 fideicommissariam

1263 1897 1467 1967 libertatem
1491 1931 1598 1967 dedit.

1310 1974 1362 2014 43
1388 1976 1498 2012 IDEM
1516 1977 1608 2012 libro
1631 1986 1728 2012 nono
1752 1976 1889 2012 decimo
1918 1987 2175 2022 responsorum
2232 1977 2356 2022 Operis

1264 2022 1442 2066 obligatus
1458 2021 1604 2057 militiae
1622 2032 1750 2057 nomen
1766 2032 1839 2057 non
1853 2022 1929 2057 sine
1945 2022 2074 2057 iniuria
2086 2023 2230 2067 patroni
2245 2023 2354 2058 dabit.

1311 2066 1366 2104 44
1390 2067 1595 2103 SOAEVOLA
1621 2067 1711 2102 libro
1737 2071 1869 2112 quarto
1920 2069 2146 2103 uaestz'onum
2194 2068 2231 2103 Si
2250 2068 2357 2103 liber-

1264 2116 1322 2149 tus
1346 2123 1483 2148 moram
1506 2112 1543 2148 in
1562 2113 1680 2158 operis
1698 2112 1835 2155 fecerit,
1860 2112 1885 2147 fi
1911 2113 2051 2149 eiussor
2070 2116 2230 2149 tenetur:
2257 2125 2358 2149 mora

1264 2158 1485 2194 fideiussoris
1510 2158 1608 2193 nulla
1630 2161 1696 2194 est.
1734 2162 1771 2192 at
1795 2159 1832 2193 in
1856 2158 1998 2194 homine
2024 2158 2144 2194 debito
2169 2158 2357 2195 fideiussor

1265 2204 1372 2239 etiam
1394 2214 1439 2240 ex
1463 2214 1531 2239 sua
1553 2214 1655 2239 mora
1678 2204 1714 2238 in
1739 2203 1953 2248 obligatione
1977 2204 2162 2239 retinetur.

1310 2248 1364 2287 45
1389 2249 1497 2284 IDEM
1517 2249 1607 2284 libro
1631 2249 1789 2284 secundo
1813 2259 2070 2296 responsorum
2106 2249 2274 2285 Libertus
2295 2260 2355 2285 ne-

1262 2295 1448 2340 gotiatoris
1473 2294 1630 2330 vestiarii
1655 2304 1701 2329 an
1721 2295 1869 2330 eandem
1885 2294 2160 2339 negotiationem
2178 2296 2215 2330 in
2233 2295 2356 2330 eadem

1265 2340 1408 2376 civitate
1433 2343 1468 2375 et
1491 2339 1616 2375 eodem
1640 2340 1719 2375 loco
1736 2339 1847 2376 invito
1864 2344 2016 2385 patrono
2032 2350 2197 2376 exercere
2216 2341 2357 2385 possit?

1263 2385 1451 2431 respondit
1481 2385 1571 2420 nihil
1603 2385 1771 2430 proponi,
1804 2396 1869 2420 cur
1900 2395 1972 2419 non
2003 2385 2135 2430 possit,
2169 2386 2199 2421 si
2222 2386 2356 2420 nullam

1263 2431 1458 2466 laesionem
1483 2440 1528 2465 ex
1551 2431 1621 2466 hoc
1645 2431 1774 2466 sentiet
1797 2434 1985 2476 patronus.

1310 2474 1363 2514 46
1397 2475 1544 2510 miens
1564 2476 1655 2512 l'z'bro
1674 2477 1800 2521 quinto
1814 2476 2171 2520 fideicommissorum
2209 2475 2356 2510 Liberta

1264 2521 1294 2557 si
1318 2521 1355 2556 in
1381 2521 1622 2557 concubinatu
1645 2521 1787 2565 patroni
1812 2523 1924 2562 esset,
1950 2519 2096 2565 perinde
2121 2530 2164 2555 ac
2189 2520 2219 2555 si
2243 2525 2356 2564 nupta

1264 2567 1378 2602 eidem
1402 2569 1513 2610 esset,
1548 2576 1739 2611 operarum
1769 2565 1978 2611 petitionem
2008 2566 2045 2600 in
2074 2575 2151 2600 eam
2182 2565 2260 2600 dari
2284 2577 2356 2601 non

1264 2615 1430 2657 oportere
1455 2614 1607 2647 constat.

1310 2655 1362 2693 47
1389 2657 1497 2692 IDEM
1516 2657 1607 2692 libro
1627 2660 1732 2692 sexto
1746 2655 2105 2701 fideicommissorum
2153 2655 2354 2702 Campanus

1263 2702 1388 2738 scribit
1409 2712 1482 2738 non
1502 2701 1631 2737 debere
1648 2705 1850 2746 praetorem
1871 2701 1946 2745 pati
1966 2700 2098 2736 donum
2118 2712 2247 2736 munus
2269 2712 2354 2746 ope-

1262 2758 1322 2783 ras
1345 2747 1481 2793 imponi
1504 2747 1547 2789 ei,
1573 2746 1634 2791 qui
1650 2757 1695 2782 ex
1710 2746 1974 2782 fideicommissi
1995 2755 2105 2781 causa
2125 2747 2353 2781 manumitta-

1262 2796 1333 2828 tur.
1371 2792 1434 2828 sed
1457 2792 1500 2834 si,
1526 2803 1608 2828 cum
1632 2792 1740 2827 sciret
1762 2801 1868 2836 posse
1886 2801 1925 2827 se
1944 2791 1981 2826 id
1998 2801 2178 2834 recusare,
2205 2792 2354 2837 obligari

1263 2848 1302 2874 se
1325 2838 1455 2884 passus
1479 2837 1544 2880 sit,
1572 2848 1646 2873 non
1669 2836 1898 2872 inhibendam
1922 2846 2111 2881 operarum
2135 2838 2353 2882 petitionem,

1263 2883 1347 2928 quia
1370 2883 1523 2918 donasse
1546 2882 1697 2918 videtur.

1309 2925 1363 2966 48
1387 2927 1734 2963 HERMOGENIANUS
1754 2927 1845 2963 libro
1868 2927 2026 2963 secundo
2059 2928 2151 2962 iuris
2182 2928 2350 2973 epitoma-

1261 2984 1343 3008 rum
1390 2973 1492 3008 Sicut
1515 2976 1701 3019 patronus,
1726 2973 1777 3008 ita
1798 2972 1904 3008 etiam
1919 2973 2063 3018 patroni
2078 2972 2173 3008 filius
2192 2975 2227 3007 et
2242 2983 2352 3017 nepos

1262 3021 1299 3054 et
1320 3028 1513 3063 pronepos,
1539 3018 1600 3062 qui
1623 3018 1773 3053 libertae
1794 3017 1928 3063 nuptiis
1946 3018 2138 3061 consensit,
2164 3027 2352 3062 operarum

1262 3064 1484 3099 exactionem
1508 3063 1657 3098 amittit:
1683 3073 1766 3098 nam
1781 3063 1882 3108 haee,
1908 3063 2008 3098 cuius
2026 3063 2249 3098 matrimonio
2268 3073 2351 3097 eon-

1268 3113 1280 3144 l
1330 3109 1452 3151 sensit,
1477 3108 1514 3143 in
1538 3107 1658 3144 officio
1682 3109 1800 3143 mariti
1820 3119 1897 3144 esse
1916 3109 2032 3144 debet.
2072 3108 2108 3143 Si
2125 3111 2245 3143 autem
2260 3118 2351 3152 nup-

1262 3154 1345 3196 tiae,
1369 3153 1496 3198 quibus
1520 3156 1694 3197 patronus
1719 3154 1910 3196 consensit,
1936 3154 2053 3189 nullas
2073 3153 2230 3188 habeant
2248 3152 2350 3195 vires,

1264 3202 1283 3234 2
1331 3208 1458 3244 operas
1484 3198 1623 3243 exigere
1645 3202 1820 3244 patronus
1853 3210 1926 3234 non
1953 3198 2175 3244 prohibetur.
2222 3197 2349 3233 Patro-

1263 3254 1348 3287 nae,
1380 3243 1465 3279 item
1495 3243 1591 3280 filiae
1623 3247 1659 3279 et
1687 3245 1786 3290 nepti
1817 3248 1853 3280 et
1875 3244 2041 3290 pronepti
2063 3241 2223 3288 patroni,
2259 3252 2350 3287 quae

1262 3290 1413 3325 libertae
1436 3289 1570 3334 nuptiis
1595 3290 1786 3333 consensit,
1815 3300 2003 3335 operarum
2029 3288 2166 3323 exactio
2191 3297 2264 3322 non
2288 3286 2347 3322 de-

1263 3338 1424 3379 negatur,
1451 3334 1535 3378 quia
1558 3334 1613 3370 his
1637 3344 1704 3370 nec
1729 3335 1774 3370 ab
1798 3345 1841 3371 ea
1866 3345 1957 3380 quae
1977 3336 2090 3378 nupta
2111 3336 2164 3368 est
2183 3331 2349 3367 indecore

1262 3382 1502 3426 praestantur.

1308 3422 1362 3462 49
1398 3424 1521 3460 ῧᾼιυε
1555 3424 1647 3460 libro
1684 3425 1869 3471 sinqulare'
1906 3424 1949 3459 de
1985 3423 2128 3459 casibus
2186 3421 2348 3457 Duorum

1261 3471 1410 3506 libertus
1442 3472 1563 3515 potest
1594 3470 1713 3514 aliquo
1745 3480 1832 3505 casu
1863 3468 2008 3514 singulis
2041 3467 2195 3502 diversas
2221 3476 2348 3511 operas

1262 3526 1333 3551 uno
1358 3518 1518 3560 tempore
1540 3515 1578 3550 in
1601 3515 1754 3551 solidum
1778 3515 1899 3559 edere,
1924 3514 2032 3550 veluti
2056 3513 2085 3547 si
2109 3511 2276 3547 librarius
2301 3512 2349 3547 sit

1264 3564 1300 3596 et
1322 3560 1382 3595 alii
1412 3562 1564 3605 patrono
1597 3560 1768 3596 librorum
1798 3560 2064 3596 scribendorum
2097 3567 2223 3601 operas
2253 3556 2347 3598 edat,

1264 3606 1354 3642 alter
1377 3614 1459 3642 vero
1483 3615 1631 3651 peregre
1652 3616 1733 3641 cum
1748 3605 1824 3641 suis
1839 3606 2068 3651 proficiscens
2085 3611 2211 3646 operas
2227 3605 2347 3637 custo-

1261 3723 1334 3756 sine
1353 3722 1413 3756 im.
1530 3723 1573 3764 (e)
1599 3718 1756 3761 obsequio
1771 3718 1806 3750 F
1912 3717 1954 3758 (7)
1978 3715 2110 3758 inopiae
2122 3715 2254 3758 patroni
2270 3725 2344 3759 pro-

1262 3767 1374 3802 videre
1385 3779 1448 3801 scr.
