2528 3918
187 133 439 177 XXXXHII
471 137 495 176 7

231 255 285 295 20
305 258 487 293 Ain-raros
507 257 598 294 libro
617 259 774 295 secundo
788 259 1007 307 diqestorum
1045 259 1175 295 Servus
1195 270 1268 295 non

186 303 222 338 in
253 302 417 338 omnibus
445 303 554 339 rebus
585 303 662 339 sine
691 314 808 350 poena
836 304 977 341 domino
1001 304 1094 340 dicto
1120 303 1267 339 audiens

186 357 266 384 esse
295 348 404 391 solet,
435 347 543 384 sicuti
573 348 604 384 si
635 347 797 385 dominus
821 350 998 386 hominem
1022 348 1183 386 occidere
1206 354 1269 384 aut

186 393 321 428 furtum
349 392 455 428 alicui
484 392 604 429 facere
626 403 767 430 servum
789 394 963 431 iussisset.
1010 404 1121 440 quare
1145 404 1267 446 quam-

186 437 237 473 vis
267 437 400 474 domini
425 438 526 474 iussu
549 448 672 475 servus
695 440 884 485 piraticam
907 439 1066 481 fecisset,
1097 438 1267 475 iudicium

185 483 222 518 in
246 493 326 518 eum
374 486 432 519 ost
454 482 657 520 libertatem
682 484 784 521 reddi
808 489 959 530 oportet.
1007 489 1044 520 et
1074 484 1267 529 quodcum-

186 538 254 573 que
277 527 313 563 vi
350 528 488 572 ecisset,
513 538 606 574 quae
627 529 680 565 vis
703 540 727 565 a
750 529 922 565 maleficio
938 540 1026 583 ‘non‘
1041 529 1194 581 abesset,
1218 530 1270 565 ita

184 576 326 672 ἓέιῖῗὲ*
336 574 951 672 ἑὲοῖῗῗωὲἶῗηὲθὲἓὲἔῖειὲἓᾶωῗ
966 574 1100 656 ιῗῗῖιῗ
1108 584 1269 672 νᾨῖἐέ

185 662 361 699 retinendi
389 674 500 700 causa
529 663 627 701 facta
658 669 752 702 esset
782 669 819 701 et
846 665 892 701 ab
916 665 972 701 his
994 675 1034 701 re
1060 675 1103 700 us
1127 664 1268 700 facinus

185 708 344 750 abesset,
373 711 450 745 tum
478 719 550 746 non
582 710 746 746 convenit
775 713 993 756 praetorem,
1025 709 1122 755 quod
1144 720 1268 745 servus

184 753 286 835 {lug-u
316 753 450 790 domini
479 754 641 798 fecisset,
673 755 717 791 de
739 765 783 791 ea
805 766 844 791 re
867 755 905 790 in
927 755 1077 791 liberum
1100 755 1269 790 iudicium

230 840 281 881 21
307 843 502 881 loturos
526 845 617 881 libro
642 846 745 881 tertio
770 856 819 881 ex
841 844 992 882 Minicio
1039 845 1269 882 Contraxisse

184 889 429 935 unusquisqne
456 890 495 926 in
523 900 566 926 eo
589 890 668 927 loco
690 890 924 936 intellegitur,
955 890 994 926 in
1024 901 1095 936 quo
1127 895 1167 926 ut
1197 890 1267 927 sol-

186 939 283 970 veret
303 944 343 971 se
367 935 545 981 obligavit.

230 977 285 1017 22
308 981 534 1016 AFRICANUS
555 980 646 1016 libro
667 980 770 1015 tertio
813 981 1038 1017 uaestionum
1081 979 1170 1016 Cum
1190 979 1268 1024 quis

184 1024 222 1060 in
245 1024 338 1061 diem
360 1035 513 1061 mercem
536 1025 727 1070 stipulatus
751 1024 776 1060 fi
802 1025 997 1062 eiussorem
1017 1026 1167 1078 accepit,
1193 1025 1268 1060 eius

184 1069 356 1115 temporIs
383 1069 582 1106 aestimati0
615 1070 811 1116 spectanda
840 1075 914 1114 est,
946 1081 1017 1117 quo
1047 1074 1134 1107 satis
1164 1080 1267 1106 acce-

209 1115 287 1151 erit.

183 1126 207 1161 p
229 1157 283 1198 23
307 1159 415 1196 loru
442 1160 533 1196 libro
557 1161 707 1207 septimo
731 1162 980 1206 quaestionum
1034 1159 1268 1196 Traiecticiae

183 1205 357 1251 pecuniae
378 1205 530 1250 nomine,
555 1205 586 1241 si
609 1205 656 1241 ad
680 1205 772 1241 diem
796 1206 913 1241 soluta
931 1216 1004 1241 non
1021 1209 1127 1247 esset,
1151 1215 1268 1251 poena

184 1251 249 1292 (uti
279 1250 431 1294 adsolet)
461 1251 509 1287 ob
539 1260 667 1296 operas
697 1251 774 1286 eius
806 1251 867 1295 qui
890 1261 968 1287 eam
992 1250 1179 1296 pecuniam
1204 1260 1266 1296 pe-

183 1299 276 1332 teret
295 1296 336 1332 in
356 1295 623 1341 stipulationem
646 1300 724 1332 erat
746 1296 919 1332 deducta:
949 1296 981 1332 is
1013 1296 1074 1341 qui
1103 1305 1182 1331 eam
1204 1306 1266 1341 pe·

184 1341 325 1376 cuniam
346 1341 494 1393 petebat
516 1344 620 1386 parte
641 1345 770 1377 exacta
793 1345 915 1387 petere
938 1341 1109 1384 desierat,
1142 1340 1268 1376 deinde

182 1386 394 1432 interposito
423 1389 584 1439 tempore
610 1386 837 1431 interpellare
859 1386 1076 1422 instituerat.
1125 1386 1266 1422 consul-

182 1435 242 1467 tus
264 1431 448 1477 respondit
470 1441 547 1467 eius
565 1441 707 1477 quoque
724 1432 906 1477 temporis,
931 1442 1001 1484 quo
1018 1431 1267 1477 interpellatus

182 1487 255 1512 non
278 1480 390 1519 esset,
445 1486 571 1512 oenam
593 1476 667 1521 peti
690 1487 814 1522 posse:
848 1487 906 1512 am
930 1477 1000 1512 hus
1029 1477 1168 1513 etiamsi
1192 1487 1266 1512 om-

183 1522 266 1558 nino
289 1521 363 1558 inte
454 1525 535 1557 atus
559 1532 632 1557 non
655 1526 768 1558 esset:
793 1532 859 1558 nec
920 1522 987 1558 'ter
1004 1533 1077 1558 non
1095 1521 1268 1558 committi

183 1566 464 1613 stipulationem,
497 1577 604 1612 quam
634 1567 665 1603 si
696 1577 759 1612 per
782 1567 978 1604 debitorem
1002 1578 1074 1604 non
1098 1567 1267 1609 stetisset,

183 1623 254 1656 qno
277 1612 394 1648 minus
417 1612 587 1648 solveret:
621 1612 779 1658 alioquin
802 1612 990 1648 dicendum
1013 1617 1050 1648 et
1073 1612 1104 1648 si
1125 1612 1175 1656 is,
1207 1612 1268 1656 qui

181 1657 411 1702 interpellare
451 1657 646 1703 coepisset,
687 1657 892 1693 valetudine
928 1657 1119 1703 impeditus
1156 1657 1266 1693 inter-

181 1702 318 1748 pellare
339 1701 506 1745 desisset,
530 1712 683 1747 poenam
706 1713 779 1739 non
802 1703 983 1739 committi.
1028 1703 1072 1739 de
1094 1702 1155 1738 illo
1181 1712 1267 1738 sane

181 1750 302 1793 potest
323 1746 500 1790 dubitari,
524 1747 555 1783 si
577 1747 825 1793 interpellatus
847 1748 861 1783 i
887 1751 947 1784 se¹
972 1758 1109 1784 moram
1131 1747 1266 1791 fecerit,

181 1803 244 1836 an,
274 1793 434 1838 quamvis
464 1793 653 1838 pecuniam
680 1797 808 1839 postea
836 1803 857 1829 o
886 1798 982 1837 erat,
1015 1793 1126 1829 nihilo
1150 1793 1266 1828 minus

182 1848 302 1883 poena
324 1837 585 1874 committatur:
611 1842 647 1874 et
669 1838 739 1874 hoc
760 1839 892 1875 rectius
917 1838 1058 1874 dicitur.
1102 1839 1208 1874 2nam
1231 1842 1268 1873 et

182 1883 214 1919 si
235 1883 372 1919 arbiter
393 1893 438 1919 ex
462 1883 717 1929 compromisso
739 1884 928 1937 pecuniam
953 1889 1051 1920 certo
1075 1883 1132 1919 die
1157 1883 1266 1918 dare³

180 1929 326 1964 iusserit
348 1938 463 1981 neque
486 1939 551 1974 per
573 1939 666 1973 eum,
690 1940 752 1974 qui
775 1929 862 1965 dare
884 1929 1004 1965 iussus
1027 1929 1084 1971 sit,
1117 1928 1265 1971 steterit,

181 1984 254 2010 non
284 1974 456 2010 committi
487 1984 640 2018 poenam
668 1974 870 2019 respondit:
913 1974 1004 2010 adeo
1042 1979 1083 2009 ut
1113 1978 1150 2009 et
1178 1973 1266 2009 illud

181 2018 325 2055 Servius
347 2018 544 2055 rectissime
567 2019 830 2062 existimaverit,
862 2019 892 2055 si
917 2019 1059 2064 quando
1083 2018 1169 2062 dies,
1195 2029 1267 2063 qua

180 2063 335 2109 pecunia
364 2063 527 2108 daretur,
559 2064 736 2100 sententia
764 2064 889 2099 arbitri
919 2064 1165 2109 conprehensa
1193 2074 1267 2100 non

181 2112 295 2153 esset,
330 2109 513 2144 modicum
550 2109 705 2154 spatium
742 2109 865 2145 datum
901 2109 1022 2145 videri.
1073 2109 1142 2146 hoc
1172 2108 1266 2145 idem

182 2153 370 2190 dicendum
399 2158 437 2190 et
459 2164 541 2190 cum
564 2154 648 2200 quid
671 2164 714 2189 ea
737 2154 813 2199 lege
836 2154 1003 2197 venierit,
1033 2158 1090 2198 ut,
1119 2154 1189 2190 nisi
1219 2153 1265 2189 ad

181 2199 273 2235 diem
291 2198 450 2266 pretium
473 2199 630 2235 solutum
653 2199 772 2243 fuerit,
795 2199 954 2245 inempta
975 2209 1034 2236 res
1056 2198 1132 2235 fiat.

227 2242 281 2281 24
333 2243 564 2280 Poummos
589 2244 680 2280 libro
708 2244 891 2290 sinqulari
918 2244 1130 2292 reqularum
1176 2244 1215 2280 Si
1243 2254 1266 2280 a

180 2289 336 2333 furioso,
368 2299 449 2325 cum
480 2299 561 2324 eum
592 2293 791 2335 compotem
820 2289 948 2326 mentis
980 2299 1058 2326 esse
1089 2292 1264 2336 putarem,

181 2334 368 2379 pecuniam
403 2334 507 2379 quasi
543 2338 703 2370 mutuam
737 2334 937 2380 acceperim
971 2345 1085 2380 eaque
1117 2335 1155 2370 in
1189 2345 1265 2370 rem

181 2390 295 2416 ineam
316 2390 421 2415 versa
443 2379 562 2433 fuerit,
587 2380 764 2416 condictio
784 2379 920 2416 furioso
941 2379 1156 2425 adquiritur:
1181 2389 1265 2415 nam

181 2435 225 2460 ex
248 2425 378 2470 quibus
403 2425 521 2461 causis
543 2425 792 2470 ignorantibus
822 2424 926 2461 nobis
956 2425 1116 2461 actiones
1139 2425 1263 2470 adqui-

179 2474 327 2514 runtur,
363 2479 409 2506 ex
441 2469 556 2506 isdem
586 2470 694 2506 etiam
723 2470 850 2506 furiosi
881 2470 1023 2506 nomine
1050 2469 1178 2516 incipit
1207 2469 1265 2515 agi

180 2525 305 2560 posset
336 2514 446 2550 veluti
477 2525 559 2551 cum
589 2526 712 2552 servus
737 2516 812 2551 eius
836 2515 1045 2568 stipulatur,
1078 2526 1159 2551 cum
1187 2515 1264 2551 fur-

179 2564 255 2596 tum
278 2560 310 2596 ei
333 2560 390 2602 fit,
414 2563 478 2596 aut
502 2560 668 2596 damnum
693 2561 725 2596 ei
747 2560 867 2596 dando
891 2571 928 2596 in
951 2561 1064 2605 legem
1086 2560 1264 2606 Aquiliam

180 2605 426 2647 committitur,
451 2609 516 2640 aut
538 2605 569 2642 si
592 2606 700 2651 forte,
725 2616 806 2642 cum
830 2605 986 2642 creditor
1008 2605 1141 2648 fuerat,
1165 2605 1263 2641 frau-

179 2650 289 2686 dandi
310 2650 387 2686 eius
410 2660 520 2686 causa
544 2651 684 2688 debitor
700 2651 810 2687 alicui
826 2661 902 2687 rem
919 2650 1116 2686 tradiderit.
1152 2650 1263 2686 idem-

180 2705 249 2740 que
272 2695 354 2738 erit,
384 2696 415 2731 si
443 2696 580 2740 legetur
610 2696 643 2732 ei
665 2696 744 2732 vel-'²
767 2695 1077 2732 fideicommissum
1101 2696 1134 2732 ei
1155 2696 1262 2732 relin-

183 2744 195 2775 i
249 2744 392 2785 quatur.
438 2740 529 2776 Item
552 2742 583 2777 si
606 2741 653 2785 is,
687 2741 748 2787 qui
778 2751 880 2778 servo
909 2741 1027 2778 alieno
1052 2741 1262 2782 crediderat,

179 2784 300 2821 furere
323 2787 490 2830 coeperit,
516 2786 642 2822 deinde
666 2797 787 2822 servus
810 2787 847 2822 in
870 2796 945 2822 rem
963 2786 1096 2822 domini
1112 2786 1148 2822 id
1191 2786 1263 2822 uod

180 2834 342 2866 mutuum
371 2835 563 2876 acceperat
584 2832 744 2875 verterit,
775 2831 911 2868 furioso
936 2831 1114 2868 condictio
1138 2842 1160 2867 a
1185 2831 1262 2877 qui-

181 2878 201 2910 2
248 2875 351 2911 ritur.
398 2875 486 2911 Item
514 2876 545 2911 si
575 2877 727 2913 alienam
750 2876 939 2922 pecuniam
962 2875 1130 2913 credendi
1152 2886 1263 2912 causa

181 2920 259 2966 quis
292 2920 444 2961 dederit,
483 2920 610 2957 deinde
647 2932 792 2968 compos
828 2922 956 2958 mentis
993 2932 1073 2958 esse
1108 2922 1262 2965 desierit,

180 2969 307 3010 postea
337 2970 548 3011 consumpta
578 2977 621 3002 ea
652 2966 788 3003 furioso
821 2966 1023 3004 condictio⁶
1052 2966 1262 3013 adquiritur.

181 3013 201 3046 3
248 3010 548 3100 Ειμιιέιὶιειξςοιια
571 3011 697 3048 furiosi
719 3012 877 3057 gesserit,
902 3012 1123 3057 negotiorum
1145 3016 1262 3057 gesto-

180 3066 259 3091 rum
281 3065 315 3091 ei
337 3066 358 3092 o
455 3060 525 3091 tur.

226 3098 279 3138 25
319 3100 513 3136 Uimivos
544 3100 636 3136 libro
665 3102 848 3147 sinqulari
875 3102 1082 3148 regularum
1137 3102 1260 3138 Actio-

180 3156 264 3181 num
284 3155 416 3191 genera
438 3149 522 3181 sunt
544 3144 633 3189 duo,
657 3145 695 3180 in
718 3156 807 3189 rem,
832 3156 924 3227 Ἁιιιαθ
948 3146 1079 3182 dicitur
1103 3147 1261 3182 vindica-

180 3191 247 3235 tio,
276 3195 314 3226 et
340 3191 378 3226 in
406 3199 610 3236 personam,
643 3201 734 3235 quae
766 3202 835 3227 con
862 3191 944 3228 ‘ctio
968 3192 1179 3238 appellatur.
1225 3192 1262 3227 in

179 3246 254 3271 rem
277 3235 372 3272 actio
397 3239 465 3278 est,
495 3245 560 3281 per
582 3244 688 3280 quam
711 3246 785 3270 rem
809 3240 981 3279 nostram,
1005 3247 1098 3283 quae
1120 3237 1166 3272 ab
1191 3237 1260 3273 alio

180 3280 382 3325 possidetur
416 3280 587 3325 petimus:
612 3283 649 3316 et
671 3289 810 3326 semper
832 3281 1003 3318 adversus
1026 3292 1107 3318 eum
1126 3285 1181 3317 est
1200 3282 1261 3327 qui

180 3335 254 3378 rein
278 3308 445 3378 possidet.
492 3325 532 3379 ιιι
558 3334 746 3371 personam
777 3327 870 3378 actio
898 3330 975 3380 est,
1004 3337 1075 3372 qua
1106 3337 1186 3380 cuin
1213 3337 1260 3381 eo

179 3381 425 3467 ffissztdffi.
435 3370 822 3462 ‘’theffer‘':iv'z‘ssk‘iz
839 3370 1187 3453 zttfflffiffi
1200 3372 1261 3452 ¹233

183 3463 197 3494 1
246 3461 436 3496 Actionum
461 3464 579 3496 autem
602 3458 775 3514 quaedam
795 3470 840 3496 ex
861 3465 1061 3504 contractu,
1085 3462 1261 3507 quaedam

179 3515 224 3539 ex
253 3504 369 3547 facto,
408 3505 583 3550 quaedam
619 3516 657 3540 in
690 3503 827 3542 factum
856 3510 951 3542 sunt.
999 3516 1043 3542 ex
1071 3511 1260 3543 contractu

181 3618 221 3657 (1)
245 3616 476 3659 interpellatus
485 3617 556 3660 ipse
568 3617 630 3650 del.
722 3618 766 3659 (2)
791 3618 977 3652 exciderunt
989 3619 1091 3653 talia:
1112 3622 1257 3653 ceterum

302 3671 369 3694 non
386 3662 618 3703 committitur,
633 3661 663 3694 ιὶ
678 3671 739 3705 per
754 3661 938 3696 debitorem
953 3672 1023 3696 non
1034 3664 1174 3702 steterit,
1191 3674 1260 3706 quo

179 3705 290 3738 minus
302 3715 340 3739 ea
351 3705 405 3739 die
414 3705 559 3740 solveret
624 3707 669 3748 (3)
693 3706 766 3740 (ιιι-ι
778 3705 831 3740 F·
897 3708 944 3750 (4)
966 3708 1075 3751 adpr-
1087 3710 1130 3752 qs.
1142 3709 1188 3743 D.
1206 3710 1259 3750 12,

180 3757 204 3791 i,
216 3757 249 3784 ιι
352 3752 395 3792 (s)
418 3751 446 3783 si
460 3753 518 3784 im.
534 3750 585 3784 Γ*
687 3752 737 3795 (s)
759 3750 960 3787 condictioio
970 3752 1005 3785 F
1101 3754 1147 3795 (ι)
1171 3754 1258 3787 eius-

1260 131 1343 183 718

1499 0 1570 86 Ἣ

1559 92 1563 113 ι

1948 154 2007 185 DE
2036 154 2418 188 oBmGAnomnns

1337 258 1431 295 actio
1457 264 1529 313 est,
1561 261 1723 306 quotIens
1754 263 1832 308 quis
1861 263 1918 299 sui
1947 264 2037 299 lucri
2061 274 2171 300 causa
2194 275 2275 301 cum
2297 265 2345 301 ali
2370 276 2417 302 uo

1337 304 1534 348 contrahit,
1569 306 1678 342 veluti
1705 307 1854 344 emendo
1884 308 2068 345 vendendo
2099 309 2252 346 locando
2283 321 2351 346 con
2376 322 2417 347 u-

1337 349 1448 385 cendo
1473 354 1510 386 et
1533 351 1660 387 ceteris
1683 351 1868 389 similibus.
1913 363 1959 389 ex
1982 354 2079 390 facto
2102 355 2197 390 actio
2226 358 2298 399 est,
2330 367 2418 400 quo-

1336 394 1444 447 tiens·
1458 404 1503 431 ex
1533 406 1575 431 eo
1605 397 1719 433 teneri
1748 398 1827 442 quis
1856 398 2000 444 incipit,
2032 399 2128 451 quod
2157 400 2168 434 i
2195 410 2234 435 se
2265 400 2418 443 admisit,

1337 439 1446 474 veluti
1468 439 1604 476 furtum
1627 441 1683 477 vel
1704 441 1867 478 iniuriam
1892 444 2067 480 commisit
2087 444 2143 480 vel
2273 456 2332 480 um
2357 446 2417 481 de—

1336 484 1405 536 dit..
1434 484 1471 520 in
1496 484 1630 521 factum
1649 486 1743 523 actio
1763 487 1903 532 dicitur,
1953 489 2042 524 ualis
2061 493 2116 525 est
2133 490 2285 535 exempli
2302 491 2420 536 gratia

1337 534 1448 573 actio,
1481 540 1573 575 quae
1596 531 1703 566 datur
1723 536 1876 577 patrono
1902 544 1924 569 a
1950 544 2072 570 versus
2095 534 2278 578 libertum,
2301 545 2325 571 a
2348 547 2417 581 quo

1337 578 1356 609 2
1405 578 1531 611 contra
1554 575 1708 628 edictum
1731 578 1908 622 praetoris
1931 579 1969 614 in
1989 580 2044 615 ius
2064 584 2213 616 vocatus
2232 584 2298 616 est.
2334 580 2418 617 Om-

1337 630 1406 671 nes·
1431 625 1550 656 autem
1580 626 1740 658 actiones
1770 627 1835 658 aut
1862 623 1981 660 civiles
2013 624 2182 660 dicuntur
2211 629 2275 660 aut
2305 625 2417 662 hono-

1337 674 1466 700 rariae.

1382 707 1436 747 26
1467 710 1572 746 lom!
1599 711 1690 748 libro
1722 713 1847 758 quinto
1879 713 1924 748 de
1955 713 2118 751 censibus
2169 715 2300 751 Omnes
2333 726 2417 761 poe-

1336 755 1436 835 {iales
1465 755 1624 792 actiones
1652 761 1737 802 post
1764 757 1862 793 litem
1891 757 2095 794 inchoatam
2127 764 2163 795 et
2194 760 2240 795 ad
2271 761 2418 797 heredes

1351 805 1535 836 tanseunt.

1382 843 1435 882 27
1461 845 1708 882 ΡΑΡΙΜΔΝΗΒ
1735 846 1827 883 libro
1850 848 2040 884 vicensimo
2063 850 2212 902 septimo
2241 853 2419 895 quaestio-

1336 901 1421 925 num
1469 890 1730 936 obligationes,
1763 902 1854 938 quae
1883 903 1955 928 non
1984 894 2138 939 propriis
2168 895 2302 931 viribus
2334 906 2418 931 coii-

1336 936 1477 978 sistunt‚
1504 946 1619 982 neque
1643 936 1761 972 officio
1785 937 1911 973 iudicis
1935 949 2049 983 neque
2072 940 2248 985 praetoris
2271 941 2418 986 imperio

1336 991 1381 1017 ne
1407 992 1452 1017 ue
1474 981 1563 1026 legis
1586 985 1763 1027 potestate
1787 982 2053 1019 confirmantur.

1411 1023 1435 1064 8
1460 1025 1567 1079 [1321
1595 1027 1685 1063 libro
1702 1028 1827 1073 primo
1850 1028 2095 1074 definitionum
2140 1030 2245 1066 Actio
2274 1030 2312 1065 in
2339 1041 2419 1076 per·

1336 1081 1461 1107 sonam
1491 1071 1660 1108 infertur:
1699 1072 1824 1116 petitio
1855 1072 1893 1108 in
1922 1083 2014 1109 rein:
2044 1075 2245 1119 persecutio
2277 1076 2313 1110 in
2345 1086 2419 1111 rem

1337 1117 1392 1152 vel
1416 1117 1453 1151 in
1501 1126 1666 1153 ersonam
1689 1117 1742 1153 rei
1765 1118 2031 1163 persequendae
2052 1120 2179 1165 gratia.

1384 1159 1438 1199 29
1495 1171 1621 1198 Δυιυε
1641 1162 1732 1198 libro
1752 1167 1883 1208 quarto
1900 1174 2155 1216 responsorum
2195 1164 2309 1201 Lucio
2324 1165 2418 1202 Titio

1336 1218 1417 1243 cum
1447 1217 1491 1242 ex
1519 1217 1630 1242 causa
1659 1207 1807 1243 iudicati
1836 1218 1989 1253 pecunia
2012 1208 2200 1246 deberetur
2222 1214 2259 1246 et
2282 1210 2418 1247 eidem⁷

1335 1251 1487 1288 debitori
1511 1252 1618 1287 aliam
1640 1252 1830 1297 pecuniam
1854 1253 2031 1296 crederet,
2062 1255 2099 1290 in
2122 1255 2287 1291 cautione
2309 1267 2418 1302 pecu-

1335 1297 1415 1332 niae
1439 1296 1596 1333 creditae
1618 1308 1690 1333 non
1709 1297 1838 1334 adiecit
1855 1298 1925 1334 sibi
1943 1303 2085 1351 praeter
2105 1310 2185 1336 eam
2197 1302 2211 1322 ⁸
2232 1301 2419 1346 pecuniam

1335 1342 1490 1378 debitam
1513 1342 1582 1378 sibi
1605 1351 1650 1377 ex
1673 1353 1783 1378 causa
1806 1343 1973 1380 iudicati:
2004 1355 2153 1390 quaero,
2183 1355 2231 1381 an
2259 1346 2420 1391 integrae

1334 1387 1407 1423 sint
1429 1391 1603 1432 utraeque
1621 1388 1735 1423 Lucio
1755 1388 1850 1424 Titio
1875 1389 2074 1434 petitiones.
2112 1390 2246 1427 Paulus
2270 1401 2418 1436 respon-

1337 1432 1390 1467 dit
1411 1432 1501 1468 nihil
1523 1433 1686 1478 proponi‚
1712 1443 1777 1469 cur
1798 1444 1870 1469 non
1894 1434 1966 1469 sint
1987 1435 2157 1479 integrae.

1381 1475 1434 1516 30
1465 1476 1668 1514 Scaevoia
1706 1478 1796 1514 libro
1829 1480 1952 1525 primo
1982 1490 2236 1526 responsorum
2288 1480 2419 1517 Servus

1337 1522 1485 1559 effectus
1507 1533 1581 1559 nou
1604 1522 1757 1567 idcirco,
1782 1523 1877 1569 quod
1899 1528 2026 1569 postea
2048 1524 2110 1560 ind
2215 1525 2266 1561 tia
2288 1526 2418 1571 princi-

1334 1568 1408 1614 pali
1430 1568 1630 1604 libertatem
1649 1573 1863 1604 consecutus
1884 1573 1948 1613 est,
1972 1570 2107 1606 redisse
2125 1570 2254 1606 dicitur
2271 1570 2308 1606 in
2328 1571 2419 1606 obli-

1333 1613 1510 1658 gationem
1534 1613 1760 1649 creditorum.

1380 1655 1429 1696 31
1469 1657 1705 1694 MAEGJANUS
1740 1658 1831 1695 libro
1871 1659 2028 1695 secundo
2057 1659 2416 1713 fideicommissorum

1334 1703 1418 1739 Non
1457 1703 1571 1739 solum
1603 1703 1850 1748 stipulationes
1883 1704 2094 1749 impossibili
2125 1705 2326 1742 condicioni
2355 1705 2416 1742 ad-

1334 1749 1489 1794 plicatae
1510 1748 1642 1784 nullius
1665 1748 1833 1784 momenti
1856 1754 1956 1791 sunt,
1982 1749 2045 1786 sed
2067 1750 2173 1786 etiam
2197 1750 2306 1787 ceteri
2329 1761 2416 1796 quo-

1335 1804 1405 1840 que
1428 1797 1645 1837 contractus,
1669 1793 1779 1829 veluti
1801 1794 1997 1839 emptiones
2021 1795 2227 1840 locationes,
2251 1796 2417 1841 impossi-

1335 1839 1398 1875 bili
1439 1838 1648 1875 condicione
1684 1839 1896 1884 interposita
1934 1850 2047 1885 aeque
2078 1841 2211 1877 nullius
2251 1841 2416 1878 momenti

1335 1888 1430 1927 sunt,
1454 1884 1539 1929 quia
1560 1884 1599 1919 in
1619 1894 1662 1920 ea
1684 1894 1735 1927 re,
1760 1894 1852 1929 quae
1875 1894 1918 1919 ex
1943 1884 2094 1921 duorum
2112 1886 2310 1931 pluriumve
2333 1897 2417 1922 con-

1334 1939 1441 1966 sensu
1520 1929 1608 1973 ‘tur‚
1648 1929 1803 1965 omnium
1834 1930 1999 1966 voluntas
2032 1934 2230 1976 spectetur,
2267 1942 2418 1978 quorum

1333 1974 1461 2020 procul
1471 1939 1601 2010 sabio
1632 1974 1670 2009 in
1700 1974 1902 2011 huiusmodi
1932 1979 2015 2011 actu
2047 1976 2129 2012 talis
2161 1977 2327 2021 cogitatio
2350 1981 2416 2020 est,

1334 2024 1374 2054 ut
1397 2019 1485 2054 nihil
1508 2020 1565 2064 agi
1588 2019 1790 2054 existiment
1813 2019 1979 2065 adposita
2000 2031 2044 2057 ea
2067 2021 2286 2066 condicione,
2310 2032 2414 2068 quam

1334 2064 1450 2100 sciant
1472 2075 1552 2100 esse
1574 2064 1840 2109 impossibilem.

1380 2107 1434 2147 32
1459 2109 1803 2145 Hraeuoosmszms
1830 2110 1921 2146 libro
1944 2111 2102 2148 secundo
2126 2113 2217 2147 iuris
2246 2113 2410 2158 epitoma-

1332 2166 1414 2190 rum
1450 2154 1539 2190 Cum
1562 2164 1608 2190 ex
1630 2165 1702 2190 uno
1726 2155 1856 2191 delicto
1878 2156 2001 2201 plures
2024 2160 2223 2193 nascuntur
2246 2156 2415 2199 actiones,

1334 2199 1428 2235 sicut
1457 2199 1591 2242 evenit,
1632 2211 1714 2235 cum
1745 2200 1893 2237 arbores
1930 2201 2051 2237 furtim
2083 2212 2210 2238 caesae
2240 2201 2417 2245 dicuntur,

1334 2245 1498 2281 omnibus
1533 2245 1686 2290 experiri
1725 2245 1883 2291 permitti
1923 2251 2007 2292 post
2046 2257 2192 2292 magnas
2226 2247 2415 2283 varietates

1333 2290 1500 2335 optinuit.

1379 2332 1431 2373 33
1458 2334 1617 2370 PAULUS
1637 2335 1729 2371 libro
1753 2336 1857 2371 tertio
1880 2336 2103 2372 decretorum
2147 2336 2415 2373 Constituticni-

1333 2380 1417 2423 bus,
1452 2379 1582 2425 quibus
1617 2379 1817 2416 ostenditur
1846 2380 1994 2417 heredes
2025 2391 2143 2427 poena
2181 2392 2254 2418 non
2292 2382 2415 2425 teneri,

1332 2425 1479 2470 placuit,
1504 2425 1535 2460 si
1558 2425 1655 2460 vivus
1677 2428 1871 2462 conventus
1895 2426 2023 2467 fuerat,
2048 2427 2156 2463 etiam
2178 2437 2316 2472 poenae
2334 2437 2414 2473 per-

1333 2470 1552 2537 secutionem
1575 2471 1820 2506 transmissam
1843 2470 1971 2514 videri,
2005 2472 2107 2517 quasi
2129 2472 2191 2508 lite
2215 2476 2417 2508 contestata

1332 2526 1414 2551 cum
1459 2520 1610 2551 mortuo.

1378 2558 1432 2598 34
1457 2560 1563 2596 loru
1582 2560 1673 2596 libro
1691 2561 1874 2607 sinqulari
1889 2561 1933 2596 de
1946 2563 1974 2584 ¹⁰
1993 2562 2287 2599 concurrentibus
2305 2563 2415 2599 actio-

1331 2606 1437 2641 nibus
1483 2605 1552 2650 Qui
1586 2615 1726 2641 servum
1760 2605 1914 2642 alienum
1946 2606 2115 2643 iniuriose
2147 2607 2330 2650 verberat,
2371 2618 2414 2643 ex

1331 2661 1403 2687 uno
1427 2650 1523 2686 facto
1555 2650 1681 2686 incidit
1710 2653 1749 2686 et
1775 2651 1813 2686 in
1835 2651 2013 2697 Aquiliam
2041 2656 2079 2687 et
2100 2651 2137 2688 ιιι
2160 2653 2336 2689 actionem
2358 2652 2413 2688 in-

1331 2696 1521 2732 iuriarum:
1561 2695 1692 2731 iniuria
1722 2696 1814 2731 enim
1845 2706 1890 2732 ex
1921 2695 2051 2732 affectu
2081 2696 2138 2742 fit,
2173 2697 2341 2733 damnum
2369 2708 2413 2734 ex

1332 2742 1437 2787 culpa
1460 2745 1497 2777 et
1519 2741 1599 2777 ideo
1623 2745 1775 2786 possunt
1797 2745 1970 2787 utraeque
1993 2746 2202 2788 competere.
2251 2742 2312 2779 sed
2336 2743 2413 2788 qui-

1332 2786 1415 2822 dam
1445 2786 1559 2822 altera
1590 2786 1706 2821 electa
1734 2786 1883 2822 alteram
1914 2788 2084 2824 consumi.
2137 2787 2197 2823 alii
2232 2797 2298 2834 per
2327 2788 2340 2823 l
2385 2788 2393 2797 ’

1330 2831 1496 2877 Aquiliae
1519 2831 1696 2867 actionem
1718 2831 1926 2868 iniuriarum
1950 2833 2126 2875 consumi,
2161 2833 2329 2886 quoniam
2376 2843 2412 2869 e·

1331 2877 1391 2913 siit
1427 2877 1560 2912 bonum
1592 2880 1628 2911 et
1664 2886 1817 2921 aequum
1848 2887 1927 2912 esse
1958 2877 2185 2913 condemnari
2216 2888 2315 2920 euni,
2353 2879 2413 2923 qui

1331 2921 1610 2958 aestimationem
1621 2922 1815 2966 praestitit:
1842 2921 1905 2958 sed
1922 2922 1954 2958 si
1972 2927 2055 2958 ante
2072 2922 2280 2958 iniuriarum
2293 2927 2412 2959 actum

1331 2971 1437 3010 esset,
1460 2966 1576 3002 teneri
1598 2975 1678 3002 eum
1703 2977 1747 3001 ex
1769 2967 1781 3001 1
1868 2967 2023 3013 Aquilia.
2069 2967 2132 3004 sed
2156 2972 2192 3003 et
2219 2968 2308 3003 haec
2330 2978 2411 3004 sen-

1330 3012 1443 3048 tentia
1465 3022 1530 3057 per
1551 3015 1753 3056 praetorem
1777 3011 1786 3020 ·
1838 3012 1968 3048 ibenda
1991 3017 2062 3055 est,
2086 3012 2154 3049 nisi
2176 3013 2213 3048 in
2235 3012 2291 3056 id,
2316 3013 2411 3059 quod

1329 3057 1481 3102 amplius
1505 3066 1550 3093 ex
1579 3056 1656 3101 lege
1678 3056 1821 3101 Aquilia
1851 3057 2039 3102 competit,
2136 3062 2205 3093 tur.
2252 3058 2410 3094 rationa-

1329 3102 1436 3139 bilius
1459 3102 1580 3146 itaque
1603 3105 1659 3137 est
1682 3111 1760 3136 eam
1783 3101 1923 3138 admitti
1945 3107 2070 3138 senten
2121 3113 2165 3146 m,
2190 3106 2232 3138 ut
2252 3103 2361 3139 liceat
2378 3103 2411 3139 ei

1330 3157 1435 3192 quam
1458 3146 1609 3183 voluerit
1632 3146 1809 3183 actionem
1836 3147 1936 3191 prius
1959 3157 2141 3190 exercere,
2171 3147 2268 3192 quod
2290 3153 2410 3183 autem

1333 3196 1344 3227 1
1396 3191 1548 3237 amplius
1570 3191 1607 3226 in
1631 3191 1746 3227 altera
1768 3196 1838 3235 est,
1868 3192 1974 3228 etiam
1995 3192 2103 3228 hoc¹¹
2129 3192 2275 3238 exsequi
2287 3194 2325 3228 ¹².
2372 3193 2410 3228 Si

1327 3237 1370 3280 is,
1395 3236 1454 3273 cui
1475 3246 1550 3272 rem
1575 3236 1855 3280 commodavero,
1879 3247 1958 3273 eain
1980 3237 2206 3282 subripuerit,
2231 3237 2411 3274 tenebitur

1329 3281 1470 3327 quidem
1509 3285 1545 3317 et
1574 3281 1788 3317 commodati
1818 3282 1958 3319 actione
1996 3286 2033 3318 et
2069 3281 2309 3327 condictione,
2346 3282 2409 3318 sed

1328 3328 1443 3363 altera
1471 3326 1566 3362 actio
1598 3326 1747 3362 alteram
1803 3326 1929 3364 eremit
1955 3330 2021 3363 aut
2048 3326 2128 3373 ipso
2152 3327 2230 3364 iure
2259 3332 2323 3363 aut
2344 3337 2409 3373 per

1329 3375 1348 3406 2
1395 3370 1657 3416 exceptionem,
1690 3382 1737 3416 qu
1816 3376 1871 3408 est
1903 3371 2028 3408 tutius.
2079 3372 2173 3408 Hinc
2204 3371 2249 3408 de
2280 3371 2407 3408 colono

1327 3416 1741 3497 {fflssfflsstikngiet'
1769 3414 2407 3506 ἓὲᾛέᾱὲιὶἶῗῗῖῗὲωὲᾞ

1849 3487 1859 3504 ,
2323 3488 2333 3497 .

1326 3515 1443 3552 poena
1476 3505 1619 3552 quidem
1653 3506 1740 3542 furti
1773 3517 1846 3542 non
1879 3506 2127 3550 confunditur,
2169 3506 2253 3543 illae
2285 3510 2405 3543 autem

1325 3618 1400 3653 dem
1411 3618 1462 3653 F·
1562 3621 1608 3660 (s)
1631 3629 1700 3653 non
1718 3618 1840 3652 adiecit
1968 3629 2025 3653 rea
2042 3632 2105 3654 ner.
2207 3621 2254 3662 (9)
2277 3629 2353 3654 cuni
2364 3619 2403 3661 S,

1323 3662 1632 3752 ffi)Fo:,-:gqfi⁰ps
1686 3666 1749 3706 (io)
1771 3663 1814 3698 do
1832 3675 1892 3697 om.
1912 3663 1944 3697 F
2035 3664 2092 3707 (u)
2115 3664 2190 3708 Ιιοο]
2206 3667 2321 3708 ponto·
2338 3677 2402 3699 εον.
