2528 3918
137 127 331 160 AGTIONE
361 126 450 158 VEL
479 123 658 158 CONTRA

137 243 155 274 7
203 241 329 284 quiret.
378 237 448 273 Sed
481 236 513 272 si
546 238 760 281 procurator
794 242 895 271 meus
928 235 984 270 vel
1014 238 1114 271 tutor
1147 244 1222 270 rem

135 284 274 330 pignori
299 283 444 325 dederit,
468 282 544 327 ipse
568 291 672 326 agere
695 280 929 326 pigneraticia
978 281 1100 316 oterit:
1127 280 1223 326 quod

135 331 170 364 in
193 332 426 374 procuratore
447 327 499 362 ita
520 326 700 372 procedit,
735 326 767 360 si
790 326 823 361 ei
854 292 1061 361 mandatum
1090 325 1220 361 fuerit¹

134 373 272 420 pignori
296 373 381 408 dare

184 415 234 456 12
262 417 384 454 GAws
410 416 500 452 libro
531 427 627 452 nono
652 416 702 451 ad
723 416 877 451 edictum
894 416 1122 462 provinciale
1167 415 1222 451 vel

133 465 376 500 universorum
407 462 582 497 bonorum
613 461 872 497 administratio
906 461 938 496 ei
969 462 1144 506 permissa
1168 464 1222 496 est

134 511 178 545 ab
212 518 272 550 eo,
305 507 364 552 qui
398 507 463 542 sub
488 507 696 552 pignoribus
721 507 861 542 solebat
883 510 1026 542 mutuas
1050 506 1221 552 pecunias

134 554 212 590 acci
237 562 307 588 ere.

182 598 199 636 1
264 597 459 633 ULPJANUS
477 597 569 632 libro
594 597 828 644 triqensimo²
851 601 978 632 octavo
999 597 1049 632 ad
1066 597 1220 633 edictum

134 645 190 686 Si,
223 653 303 679 cum
334 642 502 678 venderet
533 642 688 678 creditor
711 642 859 687 pignus,
893 643 1098 678 convenerit
1128 643 1221 677 inter

132 690 247 735 ipsum
272 691 307 723 et
330 691 542 732 emptorem,
566 691 624 730 ut,
650 688 679 723 si
703 687 846 723 solverit
869 687 1008 723 debitor
1032 688 1221 733 pecuniam

156 734 235 770 retii
259 733 425 779 emptori,
450 733 574 768 liceret
597 733 629 768 ei
651 733 811 778 recipere
833 743 908 768 rem
932 744 1053 776 suam,
1077 733 1221 778 scripsit

149 780 289 815 ulianus
333 782 369 814 et
403 782 458 813 est
491 778 704 823 rescriptum
739 778 785 813 ob
820 778 915 813 hanc
950 779 1220 814 conventionem

132 824 370 870 pigneraticiis
395 823 596 859 actionibus
619 823 732 858 teneri
757 823 978 866 creditorem,
1004 828 1045 858 ut
1068 824 1221 859 debitori

131 870 275 905 mandet
298 880 342 904 ex
365 869 505 904 vendito
529 869 706 904 actionem
726 869 897 904 adversus
918 874 1123 914 emptorem.
1157 869 1220 904 sed

133 919 168 951 et
189 916 265 960 ipse
289 914 429 950 debitor
451 918 514 949 aut
537 914 718 949 vindicare
741 925 815 950 rem
838 915 970 960 poterit
993 918 1057 950 aut
1079 915 1117 949 in
1140 914 1216 950 fac-

135 964 148 995 1
197 965 272 995 tum
296 960 436 995 actione
461 959 629 995 adversus
650 963 844 1005 emptorem
865 970 980 1005 agere.
1028 960 1136 995 Venit
1155 970 1218 995 au-

129 1010 201 1041 tem
224 1006 262 1040 in
284 1005 353 1040 hac
377 1006 518 1041 actione
542 1009 577 1040 et
601 1005 703 1040 dolus
728 1009 764 1040 et
788 1005 912 1050 culpa,
937 1009 978 1040 ut
1000 1005 1037 1040 in
1062 1016 1218 1040 commo-

130 1051 234 1086 dato:
259 1051 355 1086 venit
377 1054 414 1086 et
437 1050 617 1086 custodia:
642 1050 695 1086 vis
719 1050 834 1086 maior
856 1061 928 1086 non
951 1051 1058 1086 venit.

179 1095 230 1133 14
253 1096 311 1132 ΡΑ
319 1105 414 1132 ULUS
441 1096 532 1131 libro
556 1096 745 1131 vicensimo
771 1107 866 1131 nono
890 1096 941 1131 ad
963 1097 1116 1132 edictum
1163 1096 1220 1131 Ea

127 1142 254 1188 igitur,
298 1151 390 1187 quae
424 1141 571 1186 diligens
605 1145 708 1186 pater
742 1141 895 1176 familias
929 1141 968 1176 in
1003 1142 1076 1177 suis
1111 1142 1219 1177 rebus

130 1191 317 1233 praestare
341 1187 441 1229 solet,
466 1197 489 1222 a
513 1186 688 1222 creditore
713 1187 910 1231 exiguntur.

179 1232 228 1270 15
261 1232 456 1268 ULPJANUS
483 1232 574 1268 libro
606 1233 794 1268 vicensimo
827 1236 952 1268 octavo
985 1232 1035 1267 ad
1064 1232 1219 1268 edictum

131 1278 292 1314 Creditor
316 1289 396 1313 cum
418 1278 546 1323 pignus
571 1277 704 1320 reddit,
737 1277 781 1312 de
815 1277 896 1313 dolo
930 1278 1038 1313 debet
1068 1277 1220 1313 debitori

128 1324 392 1369 repromittere:
418 1327 454 1358 et
477 1323 508 1358 si
530 1323 714 1368 praedium
737 1322 807 1357 suit
836 1323 1077 1368 pigneratum,
1109 1327 1145 1359 et
1177 1323 1220 1359 de

128 1370 205 1405 iure
228 1370 304 1405 eius
327 1368 644 1414 repromittentium
668 1372 732 1410 est,
757 1379 803 1403 ne
821 1368 915 1404 forte
933 1368 1122 1404 servitutes
1143 1380 1219 1404 ces-

129 1418 231 1450 sante
253 1415 306 1450 uti
330 1414 505 1450 creditore
528 1414 680 1449 amissae
704 1414 785 1449 sint.

178 1458 228 1497 16
252 1459 308 1495 ΡΑ
317 1469 412 1495 σιω
432 1459 522 1496 libro
546 1460 736 1495 vicensimo
760 1470 856 1495 nono
879 1459 930 1494 ad
953 1459 1106 1495 edictum
1142 1460 1215 1494 Tu-

128 1510 185 1541 tor
208 1506 283 1550 lege
306 1516 379 1541 non
401 1504 603 1549 refragante
623 1505 654 1540 si
673 1504 812 1540 dederit
830 1515 905 1539 rem
923 1505 1050 1549 pupilli
1068 1505 1217 1550 pignori,

128 1551 299 1586 tuendum
323 1551 398 1594 erit,
424 1550 560 1586 scilicet
583 1550 614 1585 si
636 1550 674 1585 in
697 1560 772 1585 rem
796 1550 922 1595 pupilli
945 1551 1133 1595 pecuniam
1157 1561 1217 1586 ac-

129 1597 247 1641 cipiat.
285 1597 377 1632 idem
402 1599 457 1631 est
480 1600 515 1631 et
538 1596 574 1630 in
608 1600 774 1631 curatore
805 1595 1043 1631 adulescentis
1075 1596 1130 1632 vel
1160 1596 1217 1631 fu-

131 1645 145 1676 1
194 1642 290 1677 riosi.
340 1641 564 1677 Contrariam
597 1641 866 1686 pigneraticiam
902 1641 1071 1677 creditori
1105 1642 1217 1677 actio-

128 1697 207 1722 nem
233 1691 434 1732 competere
458 1691 595 1722 certum
620 1691 692 1722 est:
725 1686 875 1732 proinde
907 1687 936 1722 si
967 1697 1042 1722 rem
1067 1687 1218 1722 alienam

128 1733 181 1767 vel
207 1733 266 1767 alii
289 1733 510 1778 pigneratam
534 1732 589 1767 vel
611 1732 649 1767 in
671 1732 854 1777 publicum
885 1732 1077 1778 obligatam
1109 1733 1217 1775 dedit,

127 1778 321 1820 tenebitur,
355 1778 514 1823 quamvis
539 1781 575 1813 et
598 1778 822 1813 stellionatus
849 1778 982 1813 crimen
1007 1779 1216 1813 committat.

128 1823 190 1859 sed
214 1828 332 1858 utrum
354 1824 406 1858 ita
430 1823 582 1865 demum,
606 1823 637 1858 si
661 1824 740 1866 scit,
766 1833 812 1858 an
837 1827 872 1858 et
895 1823 924 1858 si
947 1824 1148 1868 ignoravit?
1184 1828 1219 1859 et

128 1873 299 1914 quantum
312 1869 359 1903 ad
372 1869 504 1904 crimen
517 1869 681 1913 pertinet,
703 1873 852 1904 excusat
863 1869 1081 1913 ignorantia:
1104 1880 1217 1914 quan-

127 1918 203 1948 tum
227 1914 273 1949 ad
297 1915 514 1950 contrarium
537 1914 719 1956 iudicium,
743 1915 945 1959 ignorantia
964 1925 1043 1950 eum
1063 1926 1134 1950 non
1157 1926 1217 1950 ex-

128 1963 248 2002 cusat,
281 1963 322 1994 ut
351 1960 544 1995 Marcellus
576 1960 666 1995 libro
700 1964 800 1994 sexto
833 1960 1049 2004 digestorum
1082 1961 1216 1995 scribit.

127 2005 190 2040 sed
214 2005 244 2040 si
269 2006 384 2041 sciens
409 2005 564 2040 creditor
587 2005 740 2050 accipiat
772 2005 825 2040 vel
857 2005 1011 2040 alienum
1042 2006 1096 2041 vel
1128 2007 1217 2041 obli-

127 2054 247 2095 gatum
271 2051 327 2086 vel
357 2051 583 2093 morbosum,
617 2051 834 2085 contrarium
868 2051 899 2086 ei
931 2062 1002 2086 non
1036 2052 1216 2096 competit.

128 2099 147 2130 2
195 2096 315 2131 Etiam
350 2096 521 2140 vectigale
555 2095 740 2141 praedium
775 2096 811 2141 pi
836 2096 913 2131 nori
956 2096 1035 2131 dari
1077 2101 1214 2141 potest:

126 2140 190 2176 sed
225 2145 261 2176 et
296 2141 596 2186 superficiarium,
641 2142 724 2186 quia
766 2142 811 2176 ho
838 2142 871 2176 ie
912 2142 1016 2177 utiles
1059 2142 1217 2178 actiones

127 2186 379 2230 superficiariis
405 2186 547 2221 dantur.

178 2229 227 2268 17
252 2231 488 2267 Mazzomivvs
508 2232 599 2267 libro
618 2232 802 2278 sz'nqularz·
818 2233 868 2267 ad
884 2231 1083 2278 formulam
1104 2231 1217 2285 hypo-

128 2276 324 2312 thecariam
371 2277 465 2312 Sane
485 2277 554 2312 divi
574 2277 725 2313 Severus
747 2282 783 2313 et
802 2278 1004 2313 Antoninus
1024 2288 1217 2330 rescripse-

127 2326 211 2357 runt
234 2324 300 2357 ut³
324 2323 401 2358 sine
424 2322 665 2358 deminutione
688 2323 860 2358 mercedis
893 2323 959 2359 soli
992 2323 1216 2367 obligabitur.

154 2364 226 2404 >18
250 2367 411 2403 PAULUS
438 2368 529 2404 libro
561 2369 753 2404 vicensimo
787 2380 882 2404 nono
906 2369 956 2404 ad
979 2369 1133 2403 edictum
1181 2369 1218 2404 Si

128 2414 350 2456 convenerit,
382 2417 424 2448 ut
454 2424 583 2449 nomen
616 2414 785 2449 debitoris
817 2415 885 2449 mei
909 2414 1048 2459 pignori
1071 2414 1136 2449 tibi
1160 2415 1217 2457 sit,

128 2458 263 2493 tuenda
287 2462 342 2494 est
364 2469 387 2493 a
417 2463 583 2504 praetore
614 2459 704 2495 haec
737 2460 943 2502 conventio,
977 2463 1016 2493 ut
1049 2463 1084 2494 et
1114 2463 1150 2495 te
1181 2460 1218 2494 in

127 2503 299 2548 exigenda
322 2504 475 2549 pecunia
501 2508 537 2539 et
561 2505 755 2540 debitorem
780 2504 949 2540 adversus
972 2515 1050 2547 me,
1082 2505 1113 2540 si
1137 2516 1217 2540 cum

128 2559 169 2584 eo
195 2549 375 2594 experiar,
408 2553 562 2585 tueatur.
598 2560 682 2595 ergo
707 2550 737 2585 si
760 2550 796 2585 id
821 2561 948 2585 nomen
972 2550 1217 2595 pecuniarium

127 2593 254 2636 fuerit,
288 2600 451 2630 exactam
482 2595 671 2640 pecuniam
701 2599 819 2631 tecum
850 2596 1038 2641 pensabis,
1073 2596 1102 2631 si
1133 2606 1216 2631 vero

129 2650 192 2675 cor
219 2640 289 2675 oris
314 2640 475 2682 alicuius,
499 2640 536 2675 id
560 2640 656 2685 quod
681 2641 862 2693 acceperis
888 2641 954 2675 erit
973 2641 1040 2676 tibi
1059 2641 1216 2686 pignoris

130 2688 145 2719 1
209 2695 288 2720 oco.
337 2685 374 2720 Si
398 2686 494 2720 nuda
517 2686 716 2731 proprietas
748 2687 886 2731 pignori
917 2687 1002 2721 data
1033 2686 1098 2729 sit,
1130 2697 1216 2722 usus

128 2729 288 2774 fructus,
313 2731 373 2776 qui
405 2736 531 2776 postea
555 2732 762 2773 adcreverit,
787 2731 926 2776 pignori
950 2732 1058 2767 erit⁴:
1093 2732 1216 2767 eadem

128 2778 148 2810 2
198 2786 308 2811 causa
346 2779 401 2811 est
439 2777 635 2812 alluvionis.
685 2777 721 2811 Si
753 2777 887 2812 fundus
919 2777 1124 2822 pigneratus
1156 2787 1215 2812 ve-

127 2821 240 2862 nierit,
265 2831 409 2856 manere
433 2832 578 2857 causam
601 2822 776 2867 pignoris,
802 2822 886 2867 quia
911 2833 991 2857 cum
1016 2833 1081 2857 sua
1106 2833 1217 2858 causa

126 2865 257 2901 fundus
281 2870 458 2902 transeat:
492 2867 609 2902 sicut-'²
632 2867 668 2902 in
701 2871 808 2911 partu
840 2868 1010 2910 ancillae,
1043 2868 1103 2912 qui
1133 2872 1217 2913 post

128 2914 147 2945 3
194 2911 430 2947 venditionem
454 2917 560 2948 natus
593 2913 648 2948 sit.
698 2912 736 2947 Si
768 2913 844 2958 quis
877 2913 1027 2955 caverit,
1058 2917 1100 2948 ut
1129 2913 1217 2948 silva

127 2956 194 2990 sibi
217 2956 356 3001 pignori
380 2962 491 3000 esset,
528 2968 654 2993 navem
679 2969 722 2993 ex
747 2968 790 2993 ea
813 2959 961 2993 materia
983 2957 1119 2993 factam
1143 2969 1215 2993 non

128 3011 205 3036 esse
217 3002 380 3047 pignori⁶
400 3002 544 3038 Cassius
565 3003 626 3045 ait,
649 3004 732 3048 quia
753 3004 849 3038 aliud
869 3004 916 3038 sit
935 3003 1096 3046 materia,
1117 3003 1214 3038 aliud

127 3047 246 3082 navis:
280 3051 316 3082 et
345 3047 426 3083 ideo
451 3048 658 3083 nominatim
684 3049 721 3083 in
746 3048 862 3083 dando
887 3049 1033 3093 pignore
1058 3049 1213 3084 adicien-

128 3091 212 3126 dum
236 3102 314 3127 esse
346 3093 414 3128 ait:
449 3096 621 3138 ‘quaeque
646 3095 711 3128 ex⁷
736 3094 822 3129 silva
844 3094 943 3129 facta
967 3098 1095 3129 natave
1119 3094 1213 3129 sint'.

128 3139 149 3171 4
196 3137 326 3173 Servus
349 3148 423 3173 rem
447 3139 663 3183 peculiarem
696 3139 725 3174 si
756 3139 894 3184 pignori
925 3139 1078 3181 dederit,
1110 3143 1214 3174 tuen-

128 3181 234 3216 dum⁸
266 3186 337 3225 est,
375 3183 405 3218 si
437 3184 585 3219 liberam
615 3184 745 3229 peculii
777 3184 1118 3220 administrationem
1149 3185 1213 3219 ha-

127 3227 220 3261 buit:
247 3238 328 3262 nam
354 3232 389 3263 et
412 3229 567 3264 alienare
591 3239 652 3264 eas
675 3239 732 3265 res
756 3233 887 3275 potest.

176 3270 225 3309 19
250 3273 487 3309 MAROYANUS
507 3274 597 3310 libro
616 3275 799 3321 sinqularz·
816 3275 865 3310 ad
905 3274 1081 3310 ormulam
1101 3273 1214 3320 hypo-

128 3315 325 3396 {hecariam
370 3318 509 3354 Eadem
544 3323 580 3354 et
615 3319 659 3354 de
688 3319 762 3355 filio
796 3319 880 3355 fam'
898 3320 950 3355 ’as
982 3320 1079 3355 dicta
1110 3319 1213 3354 intel-

141 3372 292 3405 egemus.

174 3405 226 3444 20
240 3407 297 3442 PA
305 3418 348 3442 σι,
355 3418 399 3444 vs
407 3409 498 3444 libro
510 3410 700 3445 vicensimo
712 3421 807 3445 nono
818 3411 833 3431 ⁹
845 3410 895 3445 ad
904 3410 1057 3446 edictum
1088 3410 1216 3445 Aliena

128 3462 184 3486 res
208 3452 346 3496 pignori
369 3453 446 3488 dari
475 3454 658 3490 voluntate
690 3455 822 3490 domini
854 3459 990 3500 potest:
1023 3455 1086 3491 sed
1118 3459 1154 3490 et
1185 3455 1215 3489 si

64 3549 66 3551 ‚
127 3496 313 3540 ignorante
338 3508 379 3533 co
404 3499 488 3534 data
511 3500 557 3534 sit
581 3503 616 3535 et
634 3505 751 3535 ratum
771 3500 947 3550 habuerit,
972 3501 1098 3545 pignus
1121 3500 1213 3535 vale-

129 3611 167 3651 (1)
194 3609 260 3642 fuit
271 3610 323 3643 F²
446 3612 488 3654 (2)
515 3613 696 3646 vicensimo
711 3614 865 3655 Labittus

129 3658 163 3687 et
174 3656 211 3686 A.
227 3655 472 3699 rescripserunt
485 3658 558 3690 edd.
673 3661 715 3698 (4)
741 3659 831 3691 cedit
844 3659 918 3692 dett.

131 3709 225 3732 secus
241 3701 347 3734 Faber
439 3703 482 3743 (6)
508 3702 661 3744 pignoris
674 3703 709 3735 F

133 3743 193 3777 dus
209 3745 251 3776 1³³
344 3747 387 3783 (9)
414 3757 501 3779 nono
515 3747 695 3782 vicensimo
709 3747 742 3782 F

979 3614 1021 3655 (3)
1046 3616 1085 3645 ut
1097 3613 1168 3645 divi
1181 3613 1213 3645 S.

1045 3659 1087 3700 (5)
1112 3658 1213 3698 sicut]

795 3705 838 3745 (7)
864 3714 902 3736 ea
916 3705 976 3736 ins.
1049 3704 1093 3744 (8)
1118 3706 1213 3734 tuen-

839 3750 898 3793 (10)
923 3747 1033 3783 brevis
1047 3748 1150 3783 edicti
1162 3748 1196 3782 F
1201 3747 1215 3766 ²

1221 107 1299 156 183

2221 114 2382 158 XIII7

1294 238 1309 270 1
1359 234 1422 269 bit.
1470 233 1508 269 si
1531 234 1692 279 pluribus
1716 246 1773 271 res
1798 236 1902 272 simul
1924 237 2063 282 pignori
2087 237 2201 281 detur,
2226 238 2384 284 aequalis

1292 282 1312 314 2
1359 279 1516 315 omnium
1540 290 1651 315 causa
1675 284 1739 316 est.
1788 281 1825 316 Si
1847 292 1912 327 per
1935 283 2147 319 creditorem
2171 283 2287 327 stetit,
2337 294 2383 319 uo

1292 327 1311 359 3
1359 325 1477 360 minus
1501 325 1534 360 ei
1557 325 1733 368 solvatur,
1766 330 1863 362 recte
1888 328 2006 372 agitur
2028 329 2273 374 pigneraticia.
2340 340 2380 364 n-

1291 370 1431 405 terdum
1463 370 1530 406 etsi
1564 370 1683 406 soluta
1715 371 1763 406 sit
1794 374 1964 416 pecunia,
1998 377 2118 409 tamen
2147 374 2385 426 pigneraticia

1291 416 1385 451 actio
1409 415 1603 450 inhibenda
1628 419 1699 456 est,
1732 416 1839 451 veluti
1872 418 1902 452 si
1934 419 2090 455 creditor
2120 430 2248 465 p1gnus
2280 430 2384 456 suum

1291 461 1414 495 emerit
1437 471 1460 495 a
1484 461 1654 496 debitore.

1337 503 1386 542 21
1414 505 1524 541 IDEM
1538 506 1629 542 libro
1641 510 1747 541 sexto
1760 506 1917 542 brevium
1932 509 1958 528 ¹⁰
2004 508 2119 545 Domo
2141 510 2280 555 pignori
2300 509 2384 545 data

1290 555 1326 586 et
1350 562 1434 587 area
1459 552 1536 586 eius
1560 552 1756 587 tenebitur:
1784 556 1838 586 est
1862 553 1953 587 enim
1975 564 2058 598 pars
2079 555 2164 590 eius.
2199 559 2235 590 et
2257 560 2385 591 contra

1289 597 1345 632 ius
1370 597 1436 631 soli
1460 601 1628 642 sequetur
1652 596 1863 632 aedificium.

1336 639 1390 678 22
1422 641 1619 677 ULPJANUS
1634 643 1724 678 libro
1745 643 1955 695 triqensimo
1977 643 2027 679 ad
2044 645 2197 680 edictum
2245 645 2283 680 Si
2306 646 2381 691 pig-

1289 698 1376 723 nore
1401 687 1571 732 subrepto
1595 687 1683 723 furti
1707 692 1818 740 egerit
1842 688 2015 730 creditor,
2046 693 2180 732 totum,
2212 691 2383 736 quidquid

1289 733 1460 778 percepit,
1486 733 1605 768 debito
1632 743 1712 768 eum
1735 737 1910 778 imputare
1934 733 2153 778 Papinianus
2179 736 2382 779 confitetur,

1290 782 1325 813 et
1347 782 1403 813 est
1425 789 1558 821 verum,
1584 778 1723 814 etiamsi
1748 779 1855 824 culpa
1880 779 2065 814 creditoris
2089 780 2224 815 furtum
2246 780 2382 816 factum

1289 824 1345 859 sit.
1381 823 1492 859 multo
1517 824 1630 869 magis
1653 824 1723 859 hoc
1749 825 1816 859 erit
1839 824 2026 859 dicendum
2049 825 2087 859 in
2120 836 2181 868 eo,
2213 827 2307 871 quod
2340 838 2383 862 ex

1291 869 1516 904 condictione
1550 873 1764 905 consecutus
1797 873 1861 905 est.
1911 870 1974 905 sed
2030 870 2103 905 uod
2133 871 2145 905 i
2172 881 2210 906 se
2242 871 2383 907 debitor

1287 914 1375 949 furti
1399 914 1540 949 actione
1564 915 1745 960 praestitit
1776 915 1944 950 creditori
1975 925 2016 950 ve
2061 926 2129 950 con
2156 916 2304 960 ictione‚
2337 928 2383 952 an

1289 959 1409 995 debito
1446 960 1492 995 sit
1527 960 1775 1005 imputandum
1809 960 2012 995 videamus:
2057 964 2093 996 et
2135 961 2276 1006 quidem
2310 973 2382 997 non

1289 1009 1455 1050 oportere
1484 1005 1522 1040 id
1554 1007 1587 1041 ei
1617 1006 1775 1048 restitui,
1812 1006 1908 1051 quod
1939 1006 2017 1050 ipse
2050 1016 2093 1041 ex
2126 1007 2212 1041 furti
2244 1007 2384 1042 actione

1287 1050 1485 1096 praestitit,
1517 1061 1695 1096 peraeque
1726 1052 1878 1086 relatum
1902 1055 1956 1086 est
1980 1055 2015 1086 et
2045 1051 2235 1094 traditum,
2268 1056 2304 1088 et
2333 1053 2383 1087 ita

1291 1100 1306 1130 1
1356 1096 1578 1140 Papinianus
1612 1097 1704 1132 libro
1737 1107 1832 1132 nono
1866 1097 2114 1142 quaestionum
2138 1097 2238 1132 ait¹¹.
2287 1098 2383 1133 Idem

1287 1141 1509 1186 Papinianus
1534 1142 1585 1177 ait
1609 1146 1645 1177 et
1668 1142 1699 1177 si
1722 1146 1838 1177 metus
1864 1153 1974 1178 causa
1997 1153 2137 1178 servum
2160 1142 2383 1188 pigneratum

1289 1186 1441 1222 debitori
1472 1187 1677 1228 tradiderit,
1713 1198 1818 1232 quem
1850 1188 1946 1223 bona
1976 1187 2047 1223 fide
2070 1186 2106 1233 pi
2157 1189 2210 1223 ori
2234 1198 2383 1233 accepe-

1262 1251 1266 1255 -
1288 1235 1365 1267 rat:
1402 1243 1485 1268 nam
1519 1233 1549 1268 si
1582 1233 1691 1278 egerit
1716 1233 1811 1278 quod
1834 1237 1949 1269 metus
1975 1244 2087 1268 causa
2126 1237 2247 1268 actum
2271 1238 2325 1269 est
2350 1238 2385 1269 et

1289 1278 1529 1323 quadruplum
1553 1279 1600 1314 sit
1624 1283 1857 1321 consecutus,
1890 1279 1978 1314 nihil
2008 1289 2124 1324 neque
2153 1279 2318 1314 restituet
2342 1290 2384 1314 ex

1289 1327 1309 1358 2
1358 1334 1398 1359 eo
1425 1324 1520 1369 quod
1546 1328 1759 1359 consecutus
1786 1328 1840 1359 est
1863 1335 1929 1360 nec
1954 1324 2074 1360 debito
2097 1325 2299 1370 imputabit.
2348 1324 2385 1359 Si

1286 1369 1420 1414 praedo
1445 1380 1521 1404 rem
1545 1369 1682 1415 pignori
1706 1369 1854 1412 dederit,
1881 1370 2051 1415 competit
2074 1370 2105 1405 ei
2137 1374 2172 1405 et
2196 1370 2240 1405 de
2257 1370 2383 1405 fructi-

1287 1415 1354 1449 bus
1378 1414 1612 1459 pigneraticia
1635 1415 1742 1457 actio,
1768 1416 1927 1461 quamvis
1948 1415 2025 1460 ipse
2044 1415 2184 1450 fructus
2207 1426 2291 1450 suos
2311 1427 2383 1451 non

1287 1459 1396 1495 faciet
1420 1467 1454 1498 (a
1478 1460 1659 1505 praedone
1684 1461 1777 1495 enim
1800 1460 1941 1496 fructus
1972 1465 2007 1496 et
2027 1461 2198 1495 vindicari
2221 1465 2383 1496 extantes

1287 1509 1441 1550 possunt
1479 1510 1514 1541 et
1549 1506 1751 1551 consumpti
1789 1506 1961 1545 condich:
2004 1506 2163 1551 proderit
2197 1507 2304 1551 igitur
2340 1507 2382 1548 ei,

1288 1553 1307 1585 3
1355 1550 1452 1595 quod
1485 1551 1641 1587 creditor
1671 1552 1768 1587 bona
1798 1551 1869 1587 fide
1900 1562 2087 1597 possessor
2110 1552 2188 1586 fuit.
2238 1551 2277 1586 Si
2299 1556 2383 1597 post

1289 1595 1501 1631 distractum
1524 1598 1652 1642 pignus
1685 1597 1842 1640 debitor,
1876 1598 1936 1642 qui
1966 1597 2128 1642 precario
2161 1597 2299 1642 rogavit
2328 1597 2383 1633 vel

1288 1642 1461 1677 conduxit
1484 1642 1623 1688 pignus,
1648 1643 1910 1688 possessionem
1934 1653 2008 1678 non
2031 1643 2208 1686 restituat,
2235 1646 2379 1678 contra-

1288 1691 1308 1722 4
1355 1688 1407 1723 rio
1448 1688 1581 1723 iudicio
1618 1692 1770 1723 tenetur.
1820 1689 1857 1723 Si
1890 1687 2062 1731 creditor,
2100 1699 2180 1723 cum
2215 1688 2384 1724 venderet

1288 1732 1434 1777 pignus,
1467 1733 1611 1778 duplam
1645 1734 1807 1779 promisit
1839 1737 1934 1776 (nam
1958 1744 2026 1769 usu
2057 1734 2126 1769 hoc
2159 1737 2324 1769 evenerat
2348 1737 2384 1768 et

1289 1783 1485 1814 conventus
1517 1779 1562 1814 ob
1597 1779 1806 1815 evictionem
1838 1783 1916 1814 erat
1947 1783 1982 1814 et
2014 1779 2304 1822 condemnatus),
2336 1789 2383 1814 an

1287 1824 1435 1859 haberet
1464 1833 1662 1869 regressum
1693 1825 1947 1870 pigneraticiae
1979 1825 2180 1860 contrariae
2204 1825 2382 1860 actionis?

1288 1873 1325 1904 et
1348 1873 1467 1914 potest
1491 1870 1561 1905 dici
1586 1880 1664 1905 esse
1687 1881 1905 1915 regressum,
1938 1870 1969 1905 si
1999 1870 2105 1905 modo
2139 1870 2215 1905 sine
2240 1870 2322 1905 dolo
2348 1873 2384 1905 et

1288 1915 1392 1959 culpa
1425 1915 1476 1950 sic
1507 1915 1663 1950 vendidit
1696 1920 1731 1951 et
1763 1920 1804 1950 ut
1834 1919 1939 1960 pater
1972 1915 2127 1950 familias
2164 1915 2310 1960 diligens
2346 1915 2383 1950 id

1285 1961 1413 2004 gessit:
1449 1960 1480 1995 si
1511 1971 1593 1996 vero
1627 1961 1764 1996 nullum
1800 1961 2074 1996 emolumentum
2108 1961 2189 1996 talis
2227 1960 2381 1996 venditio

1287 2006 1428 2046 attulit,
1461 2005 1524 2041 sed
1546 2007 1641 2041 tanti
1664 2007 1835 2042 venderet
1848 2007 1886 2049 ¹²,
1920 2011 2054 2052 quanto
2078 2006 2230 2042 vendere
2255 2006 2382 2050 potuit,

1287 2051 1426 2086 etiamsi
1450 2052 1541 2087 haec
1564 2062 1637 2087 non
1660 2053 1835 2097 promisit,
1859 2062 2059 2098 regressum
2083 2063 2155 2087 non
2180 2052 2332 2086 habere:

1333 2093 1386 2133 23
1414 2096 1693 2133 TRPPHONJNUS
1713 2098 1805 2133 libro
1831 2101 1956 2133 octavo
1981 2097 2267 2143 disputationum
2316 2108 2381 2132 nec

1288 2142 1379 2176 enim
1412 2142 1563 2187 amplius
1596 2153 1619 2178 a
1642 2142 1802 2178 debitore
1826 2154 1934 2188 quam
1958 2142 2068 2178 debiti
2092 2153 2230 2177 summa
2244 2143 2271 2163 ¹³
2296 2153 2380 2177 con-

1287 2187 1387 2232 sequi
1421 2187 1560 2232 poterit.
1605 2188 1668 2223 sed
1699 2188 1729 2223 si
1761 2189 1944 2234 stipulatio
1978 2198 2166 2223 usurarum
2196 2188 2316 2223 fuerat
2347 2192 2382 2222 et

1286 2237 1370 2278 post
1393 2233 1672 2278 quinquennium
1697 2234 1807 2276 forte,
1842 2244 1949 2278 quam
1979 2233 2134 2285 pretium
2159 2244 2203 2268 ex
2227 2244 2265 2268 re
2291 2233 2380 2268 obli—

1286 2282 1370 2323 gata
1384 2279 1410 2299 ¹⁴
1434 2278 1549 2314 victus
1574 2289 1652 2314 eam
1677 2280 1828 2324 emptori
1848 2279 2015 2321 restitult,
2041 2279 2147 2314 etiam
2167 2278 2272 2314 medii
2292 2282 2380 2313 tem-

1286 2324 1385 2368 poris
1410 2334 1539 2360 usuras
1563 2334 1586 2359 a
1609 2324 1769 2359 debitore
1793 2329 1914 2377 petere
1946 2327 2084 2370 potest,
2117 2324 2201 2369 quia
2231 2323 2318 2358 nihil
2350 2324 2381 2358 ei

1287 2369 1443 2404 solutum
1477 2380 1573 2412 esse,
1606 2374 1648 2405 ut
1679 2370 1812 2405 auferri
1836 2381 1907 2405 non
1931 2370 2063 2415 possit,
2097 2369 2215 2414 palam
2245 2369 2380 2404 factum

1287 2418 1359 2449 est:
1386 2414 1448 2450 sed
1472 2415 1502 2450 si
1526 2415 1692 2460 simplum
1716 2415 1911 2461 praestitit,
1938 2415 2009 2450 doli
2032 2415 2242 2459 exceptione
2266 2415 2379 2459 repel-

1286 2459 1411 2495 lendus
1437 2461 1504 2495 erit
1527 2461 1573 2495 ab
1597 2471 1787 2496 usurarum
1811 2461 1992 2506 petitione,
2017 2460 2101 2505 quia
2124 2460 2251 2494 habuit
2275 2470 2380 2494 usum

1286 2506 1460 2550 pecuniae
1484 2506 1600 2550 pretii,
1626 2506 1721 2551 quod
1746 2507 1791 2541 ab
1818 2510 1978 2551 emptore
2001 2508 2201 2550 acceperat.

1334 2548 1387 2587 24
1421 2550 1617 2586 ULPIANUS
1645 2552 1736 2587 libro
1770 2552 1978 2597 triqensz‘mo
2015 2550 2065 2585 ad
2094 2550 2248 2586 edictum
2294 2549 2379 2585 Ele-

1285 2600 1411 2640 ganter
1434 2596 1532 2641 apud
1555 2607 1612 2632 me
1636 2597 1837 2642 quaesitum
1862 2599 1934 2638 est,
1960 2596 1990 2630 si
2013 2596 2238 2640 impetrasset
2264 2595 2377 2630 credi-

1285 2645 1344 2676 tor
1376 2651 1398 2676 a
1422 2641 1594 2684 Caesare,
1630 2645 1671 2677 ut
1701 2642 1828 2686 pignus
1860 2641 2058 2686 possideret
2088 2641 2195 2686 idque
2227 2641 2377 2676 evictum

1287 2690 1398 2729 esset,
1431 2697 1478 2721 an
1501 2687 1634 2722 habeat
1658 2687 1874 2722 contrariam
1897 2686 2175 2731 pigneraticiam.
2215 2690 2251 2721 et
2281 2685 2377 2721 vide-

1285 2735 1345 2766 tur
1375 2732 1478 2767 finita
1510 2743 1588 2767 esse
1619 2733 1776 2777 pignoris
1809 2731 1977 2776 obligatio
2003 2735 2038 2767 et
2062 2742 2084 2766 a
2108 2734 2298 2767 contractu
2322 2742 2376 2766 re-

1286 2787 1435 2812 cessum.
1484 2777 1590 2813 immo
1634 2777 1732 2812 utilis
1768 2787 1812 2812 ex
1846 2781 1965 2822 empto
2003 2777 2276 2812 accommodata
2312 2781 2376 2819 est,

1285 2822 1581 2867 quemadmodum
1606 2822 1635 2858 si
1659 2833 1724 2867 pro
1749 2822 1865 2858 soluto
1891 2823 1923 2857 ei
1946 2833 2003 2857 res
2028 2822 2114 2858 data
2137 2822 2255 2864 fuerit,
2281 2825 2321 2856 ut
2340 2822 2378 2856 in

1285 2868 1521 2912 quantitatem
1553 2868 1661 2903 debiti
1694 2868 1725 2902 ei
1757 2867 1911 2902 satisfiat
1942 2868 1996 2903 vel
2027 2868 2063 2902 in
2096 2871 2270 2913 quantum
2302 2867 2376 2902 eius

1283 2913 1440 2955 intersit,
1473 2916 1508 2948 et
1539 2912 1864 2958 compensationem
1896 2913 2029 2948 habere
2059 2916 2179 2958 potest
2211 2912 2375 2954 creditor,

1284 2958 1315 2993 si
1345 2958 1439 2993 forte
1496 2958 1704 3003 igneraticia
1736 2958 1790 2993 vel
1823 2968 1867 2993 ex
1891 2958 1962 2993 alia
1985 2968 2097 2994 causa
2122 2968 2203 2993 cum
2228 2968 2269 2993 eo
2295 2967 2375 3002 age-

1287 3006 1300 3037 1
1351 3007 1421 3038 tur.
1471 2969 1539 3047 gui
1569 3003 1743 3048 reprobos
1779 3014 1942 3039 nummos
1975 3004 2079 3039 solvit
2110 3002 2296 3045 creditori,
2330 3013 2376 3037 an

1283 3048 1393 3083 habet
1425 3048 1694 3092 pigneraticiam
1728 3048 1904 3083 actionem
1935 3049 2039 3093 quasi
2070 3049 2188 3084 soluta
2210 3047 2373 3093 pecunia,

1284 3093 1484 3138 quaeritur:
1518 3097 1554 3128 et
1585 3096 1729 3128 constat
1759 3104 1874 3146 neque
1904 3094 2136 3139 pigneraticia
2168 3104 2247 3128 eum
2272 3103 2376 3137 agere

1283 3149 1398 3183 neque
1431 3138 1576 3173 liberari
1606 3149 1730 3183 posse,
1767 3149 1851 3184 quia
1883 3139 2080 3184 reproba¹⁵
2115 3139 2268 3184 pecunia
2303 3148 2373 3172 non

1282 3184 1412 3218 liberat
1434 3183 1647 3226 solventem,
1678 3184 1838 3229 reprobis
1862 3184 2026 3220 videlicet
2047 3184 2199 3219 nummis
2223 3182 2372 3217 redden-

1284 3231 1303 3263 2
1352 3229 1416 3263 dis.
1466 3228 1503 3263 Si
1533 3228 1732 3264 vendiderit
1761 3229 1903 3274 quidem
1935 3229 2090 3265 creditor
2110 3229 2238 3281 pignus
2262 3227 2372 3272 pluris

1283 3284 1390 3319 quam
1414 3273 1572 3308 debitum
1592 3277 1678 3316 erat,
1702 3274 1861 3310 nondum
1885 3278 2004 3310 autem
2029 3278 2180 3319 pretium
2206 3273 2262 3324 ab⁸
2276 3282 2370 3315 emp-

1281 3322 1361 3354 tore
1394 3319 1568 3363 exegerit,
1602 3329 1648 3354 an
1671 3320 1904 3364 pigneraticio
1928 3320 2059 3355 iudicio
2086 3328 2264 3354 convenlrl
2288 3326 2370 3360 pos-

1282 3364 1329 3399 sit
1353 3363 1400 3398 ad
1424 3363 1643 3408 superfluum
1666 3365 1898 3408 reddendum,
1923 3375 1969 3400 an
1990 3375 2071 3400 vero
2092 3364 2146 3398 vel
2165 3365 2371 3406 exspectare

1283 3409 1413 3444 debeat
1425 3410 1462 3451 ¹⁶,
1496 3409 1615 3454 quoad
1639 3413 1778 3455 emptor
1802 3411 1935 3453 solvat,
1968 3410 2024 3445 vel
2055 3408 2235 3452 suscipere
2259 3406 2368 3440 actio-

1282 3464 1345 3488 nes
1379 3453 1549 3489 adversus
1582 3456 1803 3500 emptorem?
1846 3459 1882 3490 et
1913 3455 2069 3490 arbitror
2100 3463 2172 3487 non
2204 3461 2281 3486 esse
2313 3458 2368 3484 ur-

1282 3498 1460 3543 guendum
1485 3499 1530 3534 ad
1554 3501 1766 3536 solutionem
1791 3500 2018 3541 creditorem,
2051 3498 2113 3533 sed
2138 3500 2200 3531 aut
2223 3506 2368 3540 exspec-

1286 3614 1340 3653 (11)
1364 3628 1410 3640 =
1422 3613 1632 3656 Papinianus
1644 3615 1691 3647 D.
1706 3615 1759 3653 47,
1775 3621 1801 3653 2,
1818 3621 1852 3647 79
2022 3613 2080 3651 (12)
2106 3609 2294 3642 vendiderit
2305 3622 2369 3643 scr.

1286 3658 1344 3698 (13)
1369 3667 1531 3690 summam
1542 3671 1603 3692 scr.
1740 3660 1797 3700 (14)
1824 3659 2020 3690 consecutus
2034 3659 2093 3694 est,
2108 3655 2228 3697 duplae
2241 3654 2368 3686 iudicio

1285 3705 1443 3782 ἰιξῗὲξξξὲ
1454 3702 1494 3735 de
1505 3714 1541 3736 re
1554 3702 1705 3746 obligata
1718 3705 1779 3737 ins.
1846 3704 1904 3743 (15)
1916 3703 1965 3735 sic
1976 3702 2014 3741 S,
2025 3700 2129 3743 proba
2142 3700 2176 3732 F
2239 3700 2297 3742 (16)
2312 3699 2369 3731 de-
