2528 3918
88 134 143 164 ET
172 135 232 165 DE
263 134 442 166 INCOLIS

89 247 230 291 ‘quatus
255 247 320 287 est,
345 250 458 290 neque
483 255 505 279 a
528 243 736 280 fideiussore
761 244 847 286 eius,
874 247 908 278 et
926 245 1037 280 multo
1057 245 1174 280 minus

88 294 122 325 ‘a
153 291 439 336 magistratibus,
479 289 540 335 qui
572 290 773 325 cautionem
809 290 1020 335 acceperint,
1056 287 1177 332 exigi.’

88 336 146 371 cui
170 346 392 382 consequens
417 339 489 378 est,
521 338 562 371 ut
592 346 637 370 ne
669 335 706 369 in
738 335 899 370 futurum
923 346 945 370 a
969 335 1086 370 forma
1110 335 1173 370 ob-

86 385 227 417 servata
251 381 466 417 discedatur.

134 424 186 463 25
226 426 421 462 Usmzvvs
455 426 546 462 libro
572 425 696 472 primo
729 425 778 459 ad
809 425 963 460 edictum
988 426 1175 472 praetoris

87 471 321 516 Magistratus
344 470 578 516 municipales
603 481 684 505 cum
708 481 818 504 unum
841 471 1086 514 magistratum
1110 470 1173 505 ad-

87 517 306 559 ministrent,
349 517 456 552 etiam
498 516 602 550 unius
646 515 798 552 hominis
835 516 946 550 vicem
985 516 1172 551 sustinent.

88 566 123 596 et
145 562 214 597 hoc
238 562 445 607 plerumque
469 560 611 606 quidem
635 560 713 605 lege
736 560 942 605 municipali
972 561 1021 595 eis
1049 561 1172 596 datur:

87 618 209 642 verum
241 611 277 642 et
299 606 331 642 si
353 617 425 641 non
449 607 497 641 sit
521 605 660 648 datum,
693 606 883 641 dummodo
916 617 988 642 non
1020 607 1173 650 denega-

87 656 174 693 tum,
198 652 357 687 moribus
382 652 562 696 competit.

135 695 186 733 26
220 697 379 732 Panos
414 697 505 732 libro
531 698 653 742 primo
686 696 735 731 ad
765 697 919 732 edictum
971 697 1046 739 Ea,
1084 707 1174 741 quae

88 743 199 787 magis
230 742 367 794 imperii
398 746 483 777 sunt
514 752 621 787 quam
655 741 908 777 iurisdictionis
945 742 1174 786 magistratus

91 792 103 822 ¹
154 787 378 832 municipalis
402 786 522 823 facere
546 797 616 822 non
635 790 765 831 potest.
802 787 1073 831 Magistratibus
1095 798 1172 821 mu-

86 832 299 878 nicipalibus
323 843 396 867 non
420 833 636 878 permittitur
655 832 692 866 in
712 833 889 877 integrum
907 833 1094 868 restituere
1111 836 1175 867 aut

86 879 182 913 bona
205 877 257 913 rei
281 879 480 913 servandae
504 888 614 913 causa
636 877 759 912 iubere
782 878 980 923 possideri¹
1015 882 1079 913 aut
1112 878 1173 913 do-

86 924 131 958 tis
150 923 347 959 servandae
365 934 476 958 causa
491 923 546 958 vel
560 923 759 967 legatorum
775 923 1030 958 servandorum
1051 933 1172 958 causa.

133 966 185 1005 27
216 968 410 1004 ULPIANUS
431 969 522 1004 libro
542 968 699 1003 secundo
719 968 769 1003 ad
787 968 941 1004 edictum
988 969 1088 1012 Eius,
1114 968 1175 1013 qui

87 1014 311 1056 manumisit,
342 1013 526 1059 municeps
551 1017 607 1048 est
629 1013 888 1056 manumissus,
922 1025 995 1050 non
1027 1013 1173 1049 domici-

86 1059 172 1094 lium
197 1060 283 1102 eius,
310 1059 372 1095 sed
395 1059 550 1104 patriam
574 1062 731 1094 secutus.
780 1062 816 1094 et
839 1059 870 1095 si
893 1064 1085 1104 patronum
1108 1059 1172 1093 ha-

86 1106 169 1140 beat
193 1104 342 1139 duarum
368 1104 561 1140 civitatium
585 1104 810 1149 municipem,
838 1115 902 1149 per
926 1105 1173 1140 manumissio-

90 1153 102 1184 1
153 1160 234 1185 nem
259 1149 451 1185 earundem
479 1149 674 1184 civitatium
697 1150 766 1184 erit
790 1150 984 1195 municeps.
1034 1150 1071 1185 Si
1095 1150 1174 1194 quis

86 1195 229 1248 negotia
252 1205 318 1230 sua
341 1206 414 1230 non
437 1195 474 1229 in
498 1195 649 1236 colonia,
675 1195 738 1230 sed
762 1196 799 1230 in
821 1196 1013 1240 municipio
1035 1205 1175 1239 semper

85 1244 175 1285 agit,
199 1240 237 1275 in
259 1241 319 1275 illo
344 1240 465 1275 vendit
488 1240 572 1275 emit
595 1240 793 1283 contrahit,
825 1241 862 1275 in
887 1251 927 1276 eo
940 1242 954 1261 ²
978 1241 1058 1276 foro
1083 1241 1172 1275 bali-

86 1296 152 1321 neo
176 1286 391 1331 spectaculis
415 1285 546 1327 utitur,
579 1285 629 1320 ibi
652 1285 764 1321 festos
789 1286 864 1321 dies
890 1286 1065 1328 celebrat,
1099 1297 1172 1321 om-

86 1331 191 1366 nibus
216 1330 368 1376 denique
390 1330 575 1375 municipii
595 1331 799 1369 commodis.
824 1332 931 1367 nullis
953 1331 1174 1367 coloniarum

85 1375 226 1419 fruitur,
253 1376 326 1410 ³ibi
349 1376 461 1420 magis
485 1377 618 1411 habere
642 1376 869 1418 domicilium,
895 1387 1000 1422 quam
1026 1377 1088 1411 ubi
1113 1387 1172 1411 co-

85 1424 104 1456 2
151 1421 272 1456 lendi⁴
297 1431 407 1456 causa
431 1421 651 1456 deversatur.
701 1422 826 1457 Celsus
850 1422 941 1457 libro
961 1420 1077 1466 primo
1121 1422 1173 1456 di-

84 1469 266 1511 gestorum
289 1469 440 1509 tractat,
472 1466 503 1501 si
526 1467 604 1511 quis
627 1467 824 1502 instructus
849 1467 896 1502 sit
920 1467 1060 1503 duobus
1085 1468 1173 1502 locis

85 1511 281 1557 aequaliter
315 1522 431 1557 neque
467 1511 527 1547 hic
567 1522 673 1557 quam
707 1512 779 1548 illic
814 1513 931 1548 minus
967 1512 1174 1558 frequenter

85 1560 341 1593 commoretur:
367 1557 429 1592 ubi
448 1557 665 1592 domicilium
683 1557 827 1599 habeat,
850 1568 895 1593 ex
913 1558 1149 1594 destinatione
1161 1559 1174 1578 ⁵

85 1602 193 1638 animi
222 1613 302 1638 esse
333 1602 593 1647 accipiendum.
642 1613 706 1648 ego
738 1603 881 1646 dubito,
920 1604 950 1638 si
981 1604 1174 1648 utrubique

84 1647 262 1684 destinato
287 1648 334 1683 sit
356 1648 494 1690 animo,
519 1658 566 1683 an
589 1648 705 1692 possit
728 1649 806 1693 quis
832 1648 972 1684 duobus
995 1649 1084 1684 locis
1110 1649 1172 1684 do-

84 1693 253 1728 micilium
283 1693 428 1729 habere.
477 1696 513 1728 et
536 1702 656 1729 verum
680 1695 759 1729 est⁶
783 1694 934 1735 habere,
966 1694 1049 1729 licet
1080 1694 1172 1729 diffi-

84 1738 151 1774 cile
183 1742 255 1774 est:
295 1738 592 1783 quemadmodum
625 1738 771 1774 difficile
802 1743 856 1775 est
882 1739 960 1775 sine
994 1739 1173 1775 domicilio

84 1794 163 1820 esse
187 1794 411 1829 quemquam.
453 1787 542 1829 puto
562 1787 681 1819 autem
698 1788 734 1819 et
751 1784 822 1819 hoc
839 1785 1035 1829 procedere
1055 1795 1172 1830 posse,

84 1829 115 1864 si
138 1829 218 1874 quis
242 1828 420 1865 domicilio
444 1829 568 1865 relicto
593 1830 735 1874 naviget
757 1830 812 1865 vel
831 1831 899 1865 iter
917 1830 1038 1873 faciat,
1064 1841 1173 1875 quae-

83 1884 165 1910 rens
189 1885 260 1919 quo
284 1885 323 1910 se
348 1874 510 1910 conferat
530 1878 639 1919 atque
656 1875 719 1910 ubi
737 1875 951 1911 constituat:
975 1886 1059 1910 nam
1077 1877 1173 1911 hunc

84 1923 103 1954 3
150 1924 238 1965 puto
263 1920 340 1955 sine
365 1919 542 1955 domicilio
567 1930 656 1956 esse.
705 1920 932 1956 Domicilium
964 1925 1085 1956 autem
1108 1921 1172 1956 ha-

83 1965 167 2000 bere
199 1968 319 2010 potest
349 1968 386 2000 et
415 1965 594 2010 relegatus
625 1975 667 2001 eo
698 1965 788 2008 loci,
820 1965 914 2001 unde
939 1970 1101 2009 arcetur,
1134 1970 1175 2001 ut

83 2010 276 2046 Marcellus
302 2010 428 2046 scribit

129 2052 183 2093 28
212 2055 370 2091 Paucos
399 2055 489 2091 libro
513 2056 638 2102 primo
669 2056 719 2091 ad
749 2056 903 2091 edictum
957 2056 1057 2092 Inter
1089 2067 1173 2091 con-

83 2100 265 2136 venientes
295 2104 331 2136 et
360 2099 404 2136 de
433 2111 472 2136 re
496 2100 623 2136 maiori
647 2101 745 2146 apud
768 2101 998 2146 magistratus
1023 2102 1173 2137 munici-

83 2146 182 2192 pales
206 2149 341 2190 agetur.

129 2188 183 2228 29
212 2191 334 2227 Gaws
356 2191 446 2227 libro
465 2192 585 2238 primo
610 2190 660 2226 ad
679 2191 834 2227 edictum
882 2192 1079 2228 rovinciale
1113 2192 1172 2227 In-

84 2237 164 2272 cola
195 2240 232 2272 et
263 2236 318 2272 his
350 2236 618 2281 magistratibus
647 2247 775 2281 parere
799 2236 841 2271 de
870 2241 923 2279 et,
955 2237 1053 2282 apud
1084 2248 1173 2282 quos

82 2281 202 2319 incola
227 2285 298 2324 est,
322 2285 360 2317 et
382 2281 469 2324 illis,
495 2282 592 2327 apud
616 2292 704 2326 quos
730 2281 815 2317 civis
840 2286 911 2318 est:
943 2293 1010 2318 nec
1034 2287 1173 2318 tantum

82 2327 288 2372 municipali
318 2326 557 2363 iurisdictioni
593 2327 629 2362 in
667 2330 819 2372 utroque
857 2328 1051 2373 municipio
1087 2329 1173 2364 sub-

82 2373 195 2408 iectus
226 2376 299 2415 est,
337 2382 461 2408 verum
498 2372 605 2408 etiam
637 2372 801 2408 omnibus
832 2373 986 2418 publicis
1017 2374 1172 2410 muneri-

82 2418 149 2454 bus
173 2417 274 2463 fungi
298 2417 414 2453 debet.

130 2461 183 2501 30
215 2463 410 2500 ULPIANUs
430 2463 521 2499 libro
541 2464 794 2509 sexaqensimo
808 2464 933 2510 primo
953 2464 1003 2500 ad
1019 2464 1173 2501 edictum

83 2508 151 2553 Qui
174 2518 219 2544 ex
242 2508 320 2544 vico
347 2512 447 2544 ortus
472 2511 543 2551 est,
577 2518 657 2544 eam
685 2508 842 2553 patriam
865 2509 1085 2555 intellegitur
1108 2510 1172 2545 ha-

84 2554 178 2596 bere,
205 2553 263 2589 cui
286 2553 339 2589 rei
362 2553 528 2599 publicae
550 2553 651 2589 vicus
675 2553 735 2589 ille
758 2555 965 2599 respondet.

128 2596 177 2636 31
207 2598 447 2635 Masculus
468 2598 559 2634 libro
577 2599 702 2646 primo
726 2599 948 2652 diqestorum
994 2599 1094 2635 Nihil
1118 2603 1173 2636 est

81 2643 343 2698 impedimento,
369 2654 439 2688 quo
462 2643 580 2679 minus
605 2644 684 2689 quis
710 2644 772 2680 ubl
796 2644 880 2680 velit
903 2646 1036 2682 habeat
1059 2646 1170 2682 domi-

83 2689 214 2732 cihum,
262 2689 335 2725 uod
358 2690 391 2724 ei
414 2688 641 2724 interdictum
664 2700 737 2724 non
760 2690 817 2725 sit.

129 2732 183 2772 32
253 2744 462 2769 oossrmvs
489 2734 580 2770 libro
606 2739 738 2780 quarto
762 2735 1051 2781 differentiarum
1102 2737 1170 2779 Ea,

83 2790 174 2825 quae
199 2779 378 2824 desponsa
396 2783 461 2823 est,
486 2783 570 2814 ante
590 2783 796 2816 contractas
814 2781 958 2826 nuptias
976 2792 1081 2817 suum
1099 2793 1172 2817 non

82 2828 199 2860 mutat
222 2824 448 2861 domicilium.

130 2867 182 2908 33
200 2869 307 2905 IDEM
323 2870 413 2906 libro
429 2870 613 2917 sinqulari
626 2870 670 2906 de
686 2871 1025 2908 manumissionibus
1056 2872 1172 2908 Roma

84 2915 281 2952 communis
304 2918 430 2952 nostra
451 2915 570 2960 patria
593 2919 659 2951 est.

129 2958 184 2998 34
207 2960 316 2996 IDEM
342 2960 432 2996 libro
457 2961 561 2996 tertio
585 2961 796 3007 reqularum
849 2961 974 2997 Incola
996 2962 1068 2997 iam
1093 2974 1171 2997 mu-

83 3006 228 3042 neribus
256 3005 408 3051 publicis
441 3005 640 3041 destinatus
669 3006 737 3042 nisi
760 3006 922 3053 perfecto
947 3017 1093 3043 munere
1115 3008 1170 3043 in-

84 3051 218 3087 colatui
241 3051 447 3087 renuntiare
470 3061 543 3086 non
564 3054 694 3096 potest.

130 3094 182 3135 35
208 3096 316 3132 IDEM
342 3097 433 3132 libro
450 3097 574 3142 primo
598 3097 873 3133 excusationum
927 3095 1076 3132 Εἰδέναι
1104 3097 1170 3154 χρὴ

85 3138 142 3175 ὅτι
162 3139 182 3176 ὁ
202 3144 242 3176 ἐν
260 3137 360 3188 ἀγρῷ
382 3143 595 3185 καταμένων
614 3140 754 3177 ἰνκόλας
774 3137 817 3176 οὗ
832 3142 1035 3186 νομίζεται·
1062 3141 1082 3177 ὃ
1101 3157 1170 3190 γαρ

83 3189 216 3229 ἐκείνης
243 3188 304 3229 τῆς
335 3184 475 3221 πόλεως
508 3185 700 3232 ἐξαιρέτοις
733 3185 783 3231 μὴ
816 3186 997 3233 χρώμενος
1033 3184 1170 3225 οὕτωςΊ

84 3227 126 3266 οὗ
149 3231 335 3277 νομίζεται
360 3231 452 3265 εἶναι
477 3229 618 3267 ἶνκόλας
629 3232 652 3264 ⁹.

129 3274 183 3315 36
214 3276 321 3312 Imm
354 3277 444 3313 libro
470 3277 594 3323 primo
623 3287 878 3332 responsorum
935 3279 1048 3321 Titio,
1090 3290 1171 3315 cum

83 3325 180 3358 esset
202 3321 338 3357 Romae
367 3322 568 3357 studiorum
597 3326 731 3367 gratia,
761 3323 914 3367 epistula
938 3324 1047 3359 missa
1070 3329 1126 3360 est
1149 3335 1171 3359 a

84 3366 352 3412 magistratibus
401 3367 513 3402 atriae
538 3377 641 3410 suae,
674 3371 715 3403 ut
743 3368 942 3413 porrigeret
964 3369 1172 3414 imperatori

84 3412 268 3449 decretum
285 3412 360 3449 eius
388 3423 442 3448 em
460 3413 625 3455 civitatis,
651 3412 746 3458 quod
766 3417 844 3448 erat
869 3425 949 3450 cum
972 3415 1052 3460 ipsa
1076 3415 1171 3460 epis-

86 3529 124 3568 (1)
153 3526 260 3560 iuberi
278 3528 443 3570 possidere
462 3528 496 3560 F
582 3529 627 3570 (2)
652 3538 690 3560 eo
709 3528 746 3560 in
766 3528 802 3561 F
885 3530 931 3572 (3)
955 3529 1088 3562 videtur
1109 3531 1168 3563 ins.

86 3574 127 3613 (4)
154 3572 241 3605 ruris
261 3574 321 3605 ins.
345 3573 395 3605 F2
487 3573 531 3615 (5)
556 3574 775 3606 exstinatione
798 3574 831 3605 F
921 3576 967 3615 (o)
992 3585 1086 3617 posse
1109 3577 1168 3608 ins.

86 3620 128 3657 (7)
154 3629 255 3650 ουτος
275 3616 328 3649 F⁶
422 3619 465 3659 (8)
491 3619 527 3653 id
546 3625 610 3651 est.-
635 3619 728 3651 Scire
740 3620 871 3660 oportet
884 3630 958 3652 eum
971 3621 1078 3661 quiin
1090 3631 1170 3662 agro

85 3662 183 3705 degat
205 3662 348 3695 incolam
373 3673 441 3694 non
466 3662 664 3695 existimari:
688 3673 766 3694 nam
790 3663 849 3704 qui
873 3664 944 3696 eius
968 3664 1059 3697 urbis
1083 3675 1170 3697 com-

85 3707 191 3740 modis
209 3717 278 3740 non
298 3707 424 3745 utitur,
448 3708 622 3748 propterea
646 3706 756 3739 incola
776 3718 842 3740 esse
863 3718 930 3740 non
952 3709 1169 3741 existimatur.

85 3754 130 3792 (9)
155 3752 183 3784 is
205 3754 264 3785 ins.
365 3753 424 3791 (10)
449 3751 644 3793 perspondit
662 3752 696 3783 F
790 3752 845 3790 (u)
859 3752 964 3795 plura
989 3753 1173 3785 desiderari

1159 118 1242 165 843

2235 129 2319 170 L1

1244 244 1320 277 tula
1342 243 1500 278 missum.
1548 243 1578 278 is
1595 249 1738 295 autem,
1769 248 1829 291 qui
1859 249 2073 294 suscepisset
2104 251 2240 287 litteras
2271 262 2326 286 re-

1244 289 1453 341 stituendas,
1479 289 1673 325 collusmne
1697 292 1794 327 facta
1818 293 1913 328 dedit
1940 295 2050 331 Lucio
2075 296 2181 338 Titio,
2208 297 2266 341 qui
2292 302 2327 331 et

1243 345 1320 379 lpse
1340 334 1477 368 Romae
1500 335 1707 370 morabatur
1732 348 1818 372 suae
1838 339 1889 373 rei
1908 341 2040 383 gratia:
2068 342 2231 377 ⁹sublato
2253 343 2325 376 Titi

1244 379 1403 420 nomine,
1436 378 1494 413 cui
1524 384 1600 413 erat
1632 381 1811 416 decretum
1842 384 2004 426 missum,
2039 387 2089 420 uti
2119 397 2181 431 per
2211 388 2327 431 ipsum

1245 425 1409 465 daretur,
1441 435 1545 458 suum
1577 436 1705 460 nomen
1735 428 1878 472 scripsit
1902 434 1937 463 et
1960 431 2011 464 sic
2037 431 2241 475 imperatori
2266 433 2326 467 de-

1245 473 1381 504 cretum
1402 469 1597 504 secundum
1617 472 1785 506 mandata
1803 474 1852 507 rei
1870 475 2032 518 publicae
2050 477 2155 511 (ledit.
2207 488 2326 521 uaero,

1244 515 1303 559 qui
1336 514 1503 549 viaticum
1531 518 1653 560 petere
1683 517 1729 551 ab
1761 527 1803 551 ea
1826 520 2024 562 potuisset?
2064 525 2099 556 et
2122 522 2181 566 qui
2232 534 2326 557 com-

1243 560 1381 595 misisse
1410 559 1550 595 videtur
1578 560 1627 601 is,
1661 562 1723 605 qui
1753 573 1824 596 non
1849 565 2003 599 restituit
2027 566 2163 601 litteras
2188 568 2236 607 ei,
2270 569 2328 603 cui

1244 605 1433 641 restituere
1463 605 1672 640 mandatum
1704 613 1930 652 susceperat,
1960 614 1996 644 et
2019 611 2067 652 is,
2102 612 2162 656 qui
2186 613 2327 647 sublato

1243 650 1358 686 alieno
1390 651 1533 686 nomine
1566 651 1807 696 inscriptoque
1839 664 1923 695 suo,
1965 657 2065 699 quasi
2101 657 2175 701 ipse
2211 658 2327 692 iussus

1243 707 1265 730 a
1288 696 1422 740 patria,
1457 696 1639 731 decretum
1670 697 1874 740 imperatori
1899 700 2082 743 porrexit?
2130 702 2327 737 Herennius

1242 741 1467 776 Modestinus
1481 741 1668 786 respondit
1680 743 1707 762 ¹⁰
1724 742 1855 777 Titium
1871 744 2010 787 quidem
2026 746 2192 781 viaticum
2208 750 2328 792 petere

1246 790 1259 820 1
1310 797 1383 821 non
1405 797 1531 832 posse:
1560 786 1623 822 sed
1647 796 1727 821 eum
1752 788 1813 832 qui
1836 799 1965 824 nomen
1988 790 2219 826 incidisset¹¹.
2268 793 2327 827 Ti-

1242 831 1314 866 tius
1337 843 1403 876 pro
1428 832 1581 876 pecunia
1605 832 1760 877 publica,
1787 843 1892 877 quam
1916 834 1992 878 ipse
2017 836 2174 879 credidit,
2201 838 2328 882 pignus

1243 877 1384 922 accepit
1406 881 1514 922 pacto
1538 877 1636 912 facto
1662 888 1743 912 cum
1768 878 1937 922 debitore,
1968 884 2008 914 ut
2031 892 2102 916 non
2127 882 2242 917 soluto
2268 883 2326 917 dc-

1242 923 1317 957 bito
1355 922 1431 957 sine
1471 923 1546 957 ulla
1582 923 1858 967 repromissione
1874 926 1900 944 ¹2
1941 925 2160 961 distrahatur
2191 928 2327 971 pignus.

1244 967 1630 1015 succedentes‚gradus
1644 969 1670 989 ¹³
1693 968 1730 1002 in
1750 969 1869 1004 locum
1888 969 1972 1004 Titii
1992 982 2119 1006 nomen
2143 976 2179 1006 et
2203 973 2328 1017 pignus

1243 1014 1488 1058 probaverunt
1511 1023 1625 1058 usque
1649 1013 1696 1048 ad
1719 1014 1916 1049 Maevium:
1950 1025 1994 1050 ex
2024 1017 2224 1052 venditione
2254 1018 2329 1062 pig-

1244 1059 1341 1093 noris
1366 1062 1513 1103 propter
1536 1059 1887 1103 repromissionemm
1920 1071 1942 1094 a
1969 1062 2219 1105 magistratu¹⁵
2248 1073 2329 1097 ven-

1244 1104 1411 1139 dentibus
1448 1104 1584 1140 factam
1619 1104 1663 1139 de
1698 1105 1804 1140 modo
1835 1105 1939 1139 fundi
1971 1106 2210 1142 demonstrato
2243 1108 2330 1143 satis

1244 1148 1364 1185 debito
1389 1148 1526 1184 factum
1550 1160 1622 1184 non
1646 1153 1711 1184 est.
1762 1151 2010 1195 quaerebatur,
2036 1152 2112 1196 quis
2136 1153 2188 1187 rei
2213 1153 2329 1197 publi-

1244 1205 1308 1229 cae
1339 1198 1493 1230 tenetur.
1546 1195 1750 1230 Herennius
1781 1195 2023 1231 Modestinus:
2063 1197 2214 1239 Titium,
2253 1209 2332 1232 cum

1243 1250 1472 1275 successores
1503 1240 1581 1275 eius
1613 1240 1811 1285 periculum
1844 1241 1994 1276 nominis
2025 1243 2248 1286 agnoverint,
2290 1253 2331 1277 eo

1243 1285 1385 1320 nomine
1409 1286 1622 1320 obstrictum
1646 1296 1718 1321 non
1745 1296 1822 1321 esse
1846 1287 2033 1331 respondi:
2067 1287 2131 1322 sed
2163 1298 2228 1322 nec
2253 1292 2333 1332 post

1243 1331 1473 1375 magistratus
1494 1331 1555 1375 qui
1573 1331 1772 1366 vendidisse
1788 1336 2050 1377 proponuntur,
2073 1343 2153 1367 cum
2172 1333 2332 1368 videlicet

1243 1376 1355 1420 pluris
1380 1376 1617 1411 vendiderunt
1640 1380 1788 1421 prop-ter
1808 1388 1996 1412 mensurae
2016 1378 2091 1422 agri
2113 1378 2332 1413 demonstra-

1243 1421 1375 1456 tionem
1401 1425 1436 1456 et
1459 1421 1545 1463 hoc,
1580 1423 1691 1466 qua¹⁶
1722 1422 1835 1466 pluris
1859 1423 2113 1465 vendiderunt,
2145 1424 2331 1458 restituere

1243 1467 1379 1501 minore
1403 1467 1509 1502 modo
1535 1467 1755 1512 deprehenso
1780 1468 1867 1502 iussi
1892 1472 1986 1503 sunt.
2027 1479 2108 1503 eum
2131 1469 2248 1514 igitur,
2275 1470 2332 1513 qui

1243 1512 1454 1548 novissimus
1479 1523 1608 1548 nomen
1631 1512 1814 1558 probavit,
1846 1513 2070 1548 indemnitati
2094 1514 2146 1549 rei
2169 1514 2333 1567 publicae

1243 1556 1451 1592 satisfacere
1473 1557 1614 1600 debere,
1641 1558 1671 1593 si
1691 1568 1821 1593 nomen
1842 1558 1888 1593 ad
1908 1569 2152 1595 successorem
2169 1559 2333 1594 ldoneum

1242 1602 1501 1638 transmississe
1525 1614 1598 1639 non
1623 1602 1807 1638 doceatur.

1289 1646 1341 1685 37
1379 1647 1666 1684 CALLISTRATUS
1704 1649 1794 1684 libro
1831 1650 1950 1695 primo
1989 1649 2033 1684 de
2070 1650 2335 1695 coqnitionibus

1242 1693 1298 1728 De
1326 1694 1405 1728 iure
1436 1694 1593 1728 omnium
1625 1693 1840 1736 incolarum,
1874 1705 1963 1739 quos
1989 1705 2148 1742 quaeque
2174 1695 2334 1730 civitates

1243 1738 1312 1773 sibi
1340 1738 1539 1781 vindicant,
1572 1739 1779 1784 praesidum
1803 1740 2064 1785 provinciarum
2090 1741 2244 1785 cognitio
2269 1744 2324 1775 est

1244 1795 1325 1819 cum
1356 1788 1478 1819 tamen
1509 1795 1548 1820 se
1581 1785 1660 1829 quis
1691 1788 1799 1829 negat
1822 1785 1975 1820 incolam
1999 1796 2096 1829 esse,
2130 1786 2225 1831 apud
2256 1795 2335 1820 eum

1243 1829 1443 1875 praesidem
1471 1830 1679 1876 provinciae
1708 1840 1814 1875 agere
1846 1830 1970 1874 debet,
2013 1831 2078 1867 sub
2115 1831 2216 1867 cuius
2251 1841 2336 1865 cura

1244 1878 1298 1910 est
1321 1885 1364 1910 ea
1389 1875 1531 1917 civitas,
1563 1885 1585 1910 a
1609 1886 1681 1920 qua
1704 1879 1854 1911 vocatur
1878 1876 1924 1911 ad
1948 1887 2112 1913 munera.
2143 1887 2215 1911 non
2240 1876 2335 1921 apud

1243 1931 1332 1963 eam,
1358 1930 1402 1955 ex
1420 1924 1491 1965 qua
1512 1921 1589 1965 ipse
1607 1931 1646 1956 se
1664 1920 1752 1956 dicit
1771 1922 1962 1957 oriundum
1982 1932 2077 1957 esse:
2104 1922 2210 1967 idque
2234 1921 2334 1956 divus

1248 1969 1260 2000 1
1310 1965 1517 2001 Hadrianus
1537 1966 1732 2011 rescripsit.
1770 1967 1942 2011 Mulieris,
1968 1977 2060 2012 quae
2080 1967 2223 2002 aliunde
2244 1970 2333 2012 orta,

1243 2011 1330 2046 alibi
1352 2015 1466 2055 nupta
1491 2015 1563 2053 est,
1595 2011 1744 2047 libertos
1777 2023 1818 2047 eo
1851 2013 1932 2048 loco
1964 2024 2093 2048 munus
2123 2013 2243 2048 facere
2276 2012 2332 2046 de·

1242 2057 1340 2098 bere,
1366 2056 1460 2091 unde
1484 2060 1639 2101 patrona
1663 2058 1733 2092 erit
1755 2061 1792 2092 et
1814 2058 1877 2093 ubi
1896 2058 1967 2103 ipsi
1989 2058 2205 2093 domicilium
2225 2057 2334 2092 habe-

1244 2104 1263 2136 2
1311 2102 1417 2144 bunt,
1441 2101 1573 2146 placet.
1620 2102 1809 2145 Mulieres,
1836 2114 1927 2148 quae
1951 2104 1988 2138 in
2010 2103 2274 2138 matrimonium
2298 2113 2336 2137 se

1243 2146 1406 2182 dederint
1429 2157 1503 2182 non
1525 2147 1741 2192 legitimum,
1775 2159 1847 2183 non
1875 2148 1926 2183 ibi
1955 2149 2161 2184 muneribus
2185 2147 2334 2192 fungen-

1243 2192 1320 2234 das,
1345 2191 1440 2227 unde
1463 2192 1584 2227 mariti
1605 2203 1728 2228 earum
1749 2197 1844 2235 sunt,
1871 2194 2055 2229 sciendum
2068 2198 2133 2236 est,
2158 2193 2221 2229 sed
2241 2193 2335 2228 unde

1242 2238 1343 2282 ipsae
1368 2241 1468 2273 ortae
1493 2241 1596 2273 sunt:
1621 2238 1729 2283 idque
1754 2239 1823 2274 divi
1848 2239 1978 2275 fratres
2002 2239 2275 2284 rescripserunt.

1289 2280 1342 2320 38
1368 2283 1565 2318 PApmws
1585 2283 1729 2319 Iussus
1750 2284 1841 2319 libro
1866 2285 2023 2320 secundo
2049 2285 2092 2319 de
2113 2285 2334 2320 constitutio-

1242 2329 1349 2364 nibus
1394 2328 1635 2374 Imperatores
1660 2330 1863 2365 Antoninus
1894 2334 1930 2365 et
1954 2330 2070 2365 Verus
2093 2329 2247 2374 Augusti
2279 2339 2333 2363 re-

1242 2374 1464 2418 scripserunt
1501 2374 1653 2418 gratiam
1695 2384 1733 2410 se
1772 2375 1892 2410 facere
1923 2375 2151 2411 iurisiurandi
2183 2374 2232 2416 ei,
2275 2374 2335 2418 qui

1241 2419 1422 2454 iuraverat
1441 2429 1480 2454 se
1501 2419 1616 2454 ordini
1636 2430 1708 2455 non
1731 2420 1986 2456 interfuturum
2008 2425 2042 2455 et
2062 2424 2189 2466 postea
2209 2419 2334 2454 duum-

1246 2468 1259 2499 1
1309 2464 1363 2499 vir
1406 2468 1548 2500 creatus
1592 2469 1698 2500 esset.
1753 2465 1845 2500 Item
1885 2466 2146 2511 rescripserunt
2190 2464 2335 2500 colonos

1241 2510 1468 2555 praediorum
1502 2509 1583 2545 fisci
1617 2511 1824 2546 muneribus
1855 2510 1957 2555 fungi
1989 2511 2064 2546 sine
2098 2511 2226 2545 damno
2257 2509 2336 2544 fisci

1242 2558 1425 2601 oportere,
1467 2554 1574 2635 idgue
1610 2559 1780 2591 excutere
1815 2556 2016 2601 praesidem
2053 2555 2211 2591 adhibito
2250 2565 2334 2599 pro-

1242 2603 1261 2634 2
1311 2604 1476 2636 curatore
1523 2601 1639 2636 ebere.
1684 2601 1923 2646 Imperatores
1942 2601 2144 2637 Antoninus
2166 2604 2201 2636 et
2218 2600 2334 2636 Verus

1240 2646 1505 2691 rescripserunt
1529 2646 1576 2681 ad
1600 2646 1830 2690 magistratus
1855 2647 2013 2682 officium
2033 2647 2211 2691 pertinere
2228 2655 2333 2680 exac-

1240 2692 1374 2727 tionem
1396 2691 1571 2736 pecuniae
1595 2691 1812 2736 legatorum,
1846 2696 1884 2727 et
1907 2692 1938 2728 si
1968 2692 2203 2733 cessaverint,
2237 2690 2334 2735 ipsos

1240 2737 1295 2772 vel
1332 2736 1482 2772 heredes
1523 2737 1705 2772 conveniri
1742 2741 1824 2780 aut,
1865 2737 1896 2773 si
1937 2737 2105 2773 solvendo
2142 2747 2215 2771 non
2253 2735 2335 2778 sint,

1242 2785 1260 2816 3
1307 2782 1535 2818 fideiussores
1573 2793 1696 2817 eorum
1733 2783 1794 2827 qui
1821 2794 1889 2828 pro
1920 2783 1976 2819 his
2009 2786 2190 2819 caverunt.
2246 2781 2333 2815 Item

1239 2828 1502 2872 rescripserunt
1525 2827 1726 2869 mulierem,
1752 2828 1921 2873 quamdiu
1945 2831 2060 2873 nupta
2084 2831 2155 2871 est,
2179 2826 2333 2862 incolam

1242 2872 1400 2908 eiusdem
1431 2873 1583 2908 civitatis
1614 2873 1742 2915 videri,
1777 2873 1877 2908 cuius
1909 2874 2057 2908 maritus
2088 2872 2163 2907 eius
2193 2874 2264 2911 est,
2299 2874 2334 2905 et

1240 2918 1300 2962 ibi,
1326 2918 1421 2952 unde
1447 2918 1616 2962 originem
1640 2918 1763 2960 trahit,
1792 2929 1865 2953 non
1890 2919 1967 2963 cogi
1991 2918 2196 2953 muneribus
2219 2916 2331 2959 fungi.

1240 2966 1261 2997 4
1308 2963 1398 2998 Item
1441 2963 1703 3008 rescripserunt
1738 2964 1871 3008 patris,
1917 2964 1977 3008 qui
2017 2963 2180 2998 consulto
2220 2961 2330 2995 filium

1241 3009 1545 3053 emancipaverat,
1570 3018 1615 3043 ne
1639 3019 1703 3053 pro
1728 3019 1786 3043 ma
1812 3009 1941 3043 'stratu
1965 3009 2040 3044 eius
2066 3010 2221 3049 caveret,
2235 3016 2330 3057 ‘per-

1239 3053 1321 3089 inde
1345 3054 1441 3089 bona
1464 3053 1579 3088 teneri
1603 3057 1711 3098 atque
1735 3054 1766 3089 si
1813 3054 1974 3090 deiussor
1993 3063 2058 3098 pro
2080 3062 2122 3088 eo
2143 3051 2329 3103 extitisset.

1241 3103 1259 3133 5
1308 3098 1399 3133 Item
1423 3099 1701 3143 rescripserunt,
1733 3109 1814 3134 cum
1839 3099 2039 3144 quaeritur,
2072 3107 2118 3132 an
2146 3106 2331 3147 municeps

1241 3144 1320 3189 quis
1361 3144 1425 3187 sit,
1467 3154 1512 3178 ex
1552 3143 1640 3188 ipsis
1684 3143 1791 3179 etiam
1830 3145 1936 3180 rebus
1999 3142 2203 3177 robationes
2241 3151 2330 3175 surm

1241 3192 1425 3234 oportere:
1459 3199 1543 3223 nam
1573 3189 1686 3224 solam
1710 3189 1860 3224 nominis
1888 3187 2150 3224 simihtudinem
2174 3185 2220 3220 ad
2245 3196 2329 3220 con-

1241 3238 1260 3269 6
1307 3234 1519 3268 firmandam
1545 3234 1718 3279 cuiusque
1743 3234 1912 3278 originem
1936 3233 2022 3268 satis
2043 3242 2115 3266 non
2135 3240 2223 3265 esse.
2260 3230 2329 3282 Iup.

1239 3282 1424 3324 peratores
1448 3279 1651 3314 Antoninus
1677 3283 1713 3315 et
1736 3279 1850 3314 Verus
1882 3279 2141 3322 rescripserunt
2169 3285 2240 3310 non
2265 3286 2329 3309 mi-

1240 3335 1307 3358 nus
1327 3334 1400 3367 eos,
1427 3324 1487 3368 qui
1506 3324 1682 3377 compulsi
1701 3324 1910 3368 magistratu
1924 3325 1950 3345 ¹⁷
1970 3323 2178 3366 funguntur,
2205 3329 2328 3355 cavere

1241 3369 1381 3413 debere,
1406 3379 1514 3414 quam
1539 3380 1601 3414 qui
1625 3374 1754 3415 sponte
1778 3369 1934 3404 officium
1959 3367 2213 3411 adgnoverunt.

1239 3530 1322 3562 vidit
1342 3529 1516 3571 Schultz‘nq
1647 3528 1705 3567 (12)
1729 3526 1800 3558 sine
1820 3525 1891 3557 ulla
1911 3524 2175 3567 repromissione]
2198 3531 2255 3557 aut
2274 3525 2328 3556 de-

1240 3576 1336 3607 leuda
1357 3575 1437 3608 haec
1460 3567 1515 3607 aut
1535 3579 1707 3614 corrupta:
1728 3578 1834 3613 potest
1844 3573 1953 3613 fuisse
1970 3570 2040 3601 sine
2053 3568 2123 3600 ulla
2136 3569 2325 3601 remissione

1840 3617 1896 3657 (Η)
1923 3614 2243 3655 rempromissionem
2266 3613 2326 3654 F¹‚

1239 3621 1297 3660 (13)
1323 3620 1537 3662 magistratus
1563 3618 1713 3651 Cuiacius

2174 3660 2233 3699 (16)
2259 3669 2325 3697 quo

1238 3664 1463 3697 remissionem
1477 3664 1528 3696 F²
1599 3663 1654 3701 (15)
1681 3660 1928 3702 magistratibus
1945 3660 2096 3692 Cuiaeius

1239 3722 1300 3741 scr.
1397 3711 1454 3749 (Π)
1480 3706 1689 3748 magistratui
1704 3706 1735 3736 F

2007 3785 2090 3821 106*
