2528 3918
165 143 437 187 XXXXVIII
465 144 520 185 22

165 264 318 301 insulam
354 265 411 300 ius
439 263 662 310 praesidibus
693 263 897 310 provinciae
926 275 998 301 nou
1027 268 1083 300 est
1111 264 1244 307 datum,

165 310 249 346 licet
275 309 462 361 praefecto
494 309 576 345 urbi
605 309 728 345 detur:
766 309 836 345 hoc
866 310 959 346 enim
991 310 1145 355 epistula
1176 309 1246 344 divi

166 355 286 390 Seven
308 354 356 390 ad
378 354 529 390 Fabium
554 354 711 390 cuonem
738 354 960 400 praefectum
992 355 1072 390 urbi
1101 364 1245 400 expres-

165 410 245 435 sum
275 403 341 434 εει.
387 399 571 445 praesides
602 399 722 445 itaque
751 400 956 446 provinciae
987 398 1149 444 quotiens
1180 399 1245 434 ali-

165 454 270 489 quem
301 444 340 479 in
370 443 524 480 insulam
556 443 813 490 deportandum
844 449 987 490 putent,
1026 444 1095 479 hoc
1129 444 1246 488 ipsum

165 488 338 525 adnotare
374 489 547 531 debeant,
589 499 718 525 nomen
759 500 842 525 vero
880 490 978 525 eius¹
1018 488 1246 524 scribendum

164 533 334 580 principi,
364 538 407 569 ut
427 534 465 569 in
487 533 642 570 insulam
666 534 891 579 deportetur:
924 534 975 569 sic
999 533 1126 569 deinde
1148 533 1246 579 prin-

165 578 238 624 cipi
254 578 412 615 scribere
430 578 540 614 missa
558 579 666 624 plena
684 579 860 625 opinione,
885 583 926 614 ut
973 579 1116 623 rinceps
1139 578 1245 614 aesti-

166 627 257 667 met,
287 634 335 659 an
365 623 548 669 sequenda
571 624 619 659 sit
642 624 717 660 eius
741 624 917 660 sententia
940 591 1188 668 ‹seponarique
1210 623 1246 658 in

164 668 319 704 insulam
343 669 482 704 debeat.
529 668 634 704 modo
658 673 778 704 autem
800 674 978 714 tempore,
1011 668 1095 703 dum
1119 669 1245 704 scribi-

166 717 186 749 2
233 717 304 755 tur,
327 714 451 749 iubere
474 724 555 749 eum
578 714 686 750 debet
706 714 743 749 in
768 724 912 750 carcere
935 724 1025 749 esse.
1072 713 1245 749 Decurio-

166 768 229 794 nes
254 758 450 794 civitatium
472 762 620 804 propter
644 759 813 804 capitalia
837 758 983 794 crimina
1007 758 1246 804 deportandos

165 804 221 839 vel
253 803 463 849 relegandos
501 804 573 840 divi
610 804 739 840 fratres
776 803 1047 848 rescripserunt.
1096 803 1247 848 denique

165 848 328 901 Priscum
357 849 393 884 in
426 848 616 885 homicidio
641 849 873 902 'et-incendio
904 848 1136 901 nominatim²
1164 852 1247 883 ante

165 893 1246 990 2⁰3⁸}‘2220'zt‘2nfffiffiwffiffi‘ti-ffiaeiffoefiusfg:

163 987 328 1028 gatorum
352 983 423 1019 duo
446 985 621 1029 genera’:
654 988 738 1019 sunt
760 983 921 1028 quidam,
953 994 1012 1028 qui
1035 983 1073 1018 in
1095 983 1247 1019 insulam

164 1029 386 1074 relegantur,
420 1034 523 1072 sunt,
554 1030 614 1074 qui
643 1029 866 1075 simpliciter,
904 1032 946 1063 ut
973 1028 1165 1073 provinciis
1196 1029 1247 1063 eis

169 1077 182 1108 1
232 1073 476 1117 interdicatur,
500 1085 573 1110 non
596 1074 702 1110 etiam
724 1074 843 1108 insula
865 1073 1083 1118 adsignetur.
1128 1073 1170 1108 In
1193 1074 1246 1108 in-

164 1119 280 1154 sulam
302 1119 460 1164 relegare
483 1119 665 1164 praesides
714 1118 892 1154 rovinciae
915 1122 1084 1163 possunt,
1115 1118 1168 1153 sic
1191 1122 1246 1153 ta-

164 1167 354 1244 ?aneult’
385 1164 418 1200 ⁸³
439 1164 763 1244 ·‘¹¹¹5‘¹Z¹¹¹fi¹¹⁸2131¹¹¹
786 1163 1170 1244 {itinseetssssbmssassd
1183 1166 1249 1243 :53²

163 1220 584 1298 fflmpgovgzmgam
594 1220 846 1299 40Γιιεῖιεείιιῖἰιει·
874 1220 1028 1289 ἰιιῐὲιιΙαῐιι
1047 1220 1248 1298 qadsignare

163 1298 305 1345 possint
325 1299 432 1344 inque
462 1309 541 1334 eam
571 1300 746 1352 relegare,
778 1298 832 1334 sin
863 1309 947 1334 vero
975 1309 1050 1334 non
1079 1299 1247 1340 habeant,

166 1344 397 1390 pronuntient
419 1344 560 1389 quidem
583 1344 619 1379 in
642 1345 795 1379 msulam
819 1354 857 1379 se
879 1344 953 1379 rele
1000 1354 1055 1387 re,
1087 1344 1249 1379 scribant

163 1392 285 1424 autem
313 1389 538 1435 imperatori,
568 1392 610 1424 ut
639 1388 716 1434 ipse
746 1389 899 1424 insulam
930 1399 953 1424 a
978 1388 1104 1434 signet.
1153 1392 1246 1424 cete-

164 1445 244 1470 rum
265 1444 339 1470 nou
360 1438 512 1479 possunt
535 1434 705 1469 damnare
727 1433 764 1469 in
788 1444 866 1469 eam
888 1434 1053 1476 insulam,
1081 1444 1188 1479 quam
1210 1434 1248 1468 in

164 1489 208 1515 ea
246 1479 431 1525 provincia
468 1479 526 1514 cui
562 1482 737 1524 praesunt
775 1490 848 1514 non
886 1479 1053 1514 habeant.
1106 1479 1248 1514 interim

163 1524 284 1570 quoad
313 1524 361 1559 im
387 1527 507 1560 erator
533 1524 687 1560 insulam
715 1523 894 1576 adsignet,
925 1524 1030 1559 militi
1053 1524 1247 1560 tradendus

164 1572 185 1604 2
232 1573 288 1605 est
317 1579 357 1605 re
436 1573 507 1605 tus.
553 1569 653 1605 Haec
683 1573 741 1605 est
771 1568 971 1604 differentia
1001 1569 1095 1604 inter
1118 1569 1246 1614 depor-

163 1617 259 1650 tatos
289 1617 325 1649 et
354 1624 393 1650 re
407 1618 530 1659 egatos
539 1616 563 1657 ⁵,
596 1614 693 1660 quod
722 1614 760 1649 in
789 1613 943 1649 insulam
970 1614 1120 1659 relegari
1142 1619 1178 1650 et
1201 1614 1248 1649 ad

163 1662 184 1695 3
231 1663 372 1704 tempus
401 1663 438 1695 et
464 1659 502 1694 in
530 1663 743 1705 perpetuum
775 1659 855 1705 quis
883 1663 1014 1704 potest.
1068 1659 1172 1695 “Sive
1201 1660 1248 1694 ad

163 1708 305 1750 tempus
334 1704 407 1740 sive
435 1704 474 1740 in
504 1708 717 1751 perpetuum
747 1704 827 1750 quis
849 1704 959 1740 fuerit
979 1704 1033 1740 rel
1078 1707 1179 1747 atus,
1212 1708 1249 1740 et

163 1749 345 1785 civitatem
367 1749 568 1785 Romanam
598 1749 730 1786 retinet
758 1753 795 1785 et
825 1749 1029 1785 testamenti

163 1798 185 1830 4
232 1806 304 1830 non
322 1794 464 1830 amittit.
499 1794 559 1847 Ad
577 1797 719 1847 tempus
738 1794 904 1848 relegatis
924 1804 1040 1861 neq'ue
1058 1798 1136 1847 tota
1154 1795 1250 1830 bona

162 1843 452 1937 ffiifflffimm,
455 1839 763 1938 ..mettis
786 1839 1249 1927 {satissime

163 1941 225 2010 331¹
241 1929 657 2027 samm&
668 1930 1249 2027 ffi‘ffiirussssfflmsssffifflss

164 2023 184 2055 5
231 2030 326 2074 quae
344 2023 396 2056 ita
414 2024 500 2056 sunt
518 2020 693 2065 prolatae.
731 2020 800 2055 Est
819 2020 998 2065 quoddam
1016 2030 1129 2065 genus
1170 2031 1251 2056 uasl

163 2065 224 2101 in⁸
238 2065 394 2101 insulam
407 2065 635 2110 relegationis
643 2066 658 2086 ⁹
671 2065 708 2100 in
722 2065 906 2111 provincia
914 2066 1075 2110 Aegypto
1092 2065 1130 2100 in
1171 2066 1249 2101 asin

163 2114 186 2146 6
231 2110 400 2155 relegare.
450 2110 551 2146 Sicut
579 2114 700 2146 autem
727 2110 884 2155 relegare
913 2110 952 2145 in
973 2110 1128 2146 insulam
1152 2110 1248 2156 quis-

163 2166 287 2201 quam,
318 2165 411 2200 quae
440 2166 515 2192 non
545 2159 601 2191 est
627 2155 694 2191 sub
718 2165 776 2198 se,
808 2166 882 2191 non
904 2158 1039 2200 potest,
1071 2155 1123 2190 ita
1145 2166 1190 2191 ne
1213 2156 1250 2190 in

164 2200 383 2246 provinciam
438 2200 557 2236 uidem
587 2200 768 2246 relegandi
796 2200 853 2236 ius
882 2200 1010 2243 habet,
1051 2210 1143 2245 quae
1177 2211 1250 2236 non

164 2249 220 2282 est
242 2246 309 2281 sub
333 2255 390 2281 se:
414 2211 509 2281 arte
532 2255 677 2291 praeses
701 2245 826 2291 Syriae
848 2245 887 2280 in
906 2244 1151 2280 Macedoniam
1176 2256 1250 2281 non

165 2294 183 2325 7
230 2290 415 2336 relegabit.
462 2290 534 2326 Sed
558 2294 660 2326 extra
682 2290 903 2335 provinciam
925 2300 1028 2326 suam
1049 2294 1170 2336 potest
1192 2301 1248 2326 re-

164 2338 186 2371 8
233 2335 362 2381 legare.
409 2335 500 2371 Item
526 2335 565 2371 in
592 2338 698 2381 parte
729 2338 828 2371 certa
857 2335 1062 2380 provinciae
1090 2339 1248 2371 moratu-

165 2392 244 2417 rum
273 2380 433 2425 relegare
463 2383 602 2426 potest,
640 2383 683 2416 ut
715 2379 810 2416 forte
842 2391 916 2416 non
945 2380 1097 2416 excedat
1127 2380 1250 2416 civita-

163 2429 236 2463 tem
258 2425 415 2471 aliqfflm
438 2426 495 2462 vel
515 2425 695 2471 regionem
707 2426 735 2448 ¹⁰
763 2425 920 2471 aliquam
941 2436 1015 2461 non
1037 2425 1249 2470 egrediatur.

165 2474 187 2507 9
233 2470 305 2507 Sed
334 2474 370 2507 et
398 2471 437 2507 in
468 2481 529 2506 eas
559 2474 682 2516 partes
710 2470 933 2516 provinciae,
966 2480 1059 2516 quae
1080 2474 1166 2506 sunt
1188 2470 1249 2506 de-

167 2519 209 2552 10
254 2516 441 2559 sertiores,
466 2516 541 2552 scio
564 2515 746 2562 praesides
771 2515 894 2551 solitos
917 2515 1087 2561 relegare.
1133 2515 1249 2552 Inter-

164 2561 283 2598 dicere
313 2565 434 2597 autem
463 2561 542 2606 quis
574 2571 617 2597 ea
648 2561 832 2606 provincia
859 2563 980 2606 potest
1011 2571 1118 2606 quam
1148 2561 1249 2606 regit,

165 2606 238 2643 alia
272 2617 346 2642 non
385 2610 520 2651 potest:
560 2609 596 2642 et
629 2605 683 2641 ita
713 2605 784 2641 divi
813 2605 945 2642 fratres
976 2606 1249 2651 rescripserunt.

165 2651 260 2688 unde
283 2651 483 2694 eveniebat,
515 2654 571 2694 ut,
604 2651 666 2703 qui
693 2651 873 2696 relegatus
904 2655 1001 2686 esset
1030 2651 1077 2686 ab
1100 2661 1144 2687 ea
1165 2662 1249 2697 pro-

166 2696 292 2739 vincia,
316 2696 354 2731 in
377 2706 447 2742 qua
469 2696 685 2732 domicilium
707 2696 845 2737 habuit,
869 2695 1001 2731 morari
1024 2695 1121 2741 apud
1143 2695 1249 2742 origi-

165 2751 247 2778 nem
278 2751 380 2776 suam
410 2745 544 2786 posset.
591 2741 654 2777 sed
683 2740 880 2786 imperator
909 2744 1032 2777 noster
1063 2751 1145 2776 cum
1170 2741 1250 2777 divo

166 2790 270 2832 patre
292 2796 358 2822 suo
381 2785 466 2821 huic
488 2786 540 2821 rei
562 2785 804 2831 providerunt.
850 2785 990 2822 Maecio
1015 2785 1108 2821 enim
1130 2785 1249 2822 Probo

166 2830 322 2877 praesidi
335 2832 362 2852 ¹¹
389 2831 600 2884 provinciae
627 2831 823 2877 Hispaniae
853 2830 1114 2876 rescripserunt
1145 2831 1251 2867 etiam

167 2886 210 2912 ea
238 2875 423 2922 provincia
450 2876 629 2920 interdici,
659 2876 755 2912 unde
784 2875 864 2922 quis
895 2875 1069 2912 oriundus
1099 2879 1174 2918 est,
1203 2877 1250 2913 ab

166 2931 209 2957 eo
241 2921 302 2967 qui
396 2921 423 2955 't
453 2930 532 2956 eam
560 2921 799 2966 provinciam,
829 2921 893 2958 ubi
923 2921 1003 2966 quis
1034 2921 1251 2957 domicilium

166 2966 286 3003 habet.
332 2931 406 3002 ἒξ
420 2968 459 3002 ει
479 2976 560 3009 εοε,
608 2966 664 3008 ui,
690 2977 771 3002 cum
793 2966 934 3003 incolae
955 2976 1030 3002 non
1052 2970 1190 3009 essent,
1212 2966 1251 3003 in

167 3021 211 3047 ea
238 3011 423 3058 provincia
454 3010 540 3056 quid
621 3011 799 3054 miserint,
836 3022 990 3058 aequum
1025 3015 1081 3047 est
1114 3011 1162 3047 ad
1194 3022 1251 3048 re-

172 3060 207 3091 11
258 3055 383 3101 scripti
412 3056 662 3092 auctoritatem
689 3056 881 3109 pertinere.
935 3056 1148 3093 Dubitatum
1184 3060 1249 3100 est,

166 3111 215 3137 an
240 3101 453 3137 interdicere
484 3101 564 3146 quis
593 3101 700 3136 alicui
730 3102 845 3147 possit
873 3102 1074 3155 provincia,
1110 3102 1149 3137 in
1179 3112 1251 3147 qua

167 3145 339 3183 oriundus
371 3149 443 3189 est,
476 3156 556 3182 cum
578 3146 656 3191 ipse
679 3145 711 3181 ei
734 3147 936 3191 provinciae
958 3147 1110 3193 praesit,
1143 3157 1251 3192 quam

167 3190 302 3233 incolit,
326 3191 411 3226 dum
429 3201 497 3227 sua
515 3202 589 3228 non
606 3190 797 3233 interdicit,
823 3195 864 3226 ut
883 3191 1000 3228 solent
1017 3191 1124 3228 Italia
1142 3192 1250 3227 inter-

168 3235 302 3280 dicere,
331 3236 392 3281 qui
422 3235 541 3290 patr-la
568 3246 641 3273 non
663 3236 898 3272 interdicunt:
927 3237 984 3273 vel
1006 3247 1054 3272 au
1075 3247 1141 3283 per
1164 3247 1249 3273 con-

168 3281 371 3326 sequentias
405 3281 570 3317 videatur
597 3281 704 3317 etiam
732 3282 936 3326 provinciae
949 3283 977 3303 ¹²
1011 3281 1250 3325 interdixisse,

171 3328 212 3362 12
259 3325 322 3378 cni
341 3330 494 3371 praeest.
541 3326 638 3379 quod
667 3326 789 3378 magis
810 3326 877 3378 erit
899 3326 1133 3371 probandum.
1180 3326 1251 3363 Per

168 3374 385 3408 contrarium
408 3375 528 3407 autem
549 3382 592 3414 ιε,
619 3371 682 3417 qui
703 3381 847 3416 ongmls
869 3371 1074 3416 provinciae
1095 3376 1249 3417 praeest,

167 3426 241 3452 non
263 3420 319 3453 est
340 3419 493 3453 nanctus
514 3416 572 3452 ius
595 3415 828 3453 interdicendi
850 3426 895 3452 ea
916 3416 1118 3462 provincia,
1142 3427 1251 3462 quam

172 3463 211 3495 13
258 3460 382 3497 incolit
403 3461 434 3497 is
459 3461 520 3506 qui
543 3461 732 3507 relegatur.
773 3460 812 3497 Si
834 3460 914 3507 quis
936 3471 1015 3497 eam
1039 3462 1250 3498 sententiam

1073 1749 1249 1785 actionem

166 3577 207 3617 (1)
231 3575 390 3610 aduente
402 3574 523 3609 debent
533 3575 668 3609 nomine
679 3574 751 3608 eius
761 3587 823 3609 ser.
886 3575 930 3615 (²)
952 3574 1163 3608 nominatum
1175 3575 1248 3609 «dd.

1239 139 1322 186 82⁰

1552 176 1557 181 ι
1575 191 1587 195 g
1656 156 1718 187 ns
1746 155 2028 188 lmnnnwns
2055 157 2112 188 nr
2140 135 2388 189 sunnonis

1313 262 1506 315 admiserit,
1530 268 1571 300 ut
1592 264 1635 308 is,
1658 265 1719 310 qui
1740 266 1777 301 in
1801 266 1873 301 alia
1895 265 2077 311 provincia
2097 266 2282 312 commisit,
2305 277 2388 314 pos·

1314 313 1359 344 sit
1382 308 1532 354 relegari
1555 310 1602 346 ab
1625 320 1667 346 eo
1690 311 1751 356 qui
1773 311 1806 347 ei
1828 311 2030 356 provinciae
2052 314 2211 356 praeest:
2242 312 2388 356 eveniet,

1313 357 1356 388 ut
1389 354 1566 399 relegatus
1599 354 1667 390 iste
1704 355 1819 392 tribus
1856 355 2044 401 provinciis
2078 359 2222 401 praeter
2249 356 2390 392 Italiam

1314 398 1442 434 debeat
1465 399 1662 441 abstinere,
1692 403 1728 435 et
1754 400 1793 436 in
1819 411 1890 445 qua
1913 400 2060 446 deliquit
2080 405 2118 436 et
2138 411 2246 445 quam
2267 401 2391 438 incolit

1314 447 1350 479 et
1372 443 1528 488 originis.
1564 448 1601 480 et
1622 444 1654 480 si
1675 454 1721 480 ex
1743 444 1890 482 diversis
1913 445 2102 490 provinciis
2125 446 2210 481 oriri
2230 445 2391 482 videatur

1313 492 1460 568 {uma
1475 489 1727 580 sauses
1740 490 1929 580 {sess
1949 490 2206 580 {elstane
2220 494 2390 571 seez·

1319 581 1356 612 14
1403 582 1479 614 tum
1504 579 1537 614 ei
1560 579 1729 615 dicemus.
1773 579 1992 624 Quibusdam
2014 584 2133 615 tamen
2181 580 2391 624 raesidibus,

1314 627 1354 658 ut
1371 623 1491 660 multis
1508 624 1698 669 provinciis
1716 624 1929 660 interdicere
1946 625 2094 670 possint,
2118 591 2294 661 insultum
2317 629 2390 661 est:

1318 672 1355 702 15
1405 672 1445 703 ut
1467 669 1691 714 praesidibus
1707 669 1900 714 Syriarum,
1926 669 1989 705 sed
2006 674 2044 705 et
2056 670 2261 706 Daciarum.
2298 670 2391 706 Con-

1314 713 1477 748 stitutum
1501 724 1593 756 eum,
1618 714 1676 749 cui
1698 714 1816 758 patria
1838 714 2066 750 interdictum
2088 719 2153 758 est,
2177 716 2284 750 etiam
2303 715 2393 751 urbe

1315 758 1492 794 abstinere
1524 759 1670 794 debere:
1712 763 1838 794 contra
1869 763 1988 794 autem
2017 759 2047 795 si
2078 760 2136 795 cui
2165 761 2253 796 urbe
2284 759 2394 795 fuerit

1313 802 1558 846 interdictum,
1587 804 1705 849 patria
1728 814 1794 839 sua
1817 804 2044 839 interdictum
2066 814 2138 839 non
2160 805 2310 840 videtur.
2355 809 2394 840 et

1321 851 1359 883 16
1404 848 1456 884 ita
1478 849 1599 902 multis
1623 849 1936 901 constitutionibus
1961 852 2116 902 cavetur.
2151 849 2268 904 SiOcui
2287 849 2395 902 plane

1315 893 2394 991 ἓξὲιῖρῗιῖιᾞῗθίῗῗαῗᾱθιῗὲἓῧζ,ἑζῗὲΐηέξὲξὶἶωυὲὲξ

1320 987 1356 1018 17
1404 983 1630 1019 interdictum
1653 984 1831 1020 dicamus:
1861 984 1957 1029 quod
1980 984 2091 1028 magis
2115 988 2178 1020 est.
2226 984 2311 1026 His,
2335 984 2395 1029 qui

1315 1028 1534 1074 relegantur,
1564 1029 1639 1064 dies
1664 1029 1855 1064 excedendi
1879 1039 1901 1064 a
1923 1029 2147 1074 praesidibus
2170 1028 2249 1064 dari
2271 1032 2308 1065 et
2329 1039 2393 1074 po·

1315 1078 1387 1109 test
1408 1078 1444 1108 ει
1467 1074 1573 1109 solet:
1600 1074 1727 1109 etenim
1750 1075 1859 1110 moris
1883 1078 1936 1109 est
1960 1074 2011 1109 ita
2034 1074 2258 1119 pronuntiari
2285 1074 2394 1109 ‘illum

1317 1119 1511 1164 ‘provincia
1528 1119 1590 1154 illa
1608 1119 1804 1164 insulisque
1823 1119 1874 1155 eis
1887 1120 1914 1140 ¹⁴
1937 1119 2055 1164 relego
2075 1118 2315 1164 excedereque
2333 1118 2393 1154 de-

1320 1168 1358 1198 18
1407 1164 1517 1199 ‘bebit
1538 1164 1633 1199 intra
1655 1164 1755 1199 illum
1779 1163 1894 1199 diem'.
1934 1164 2143 1208 Relegatum
2165 1164 2271 1209 plane
2293 1163 2393 1199 libel-

1315 1209 1389 1244 lum
1403 1210 1429 1230 ¹⁵
1450 1209 1535 1244 dare
1552 1209 1705 1254 principi
1719 1210 1746 1230 ¹⁶
1765 1219 1870 1254 posse
1888 1208 1959 1244 divi
1976 1208 2105 1244 fratres
2124 1209 2236 1244 rescri
2262 1212 2393 1244 serunt.

1320 1258 1358 1288 19
1407 1254 1504 1289 Solet
1526 1258 1714 1299 praeterea
1735 1254 1899 1290 interdici
1927 1254 2143 1289 sententia¹⁷
2172 1253 2232 1298 qui
2258 1254 2395 1295 usdam,

1315 1310 1360 1334 ne
1383 1299 1478 1334 intra
1502 1299 1640 1344 patriae
1663 1299 1881 1335 territorium
1904 1299 1960 1334 vel
1983 1309 2102 1334 muros
2126 1302 2327 1335 morentur:
2352 1308 2397 1334 ne

1315 1344 1490 1380 excedant
1520 1344 1672 1390 patriam
1703 1345 1758 1380 vel
1786 1344 1823 1379 in
1852 1344 1938 1379 vicis
1969 1343 2179 1396 quibusdam
2202 1346 2395 1380 morentur.

1316 1391 1358 1424 20
1407 1389 1504 1424 Solet
1535 1389 1786 1425 decurionibus
1819 1388 1942 1425 ordine
1972 1388 2138 1424 interdici
2159 1388 2216 1425 vel
2238 1388 2286 1424 ad
2307 1392 2395 1424 tem-

1317 1437 1357 1469 21
1406 1445 1474 1479 pus
1499 1434 1554 1469 vel
1575 1434 1614 1469 in
1637 1438 1859 1480 perpetuum.
1898 1433 1988 1470 Item
2010 1437 2131 1479 potest
2153 1433 2260 1469 alicui
2282 1443 2399 1487 poena

1315 1479 1460 1523 iniungi,
1486 1490 1531 1515 ne
1553 1479 1708 1515 honores
1732 1478 1970 1524 adipiscatur:
1995 1489 2063 1514 nec
2086 1489 2129 1514 ea
2151 1489 2208 1514 res
2231 1478 2330 1521 facit,
2357 1482 2398 1514 ut

1318 1524 1461 1559 decurio
1486 1534 1564 1560 esse
1581 1524 1730 1567 desinat,
1756 1535 1837 1560 cum
1853 1523 1932 1559 fieri
1948 1524 2072 1569 possit,
2097 1526 2138 1558 ut
2154 1523 2233 1568 quis
2252 1523 2397 1560 decurio

1317 1569 1460 1613 quidem
1484 1570 1542 1612 sit,
1567 1569 1612 1605 ad
1635 1570 1788 1605 honores
1813 1573 1932 1605 autem
1954 1579 2026 1605 non
2050 1568 2267 1604 admittatur.
2314 1578 2397 1604 nam

1317 1618 1354 1650 et
1383 1618 1528 1650 senator
1558 1615 1637 1660 quis
1669 1625 1745 1650 esse
1775 1617 1896 1659 potest
1929 1618 1967 1650 et
1995 1617 2115 1650 tamen
2142 1614 2295 1650 honores
2325 1624 2398 1649 non

1318 1662 1360 1694 22
1408 1663 1569 1705 repetere
1583 1661 1622 1695 ¹⁸.
1668 1660 1794 1695 Potest
1821 1659 1930 1695 alicui
1957 1662 1994 1694 et
2023 1670 2117 1695 unus
2144 1659 2260 1695 honor
2287 1659 2396 1694 inter-

1318 1704 1406 1747 dici,
1441 1705 1493 1740 sic
1521 1708 1658 1747 tamen,
1690 1708 1749 1746 ut,
1781 1704 1813 1740 si
1836 1704 1895 1740 cui
1916 1704 2053 1740 honore
2075 1714 2147 1740 uno
2170 1703 2398 1739 interdictum

1318 1749 1376 1791 sit,
1399 1760 1471 1785 non
1495 1753 1634 1785 tantum
1657 1760 1737 1785 eum
1761 1749 1931 1785 honorem
1955 1753 2076 1828 petere
2099 1759 2172 1785 non
2190 1749 2315 1795 possit,
2338 1758 2396 1784 ve-

1318 1805 1397 1829 rum
1428 1805 1473 1830 ne
1503 1805 1566 1830 eos
1599 1806 1758 1840 quoque,
1792 1794 1853 1839 qui
1883 1804 1926 1830 eo
1981 1804 2091 1830 onore
2117 1794 2271 1830 maiores
2294 1797 2396 1830 sunt:

1316 1843 1372 1875 est
1410 1840 1502 1875 enim
1539 1850 1712 1885 perquam
1749 1839 1939 1875 ridiculum
1970 1849 2068 1882 eum,
2105 1839 2168 1884 qui
2203 1839 2398 1875 minoribus

1317 1894 1455 1930 poenae
1484 1895 1596 1920 causa
1625 1884 1826 1930 prohibitus
1858 1884 1920 1927 sit,
1952 1883 1999 1919 ad
2026 1883 2179 1920 maiores
2201 1883 2396 1929 adspirare.

1318 1930 1511 1966 maioribus
1534 1933 1654 1966 tamen
1676 1930 1877 1975 prohibitus
1898 1930 2054 1966 minores
2077 1933 2198 1974 petere
2219 1939 2292 1965 non
2313 1939 2397 1975 pro-

1317 1975 1472 2010 hibetur.
1521 1975 1584 2011 sed
1609 1975 1818 2010 muneribus
1841 1975 1872 2010 si
1895 1975 1974 2019 quis
1996 1984 2135 2020 poenae
2158 1984 2268 2010 causa
2289 1973 2400 2010 fuerit

1318 2019 1538 2065 prohibitus,
1570 2020 1657 2055 nihil
1685 2020 1818 2056 valebit
1845 2019 2037 2056 sententia:
2069 2029 2184 2065 neque
2213 2019 2306 2055 enim
2332 2020 2396 2055 im-

1317 2065 1526 2101 munitatem
1549 2075 1665 2111 poena
1686 2065 1845 2100 tribuere
1866 2064 1984 2100 debet.
2033 2075 2116 2110 ergo
2143 2067 2178 2100 et
2201 2064 2233 2100 si
2254 2064 2397 2100 honori-

1318 2111 1386 2146 bus
1417 2110 1497 2155 quis
1526 2110 1564 2145 in
1592 2120 1744 2156 poenam
1774 2109 1884 2145 fuerit
1910 2110 2127 2155 prohibitus,
2156 2110 2288 2155 poterit
2316 2109 2398 2152 dici,

1318 2156 1349 2191 si
1379 2155 1533 2192 honores
1561 2155 1621 2191 isti
1651 2155 1855 2191 habuerunt
1891 2155 2037 2190 mixtam
2070 2155 2228 2191 muneris
2257 2164 2398 2200 gravem

1317 2201 1365 2235 im
1391 2210 1524 2244 ensam,
1548 2200 1731 2235 infamiam
1753 2200 1804 2235 illi
1827 2199 1874 2235 ad
1896 2200 1966 2235 hoc
1989 2211 2062 2236 non
2084 2199 2327 2245 profuturam:

1365 2211 1389 2283 ἕ
1422 2245 1658 2281 Maecium
1688 2246 1779 2281 libro
1809 2245 1965 2281 secundo
1988 2245 2220 2292 publicorum
2250 2244 2398 2281 iudicio-

1317 2302 1397 2326 rum
1444 2290 1507 2326 sed
1529 2290 1666 2326 honore
1689 2290 1832 2335 quidem
1852 2290 1954 2326 illum
1975 2290 2091 2326 arceri
2112 2293 2214 2335 puto,
2240 2293 2399 2326 ceterum

1317 2336 1363 2371 im
1388 2335 1495 2381 ,endis
1518 2335 1647 2371 debere
1669 2339 1866 2380 praestare.

1364 2346 1389 2419 ὅ
1425 2380 1620 2416 Ulmanus
1650 2380 1741 2416 libro
1773 2380 1909 2416 decimo
1939 2379 1985 2415 de
2014 2379 2141 2425 officio
2166 2379 2400 2426 proconsulis

1317 2426 1442 2506 Podtest
1463 2435 1609 2470 praeses
1634 2425 1809 2470 quendam
1832 2425 2013 2467 damnare,
2036 2435 2082 2460 ne
2105 2424 2209 2460 domo
2228 2434 2296 2460 sua
2314 2435 2399 2470 pro-

1319 2482 1358 2507 ce
1385 2474 1439 2506 at:

1367 2515 1417 2554 10
1432 2516 1460 2537 ¹⁰
1483 2514 1746 2551 *MARCJANUS
1766 2514 1856 2551 libro
1879 2514 2036 2551 secundo
2052 2513 2283 2561 publicorum
2306 2513 2399 2550 iudi-

1318 2562 1485 2598 *ciorum
1531 2570 1598 2596 nec
1619 2563 1750 2603 tamen,
1774 2570 1820 2596 ne
1842 2559 2061 2596 necessarias
2078 2558 2127 2594 im
2274 2557 2397 2595 faciat.

1366 2604 1413 2643 11
1442 2608 1462 2629 *
1477 2605 1671 2642 Uipsanas
1691 2605 1782 2641 libro
1803 2605 1939 2642 decimo
1962 2604 2008 2640 de
2025 2604 2152 2650 afficto
2160 2604 2399 2658 proconsulis

1318 2650 1529 2719 ¹{Interdum
1559 2650 1766 2704 pecuniaria¹
1794 2660 1911 2696 poena
1938 2650 2119 2703 irrogatur
2144 2648 2189 2685 iis
2241 2648 2280 2684 ui
2306 2648 2397 2686 rele-

1319 2699 1698 2786 .}?‘331‹1⁸2¹{⁸fi⁰¹ffi¹1¹²3{·
1711 2695 2058 2793 fflufflnussfissmen
2109 2704 2202 2785 {aa
2224 2742 2319 2775 „m
2327 2698 2397 2739 ω’

1368 2784 1418 2823 12
1438 2785 1693 2822 *Mammas
1708 2786 1799 2821 labro
1819 2810 2398 2822 .........................

1318 2831 1416 2884 *Qui
1429 2830 1560 2885 ‚patria
1588 2830 1765 2876 relegatus
1796 2841 1867 2867 non
1897 2829 2053 2873 excedit,
2083 2828 2132 2865 ad
2154 2832 2293 2875 tempus
2314 2839 2398 2875 pro·

1319 2879 1476 2944 *vmcla*
1485 2876 1674 2921 relegatur.

1319 2919 1418 3002 *ἐξ
1449 2920 2399 3017 ..²³3¹“ss‘25022‘33'0ms11n33450223mmffi

1319 2978 1537 3054 *nonfficea
1562 3021 1644 3047 cum
1665 3020 1711 3046 ne
1733 3012 1886 3055 patrono
1909 3009 2053 3055 quidem
2074 3019 2151 3045 eius
2173 3009 2291 3045 liceat.

1367 3055 1419 3094 14
1439 3055 1661 3093 *ΠιΡιΑΝυε
1676 3055 1768 3092 libro
1787 3079 2397 3091 ..........................

1318 3101 1542 3146 *Relegatus
1566 3104 1623 3136 est
1643 3100 1674 3136 is
1698 3100 1757 3135 cui
1779 3099 2001 3135 interdicitur
2023 3098 2206 3145 provincia
2227 3101 2292 3134 aut
2307 3098 2398 3134 urbe

1322 3150 1336 3182 1
1387 3145 1723 3183 *continentibusve
1740 3144 1777 3180 in
1794 3148 2007 3190 perpetuum
2026 3144 2081 3180 vel
2099 3143 2147 3180 ad
2162 3147 2314 3189 tempus.
2348 3142 2397 3178 Et

1318 3191 1498 3227 *multum
1533 3190 1682 3226 interest
1715 3190 1808 3225 inter
1838 3190 2086 3243 relegationem
2117 3192 2154 3224 et
2180 3188 2396 3234 deportatio·

1318 3238 1446 3273 *nem:
1478 3246 1562 3272 nam
1592 3234 1791 3280 deportatio
1823 3238 1860 3270 et
1887 3234 2066 3270 civitatem
2087 3237 2124 3270 et
2145 3233 2241 3270 bona
2263 3232 2396 3277 adimit,

1318 3282 1399 3318 *rel
1467 3281 1518 3317 tio
1535 3284 1728 3325 utrumque
1747 3282 1944 3322 conservat,
1964 3279 2034 3316 nisi
2047 3279 2143 3315 bona
2157 3278 2396 3324 publicentur.

1318 3329 1338 3362 2
1385 3330 1405 3350 ⁸⁸¹
1449 3326 1586 3371 elegare
1611 3329 1767 3377 possunt
1793 3324 1960 3377 princeps
1988 3326 2026 3360 et
2055 3326 2200 3360 senatus
2229 3326 2267 3359 et
2292 3332 2397 3369 prae·

1318 3371 1433 3408 *fecti
1450 3374 1487 3407 et
1609 3370 1683 3406 ides
1702 3370 1973 3415 provinciarum,
1996 3379 2063 3405 nec
2081 3372 2200 3404 tamen
2220 3368 2395 3404 consules.

1318 3419 1337 3451 3
1386 3416 1483 3461 *Qui
1505 3415 1638 3451 amissa
1661 3415 1803 3451 civitate
1825 3415 1922 3450 bona
1944 3414 2063 3456 habet,
2087 3423 2110 3449 a
2131 3412 2306 3450 creditore
2326 3412 2396 3448 uti-

1316 3461 1442 3498 *libus
1465 3459 1666 3497 actionibus
1690 3460 1909 3497 convenitur.

1317 3575 1530 3608 tronorumve
1544 3573 1713 3607 Βησᾶν-ω
1777 3574 1837 3614 (14)
1861 3572 1933 3606 eius
1944 3572 2026 3606 Hal.
2099 3572 2161 3614 (1⁶)
2183 3569 2225 3605 de
2236 3581 2275 3605 ea
2284 3581 2322 3606 re
2332 3572 2395 3606 ias.

168 3621 213 3662 (3)
237 3622 316 3653 mut
327 3622 386 3654 im.
400 3621 482 3654 Hal.
574 3622 620 3663 (4)
643 3623 677 3653 et
688 3620 771 3663 eam]
785 3620 885 3653 etiam
898 3618 949 3653 F*
1038 3621 1082 3661 (5)
1107 3619 1249 3653 ininsu-
1317 3620 1379 3660 (ιο)
1400 3618 1512 3662 princi
1526 3619 1561 3652 F
1644 3621 1704 3661 (17)
1726 3617 1880 3651 sentiaF
1958 3618 2021 3659 (18)
2044 3626 2113 3650 nou
2124 3617 2394 3660 inrepetaereeer.

168 3664 235 3697 hm
254 3667 314 3699 ine.
410 3666 459 3708 (ο)
482 3667 516 3699 et
534 3667 595 3699 ins.
693 3666 738 3707 (7)
761 3664 895 3708 scriptis
910 3664 945 3698 F
1017 3667 1061 3704 (a)
1086 3665 1122 3697 in
1142 3678 1199 3698 om.
1220 3665 1254 3697 F
1318 3665 1379 3706 (19)
1403 3676 1488 3708 quae
1505 3672 1681 3707 sequuntur
1699 3675 1801 3706 uque
1817 3663 1865 3697 ad
1876 3663 1980 3704 finem
1998 3662 2087 3696 unta·
2102 3662 2221 3695 onina
2236 3662 2271 3696 t‘n
2286 3662 2394 3705 spatio

170 3709 217 3752 (ο)
238 3708 416 3752 legationis
427 3711 461 3743 F
551 3712 611 3751 (ιο)
636 3709 831 3751 religionem
841 3710 876 3743 F
963 3711 1017 3750 (11)
1040 3709 1209 3752 praesidae
1223 3710 1259 3742 F
1318 3721 1420 3743 vacuo
1428 3709 1627 3754 paginarum
1641 3715 1792 3753 quattuor
1802 3708 1836 3742 ιὀι
1848 3707 2076 3753 F'ospplaenur
2086 3707 2256 3742 umam
2273 3706 2305 3740 B

170 3755 229 3795 (12)
247 3754 449 3798 provinciae]
461 3755 493 3789 ei
503 3755 694 3797 provinciae
703 3754 764 3796 P,
776 3754 950 3797 provincia
958 3763 998 3788 ea
1005 3766 1059 3789 scr
1115 3755 1174 3796 (13)
1190 3765 1247 3798 pa·
