2528 3918
118 107 356 141 1111111111881
382 85 535 139 msam
559 106 658 140 11011
687 107 824 138 rrum

164 217 214 259 13
238 218 295 256 ΡΔ
302 229 397 256 nas
412 219 502 256 libro
521 219 625 255 tertio
641 218 686 254 de
702 218 890 254 adulteriis
933 217 1038 262 Quod
1057 218 1088 254 si
1105 218 1201 253 intra

116 266 208 302 diem
236 265 494 310 sexagesimum
524 263 809 307 manumiserint,
840 263 908 299 erit
938 274 1061 299 servus
1084 267 1198 299 statu-

115 312 238 347 liber-¹.

163 353 214 393 14
251 354 445 392 ULPIANUS
471 355 561 391 libro
594 356 725 400 quarto
757 353 802 389 de
832 353 1021 389 adulteriis
1067 354 1137 391 sed
1168 353 1200 390 si

115 401 263 437 maritus
286 400 381 436 intra
404 399 662 445 sexagesimum
686 399 779 435 diem
803 398 1012 441 decesserit,
1045 410 1092 435 an
1124 409 1198 435 ma-

115 446 302 482 numittere
325 446 382 481 vel
404 445 561 481 alienare
583 445 655 480 iam
679 445 793 489 possit
815 455 924 490 supra
943 445 1096 490 scriptas
1118 455 1196 490 per-

114 491 253 534 sonas²‚
277 491 469 526 videamus.
507 494 545 526 et
567 500 639 525 non
663 494 750 534 puto
771 499 890 534 posse,
916 491 1074 534 quamvis
1091 501 1198 525 accu-

114 540 233 572 satore
257 536 383 571 mulier
407 535 595 572 deficiatur
617 535 757 578 marito,
783 545 863 570 cum
882 540 985 580 pater
1003 536 1199 571 accusare³

117 586 131 617 1
178 581 304 627 possit.
352 581 403 615 Et
431 580 638 626 simpliciter
666 580 807 625 quidem
831 581 888 615 lex
911 581 1092 616 mulierem
1115 591 1198 625 pro-

113 626 230 663 hibuit
251 626 348 661 intra
371 626 628 670 sexagesimum
652 625 746 661 diem
770 625 912 660 divortii
932 627 1197 661 manumittere:

114 675 133 708 2
184 671 263 708 Sive
285 674 405 707 autem
429 671 571 706 divertit
594 670 666 706 sive
689 671 838 715 repudio
864 670 1008 706 dimissa
1032 672 1094 713 sit,
1124 681 1198 706 ma-

114 721 133 752 3
180 717 351 752 numissio
380 716 602 761 impedietur.
652 715 723 751 Sed
751 716 781 750 si
812 720 925 751 morte
955 717 1073 751 mariti
1101 716 1198 752 solu-

112 766 187 797 tum
217 762 264 797 sit
290 762 552 797 matrimonium
581 761 636 796 vel
665 761 712 796 ali
736 771 784 796 ua
806 772 923 806 poena
947 762 1042 804 eius,
1072 772 1197 796 manu-

113 811 133 843 4
179 807 301 843 missio
333 817 406 842 non
435 806 657 852 impedietur.
715 806 785 841 ..ed
824 810 860 842 et
897 807 927 842 si
958 807 1054 842 bona
1083 807 1199 851 gratia

112 853 242 888 finierit
257 853 532 894 matrimonium,
554 852 693 887 dicetur
710 852 1022 887 manumissionem
1039 852 1095 887 vel
1113 852 1198 888 alie-

113 902 132 933 5
179 897 360 933 nationem
383 908 457 933 non
479 897 651 942 impediri.
700 896 770 932 Sed
798 901 834 932 et
857 898 887 933 si
912 901 1100 933 constante
1123 908 1198 932 ma-

112 943 276 979 trimonio
300 942 444 985 mulier,
470 942 554 978 dum
579 942 767 978 divortium
792 943 941 987 cogitat,
972 943 1199 978 manumittat

112 989 166 1024 vel
195 988 326 1024 alienet
355 992 391 1024 et
418 988 488 1024 hoc
519 987 683 1023 dilucidis
707 988 979 1033 probationibus
1003 988 1113 1024 fuerit
1135 989 1197 1023 ad-

111 1034 320 1079 probatum:
357 1033 459 1079 quasi
494 1033 532 1068 in
561 1033 726 1068 fraudem
755 1033 842 1078 legis
874 1034 943 1069 hoc
973 1033 1110 1069 factum
1141 1034 1197 1076 sit,

113 1084 132 1114 6
179 1089 252 1115 11011
276 1079 381 1115 debet
404 1078 570 1114 alienatio
594 1078 713 1115 valere
735 1079 791 1114 vel
812 1078 1054 1115 manumissio.
1101 1078 1197 1114 Alie-

111 1124 293 1160 nationem
317 1134 456 1160 omnem
480 1124 622 1160 omnino
647 1124 809 1169 accipere
833 1124 1014 1160 debemus.

161 1169 236 1206 15⁴
261 1169 419 1205 PAULUs
439 1170 530 1206 libro
547 1170 671 1224 primo
696 1170 746 1204 ad
769 1170 882 1215 leqem
903 1169 1034 1205 Iuliam
1082 1169 1196 1214 Quae-

111 1216 220 1250 situm
243 1218 312 1258 est,
343 1225 390 1250 an
417 1215 466 1258 is,
497 1225 559 1259 qui
582 1214 778 1250 maiestatis
803 1214 950 1250 crimine
972 1225 1056 1250 reus
1079 1214 1197 1251 factus

111 1261 167 1303 sit,
191 1261 439 1296 manumittere
462 1259 592 1312 possit,
624 1260 791 1305 quoniam
821 1263 904 1296 ante
935 1260 1197 1296 damnationem

111 1306 273 1342 dominus
297 1309 363 1341 est.
401 1309 438 1341 et
459 1309 654 1351 imperator
675 1305 879 1341 Antoninus
905 1305 1099 1351 Calpurnio
1121 1305 1198 1341 Cri-

110 1351 186 1387 toni
208 1351 394 1396 rescripsit
416 1361 461 1386 ex
485 1361 526 1386 eo
549 1354 721 1396 tempore,
746 1361 816 1396 quo
842 1350 920 1396 quis
944 1354 1092 1396 propter
1107 1351 1196 1386 faci-

110 1406 236 1431 norum
259 1406 405 1432 suorum
429 1396 679 1440 cogitationem
709 1396 782 1431 iam
813 1396 858 1431 de
888 1406 1006 1441 poena
1029 1407 1097 1432 sua
1121 1407 1197 1432 cer-

110 1445 168 1476 tus
192 1451 270 1477 esse
294 1444 446 1487 poterat,
471 1441 583 1477 multo
606 1441 706 1486 prius
731 1442 950 1477 conscientia
975 1442 1196 1484 delictorum,

110 1497 215 1532 quam
233 1486 460 1522 damnatione
477 1486 534 1522 ius
552 1486 692 1522 dandae
709 1487 885 1523 libertatis
904 1497 985 1523 eum
1004 1487 1196 1523 amississe.

113 1536 127 1567 1
176 1531 337 1567 Iulianus
362 1532 428 1574 ait,
460 1532 492 1567 si
514 1535 657 1577 postea,
682 1542 789 1577 quam
810 1531 885 1567 filio
909 1532 1072 1577 permisit
1094 1537 1198 1578 pater

108 1577 373 1619 manumittere,
404 1576 500 1613 filius
528 1577 696 1622 ignorans
727 1581 868 1623 patrem
897 1578 1093 1614 decessisse
1123 1589 1196 1613 ma-

108 1623 254 1658 numisit
282 1622 456 1667 vindicta,
487 1633 560 1658 non
589 1622 668 1658 fieri
699 1633 780 1658 eum
811 1623 974 1659 liberum.
1022 1623 1086 1659 sed
1110 1627 1145 1659 et
1168 1624 1199 1659 si

107 1668 193 1703 vivit
214 1671 319 1713 pater
341 1671 378 1703 et
399 1668 564 1703 voluntas
584 1672 722 1703 mutata
739 1668 817 1711 erit,
841 1679 915 1704 non
929 1668 1042 1704 videri
1057 1669 1198 1705 volente

108 1717 211 1758 patre
233 1713 345 1748 filium
368 1713 644 1749 manumississe.

157 1756 209 1797 16
234 1757 342 1794 IDEM
361 1758 451 1794 libro
476 1759 579 1794 tertio
604 1759 653 1793 ad
670 1758 721 1794 le(
729 1770 783 1794 em
797 1759 936 1795 Aeliam
951 1758 1113 1795 Sentium
1149 1759 1196 1803 Si,

110 1814 191 1840 cum
219 1803 493 1839 fideicommissa
520 1803 668 1840 libertas
726 1805 891 1849 ebeatur‚
929 1804 1046 1841 minor
1076 1805 1198 1850 viginti

109 1849 211 1885 annis
235 1859 377 1885 servum
398 1849 540 1892 vendat,
571 1853 611 1884 ut
633 1850 916 1892 manumittatur,
941 1850 997 1886 vel
1021 1850 1105 1895 quia
1128 1850 1196 1886 hac

112 1898 127 1929 l
175 1894 252 1940 lege
275 1898 420 1936 emerat,
445 1905 518 1930 non
540 1894 753 1939 impedietur
772 1895 951 1931 alienatio.
990 1895 1029 1931 Si
1045 1898 1196 1949 partem,

108 1950 215 1985 quam
245 1939 284 1975 in
315 1940 495 1975 communi
525 1950 627 1976 servo
657 1940 767 1975 habet
797 1940 913 1976 minor
935 1941 1059 1986 viginti
1081 1941 1195 1984 annis,

107 1984 379 2020 manumittendi
402 1995 512 2020 causa
535 1984 665 2028 tradat,
690 1985 780 2021 nihil
802 1988 927 2030 aget⁵z
962 1986 1025 2022 sed
1049 1986 1090 2028 si,
1117 1997 1198 2021 cum

106 2031 183 2076 ipse
213 2040 358 2066 causam
387 2030 543 2075 probare
566 2033 707 2075 posset,
737 2031 942 2073 tradiderit,
973 2031 1073 2066 nulla
1096 2031 1197 2067 fraus

108 2079 128 2111 2
175 2075 411 2120 intellegetur.
466 2075 522 2111 Ne
554 2075 632 2120 quis
666 2075 882 2111 creditorum
913 2076 1198 2113 fraudandorum

109 2130 219 2157 causa
247 2131 389 2157 servum
416 2121 659 2165 manumittat,
691 2121 761 2156 hac
784 2121 860 2165 lege
885 2125 1048 2157 cavetur:
1082 2122 1196 2157 credi-

107 2170 205 2203 tores
229 2170 349 2202 autem
372 2166 609 2211 appellantur,
634 2166 764 2211 quibus
786 2177 1010 2212 quacumque
1027 2177 1072 2203 ex
1087 2177 1198 2203 causa

108 2215 128 2247 3
175 2211 271 2247 actio
295 2222 378 2247 cum
400 2211 610 2247 fraudatore
635 2215 826 2257 competat.
866 2212 988 2248 Aristo
1012 2212 1198 2258 respondit

108 2268 130 2292 a
153 2256 315 2293 debitore
336 2255 426 2300 fisci,
452 2257 513 2302 qui
536 2257 704 2293 solvendo
728 2268 803 2297 non
826 2261 914 2300 erat,
938 2258 1197 2293 manumissum

107 2303 158 2338 ita
180 2302 342 2338 revocari
362 2302 400 2337 in
424 2302 630 2338 servitutem
654 2302 794 2346 debere,
820 2303 850 2338 si
866 2313 939 2338 non
956 2303 1018 2338 diu
1032 2303 1071 2338 in
1088 2303 1196 2339 liber-

107 2351 181 2383 tate
203 2347 348 2390 fuisset,
379 2347 417 2382 id
440 2350 496 2383 est
516 2348 615 2383 non⁶
638 2348 755 2383 minus
781 2347 971 2384 decennio:
1003 2348 1110 2394 plane
1142 2359 1196 2392 ea,

108 2403 200 2438 quae
221 2392 261 2428 in
282 2391 446 2428 fraudem
468 2392 547 2428 fisci
570 2393 608 2428 in
631 2393 731 2429 sinus
755 2394 832 2429 eius
857 2393 990 2429 collata
1012 2398 1109 2437 sunt,
1138 2404 1196 2430 re-

107 2441 129 2473 4
175 2437 348 2474 vocanda.
403 2437 442 2474 Si
471 2438 539 2474 sub
571 2438 781 2474 condicione
813 2438 921 2474 alicui
949 2440 1104 2485 pecunia
1135 2439 1196 2475 de-

107 2484 252 2529 beatur,
282 2483 386 2529 quasi
412 2483 600 2519 statuliber
622 2483 692 2519 erit
715 2494 737 2519 a
761 2484 922 2520 debitore
945 2484 1196 2528 manumissus,

108 2532 127 2564 5
174 2531 216 2564 ut
243 2529 398 2575 pendeat
425 2528 574 2564 libertas
603 2539 648 2564 ex
678 2529 898 2565 condicione.
947 2529 984 2566 Si
1011 2530 1197 2566 voluntate

106 2574 220 2619 patris
251 2573 346 2610 filius
371 2573 634 2616 manumiserit‚
666 2574 740 2610 sive
763 2578 868 2619 pater
891 2574 964 2611 sive
987 2575 1082 2611 filius
1106 2576 1198 2611 sciat

106 2618 277 2655 solvendo
301 2621 440 2665 patrem
462 2629 536 2654 non
560 2629 651 2661 esse,
674 2619 824 2656 libertas
847 2620 1073 2665 impedietur.

156 2661 206 2702 17
231 2663 341 2700 IDEM
359 2664 449 2700 libro
467 2664 651 2711 sinqulari
663 2664 707 2699 de
724 2665 950 2700 libertatibus
985 2665 1024 2701 Si
1037 2665 1196 2711 privatus

108 2712 255 2745 coactus
285 2720 308 2744 a
337 2709 472 2754 populo
501 2709 761 2754 manumiserit,
795 2711 954 2763 quamvis
978 2710 1197 2747 voluntatem

107 2754 440 2797 accommodaverit,
463 2757 584 2790 tamen
606 2765 679 2790 non
702 2755 771 2790 erit
792 2755 900 2790 hber:
930 2766 1014 2791 nam
1037 2760 1073 2792 et
1096 2756 1196 2792 divus

107 2799 255 2835 Marcus
285 2800 470 2845 prohibuit
499 2809 544 2835 ex
574 2799 834 2836 adclamatione
857 2801 982 2853 populi
1006 2802 1195 2837 manumit-

112 2849 126 2880 1
175 2848 262 2881 tere.
304 2845 396 2880 Item
417 2855 490 2880 non
513 2844 555 2880 fit
575 2845 677 2889 liber,
702 2845 734 2881 si
755 2849 926 2882 mentitus
951 2846 1126 2890 dominus,
1151 2858 1196 2883 ne

107 2900 131 2926 a
160 2890 426 2936 magistratibus
457 2890 708 2935 castigaretur,
740 2890 828 2926 dixit
857 2901 937 2927 esse
966 2891 1133 2935 liberum,
1166 2892 1197 2928 si

108 2938 129 2971 2
174 2946 248 2972 non
276 2935 346 2970 fuit
375 2935 568 2971 voluntatis
599 2936 881 2972 manumittendi.
930 2937 972 2972 In
1000 2937 1073 2980 his,
1106 2948 1196 2983 quos

106 2981 203 3016 intra
227 2985 325 3017 certa
347 2983 510 3026 tempora
533 2991 606 3016 non
628 2981 713 3017 licet
735 2982 1000 3025 manumittere,
1031 2983 1062 3018 si
1084 2986 1195 3019 testa-

107 3029 225 3061 mento
259 3025 464 3070 acceperint
490 3025 709 3070 libertatem,
747 3037 819 3062 non
856 3028 1060 3064 testamenti
1094 3028 1195 3071 facti,

108 3071 172 3107 sed
203 3071 438 3116 competentis
469 3071 644 3107 libertatis
674 3076 814 3117 tempus
843 3072 1106 3118 inspiciendum
1129 3077 1194 3109 est.

157 3112 208 3154 18
232 3116 340 3151 IDEM
358 3116 449 3153 libro
472 3120 579 3153 sexto
603 3116 739 3152 decimo
763 3117 813 3152 ad
829 3117 1013 3154 Plautium
1049 3118 1086 3154 Si
1101 3130 1196 3154 mor-

108 3161 155 3197 tis
186 3164 256 3196 tem
284 3171 346 3197 ore
377 3161 546 3198 solvendo
578 3161 625 3197 sit
654 3161 853 3205 hereditas,
885 3163 917 3198 si
947 3166 1067 3200 tamen
1092 3166 1195 3200 cum⁷

108 3206 227 3242 aditur
281 3206 402 3242 esierit
429 3217 508 3243 esse
531 3206 718 3249 solvendo,
748 3207 893 3243 libertas
918 3219 940 3244 a
963 3212 1136 3245 testatore
1158 3209 1196 3244 in

108 3251 272 3287 fraudem
296 3251 510 3288 creditorum
533 3252 659 3288 relicta
682 3262 755 3288 non
779 3256 975 3299 competetz
999 3264 1083 3291 nam
1102 3254 1196 3291 sicut

109 3299 216 3333 aucta
237 3296 416 3333 hereditas
439 3297 587 3343 prodest
609 3297 850 3342 libertatibus,
880 3298 933 3334 ita
955 3303 1063 3335 nocet
1086 3300 1194 3336 demi-

112 3345 127 3376 1
179 3344 278 3377 nuta.
326 3341 364 3378 Si
391 3342 440 3386 is,
475 3343 534 3379 cui
560 3343 708 3379 libertas
735 3342 863 3379 relicta
894 3347 965 3387 est,
999 3344 1121 3381 iussus
1150 3345 1197 3381 sit

109 3386 233 3424 heredi
255 3386 342 3423 dare
363 3390 515 3431 tantum,
540 3388 666 3434 quanti
687 3391 759 3431 est,
785 3392 820 3423 et
843 3388 934 3425 liber
955 3400 1050 3433 esse,
1075 3390 1195 3426 videa-

109 3442 201 3476 mus,
225 3442 274 3468 an
296 3431 413 3468 adhuc
435 3432 537 3469 fraus
562 3434 608 3468 sit
632 3433 856 3476 creditorum,
880 3434 965 3479 quia
979 3435 1083 3472 heres
1100 3446 1194 3471 mor-

109 3477 156 3513 tis
180 3487 292 3514 causa
314 3481 528 3524 accepturus
552 3481 618 3522 est,
642 3489 690 3514 an
713 3489 806 3523 vero,
832 3479 863 3515 si
886 3478 978 3516 alius
995 3491 1062 3526 pro
1081 3491 1123 3517 eo
1140 3480 1196 3517 vel

110 3591 150 3632 (1)
174 3589 326 3624 statliber
338 3592 400 3634 ΡΙ,
411 3591 524 3624 statim
535 3591 622 3625 liber
632 3590 686 3625 [³2
777 3593 819 3632 (2)
844 3592 972 3636 possint
983 3603 1083 3637 supra
1093 3595 1197 3638 scrip-

110 3637 164 3668 tae
174 3645 332 3678 personae
344 3649 406 3670 scr.
506 3637 551 3679 (3)
575 3638 764 3670 accusatore
778 3638 814 3670 F
907 3638 950 3679 (4)
975 3640 1022 3673 ad
1035 3643 1051 3679 §
1067 3647 1080 3673 1
1094 3642 1136 3683 cf.
1148 3640 1196 3673 D.

111 3681 166 3721 40,
178 3687 207 3721 2,
220 3687 237 3714 4
281 3707 285 3715 ,
340 3683 383 3723 (5)
408 3682 479 3724 agit
490 3681 542 3715 F2
644 3684 689 3725 (6)
714 3693 783 3716 non
796 3683 857 3716 del.
873 3683 946 3717 edd.
1052 3686 1095 3727 (7)
1121 3695 1196 3718 cum

113 3737 171 3758 om.
183 3724 218 3757 F
341 3727 385 3769 (s)
409 3727 559 3768 quamvis
577 3728 690 3771 postca
707 3728 927 3762 manumissor
946 3727 1080 3763 domino
1100 3730 1196 3764 heres

1189 91 1274 140 637

2128 98 2353 141 XXXXe

1268 218 1344 263 ipse
1368 228 1440 253 non
1463 217 1507 254 de
1530 217 1671 263 peculio
1697 217 1767 261 det,
1792 219 1890 254 nulla
1914 220 1960 256 sit
1982 220 2094 255 fraus.
2128 221 2191 257 sed
2207 220 2237 256 si
2253 221 2355 258 heres

1268 263 1428 308 locuples
1452 274 1525 298 non
1549 262 1693 308 proficit
1717 264 1762 297 ad
1785 264 2002 310 libertatem,
2034 276 2101 301 nec
2125 266 2185 312 qui
2208 266 2271 302 dat
2293 277 2354 312 pe-

1270 308 1410 343 cuniam
1460 308 1606 344 rodesse
1629 311 1759 352 potest.

1318 351 1368 390 19
1448 362 1658 388 onnsmvcts
1693 353 1783 388 libro
1816 355 1936 399 primo
1974 356 2185 402 reqularum
2246 356 2357 393 Nulla

1270 399 1439 443 competit
1461 398 1609 435 libertas
1634 397 1719 433 data
1742 398 1788 433 ab
1814 410 1874 442 eo,
1900 400 1960 443 qui
1983 405 2109 446 postea
2132 412 2254 438 servus
2277 402 2356 449 ipse

1268 444 1520 489 pronuntiatus
1546 446 1612 480 est.

1314 486 1367 527 20
1392 489 1500 524 IDEM
1519 489 1610 525 libro
1635 488 1819 535 sinqulari
1841 489 1884 524 de
1908 491 2102 526 enucleatis
2126 492 2269 528 casibus
2318 491 2356 528 Si

1269 545 1370 570 servo
1402 535 1518 570 alieno
1550 534 1700 569 libertas
1732 544 1804 568 non
1837 535 2080 571 consentiente
2104 537 2246 573 domino
2271 537 2357 574 data

1268 584 1338 622 est,
1371 580 1489 615 valere
1514 590 1557 615 ex
1581 579 1797 615 auctoritate
1819 579 1906 614 iuris
1936 591 2007 615 non
2030 585 2165 626 potest,
2196 583 2356 627 quamvis

1269 629 1394 669 postea
1417 625 1655 661 manumissor
1678 624 1819 660 domino
1849 624 1953 660 heres
1978 626 2095 661 extitit
2105 627 2129 669 ⁸,
2160 638 2243 663 nam
2272 628 2357 664 licet

1268 670 1344 705 eius
1376 671 1455 706 iure
1486 670 1732 715 cognationis⁹
1769 670 1831 723 qui
1860 671 2065 706 manumisit
2096 673 2198 708 heres
2227 674 2356 717 extitit,

1267 726 1339 750 non
1368 715 1448 751 ideo
1479 716 1636 752 aditione
1666 715 1875 751 hereditatis
1905 715 2081 752 libertatis
2106 717 2202 754 datio
2227 718 2355 755 confir-

1267 765 1396 796 matur.

1314 803 1363 842 21
1399 805 1506 841 IDEM
1538 805 1629 841 libro
1659 806 1784 852 primo
1813 805 2082 852 pandectarum
2138 808 2358 845 Matrimonii

1268 861 1379 887 causa
1410 850 1614 886 manumitti
1646 851 1778 886 ancilla
1809 861 1831 886 a
1860 851 1958 887 nullo
1996 851 2065 887 alio
2101 856 2221 897 potest
2251 865 2358 899 quam

1268 897 1330 942 qui
1353 907 1432 932 eam
1456 907 1604 932 uxorem
1632 896 1806 932 ducturus
1832 901 1897 932 est.
1945 897 2042 942 quod
2065 897 2096 933 si
2119 898 2209 933 alter
2231 910 2357 936 manu-

1268 942 1404 978 miserit
1433 942 1651 977 matrimonii
1682 952 1808 986 causa,
1840 941 1931 977 alter
1960 952 2038 978 eam
2065 954 2212 979 uxorem
2236 944 2356 988 ducat,

1268 999 1341 1023 non
1370 988 1438 1023 erit
1467 987 1599 1029 libera,
1637 987 1726 1022 adeo
1763 991 1804 1022 ut
1840 997 1907 1022 nec
1937 988 1967 1023 si
1995 988 2092 1023 intra
2123 998 2186 1024 sex
2216 990 2358 1034 quidem

1268 1043 1405 1069 menses
1436 1043 1515 1068 eam
1544 1032 1769 1078 repudiatam
1800 1036 1928 1078 postea
1950 1033 2189 1070 manumissor
2212 1045 2358 1071 uxorem

1268 1078 1425 1121 duxerit,
1459 1078 1609 1114 liberam
1634 1088 1712 1113 eam
1736 1077 1813 1114 fieri
1835 1077 1998 1114 Iulianus
2020 1079 2223 1124 respondit,
2256 1081 2359 1126 quasi

1268 1124 1312 1159 de
1335 1123 1392 1159 his
1416 1123 1551 1168 nuptiis
1576 1127 1720 1159 senatus
1745 1123 1912 1168 senserit,
1945 1134 2037 1170 quae
2059 1127 2143 1169 post
2165 1126 2358 1162 manumis-

1268 1169 1404 1205 sionem
1427 1169 1535 1204 nullis
1559 1169 1638 1204 aliis
1662 1169 1883 1214 interpositis
1906 1173 2052 1206 secutae
2075 1168 2233 1205 fuerunt.

1314 1212 1367 1251 22
1394 1214 1623 1250 POMPONIUS
1644 1214 1735 1250 libro
1759 1215 1951 1250 vicensimo
1977 1216 2102 1261 quinto
2126 1215 2176 1250 ad
2190 1215 2358 1259 Quintum

1267 1259 1428 1296 Mucium
1485 1259 1638 1296 Curator
1676 1259 1804 1296 furiosi
1832 1270 1973 1296 servum
2003 1260 2078 1296 eius
2110 1261 2359 1298 manumittere

1267 1316 1340 1341 non
1389 1309 1493 1341 otest.

1313 1316 1499 1388 23PIDEM
1518 1350 1609 1387 libro
1635 1353 1766 1396 quarto
1791 1361 1841 1386 ex
1864 1351 1976 1386 variis
2000 1350 2212 1388 lectionibus
2259 1352 2358 1389 Sem-

1266 1407 1332 1441 per
1354 1397 1393 1431 in
1415 1396 1579 1432 fraudem
1604 1395 1822 1431 creditorum
1844 1395 1992 1432 libertas
2017 1396 2123 1432 datur
2147 1398 2194 1433 ab
2218 1408 2273 1441 eo,
2298 1399 2360 1444 qui

1267 1443 1375 1477 sciret
1398 1452 1436 1477 se
1460 1441 1629 1477 solvendo
1659 1452 1732 1477 non
1761 1451 1856 1484 esse,
1888 1442 2049 1487 quamvis
2080 1442 2172 1479 bene
2202 1443 2360 1481 dedisset

1267 1487 1418 1523 merenti
1441 1487 1523 1522 hoc.

1312 1530 1367 1570 24
1393 1533 1619 1568 Tmemvrws
1643 1533 1824 1568 CLEMst
1844 1532 1935 1568 libro
1959 1544 2056 1569 nono
2086 1533 2137 1569 ad
2159 1533 2271 1581 leyem
2294 1534 2358 1570 Iu-

1268 1579 1353 1614 liam
1377 1581 1413 1614 et
1438 1578 1592 1631 Papiam
1639 1577 1678 1614 Si
1707 1578 1803 1623 quis,
1828 1577 1966 1614 habens
1996 1578 2207 1623 creditores,
2236 1580 2359 1625 plures

1266 1624 1528 1668 manumiserit,
1564 1634 1639 1659 non
1671 1623 1828 1659 omnium
1859 1624 2006 1660 libertas
2034 1624 2263 1669 impedietur,
2295 1626 2359 1661 sed

1268 1669 1328 1714 qui
1351 1669 1456 1714 primi
1479 1672 1573 1711 sunt,
1598 1669 1702 1705 liberi
1725 1672 1842 1711 erunt,
1867 1669 1981 1705 donec
2000 1670 2236 1707 creditoribus
2254 1681 2359 1706 suum

1268 1714 1438 1750 solvatur.
1486 1725 1593 1760 quam
1616 1715 1792 1750 rationem
1806 1715 1833 1736 ¹⁰
1856 1714 2016 1750 Iulianus
2043 1715 2134 1751 solet
2158 1715 2275 1752 dicere
2299 1727 2358 1753 ve-

1266 1760 1321 1795 lut
1345 1760 1485 1796 duobus
1508 1760 1747 1802 manumissis,
1772 1760 1804 1795 si
1827 1761 1933 1796 unius
1952 1760 2119 1796 libertate
2135 1760 2358 1805 fraudentur,

1267 1816 1341 1841 non
1364 1806 1570 1851 utriusque,
1602 1805 1666 1841 sed
1696 1805 1904 1841 alterutrius
1918 1807 1945 1827 ¹¹
1969 1806 2135 1852 impediri
2156 1806 2359 1843 libertatem

1268 1854 1304 1886 et
1327 1851 1537 1896 plerumque
1559 1854 1688 1897 postea
1711 1851 1854 1896 scripti,
1887 1851 1957 1887 nisi
1985 1852 2016 1887 si
2048 1851 2190 1896 quando
2215 1853 2359 1889 maioris

1266 1897 1373 1942 pretii
1410 1897 1457 1932 sit
1493 1897 1524 1933 is
1563 1897 1624 1941 qui
1663 1900 1747 1932 ante
1783 1897 1987 1932 nominatus
2024 1897 2071 1933 sit
2105 1907 2172 1933 nec
2203 1897 2361 1934 sufficiat

1266 1942 1502 1987 posteriorem
1530 1942 1666 1977 retrahi
1694 1942 1732 1977 in
1762 1942 1983 1986 servitutem,
2015 1942 2114 1987 prior
2142 1942 2358 1987 sufficiat¹²:

1268 1997 1352 2022 nam
1375 1987 1445 2022 hoc
1470 1997 1558 2022 casu
1580 1987 1744 2031 sequenti
1766 1986 1846 2023 loco
1868 1987 2042 2032 scriptum
2059 1986 2174 2023 solum
2191 1988 2239 2024 ad
2253 1989 2357 2025 liber-

1267 2035 1377 2067 tatem
1426 2035 1666 2068 erventurum.

1313 2075 1365 2114 25
1421 2087 1637 2113 „mammas
1653 2077 1745 2113 libro
1765 2078 1890 2123 quinto
1908 2089 2164 2124 responsorum
2197 2078 2241 2114 In
2260 2078 2357 2114 frau-

1267 2122 1349 2158 dem
1373 2123 1591 2158 creditorum
1613 2126 1829 2159 testamento
1855 2123 1959 2159 datae
1977 2123 2161 2160 libertates
2177 2124 2359 2169 prioribus

1268 2167 1505 2204 creditoribus
1531 2167 1685 2204 dimissis
1710 2171 1859 2213 propter
1881 2179 1993 2205 novos
2019 2169 2212 2205 creditores
2236 2170 2360 2206 irritae

1268 2217 1363 2249 sunt.

1313 2256 1366 2296 26
1393 2258 1596 2294 SoAEVOLA
1629 2258 1720 2295 libro
1750 2262 1883 2307 quarto
1913 2270 2166 2307 responsorum
2213 2258 2360 2305 Pignori

1267 2304 1463 2350 obligatum
1492 2314 1633 2339 servum
1664 2303 1836 2341 debitoris
1864 2305 1968 2340 heres
1992 2305 2214 2341 manumisit:
2249 2316 2358 2350 quae-

1267 2350 1375 2385 situm
1406 2353 1480 2392 est,
1516 2360 1563 2385 an
1592 2349 1684 2386 liber
1713 2353 1818 2385 esset.
1873 2350 2059 2395 respondit
2089 2350 2285 2386 secundum
2316 2362 2359 2387 ea

1268 2406 1359 2440 quae
1389 2398 1694 2440 proponerentur,
1727 2395 1758 2430 si
1781 2395 1936 2440 pecunia
1960 2396 2068 2431 etiam
2090 2406 2187 2431 nunc
2210 2395 2357 2432 debere-

1266 2444 1337 2483 tur,
1355 2451 1428 2476 non
1446 2451 1524 2476 esse
1541 2440 1818 2476 manumissione
1834 2441 1987 2476 liberum
2003 2441 2149 2477 factum.
2183 2440 2240 2477 ΡΑ
2247 2451 2359 2478 vsvs:

1267 2486 1386 2522 soluta
1410 2496 1494 2530 ergo
1518 2485 1672 2531 pecunia
1696 2496 1740 2521 ex
1763 2486 1824 2521 illa
1848 2486 2032 2522 voluntate
2053 2486 2145 2522 liber
2166 2486 2218 2522 fit.

1313 2529 1365 2568 27
1391 2530 1737 2567 HERMOGENJANUS
1757 2531 1847 2567 libro
1863 2533 1987 2578 primo
2008 2533 2100 2568 iuris
2119 2533 2357 2578 epitomarum

1265 2576 1308 2612 In
1340 2576 1505 2612 fraudem
1537 2575 1754 2612 creditorum
1786 2576 2049 2612 manumittitur
2083 2576 2243 2622 liberque
2280 2588 2358 2614 esse

1265 2622 1496 2667 prohibetur,
1529 2621 1603 2658 sive
1633 2622 1709 2658 dies
1732 2622 1922 2657 solvendae
1944 2622 2119 2668 pecuniae
2141 2622 2215 2658 iam
2238 2623 2356 2666 cessit,

1266 2668 1339 2703 sive
1362 2668 1399 2702 in
1424 2667 1516 2702 diem
1539 2667 1595 2702 vel
1618 2668 1686 2702 sub
1712 2667 1920 2703 condicione
1944 2668 1991 2703 sit
2011 2667 2182 2704 debitum.
2218 2667 2357 2704 diversa

1267 2723 1379 2749 causa
1410 2716 1465 2748 est
1494 2712 1603 2757 legati
1635 2712 1702 2748 sub
1736 2712 1946 2748 condicione
1976 2713 2108 2748 relicti:
2141 2723 2225 2748 nam
2255 2717 2355 2749 ante-

1266 2768 1373 2804 quam
1404 2758 1565 2793 condicio
1599 2758 1774 2799 extiterit,
1811 2757 1906 2793 inter
1937 2758 2132 2794 creditores
2163 2759 2356 2803 legatarius

1266 2804 1333 2840 iste
1356 2813 1430 2839 non
1449 2804 1614 2839 habetur.
1651 2813 1695 2838 ex
1720 2803 1814 2838 omni
1838 2806 1959 2839 autem
1983 2814 2094 2840 causa
2118 2804 2355 2840 creditoribus

1265 2849 1303 2884 in
1326 2849 1396 2884 hac
1420 2852 1523 2894 parte
1545 2848 1603 2883 lex
1620 2848 1725 2883 Aelia
1745 2848 1867 2883 Sentia
1889 2849 2075 2894 prospexit
2088 2850 2126 2893 ¹³,
2150 2849 2243 2885 inter
2265 2859 2354 2894 quos

1270 2898 1283 2929 1
1334 2893 1701 2929 fideicommissariam
1722 2894 1828 2928 etiam
1848 2904 1926 2930 esse
1942 2894 2091 2947 placuit.
2126 2894 2273 2939 Pignori
2291 2894 2353 2929 da-

1266 2943 1324 2974 tus
1349 2949 1482 2983 servus,
1508 2942 1700 2984 antequam
1724 2938 1833 2974 debiti
1855 2949 1999 2975 nomine
2021 2939 2125 2976 fiat¹⁴
2149 2940 2248 2982 satis,
2277 2939 2354 2975 sine

1267 2994 1444 3020 consensu
1480 2984 1697 3020 creditorum
1728 2984 1929 3020 manumitti
1961 2995 2033 3020 non
2065 2988 2194 3030 potest.
2249 2985 2312 3020 sed
2326 2986 2354 3005 ¹⁵

1265 3030 1394 3076 pupilli
1417 3029 1603 3065 creditoris
1628 3029 1719 3064 citra
1742 3029 1872 3065 tutoris
1889 3030 2140 3066 auctoritatem
2159 3039 2352 3065 consensus

1266 3075 1356 3110 nihil
1386 3075 1543 3111 libertati
1574 3074 1737 3120 prodest,
1768 3074 1876 3110 sicuti
1906 3086 1979 3111 non
2007 3075 2170 3121 prodest,
2201 3075 2232 3110 si
2254 3074 2352 3110 fruc-

1266 3120 1404 3156 tuarius
1428 3119 1587 3165 pupillus
1610 3119 1882 3156 manumissioni
1904 3121 2065 3157 similiter
2090 3119 2300 3155 consentiat.

1314 3163 1365 3203 28
1394 3165 1449 3200 PA
1458 3175 1501 3200 σι
1509 3174 1553 3200 as
1581 3165 1673 3200 libro
1704 3166 1808 3201 tertio
1838 3167 2094 3201 sententiarum
2139 3164 2253 3200 Heres
2277 3173 2351 3199 ser-

1264 3221 1346 3246 vum
1360 3210 1555 3256 proprium,
1579 3220 1681 3255 quem
1697 3213 1850 3246 testator
1865 3211 2053 3256 legaverat,
2071 3209 2351 3245 manumittendo

1265 3256 1352 3291 nihil
1377 3256 1468 3300 agit,
1494 3255 1579 3307 quia
1601 3255 1771 3291 scientiae
1793 3257 1849 3292 vel
1872 3256 2094 3302 ignorantiae
2118 3254 2192 3289 eius
2216 3253 2351 3289 nullam

1264 3301 1402 3347 placuit
1424 3300 1563 3335 admitti
1586 3300 1771 3337 rationem.

1311 3343 1364 3383 29
1393 3345 1516 3381 Gaws
1536 3345 1627 3381 libro
1644 3347 1768 3392 primo
1793 3346 1838 3382 de
1860 3345 2199 3381 manumissionibus
2236 3343 2351 3397 Gene-

1264 3391 1388 3426 raliter
1420 3390 1562 3435 pignori
1597 3390 1703 3427 datus
1737 3402 1860 3428 servus
1895 3391 1970 3426 sine
2000 3390 2106 3425 dubio
2138 3389 2242 3434 pleno
2273 3399 2352 3441 iure

1265 3435 1435 3471 debitoris
1468 3439 1524 3471 est
1561 3439 1598 3472 et
1631 3436 1764 3473 iustam
1797 3436 1998 3472 libertatem
2029 3435 2075 3470 ab
2108 3444 2149 3470 eo
2182 3444 2351 3479 consequi

1263 3484 1400 3527 potest,
1432 3480 1464 3516 si
1493 3481 1552 3517 lex
1575 3482 1679 3518 Aelia
1702 3481 1825 3517 Sentia
1850 3491 1923 3516 non
1944 3479 2115 3525 impediat
2136 3479 2349 3523 libertatem,

1267 3594 1380 3628 extitit
1392 3595 1453 3628 del.
1558 3595 1604 3637 (9)
1629 3594 1842 3637 cognationes
1852 3594 1887 3627 F
1982 3595 2042 3635 (ιο)
2067 3602 2133 3634 qua
2144 3592 2274 3626 ratione
2285 3604 2348 3626 scr.

1267 3640 1324 3682 (11)
1348 3639 1609 3682 alterutriusque
1629 3640 1682 3675 1³2
1810 3639 1869 3681 (12)
1893 3638 1986 3682 prior
2005 3639 2116 3670 autem
2135 3637 2277 3671 sufficiet
2295 3637 2350 3670 F’

1266 3686 1324 3727 (13)
1347 3685 1511 3728 prospicit
1522 3686 1575 3720 Γ*
1665 3684 1726 3729 (14)
1748 3683 1868 3717 fietF²
1960 3686 2017 3726 (15)
2041 3684 2147 3717 etim.
