2528 3918
0 2646 3 2688 ¹*
68 2624 199 2700 lliggbat
231 2665 435 2709 compulsus
466 2663 642 2706 vendidit,
682 2674 739 2700 res
771 2675 858 2700 suae
891 2665 1062 2710 aequitati
1091 2675 1156 2717 per

67 125 127 154 DE
158 122 282 154 Dono
316 123 439 155 MALo
1158 104 1215 153 53

61 234 206 268 fuerant
241 234 338 279 apud
362 243 441 268 eum
473 242 544 267 non
577 231 666 274 sint,
699 234 818 265 tamen
850 231 1005 275 pretium
1037 240 1160 266 earum

62 290 132 324 quo
149 280 168 319 ¹,
212 279 426 331 locupletem
450 286 530 311 eum
553 277 608 311 vel
633 276 774 320 saepius
798 279 938 310 mutata
961 276 1080 328 specie
1103 275 1158 310 fa—

64 324 203 366 ciendo,
228 322 375 368 perinde
394 322 528 366 obligat
539 321 563 364 ²,
589 331 632 356 ac
653 321 683 356 si
703 331 856 365 corpora
874 321 954 366 ipsa
978 332 1016 356 111
1035 320 1158 356 eadem

65 369 187 415 specie
210 368 434 403 mansissent.

112 412 162 451 19
190 413 312 449 GAms
320 412 409 447 libro
423 413 553 457 quarto
566 410 616 445 ad
627 410 782 446 edictum
788 411 1019 456 provinciale
1054 410 1157 455 Quod

63 463 181 494 autem
212 458 249 492 in
280 456 447 492 heredem
479 459 627 491 eatenus
651 455 840 500 pollicetur
863 455 1046 491 actionem
1095 466 1153 491 ro-

64 503 204 545 00110111,
230 505 405 547 quatenus
430 501 476 536 ad
508 511 589 536 eum
622 501 841 545 pervenerit,
876 501 1068 546 intellegen
1096 512 1155 535 um

64 552 119 584 est
141 547 188 583 ad
238 550 384 592 erpetuo
410 546 566 580 dandam
590 546 768 581 actionem
820 546 982 581 ertinere.

107 590 160 630 20
220 600 390 627 LPJANUS
417 592 507 627 libro
537 591 727 626 undecimo
758 602 781 625 a
831 591 986 626 edictum
1034 590 1154 635 Quan-

63 645 138 674 tum
161 640 281 673 autem
305 636 352 672 ad
374 636 540 671 heredem
573 636 792 681 pervenerit,
826 635 898 671 litis
933 639 1156 672 contestatae

61 688 221 735 tempore
242 693 259 717 s
288 682 475 723 ectabitur,
499 681 530 716 si
553 681 659 716 modo
685 684 826 716 certum-
846 681 893 716 sit
916 681 1052 726 aliquid
1073 691 1154 726 per-

63 738 210 764 venisse.
246 727 258 762 i
285 737 340 762 em
361 730 398 762 et
421 727 475 762 si³
498 726 610 778 ipsius
635 726 695 771 qui
714 726 784 761 vim
805 726 925 761 intulit
946 727 998 761 sic
1017 727 1055 761 in
1076 737 1154 761 cor-

61 784 128 819 pus
153 771 355 818 patrimonii
377 775 539 817 pervemt
561 771 706 816 aliquid,
730 774 772 805 ut
795 775 933 806 certum
956 772 1003 806 sit
1024 771 1072 807 ad
1093 771 1154 806 he-

63 817 185 854 redem
235 820 474 859 erventurum,
498 816 536 851 id
560 819 614 851 est
637 816 669 851 si
692 816 831 851 debitor
853 816 1027 852 liberatus
1053 820 1118 851 est.

108 861 158 900 21
220 871 348 898 ,unns
367 862 458 898 libro
482 861 670 897 undecimo
695 861 745 896 ad
766 861 921 897 edictum
968 861 1006 896 Si
1029 861 1154 897 mulier

63 912 189 944 contra
218 911 409 953 patronum
445 917 549 942 suum
579 907 719 951 ingrata
749 905 849 941 facta
879 907 995 942 sciens
1028 916 1066 942 se
1099 906 1153 941 in-

59 957 210 998 gratam,
236 963 318 988 cum
342 952 386 987 de
409 962 474 987 suo
500 954 597 987 statu
621 951 904 996 periclitabatur,
930 951 1065 996 aliquid
1087 962 1152 996 pa-

63 1005 166 1034 trono
192 997 331 1033 dederit
352 997 409 1032 vel
431 996 653 1042 promiserit,
686 1007 731 1032 ne
762 996 800 1031 in
831 996 1037 1032 servitutem
1059 996 1153 1032 redi-

61 1047 184 1089 gatur:
220 1046 339 1078 cessat
370 1042 546 1084 edictum,
579 1042 663 1086 quia
695 1042 791 1077 hunc
826 1042 895 1076 sibi
918 1046 1052 1077 metum
1075 1042 1155 1086 ipsa

65 1092 79 1123 1
129 1088 249 1123 infert.
286 1087 390 1132 Quod
412 1091 527 1122 metus
553 1097 663 1122 causa
685 1091 824 1131 gestum
849 1087 926 1130 erit,
952 1087 1050 1122 nullo
1063 1090 1152 1122 tem-

65 1137 82 1168 2
130 1143 218 1178 pore
251 1136 397 1178 praetor
430 1136 549 1167 ratum
582 1132 740 1167 habebit.
790 1131 858 1175 Qui
894 1132 1154 1176 possessionem

63 1189 134 1213 non
158 1178 214 1214 sui
232 1177 335 1213 fundi
353 1177 511 1220 tradidit,
536 1188 609 1212 non
630 1177 755 1222 quanti
774 1176 919 1220 fundus,
946 1177 1009 1212 sed
1030 1177 1155 1222 quanti

62 1223 239 1268 possessio
262 1226 327 1265 est,
347 1223 422 1258 eius
445 1222 683 1268 quadruplum
702 1222 758 1257 vel
777 1222 942 1267 simplum
962 1233 1043 1257 cum
1055 1222 1151 1258 fruc-

61 1269 157 1303 tibus
179 1271 432 1313 consequetur:
455 1267 666 1303 aestimatur
679 1268 771 1302 enim
784 1268 880 1312 quod
893 1268 1033 1302 restitui
1045 1278 1151 1313 opor-

62 1317 124 1356 tet,
150 1314 187 1348 id
211 1316 266 1348 est
289 1313 385 1358 quod
408 1313 527 1348 abest:
553 1313 680 1347 abest⁴
707 1316 827 1347 autem
850 1313 949 1347 nuda
972 1313 1151 1357 possessio

63 1362 83 1395 3
132 1370 212 1394 cum
235 1358 309 1394 suis
333 1358 522 1393 fructibus.
559 1357 655 1403 quod
679 1361 714 1392 et
736 1358 967 1402 Pomponius.
1017 1357 1054 1392 Si
1088 1358 1152 1393 dos

62 1408 158 1440 metu
181 1404 356 1449 promissa
380 1403 436 1446 sit,
462 1413 535 1438 non
555 1406 643 1447 puto
663 1403 765 1438 nasci
783 1403 1044 1448 obligationem,
1094 1403 1154 1438 uia

64 1453 119 1485 est
151 1449 371 1484 ven'ssimum
402 1458 468 1483 nec
498 1448 607 1483 talem
631 1448 902 1492 promissionem
927 1448 1019 1483 dotis
1096 1459 1152 1483 am

64 1499 85 1530 4
133 1504 222 1529 esse.
260 1493 297 1528 Si
321 1497 417 1529 metu
441 1497 589 1529 coactus
615 1494 680 1528 sim
705 1494 750 1528 ab
775 1494 952 1538 emptione
975 1493 1152 1529 locatione

66 1539 259 1582 discedere,
284 1538 475 1574 videndum
500 1542 572 1581 est,
597 1548 645 1573 an
667 1538 756 1573 nihil
779 1538 827 1574 sit
850 1539 921 1573 acti
944 1541 981 1573 et
1004 1538 1153 1584 antiqua

64 1584 233 1630 obligatio
264 1587 466 1626 remaneat,
498 1593 545 1618 an
574 1583 645 1619 hoc
669 1583 781 1618 simile
805 1583 851 1618 sit
875 1583 1152 1628 acceptilationi‚

64 1630 148 1676 quia
167 1629 265 1664 nulla
285 1639 330 1664 ex
348 1629 466 1664 bonae
482 1628 588 1663 fidei⁵
611 1629 826 1672 obligatione
846 1629 1024 1674 possimus
1038 1630 1052 1650 ⁶
1076 1629 1152 1671 niti,

66 1686 147 1711 cum
170 1674 272 1709 finita
296 1674 343 1709 sit
366 1674 451 1708 dum
475 1674 665 1708 amittitur:
691 1677 728 1708 et
750 1674 862 1719 magis
887 1677 941 1709 est
963 1677 1005 1708 ut
1029 1673 1151 1709 similis

64 1720 199 1765 species
232 1719 536 1764 acceptilationis⁷
568 1719 632 1761 sit,
668 1722 704 1754 et
733 1719 812 1754 ideo
844 1719 1025 1764 praetoria
1057 1719 1151 1755 actio

66 1768 83 1800 5
133 1765 304 1806 nascitur.
352 1764 390 1799 Si
412 1767 509 1799 metu
534 1768 681 1799 coactus
702 1763 775 1799 adii
793 1763 1038 1807 hereditatem,
1063 1767 1151 1809 puto

64 1821 120 1845 me
154 1810 319 1845 heredem
354 1809 466 1852 effici,
503 1809 587 1854 quia
622 1810 779 1854 quamvis
815 1809 847 1844 si
877 1809 1028 1844 liberum
1060 1813 1154 1845 esset

64 1855 273 1897 noluissem,
306 1858 425 1889 tamen
459 1858 606 1890 coactus
630 1854 743 1888 volui:
779 1854 843 1889 sed
865 1865 930 1898 per
953 1857 1154 1898 praetorem

64 1899 304 1936 restituendus
325 1910 415 1941 sum,
440 1903 481 1934 ut
504 1899 706 1934 abstinendi
728 1899 814 1933 mihi
836 1902 997 1944 potestas
1016 1900 1152 1935 tribua-

66 1949 86 1981 6
132 1949 201 1980 tur.
239 1944 276 1979 Si
300 1948 449 1980 coactus
471 1944 706 1980 hereditatem
724 1944 919 1989 repudiem,
945 1944 1078 1989 duplici
1096 1945 1154 1979 via

66 1994 211 2036 praetor
241 1989 328 2024 mihi
359 1989 536 2025 succurrit
566 1992 630 2024 0111
653 1989 757 2024 1111100
782 1989 941 2024 actiones
966 1989 1069 2034 quasi
1090 1990 1152 2024 he-

65 2035 140 2070 redi
164 2034 282 2070 dando
307 2038 371 2069 aut
395 2034 572 2069 actionem
595 2037 710 2069 metus
731 2044 841 2069 causa
858 2034 1088 2079 praestando,
1113 2038 1154 2069 ut

0 2107 1 2122 ,
67 2090 174 2125 quam
198 2080 290 2115 viam
315 2090 378 2124 ego
404 2079 577 2124 elegerim,
602 2080 691 2114 haec
714 2079 800 2114 mihi
823 2083 958 2124 pateat.

0 2123 1 2141 ἢ
112 2123 191 2161 22⁸
214 2123 374 2159 PAULUs
384 2124 475 2160 libro
481 2125 604 2170 primo
617 2125 875 2159 sententiarum
922 2124 991 2168 Qui
1013 2124 1051 2159 in
1074 2135 1152 2159 car-

67 2181 182 2205 cerem
204 2180 308 2215 quem
331 2169 491 2211 detrusit,
517 2172 557 2203 ut
579 2169 712 2214 aliquid
736 2169 768 2204 ei
792 2172 1028 2215 extorqueret,
1052 2169 1153 2214 quid-

67 2215 151 2261 quid
163 2215 207 2250 ob
219 2215 313 2249 hanc
335 2224 480 2249 causam
497 2213 634 2249 factum
653 2217 718 2256 est,
740 2214 871 2249 nullius
882 2214 1051 2250 momenti
1064 2218 1118 2250 est
1127 2215 1152 2249 ⁹.

113 2257 165 2297 23
199 2259 395 2295 ULPJANUS
415 2259 505 2294 libro
540 2261 671 2304 quarto
687 2260 714 2280 ¹0
737 2260 948 2312 opinionum
994 2259 1077 2295 Non
1102 2264 1156 2295 est

67 2305 251 2340 verisimile
276 2304 498 2349 compulsum
531 2304 569 2338 in
601 2304 689 2339 urbe
719 2304 840 2349 imque
862 2304 1060 2340 indebitum
1084 2305 1153 2340 sol-

66 2351 158 2386 visse
183 2360 274 2392 eum,
299 2350 359 2394 qui
383 2349 516 2384 claram
540 2348 746 2394 dignitatem
771 2360 809 2385 00
832 2350 966 2384 habere
989 2353 1153 2395 praeten-

68 2395 184 2437 debat,
212 2405 292 2430 cum
315 2394 472 2439 potuerit
485 2395 511 2415 ¹¹
535 2394 590 2428 ius
614 2394 798 2438 publicum
817 2395 984 2430 invocare
1005 2398 1040 2430 et
1057 2395 1155 2430 adire

68 2441 221 2485 aliquem
255 2442 434 2491 potestate
468 2439 688 2484 praeditum,
726 2440 787 2485 qui
818 2440 941 2485 utique
971 2440 1042 2475 vim
1075 2450 1155 2475 eum

68 2486 143 2530 pati
165 2484 421 2530 prohibuisset:
448 2484 511 2519 sed
531 2484 735 2519 huiusmodi
751 2485 1031 2530 praesumptioni
1051 2485 1156 2520 debet

71 2534 86 2567 1
138 2530 380 2575 apertissimas
411 2529 641 2574 probationes
664 2530 853 2564 violentiae
877 2540 1068 2575 opponere.
1117 2529 1155 2565 Si

68 2576 161 2610 iusto
175 2578 271 2610 metu
282 2575 492 2620 perterritus
507 2574 752 2618 cognitionem,
773 2575 821 2610 ad
837 2585 944 2627 quam
963 2578 1004 2610 ut
1014 2576 1155 2610 vinctus

186 2624 313 2664 potens
346 2619 567 2654 adversarius
590 2619 812 2662 minabatur,
843 2619 880 2655 1d
904 2620 1000 2665 quod
1022 2621 1156 2655 habere

71 2713 90 2744 2
161 2710 335 2745 raesidem
385 2709 564 2744 rovinciae
587 2709 797 2744 restituitur.
836 2709 873 2744 Si
883 2709 1089 2745 faenerator
1100 2721 1155 2745 111-

0 2765 4 2773 *
72 2755 104 2790 ci
127 2755 135 2762 '
151 2756 217 2790 iter
240 2758 341 2790 custo
372 2754 472 2789 'endo
498 2754 667 2788 athletam
692 2758 727 2789 et
751 2765 772 2789 a
797 2755 1048 2790 certaminibus
1071 2766 1155 2800 pro-

0 2784 4 2824 ὲ
70 2799 224 2835 11111011ᾱο
249 2810 374 2835 cavere
399 2799 609 2843 compulerit
631 2799 726 2834 ultra
750 2800 984 2844 quantitatem
1016 2800 1157 2835 debitae

0 2858 5 2878 ι·
71 2845 253 2890 pecuniae,
278 2844 333 2879 his
353 2845 516 2896 probatis
541 2848 743 2889 competens
767 2845 874 2880 iudex
896 2855 970 2879 rem
991 2855 1077 2880 suae
1097 2855 1156 2880 ae-

73 2892 92 2924 3
139 2890 267 2935 quitati
276 2889 416 2924 restitui
429 2889 607 2924 decernat.
657 2889 694 2924 Si
718 2890 808 2934 quis,
834 2889 930 2935 quod
954 2889 1156 2925 adversario

72 2945 143 2969 non
167 2934 330 2976 debebat,
355 2934 540 2979 delegante
563 2944 603 2969 eo
628 2944 693 2978 per
715 2935 795 2977 vim,
820 2934 1042 2979 apparitione
1054 2945 1156 2979 prae-

73 2979 158 3014 sidis
181 2979 452 3021 interveniente,
487 2979 563 3014 sine
587 2979 731 3015 notione
754 2979 900 3022 iudicis,
933 2983 1080 3015 coactus
1105 2983 1160 3015 est

74 3023 167 3066 dare,
191 3024 298 3059 iudex
315 3024 502 3059 inciviliter
521 3027 661 3059 extorta
680 3025 821 3060 restitui
841 3025 886 3059 ab
907 3035 961 3067 eo,
986 3025 1047 3077 qui
1066 3025 1118 3060 rei
1131 3025 1159 3046 ¹²

75 3068 239 3104 damnum
270 3069 496 3113 praestiterit,
529 3069 663 3104 iubeat.
701 3070 795 3115 quod
828 3070 859 3105 si
892 3069 1019 3105 debitis
1052 3071 1157 3106 satis-

73 3112 159 3148 fecit
171 3114 321 3158 simplici
332 3113 490 3149 iussione
503 3117 539 3148 et
549 3124 623 3149 non
636 3115 838 3159 cognitione
848 3115 984 3156 habita,
998 3115 1158 3157 quamvis

74 3169 146 3193 non
159 3163 259 3194 extra
278 3160 439 3196 ordinem
453 3161 676 3194 exactionem
696 3160 784 3203 fieri,
805 3160 868 3195 sed
887 3160 1034 3194 civiliter
1054 3170 1159 3204 opor-

75 3204 160 3246 tuit,
192 3208 312 3240 tamen
344 3215 437 3250 quae
464 3205 633 3240 solutioni
657 3205 857 3249 debitarum
881 3205 925 3239 ab
951 3214 991 3239 eo
1017 3205 1158 3249 quanti-

81 3248 202 3283 tatium
225 3250 466 3294 profecerunt,
486 3260 656 3285 revocare
679 3250 817 3285 incivile
842 3254 906 3285 est.

561 3318 620 3355 111
632 3316 671 3356 ¹³.

426 3377 486 3409 DE
511 3377 630 3410 DOLO
654 3378 791 3409 MALo.

19 3464 20 3468 Ἰ
126 3421 144 3458 1
179 3422 469 3462 Urpmwslibro
483 3427 669 3462 undecimo
682 3426 732 3462 ad
741 3427 895 3462 edictum
941 3427 1021 3463 Hoc
1042 3427 1158 3463 edicto

18 3469 22 3483 ¹
77 3470 220 3510 praetor
244 3469 410 3505 adversus
434 3471 550 3506 varios
573 3475 608 3506 et
628 3471 781 3514 (1010000,
806 3472 866 3517 (1111
883 3472 960 3508 01110
981 3472 1161 3508 offuerunt

20 3583 24 3611 1
80 3580 120 3617 (ι)
146 3589 277 3621 quoque
288 3593 350 3615 scr.
519 3587 559 3622 (2)
586 3583 737 3625 obligata
750 3585 784 3617 F
947 3587 986 3627 (3)
1014 3586 1042 3617 si
1056 3598 1114 3618 om.
1129 3585 1162 3617 F

82 3624 123 3659 (4)
138 3623 232 3655 abest:
254 3626 359 3666 abest]
374 3626 467 3658 abest
480 3628 537 3660 FS
594 3630 636 3670 (5)
662 3640 701 3661 ex
714 3630 801 3661 bona
815 3629 878 3662 fide
890 3643 951 3663 scr.
1011 3634 1054 3671 (6)
1080 3641 1156 3673 pos-

23 3710 25 3713 .
81 3676 192 3698 sumus
206 3668 287 3701 F³S
376 3672 419 3711 (7)
443 3673 490 3704 sic
502 3673 535 3703 F
539 3671 563 3712 ³,
577 3674 835 3715 acceptilatione
848 3675 882 3706 F
890 3675 951 3707 ¹Pa
1045 3676 1088 3716 (8)
1114 3692 1158 3703 =

23 3721 26 3762 j
83 3710 206 3744 Paulus
221 3715 250 3752 1,
265 3721 336 3750 7,1o
397 3717 440 3753 (9)
467 3722 515 3747 est
528 3719 686 3749 momenti
699 3719 801 3752 Pauli
812 3720 889 3752 libri
953 3719 1010 3759 (10)
1037 3720 1158 3760 quinto

1224 3584 1308 3617 F³S

2121 109 2207 151 IIII
2239 112 2320 152 2.3

1230 229 1426 265 calliditate
1450 229 1623 275 quadam,
1649 231 1832 273 subvenit,
1860 241 1904 266 ne
1927 231 1982 267 vel
2005 231 2074 266 illis
2099 231 2235 265 malitia
2259 241 2327 266 sua

1233 279 1245 309 1
1297 275 1344 310 sit
1373 275 1518 310 lucrosa
1548 275 1604 309 vel
1634 275 1712 310 istis
1738 276 1945 321 simplicitas
1971 276 2155 312 damnosa.
2206 276 2327 311 Verba

1228 323 1348 355 autem
1372 320 1478 355 edicti
1501 320 1588 354 talia
1621 324 1724 355 sunt:
1760 320 1872 364 ‘Quae
1897 322 1978 357 dolo
2004 321 2098 357 malo
2123 320 2223 356 facta
2249 331 2327 356 esse

1228 365 1413 407 ι(1100111111,
1439 365 1471 400 01
1495 364 1539 400 (10
1562 365 1617 399 1110
1640 366 1748 400 rebus
1773 366 1843 400 alia
1867 368 1961 402 actio
1987 377 2059 402 non
2085 366 2153 401 erit
2173 370 2209 401 et
2229 366 2337 409 iusta,

1228 413 1246 444 2
1295 413 1419 445 ‘causa
1443 420 1521 445 esse
1543 410 1730 454 videbitur,
1755 410 1925 446 iudicium
1949 412 2067 447 dabo.’
2103 411 2237 447 Dolum
2250 422 2325 446 ma-

1226 455 1300 489 lum
1324 454 1467 490 Servius
1492 455 1635 500 quidem
1657 456 1710 490 ita
1734 455 1869 490 definiit
1881 457 2183 492 machinationem
2208 467 2323 502 quan-

1227 500 1308 534 dam
1333 500 1480 535 alterius
1505 500 1584 535 deci
1610 500 1706 535 iendi
1730 510 1859 543 causa,
1892 512 1973 536 cum
2005 502 2103 537 aliud
2136 502 2327 538 simulatur

1226 549 1262 580 et
1285 545 1383 580 aliud
1407 546 1534 590 agitur.
1618 546 1708 580 abeo
1734 549 1855 580 autem
1879 556 1986 591 posse
2012 551 2046 582 et
2071 548 2147 582 sine
2180 547 2326 583 simula-

1225 591 1322 625 tione
1346 590 1383 625 id
1407 591 1483 635 agi,
1509 594 1550 625 ut
1574 591 1653 635 quis
1689 591 2007 626 circumveniatur:
2042 603 2150 636 posse
2183 596 2219 627 et
2250 593 2327 628 sine

1226 635 1306 670 dolo
1328 636 1422 670 malo
1447 635 1546 670 aliud
1567 636 1634 680 agi,
1657 635 1753 670 aliud
1773 636 1944 678 simulari,
1967 637 2072 671 sicuti
2094 637 2244 680 faciunt,
2265 637 2325 683 qui

1225 691 1289 725 per
1313 681 1487 716 eiusmodi
1519 681 1838 716 dissimulationem
1873 680 2074 716 deserviant
2109 686 2145 717 et
2177 686 2326 718 tuentur

1224 726 1279 760 vel
1299 736 1366 761 sua
1386 726 1442 761 vel
1462 726 1598 761 aliena:
1623 726 1744 770 itaque
1765 727 1842 771 ipse
1866 727 1918 762 sic
1944 727 2079 762 definiit
2103 727 2226 762 dolum
2250 738 2325 762 ma-

1224 771 1298 805 lum
1311 781 1390 806 esse
1410 781 1549 806 omnem
1571 771 1801 806 calliditatem
1820 772 2002 807 fallaciam
2022 772 2326 807 machinationem

1225 815 1272 850 ad
1295 816 1644 851 circumveniendum
1667 816 1864 851 fallendum
1889 817 2139 862 decipiendum
2174 818 2327 852 alterum

1226 864 1244 896 3
1293 861 1500 896 adhibitam.
1548 861 1730 897 Labeonis
1756 861 1914 897 definitio
1939 873 2023 897 vera
2049 866 2113 897 est.
2152 862 2236 898 Non
2257 863 2327 897 fuit

1225 909 1345 941 autem
1369 909 1559 942 contentus
1593 910 1739 951 praetor
1772 906 1893 942 dolum
1927 908 2063 950 dicere,
2097 907 2162 942 sed
2196 907 2327 942 adiecit

1224 952 1367 994 malum,
1390 951 1558 996 quoniam
1578 956 1714 987 veteres
1737 951 1858 987 dolum
1883 953 1989 987 etiam
2007 953 2144 988 bonum
2157 952 2328 988 dicebant

1224 1000 1260 1032 et
1282 1007 1348 1042 pro
1374 997 1533 1032 sollertia
1563 997 1634 1032 1100
1667 1007 1796 1032 nomen
1828 997 2076 1043 accipiebant,
2109 997 2265 1032 maxime
2297 998 2328 1033 si

1224 1045 1244 1076 4
1292 1042 1462 1077 adversus
1482 1042 1622 1077 hostem
1642 1043 1862 1078 latronemve
1884 1043 1962 1087 quis
1984 1043 2223 1078 machinetur.
2262 1042 2327 1078 Ait

1223 1091 1384 1132 praetor:
1413 1087 1455 1122 ‘si
1479 1086 1523 1122 de
1546 1087 1602 1122 his
1626 1088 1734 1122 rebus
1759 1087 1830 1122 alia
1853 1088 1948 1123 actio
1971 1098 2044 1123 non
2067 1087 2159 1123 erit.’
2196 1088 2326 1123 merito

1223 1136 1367 1177 praetor
1391 1132 1443 1167 ita
1468 1131 1610 1167 demum
1634 1133 1728 1167 hanc
1752 1133 1930 1168 actionem
1954 1133 2165 1177 pollicetur,
2198 1133 2229 1168 si
2254 1133 2328 1168 alia

1224 1188 1296 1212 non
1320 1178 1387 1219 sit,
1422 1178 1591 1222 quoniam
1613 1177 1754 1213 famosa
1778 1178 1872 1213 actio
1899 1189 1971 1213 non
1996 1182 2130 1213 temere
2155 1177 2279 1213 debuit
2303 1188 2326 1212 a

1223 1226 1389 1266 praetore
1400 1222 1555 1265 decerni,
1581 1222 1611 1257 si
1635 1223 1682 1258 sit
1706 1223 1818 1258 civilis
1842 1223 1897 1258 vel
1921 1224 2127 1266 honoraria,
2154 1233 2227 1268 qua
2239 1233 2324 1267 pos-

1224 1268 1270 1302 sit
1303 1268 1473 1313 experiri:
1505 1277 1619 1313 usque
1651 1267 1761 1310 adeo,
1796 1271 1836 1303 ut
1861 1272 1896 1303 et
1918 1268 2051 1303 Pedius
2076 1269 2168 1303 libro
2195 1272 2323 1304 octavo

1224 1313 1357 1355 scribit,
1384 1313 1524 1348 etiamsi
1542 1313 1774 1348 interdictum
1795 1314 1841 1348 sit
1868 1324 1938 1358 quo
1972 1314 2050 1359 quis
2074 1313 2242 1359 experiri,
2267 1313 2323 1348 vel

1225 1359 1386 1403 exceptio
1412 1369 1484 1403 qua
1507 1368 1546 1394 se
1576 1359 1670 1393 tueri
1702 1358 1838 1404 possit,
1872 1368 2016 1394 cessare
2048 1358 2119 1394 hoc
2152 1358 2322 1393 edictum.

1222 1403 1316 1438 idem
1341 1406 1377 1439 et
1387 1403 1608 1448 Pomponius
1632 1403 1722 1439 libro
1747 1403 1939 1439 vicensimo
1966 1407 2106 1447 octavo,
2133 1406 2169 1438 et
2195 1403 2323 1439 adicit:

1224 1452 1259 1482 et
1283 1449 1313 1483 si
1338 1448 1567 1493 stipulatione
1596 1452 1698 1484 tutus
1730 1449 1779 1484 sit
1812 1449 1911 1494 quis,
1950 1459 2030 1484 eum
2063 1449 2245 1484 actionem
2279 1448 2323 1483 de

1224 1494 1304 1528 dolo
1326 1494 1459 1529 habere
1478 1504 1552 1528 non
1573 1504 1691 1539 posse,
1717 1497 1759 1529 ut
1778 1498 1868 1539 puta
1888 1494 1918 1529 si
1939 1494 1982 1529 de
2003 1493 2085 1530 dolo
2111 1494 2325 1539 stipulatum

1223 1542 1242 1573 5
1292 1539 1348 1573 sit.
1397 1539 1496 1574 Idem
1520 1539 1741 1583 Pomponius
1766 1539 1817 1573 ait
1841 1542 1877 1574 et
1909 1539 1940 1574 si
1972 1540 2152 1574 actionem
2185 1539 2223 1574 in
2257 1548 2323 1574 nos

1224 1583 1301 1619 dari
1324 1594 1398 1619 non
1422 1587 1598 1629 oporteat,
1624 1584 1734 1619 veluti
1751 1584 1782 1619 si
1800 1584 1984 1629 stipulatio
2005 1588 2080 1619 tam
2102 1584 2219 1630 turpis
2241 1584 2322 1619 dolo

1223 1629 1316 1664 malo
1340 1628 1440 1664 facta
1464 1629 1528 1671 sit,
1553 1633 1595 1663 ut
1619 1639 1721 1664 nemo
1747 1629 1896 1664 daturus
1922 1630 1969 1664 sit
1993 1639 2037 1664 ex
2063 1640 2106 1665 ea
2131 1630 2323 1671 actionem,

1223 1685 1295 1709 non
1317 1674 1447 1709 debere
1467 1674 1644 1716 laborare,
1669 1678 1710 1709 ut
1733 1674 1883 1709 habeam
1911 1674 1954 1709 de
1980 1675 2060 1710 dolo
2087 1675 2182 1710 malo
2209 1674 2321 1709 actio-

1223 1729 1324 1761 nem,
1359 1730 1440 1754 cum
1472 1729 1576 1754 nemo
1610 1720 1656 1754 sit
1679 1719 1849 1754 adversus
1874 1730 1928 1754 me
1954 1719 2106 1754 daturus
2132 1719 2322 1755 actionem.

1224 1768 1244 1799 6
1291 1764 1388 1799 Idem
1397 1764 1615 1809 Pomponius
1628 1764 1738 1799 refert
1749 1764 1955 1799 Labeonem
1970 1765 2184 1807 existimare,
2199 1765 2323 1800 etiam·

1224 1809 1254 1844 si
1274 1809 1352 1854 quis
1372 1809 1410 1844 in
1430 1810 1607 1854 integrum
1627 1809 1767 1844 restitui
1786 1809 1911 1854 possit,
1937 1820 2009 1845 non
2029 1810 2160 1845 debere
2177 1809 2209 1844 ei
2228 1810 2323 1844 hanc

1224 1855 1402 1889 actionem
1437 1857 1655 1900 competere:
1691 1858 1727 1890 et
1758 1854 1789 1889 si
1821 1855 1892 1889 alia
1917 1855 2010 1890 actio
2035 1858 2198 1900 tempore
2221 1853 2325 1888 finita

1224 1900 1289 1941 sit,
1314 1900 1409 1934 hanc
1434 1903 1636 1944 competere
1660 1910 1733 1935 non
1757 1899 1904 1942 debere,
1939 1900 2007 1935 sibi
2029 1899 2255 1945 imputaturo
2282 1910 2323 1934 eo

1224 1945 1285 1989 qui
1317 1955 1421 1989 agere
1454 1944 1673 1990 supersedit:
1707 1945 1775 1979 nisi
1798 1945 1836 1979 in
1858 1945 1928 1980 hoc
1952 1955 2094 1991 quoque
2119 1945 2225 1980 dolus
2249 1955 2325 1979 ma-

1226 1993 1242 2022 7
1291 1990 1347 2024 lus
1382 1989 1559 2025 admissus
1583 1990 1632 2025 sit
1654 1993 1695 2024 ut
1718 1994 1859 2034 tempus
1885 1989 2008 2025 exiret.
2059 1989 2097 2026 Si
2129 1989 2211 2035 quis
2244 2000 2325 2025 cum

1225 2035 1403 2069 actionem
1427 2035 1564 2070 civilem
1587 2035 1737 2070 haberet
1760 2035 1815 2070 vel
1838 2035 2080 2078 honorariam,
2106 2035 2145 2070 in
2169 2035 2323 2079 stipula-

1224 2084 1299 2114 tum
1320 2079 1510 2115 deductam
1533 2079 1808 2124 acceptilatione
1828 2080 1882 2116 vel
1903 2080 1973 2115 alio
1994 2080 2100 2117 modo
2124 2079 2324 2122 sustulerit,

1225 2125 1268 2160 de
1292 2124 1373 2160 dolo
1399 2125 1551 2170 experiri
1574 2135 1647 2160 non
1670 2124 1822 2169 poterit,
1856 2125 2024 2170 quoniam
2054 2125 2183 2160 habuit
2218 2125 2325 2160 aliam

1225 2169 1420 2205 actionem:
1454 2170 1524 2205 nisi
1553 2170 1592 2205 in
1624 2170 1822 2205 amittenda
1854 2170 1997 2206 actione
2030 2169 2151 2206 dolum
2184 2170 2323 2205 malum

1225 2217 1244 2249 8
1291 2225 1422 2259 passus
1458 2218 1523 2250 est.
1571 2214 1655 2250 Non
1686 2215 1802 2250 solum
1834 2218 1955 2250 autem
1986 2215 2018 2251 si
2042 2215 2214 2251 adversus
2240 2225 2325 2250 eum

1224 2260 1272 2295 sit
1295 2260 1366 2295 alia
1390 2260 1496 2303 actio,
1521 2259 1691 2295 adversus
1716 2270 1820 2305 quem
1844 2260 1888 2295 de
1912 2260 1994 2296 dolo
2021 2261 2217 2306 quaeritur,

1272 2301 1297 2341 2
1321 2304 1482 2341 Panos
1502 2305 1594 2340 libro
1618 2305 1805 2341 undecimo
1830 2305 1881 2341 ad
1904 2306 2060 2342 edictum
2107 2306 2163 2341 vel
2195 2305 2241 2340 ab
2279 2314 2321 2339 eo

1224 2360 1282 2385 res
1307 2351 1442 2385 servari
1464 2350 1607 2395 poterit,

1270 2391 1295 2432 3
1328 2395 1623 2432 Urpmzvvslibro
1635 2395 1824 2431 undecimo
1844 2395 1895 2430 ad
1915 2395 2069 2431 edictum
2116 2405 2190 2431 non
2209 2394 2321 2429 habet

1224 2440 1293 2475 hoc
1317 2440 1473 2476 edictum
1496 2440 1627 2483 locum,
1651 2450 1775 2476 verum
1799 2439 1940 2475 etiamsi
1965 2440 2137 2476 adversus
2162 2439 2273 2474 alium

1270 2483 1297 2522 4
1321 2485 1482 2521 Pavws
1509 2485 1600 2521 libro
1631 2485 1821 2521 undecimo
1856 2485 1906 2520 ad
1938 2485 2093 2521 edictum
2139 2484 2187 2521 sit
2221 2484 2318 2520 actio

1224 2530 1279 2565 vel
1303 2530 1333 2565 si
1357 2531 1403 2566 ab
1428 2531 1498 2566 alio
1522 2540 1580 2565 res
1604 2530 1691 2565 mihi
1714 2530 1847 2565 servari
1869 2533 2000 2575 potest.

1271 2573 1296 2612 5
1328 2574 1525 2610 ULPIANUS
1552 2575 1644 2611 libro
1678 2575 1865 2610 undecimo
1889 2575 1940 2610 ad
1961 2574 2116 2610 edictum
2161 2573 2320 2619 Ideoque

1225 2620 1256 2654 si
1279 2620 1358 2665 quis
1382 2620 1540 2665 pupillus
1563 2630 1587 2655 a
1609 2619 1703 2655 Titio
1717 2646 1726 2662 ,
1758 2623 1878 2655 tutore
1912 2622 2058 2655 auctore
2092 2619 2319 2662 conludente‚

1227 2665 1432 2701 circumscri
1458 2669 1516 2699 tus
1541 2665 1597 2707 sit,
1623 2675 1695 2700 non
1719 2664 1849 2700 debere
1873 2675 1955 2700 eum
1974 2664 2018 2700 de
2038 2664 2119 2700 dolo
2140 2665 2319 2699 actionem

1226 2710 1397 2746 adversus
1453 2711 1556 2745 itium
1579 2710 1730 2752 habere,
1765 2720 1846 2745 cum
1875 2710 2008 2745 habeat
2038 2709 2174 2745 tutelae
2206 2710 2318 2745 actio-

1226 2765 1317 2797 nem,
1341 2766 1405 2800 per
1430 2765 1536 2800 quam
1561 2757 1801 2799 consequatur
1825 2755 1921 2799 quod
1945 2765 2012 2790 sua
2033 2755 2185 2790 intersit.
2211 2754 2319 2800 plane

1226 2800 1256 2834 si
1286 2803 1386 2835 tutor
1418 2799 1586 2835 solvendo
1618 2810 1690 2835 non
1714 2800 1778 2842 sit,
1813 2799 2001 2835 dicendum
2025 2800 2093 2835 erit
2106 2800 2133 2821 ¹⁴
2158 2799 2202 2835 de
2235 2799 2317 2835 dolo

1227 2845 1403 2880 actionem
1427 2845 1505 2879 dari
1529 2845 1570 2879 ei.

1273 2887 1298 2926 6
1327 2889 1450 2925 GAJUS
1467 2889 1558 2925 libro
1571 2892 1701 2934 quarto
1723 2889 1773 2924 ad
1789 2889 1943 2926 edictum
1950 2889 2180 2936 provinciale
2226 2889 2320 2925 Nam

1226 2935 1257 2970 is
1281 2935 1415 2969 nullam
1438 2934 1577 2969 videtur
1600 2934 1777 2969 actionem
1807 2935 1960 2978 habere,
1995 2934 2054 2970 cui
2087 2938 2235 2980 propter
2266 2935 2319 2969 in-

1228 2980 1346 3025 opiam
1370 2979 1563 3014 adversarii
1585 2979 1702 3015 inanis
1726 2980 1818 3015 actio
1845 2985 1909 3015 est.

1274 3022 1298 3060 7
1330 3023 1526 3060 Uipsanas
1546 3024 1636 3060 libro
1659 3024 1848 3061 undecimo
1883 3025 1934 3060 ad
1964 3023 2119 3060 edictum
2165 3024 2216 3059 Et
2249 3024 2319 3059 ele-

1227 3073 1352 3114 ganter
1374 3069 1594 3114 Pomponius
1625 3070 1715 3105 haec
1747 3071 1856 3105 verba
1880 3070 1924 3105 ‘si
1947 3070 2019 3105 alia
2043 3069 2137 3105 actio
2162 3080 2236 3105 non
2260 3069 2318 3104 sit'

1228 3115 1279 3150 sic
1315 3114 1466 3159 excipit,
1498 3115 1601 3160 quasi
1633 3124 1690 3150 res
1714 3114 1783 3150 alio
1807 3115 1914 3150 modo
1939 3116 1971 3151 ei
1995 3114 2041 3149 ad
2065 3124 2171 3160 quem
2195 3124 2238 3149 ea
2261 3124 2318 3149 res

1227 3159 1383 3204 pertinet
1406 3159 1505 3194 salva
1529 3169 1606 3194 esse
1629 3170 1703 3195 non
1752 3160 1867 3195 oterit.
1904 3171 1970 3195 nec
1985 3159 2126 3195 videtur
2136 3159 2221 3194 huic
2236 3169 2316 3194 sen-

1228 3204 1362 3239 tentiae
1385 3204 1584 3246 adversari,
1609 3204 1706 3249 quod
1747 3205 1888 3240 ulianus
1911 3206 2001 3240 libro
2027 3208 2155 3250 quarto
2180 3204 2318 3244 scribit,

1229 3250 1259 3284 si
1281 3249 1397 3284 minor
1420 3249 1523 3284 annis
1547 3250 1669 3294 viginti
1692 3250 1849 3295 quinque
1873 3249 2020 3286 consilio
2046 3249 2139 3285 servi
2163 3249 2316 3284 circum-

1229 3295 1385 3339 scriptus
1418 3304 1497 3329 eum
1528 3294 1687 3330 vendidit
1710 3305 1791 3330 cum
1822 3295 1962 3340 peculio
1997 3305 2051 3330 em
2077 3298 2206 3338 torque
2238 3302 2318 3327 eum

1228 3338 1443 3381 manumisit,
1464 3338 1619 3375 dandam
1636 3340 1674 3374 in
1693 3340 1951 3375 manumissum
1971 3339 2015 3375 de
2061 3340 2117 3374 010
2142 3338 2319 3373 actionem

1230 3385 1310 3426 (hoc
1335 3384 1427 3418 enim
1450 3384 1502 3419 sic
1533 3385 1728 3429 accipimus
1762 3395 1886 3420 carere
1917 3384 1999 3420 dolo
2033 3387 2245 3428 emptorem,
2278 3386 2319 3433 111

1230 3439 1274 3463 ex
1298 3432 1416 3473 empto
1441 3429 1555 3464 teneri
1577 3440 1650 3465 non
1673 3430 1799 3474 possit)
1832 3432 1896 3465 aut
1927 3430 2061 3465 nullam
2094 3437 2171 3463 esse
2194 3426 2316 3461 11011111-

1228 3474 1371 3515 110110111,
1395 3473 1427 3508 01
1448 3474 1486 3508 111
1509 3474 1578 3510 1100
1596 3475 1674 3519 ipso
1693 3478 1735 3509 ut
1754 3474 1922 3510 venderet
1940 3472 2228 3516 circumscriptus
2251 3473 2316 3506 est.

1398 3586 1452 3628 (11)
1478 3587 1605 3629 poterit
1617 3587 1701 3619 FP‘J
1790 3587 1848 3628 (12)
1875 3587 1904 3618 ei
1918 3598 1981 3618 scr.

1272 3630 1329 3671 (13)
1354 3631 1420 3664 Ed.
1435 3638 1528 3665 1...1s.
1547 3638 1663 3665 20...31.
1677 3638 1733 3671 393
1750 3632 1890 3674 Pap.19;
1905 3631 1993 3672 App.
2008 3635 2053 3663 32.
2070 3635 2127 3667 403
2150 3628 2232 3660 Sub.
2245 3633 2305 3661 33..

1226 3682 1273 3708 38.
1286 3692 1331 3699 -—
1344 3675 1429 3709 Bas.
1448 3677 1497 3716 10,
1512 3683 1537 3709 3.
1553 3694 1597 3700 -
1613 3676 1664 3719 Cf
1683 3677 1760 3709 Cod.
1775 3677 1806 3716 2,
1821 3684 1852 3709 21
1955 3675 2011 3713 (14)
2038 3671 2227 3705 dicenderit
2238 3671 2274 3704 F
