2528 3918
221 105 300 148 XV
332 107 411 147 2.3

220 228 281 275 qui
303 226 475 262 tradendo
495 226 529 262 id
550 225 721 271 legatario
742 235 781 261 se
798 224 972 262 liberavit.
1008 225 1166 270 Pegasus
1190 228 1309 261 autem

221 273 338 310 caveri
361 270 482 307 heredi
506 270 635 306 debere
658 270 710 306 ait
731 270 777 306 ab
799 280 854 314 eo,
879 270 937 306 cui
956 271 1134 316 peculium
1154 271 1309 316 legatum

220 319 285 361 sit,
317 317 401 362 quia
424 316 470 351 ad
495 326 574 351 eum
605 315 752 351 veniunt
780 315 990 351 creditores:
1024 326 1104 361 ergo
1137 315 1168 350 si
1199 315 1308 350 tradi-

221 365 241 399 8
289 362 380 398 (10111
403 361 479 397 sine
502 360 686 404 cautione,
719 360 786 396 erit
817 360 1088 396 conveniendus.
1137 360 1175 395 Si
1205 370 1308 405 prae-

221 411 325 452 cepto
359 416 460 442 servo
493 409 529 441 et
559 405 699 451 peculio
729 409 874 450 rogatus
907 406 954 441 sit
983 405 1088 441 heres
1122 405 1310 441 restituere

219 451 471 494 hereditatem,
504 451 534 486 si
566 450 612 487 de
641 450 779 496 peculio
812 450 1063 493 conveniatur,
1096 450 1309 485 Trebelliani

220 496 430 541 exceptione
447 506 520 531 non
540 499 670 539 utetur,
690 500 732 531 ut
743 495 935 531 Marcellus
954 499 1113 530 tractans
1135 494 1307 530 admittit:

219 542 250 577 is
275 545 395 576 autem
419 540 478 576 cui
500 540 667 576 restituta
691 545 746 577 est
768 540 947 576 hereditas
972 551 1044 575 non
1075 543 1235 583 tenetur,
1268 543 1310 575 ut

220 586 392 622 Scaevola
415 586 475 629 ait,
502 596 583 622 cum
606 585 785 632 peculium
808 596 879 621 non
904 585 1037 620 habeat
1059 595 1126 620 1100
1150 584 1231 621 (1010
1255 584 1307 620 fe-

220 634 240 666 9
288 631 377 666 00111
400 641 470 677 quo
496 631 611 667 minus
634 631 794 667 haberet.
842 630 917 666 Usu
941 629 1062 681 fructu
1086 640 1228 675 quoque
1248 639 1307 664 ex-

220 675 350 712 stincto
374 676 470 712 intra
492 686 625 711 annum
649 676 823 712 actionem
849 674 1001 710 dandam
1021 685 1056 709 111
1077 675 1306 710 usufructua-

219 721 310 756 rium
345 721 565 774 Pomponius
596 721 687 756 libro
724 720 966 799 sexagensimo
1003 720 1116 772 primo
1153 720 1223 755 scri
1250 720 1305 772 sit.

224 769 264 801 10
312 766 518 810 Quaesitum
552 770 606 802 est
637 765 732 812 apud
763 765 818 800 La
845 775 987 807 eonem,
1019 775 1068 808 ei,
1102 775 1183 800 cum
1266 775 1308 800 us

218 811 361 853 viveret,
385 815 426 847 tu
450 811 598 847 credens
623 821 702 846 eum
726 814 902 845 mortuum
927 809 1047 844 annali
1067 811 1207 845 actione
1228 820 1307 855 ege-

219 856 269 892 ris
293 860 347 899 et,
372 856 455 902 quia
478 867 593 892 annus
616 855 857 901 praeterierat,
883 855 1093 900 exceptione
1116 855 1164 891 sis
1188 855 1306 900 repul-

219 911 300 943 sus,
333 911 379 937 an
402 911 527 937 rursus
552 901 702 946 experiri
726 900 790 935 tibi
815 903 995 945 comperto
1021 910 1139 936 errore
1163 900 1307 945 permit-

218 946 366 982 tendum
397 950 461 982 est.
499 950 535 982 et
558 947 609 982 ait
631 945 786 991 permitti
810 944 939 980 debere
962 944 1148 980 dumtaxat
1171 945 1215 980 de
1245 955 1307 991 pe-

220 991 333 1034 culio,
364 1002 436 1027 non
461 992 568 1027 etiam
592 991 636 1026 de
658 991 695 1026 in
719 1001 793 1025 rem
816 1000 938 1025 verso:
969 1000 1052 1025 nam
1075 990 1194 1036 priore
1216 990 1306 1025 iudi-

220 1036 275 1073 cio
300 1036 343 1072 de
366 1037 403 1072 in
426 1047 500 1072 rem
524 1047 624 1072 verso
647 1039 744 1071 recte
769 1039 888 1070 actum
913 1039 977 1078 est,
1003 1035 1086 1081 quia
1107 1046 1226 1071 annua
1247 1045 1306 1071 ex-

220 1091 261 1118 ce
287 1081 338 1118 tio
364 1082 410 1117 ad
434 1082 630 1127 peculium,
655 1091 727 1116 non
752 1080 798 1115 ad
819 1079 857 1115 111
880 1090 955 1116 10111
978 1091 1117 1116 versum
1168 1081 1305 1116 ertinet.

262 1093 291 1164 g
315 1126 372 1162 Pa
381 1136 475 1163 ULUS
495 1127 585 1162 libro
611 1126 818 1172 triqensimo
844 1125 894 1160 ad
916 1125 1070 1161 edictum
1147 1137 1206 1161 um
1226 1129 1309 1172 post

219 1177 368 1208 mortem
404 1171 467 1207 filii
501 1171 653 1206 familias
686 1180 806 1205 annua
838 1170 1007 1206 adversus
1042 1174 1180 1216 patrem
1213 1171 1306 1206 actio

219 1221 283 1259 est,
309 1216 604 1262 quemadmodum
629 1216 797 1251 adversus
821 1225 901 1250 eum
927 1219 1020 1251 esset
1038 1227 1084 1261 pe
1129 1220 1211 1251 etua
1229 1216 1306 1251 vivo

218 1261 310 1304 filio,
341 1262 420 1297 ideo
452 1261 482 1297 si
514 1271 557 1296 ex
589 1271 699 1296 causa
729 1260 975 1296 redhibitionis
1000 1266 1078 1296 erat
1125 1271 1144 1296 e
1194 1261 1306 1296 eculio

219 1307 333 1349 actio,
359 1317 422 1342 sex
454 1317 614 1341 mensum
647 1306 713 1341 erit
743 1309 827 1351 post
856 1310 1003 1341 mortem
1033 1306 1113 1341 filii:
1145 1306 1157 1341 i
1184 1316 1307 1352 emque

221 1355 234 1386 1
287 1351 475 1387 dicendum
494 1351 531 1386 in
550 1351 713 1387 omnibus
733 1355 804 1386 tem
831 1351 988 1387 oralibus
1010 1351 1222 1387 actionibus.
1270 1351 1308 1386 Si

219 1407 340 1433 servus
365 1397 423 1432 cui
448 1396 619 1432 creditum
644 1400 699 1431 est
722 1406 793 1441 apu
842 1396 964 1432 hostes
996 1396 1060 1440 sit,
1094 1396 1138 1432 de
1167 1396 1307 1442 peculio

218 1442 312 1477 actio
336 1442 372 1477 in
405 1441 586 1477 dominum
618 1452 690 1476 non
722 1451 815 1476 anno
847 1441 1003 1477 finienda
1034 1445 1108 1485 est,
1140 1441 1307 1488 quamdiu

217 1487 433 1532 postliminio
457 1486 585 1522 reverti
635 1490 738 1522 otest.

264 1529 288 1569 3
321 1531 551 1567 POMPONIUS
578 1532 606 1567 li
627 1543 669 1567 ro
701 1535 832 1577 quarto
864 1532 914 1567 ad
943 1531 1115 1575 Quintum
1146 1531 1306 1568 Mucium

218 1576 433 1612 Definitione
462 1576 593 1622 peculii
624 1576 801 1612 interdum
832 1577 1002 1613 utendum
1036 1581 1090 1613 est
1120 1577 1244 1620 etiam,
1277 1577 1307 1612 si

217 1631 338 1657 servus
361 1622 398 1657 in
421 1632 537 1656 rerum
560 1625 690 1657 natura
714 1632 791 1657 esse
815 1621 920 1657 desiit
943 1626 980 1658 et
1003 1622 1179 1658 actionem
1202 1632 1306 1667 prae-

217 1669 274 1702 tor
296 1666 340 1702 de
363 1667 502 1712 peculio
525 1667 621 1702 intra
644 1677 776 1702 annum
801 1666 881 1702 dat:
906 1678 990 1703 nam
1014 1671 1049 1703 et
1072 1671 1159 1703 tunc
1183 1671 1219 1702 et
1244 1678 1304 1702 ac-

218 1712 412 1747 cessionem
445 1715 481 1747 et
512 1711 752 1748 decessionem
785 1713 887 1758 quasi
910 1713 1041 1758 peculii
1064 1712 1306 1758 recipiendam

218 1760 443 1802 (quamquam
463 1757 535 1792 iam
548 1759 558 1778 ¹
583 1757 685 1792 desiit
704 1761 817 1792 morte
841 1758 932 1793 servi
955 1758 1011 1793 vel
1031 1758 1306 1793 manumissione

217 1812 295 1837 esse
307 1802 509 1847 peculium),
530 1806 571 1837 ut
582 1802 697 1847 possit
718 1802 749 1837 ei
770 1803 941 1838 accedere
962 1807 1002 1838 ut
1021 1803 1160 1848 peculio
1179 1803 1305 1838 fructi·

215 1847 283 1882 bus
306 1847 358 1882 vel
376 1857 545 1892 pecorum
564 1846 641 1882 fetu
660 1847 939 1893 ancillarumque
955 1849 1128 1893 partubus
1149 1851 1185 1884 et
1203 1847 1305 1883 dece-

217 1891 317 1934 dere,
349 1892 456 1928 veluti
487 1892 518 1927 si
549 1895 727 1928 mortuum
752 1892 799 1927 sit
822 1893 951 1929 animal
975 1893 1030 1929 vel
1054 1893 1123 1928 alio
1149 1893 1307 1939 quolibet

216 1936 320 1973 modo
346 1937 500 1983 perierit.

718 1984 813 2024 111².

534 2051 595 2083 DE
621 2051 671 2083 IN
696 2051 795 2083 REM
819 2050 976 2084 VERSO.

266 2115 284 2153 1
320 2115 516 2152 ULPJANUS
543 2116 634 2152 libro
657 2117 849 2153 vicensimo
874 2127 968 2152 nono
993 2117 1042 2153 ad
1065 2117 1219 2153 edictum
1267 2117 1304 2153 Si

216 2161 254 2196 hi
285 2161 345 2207 qui
375 2162 412 2196 in
443 2165 620 2206 potestate
653 2161 769 2197 aliena
800 2165 884 2197 sunt
907 2161 994 2196 nihil
1016 2162 1053 2197 in
1076 2163 1216 2208 peculio
1239 2163 1304 2198 ha·

217 2206 314 2249 bent,
339 2207 392 2242 vel
416 2207 593 2249 habeant,
617 2217 689 2242 non
711 2207 749 2242 in
773 2207 924 2243 solidum
948 2210 1086 2250 tamen,
1111 2208 1305 2243 tenentur-³

217 2252 277 2297 qui
301 2262 360 2287 eos
384 2251 520 2287 habent
542 2251 580 2287 in
603 2255 801 2297 potestate,
834 2252 864 2288 si
895 2252 932 2287 in
963 2263 1036 2287 rem
1063 2263 1183 2288 eorum
1209 2252 1304 2298 quod

217 2301 403 2342 acceptum
428 2301 482 2332 est
506 2307 715 2332 conversum
738 2297 803 2339 sit,
836 2297 938 2343 quasi
970 2308 1050 2333 cum
1073 2298 1160 2343 ipsis
1184 2298 1303 2343 potius

220 2344 234 2376 1
285 2346 509 2377 contractum
540 2341 712 2377 videatur.
760 2342 837 2378 Nec
869 2342 1009 2377 videtur
1038 2342 1175 2379 frustra
1198 2342 1242 2378 (10
1265 2343 1301 2378 111

215 2397 290 2422 10111
313 2397 414 2422 verso
438 2387 532 2422 actio
556 2387 750 2432 promissa,
783 2387 885 2432 quasi
916 2387 1096 2423 sufficeret
1129 2388 1172 2424 de
1194 2398 1302 2433 pecu-

216 2431 282 2467 lio:
309 2432 504 2467 rectissime
529 2432 621 2467 enim
644 2432 768 2468 Labeo
794 2432 879 2468 dicit
902 2431 979 2467 fieri
1003 2443 1119 2477 posse,
1144 2437 1185 2468 ut
1209 2436 1245 2468 et
1266 2433 1304 2468 in

216 2487 290 2511 rem
314 2487 451 2512 versum
476 2476 523 2512 sit
547 2481 583 2512 et
607 2482 722 2512 cesset
741 2477 785 2513 de
805 2477 943 2522 peculio
966 2478 1071 2513 actio.
1110 2477 1193 2523 quid
1211 2478 1302 2513 enim

216 2521 246 2556 si
277 2521 439 2557 dominus
470 2522 648 2567 peculium
680 2522 811 2558 ademit
835 2523 910 2558 sine
934 2522 1014 2558 dolo
1040 2523 1159 2558 malo?
1194 2522 1303 2568 quid‘

216 2566 247 2601 si
270 2571 382 2601 morte
405 2567 496 2602 servi
521 2568 734 2603 exstinctum
758 2572 812 2603 est
835 2568 1013 2612 peculium
1037 2573 1072 2602 et
1096 2579 1210 2603 annus
1234 2568 1302 2603 uti-

216 2611 259 2646 lis
291 2612 498 2656 praeteriit?
531 2612 575 2647 de
598 2612 633 2646 in
659 2623 732 2648 rem
756 2623 857 2648 verso
882 2622 1033 2657 namque
1057 2613 1150 2648 actio
1175 2623 1301 2658 perpe-

216 2659 280 2691 tua
304 2660 358 2691 est
382 2661 417 2691 et
439 2657 555 2692 locum
579 2658 705 2700 habet,
738 2658 811 2693 sive
842 2657 972 2692 ademit
1003 2658 1079 2693 sine
1103 2658 1183 2694 dolo
1208 2659 1301 2694 malo

217 2702 236 2735 2
284 2701 356 2735 sive
391 2701 484 2736 actio
521 2701 564 2737 de
599 2702 739 2748 peculio
775 2713 868 2738 anno
905 2703 1005 2738 finita
1040 2707 1103 2738 est.
1152 2704 1239 2738 ltem
1272 2704 1302 2738 si

216 2745 334 2790 plures
359 2750 466 2790 agant
491 2746 534 2782 de
557 2748 715 2792 peculio,
741 2748 915 2792 proficere
937 2748 1005 2783 hoc
1030 2748 1080 2790 ei,
1115 2749 1215 2784 cuius
1239 2759 1300 2794 pe-

217 2790 323 2826 cunia
345 2790 382 2825 in
406 2801 478 2826 rem
502 2803 604 2827 versa
627 2796 690 2835 est,
716 2793 830 2835 debet,
856 2798 896 2828 ut
918 2793 994 2838 ipse
1018 2793 1217 2829 uberiorem
1241 2804 1300 2829 ac-

216 2835 348 2870 tionem
379 2836 521 2871 habeat.
559 2840 679 2873 certe⁵
703 2838 733 2873 si
765 2842 995 2883 praeventum
1027 2838 1074 2873 sit
1105 2839 1150 2874 ab
1182 2839 1300 2884 aliquo

217 2884 254 2915 et
277 2884 395 2915 actum
420 2880 463 2915 de
482 2882 632 2925 peculio,
657 2882 699 2918 de
719 2883 755 2918 in
775 2893 849 2918 rem
869 2887 970 2919 'verso
991 2884 1084 2919 actio
1106 2894 1153 2918 an
1175 2888 1300 2926 cesset,

216 2924 415 2960 videndum.
453 2929 488 2960 et
519 2926 627 2961 refert
651 2928 867 2980 Pomponius
892 2928 1067 2964 Iulianum
1100 2929 1301 2964 existimare

217 2969 262 3005 de
293 2970 429 3015 peculio
455 2971 595 3006 actione
618 2983 749 3017 peremi
773 2973 817 3008 de
840 2973 877 3008 in
899 2983 974 3008 rem
998 2983 1098 3009 verso
1123 2973 1301 3009 actionem

218 3014 315 3060 (quia
337 3014 373 3049 in
397 3015 573 3059 peculium
598 3027 805 3053 conversum
831 3022 885 3053 est
904 3018 1000 3064 quod
1018 3018 1055 3053 in
1074 3018 1206 3054 domini
1226 3029 1300 3054 rem

217 3063 295 3095 erat
318 3069 457 3095 versum
482 3064 516 3095 et
560 3072 599 3096 ro
621 3072 720 3097 servo
740 3063 896 3099 solutum
916 3067 981 3106 est,
1006 3063 1300 3109 quemadmodum

216 3104 246 3140 si
270 3104 337 3150 ipsi
362 3114 461 3140 servo
486 3115 507 3140 a
556 3107 672 3142 omino
696 3107 824 3143 fuisset
847 3108 1037 3151 solutum),
1071 3108 1133 3144 sed
1164 3109 1215 3144 ita
1239 3109 1298 3145 de-

216 3160 329 3192 mum,
362 3150 391 3185 si
423 3150 641 3194 praestiterit
670 3163 712 3187 ex
744 3153 883 3188 actione
907 3153 951 3188 de
973 3154 1112 3198 peculio
1138 3153 1299 3190 dominus

217 3194 312 3240 quod
343 3204 464 3230 servus
494 3194 530 3229 in
562 3205 634 3230 rem
666 3197 741 3232 eius
772 3202 942 3234 verterat:
979 3203 1135 3234 ceterum
1166 3199 1197 3235 si
1227 3209 1299 3234 non

216 3239 442 3285 praestiterit,
468 3244 587 3275 manet
610 3242 704 3277 actio
729 3242 772 3277 de
794 3243 831 3277 in
854 3253 928 3278 rem
951 3253 1063 3280 verso.

263 3281 289 3321 2
312 3283 359 3320 ΙΔ
369 3293 537 3320 roseros
551 3284 641 3320 libro
661 3286 869 3323 duodecimo
890 3299 940 3324 ex
954 3289 1075 3324 Cassio
1111 3288 1179 3333 Qui
1198 3299 1298 3324 num-

216 3329 282 3365 mis
306 3328 487 3374 acceptis⁸
510 3339 648 3365 servum
673 3333 893 3375 manumisit,
926 3333 983 3378 agi
1015 3344 1096 3369 cum
1128 3343 1169 3369 eo
1194 3333 1239 3369 de
1261 3334 1297 3368 iu

215 3384 302 3427 rem'
312 3384 415 3410 verso
440 3384 511 3410 non
535 3378 671 3427 potest,
705 3376 787 3455 guia
819 3377 935 3413 dando
966 3378 1168 3414 libertatem
1198 3378 1296 3414 locu-

217 3418 346 3465 pleuor
369 3430 414 3454 ex
437 3429 588 3455 nummis
612 3430 682 3455 non
734 3425 757 3455 t.

262 3461 287 3502 3
308 3463 503 3500 ΠιΡιΑΝυε
519 3464 609 3500 libro
629 3465 818 3500 vicensimo
840 3477 934 3501 nono
947 3467 997 3502 ad
1008 3467 1160 3504 edictum
1197 3467 1297 3520 Quod

216 3508 247 3545 ti
270 3518 392 3545 servus
416 3508 558 3545 domino
583 3509 815 3555 quantitatem
842 3510 986 3555 dederit,
1011 3516 1051 3547 ut
1070 3517 1295 3548 manumitta-

218 3623 258 3664 (1)
282 3623 349 3655 'tam
363 3623 424 3657 dal.
437 3622 490 3657 ΙΝ

262 3669 306 3708 (1)
332 3667 412 3701 sab.
427 3676 450 3702 ι.
464 3675 545 3702 ama.
559 3675 586 3703 τ.
599 3676 627 3703 a.
641 3675 763 3708 ¹⁰--·18;
777 3668 861 3712 Pap.
876 3676 904 3703 (1.
914 3677 958 3703 ¹⁹.
969 3677 1027 3710 1ος
1041 3670 1104 3705 Ed.
1119 3678 1147 3704 2.
1161 3679 1196 3710 ⁹3
1210 3672 1296 3714 App.

218 3718 247 3747 ²1
290 3729 319 3737 -
332 3712 415 3746 Bas.
433 3714 484 3754 18,
499 3720 524 3746 7.
538 3731 583 3738 -
598 3714 649 3757 Cs.
667 3713 745 3748 cod.
759 3715 790 3754 ⁴,
805 3721 841 3748 ²⁶
994 3718 1037 3756 (3)
1063 3719 1241 3748 teneantur
1252 3716 1296 3749 F*

1304 100 1387 148 202

2205 120 2463 152 mamm

1378 227 1448 268 tur,
1473 235 1582 271 quam
1604 235 1627 261 a
1645 236 1703 262 me
1721 229 1882 263 mutuam
1899 227 2048 273 accepit,
2071 229 2110 264 in
2127 228 2306 274 peculium
2325 230 2463 275 quidem

1378 270 1473 306 hanc
1497 271 1735 316 quantitatem
1759 283 1831 308 non
1856 273 2074 325 computari,
2104 273 2143 308 in
2172 283 2247 309 rem
2271 278 2392 310 autem
2415 276 2464 311 vi-

1379 314 1454 350 deri
1479 325 1628 359 versum,
1652 316 1683 352 si
1706 316 1792 362 quid
1813 318 1895 369 plus
1919 321 1965 353 s1t
1987 318 2025 353 in
2049 327 2090 354 eo
2113 317 2209 364 quod
2226 328 2349 354 servus
2369 319 2465 355 dedit

1382 362 1396 394 1
1447 370 1554 406 quam
1586 364 1641 396 est
1669 361 1707 396 in
1731 372 1823 397 servi
1845 363 1971 408 pretio.
2019 363 2061 397 In
2084 373 2159 398 rem
2182 368 2302 399 autem
2324 374 2464 400 versum

1377 404 1536 448 videtur,
1570 406 1643 441 sive
1673 405 1709 441 id
1739 407 1856 452 ipsum
1888 407 1983 453 quod
2015 417 2137 443 servus
2169 408 2309 454 accepit
2331 409 2366 444 in
2391 420 2465 445 rem

1379 449 1510 486 domini
1543 450 1718 486 convertit
1751 452 1870 493 (veluti
1901 452 1932 487 si
1961 452 2119 488 triticum
2150 453 2329 499 acceperit
2363 458 2398 490 et
2428 454 2465 490 id

1378 495 1493 540 ipsum
1526 495 1563 530 in
1595 495 1765 531 familiam
1797 496 1928 532 domini
1959 497 2171 533 cibariorum
2206 498 2347 534 nomine
2379 509 2464 534 0011-

1378 540 1579 592 sumpserit)
1605 545 1669 575 aut
1692 541 1722 576 si
1744 542 1933 586 pecuniam
1956 552 1979 577 a
2003 542 2178 578 creditore
2195 547 2382 588 acceptam
2400 544 2462 579 do-

1377 585 1505 620 mimco
1530 585 1697 621 creditori
1721 586 1864 621 solverit
1887 587 1963 627 (sed
1987 591 2022 622 et
2041 587 2072 623 si
2091 587 2221 623 erravit
2239 587 2277 623 in
2297 588 2463 624 solvendo

1378 633 1415 665 et
1436 630 1575 675 putavit
1607 630 1814 666 creditorem
1848 641 1927 666 eum
1983 632 2020 667 ui
2050 642 2123 667 non
2154 636 2250 675 erat,
2286 643 2397 678 aeque
2427 634 2463 669 in

1377 685 1451 710 rem
1473 685 1615 711 versum
1639 685 1718 711 esse
1736 643 2065 721 Pomponius‘libro
2086 678 2330 722 sexagensimo
2375 679 2463 714 rimo

1378 719 1446 763 ait,
1479 723 1655 766 quatenus
1678 719 1826 755 indebiti
1849 721 2093 766 repetitionem
2116 721 2280 758 dominus
2303 723 2351 758 ha
2377 727 2463 766 eret)

1377 765 1451 800 sive
1481 775 1562 800 cum
1593 775 1714 800 servus
1739 765 1872 801 domini
1895 766 2026 811 negotii
2048 766 2192 812 gerendi
2216 767 2463 803 administran-

1378 809 1456 845 dive
1480 820 1590 845 causa
1614 809 1699 856 quid
1721 811 1831 855 gessit
1856 811 1975 850 (veluti
1999 811 2030 847 si
2053 813 2261 848 mutuatus⁷
2284 812 2331 848 sit
2352 824 2462 858 pecu-

1377 855 1491 897 niam,
1524 858 1565 889 ut
1592 854 1809 890 frumentum
1843 859 2066 902 compararet
2096 856 2143 892 ad
2171 856 2342 893 familiam
2366 858 2462 893 alen·

1378 899 1459 935 dam
1482 900 1537 935 vel
1560 900 1614 935 si⁸
1637 899 1684 935 ad
1707 900 1935 943 vestiendam)
1962 901 2034 937 sive
2064 901 2291 946 peculiariter
2322 907 2463 938 mutua-

1376 948 1435 980 tus
1459 949 1586 990 postea
1609 945 1646 980 111
1669 955 1743 980 10111
1767 945 1900 981 (101111111
1922 947 2044 982 vertit:
2076 947 2145 982 hoc
2177 947 2270 982 enim
2292 947 2370 984 iure
2392 949 2462 983 uti·

1377 1001 1474 1033 mur,
1499 994 1558 1032 ut,
1592 990 1729 1026 etiamsi
1752 991 1851 1035 prius
1874 991 1911 1026 in
1935 991 2112 1036 peculium
2136 992 2241 1027 vertit
2263 993 2460 1037 pecuniam,

1376 1045 1459 1071 mox
1482 1035 1519 1070 in
1543 1045 1618 1070 rem
1642 1035 1785 1077 domini,
1811 1046 1888 1071 esse
1912 1036 1956 1072 de
1977 1037 2015 1072 in
2038 1046 2112 1071 rem
2135 1047 2237 1073 verso
2262 1038 2355 1073 actio
2379 1048 2462 1083 pos-

1377 1083 1397 1115 2
1446 1080 1502 1115 sit.
1551 1080 1602 1114 Et
1621 1081 1832 1126 regulariter
1851 1081 2000 1117 dicimus
2020 1082 2150 1117 totiens
2171 1081 2263 1117 (10111
2274 1093 2462 1119 remverso

1377 1135 1455 1161 esse
1478 1125 1664 1168 actionem,
1690 1126 1818 1171 quibus
1842 1127 1984 1162 casibus
2008 1131 2220 1172 procurator
2234 1128 2393 1163 mandati
2410 1128 2464 1164 vel

1377 1171 1438 1216 qui
1469 1171 1611 1215 negotia
1640 1172 1750 1216 gessit
1779 1171 1999 1216 negotiorum
2030 1176 2210 1217 gestorum
2231 1173 2380 1208 haberet
2403 1183 2463 1208 ac-

1376 1216 1510 1250 tionem
1534 1215 1768 1261 quotiensque
1791 1216 1925 1261 aliquid
1945 1217 2165 1262 consumpsit
2184 1227 2316 1260 servus,
2341 1223 2382 1254 ut
2401 1222 2464 1253 aut

1377 1260 1556 1296 meliorem
1578 1271 1653 1296 rem
1677 1261 1839 1297 dominus
1862 1262 2028 1298 habuerit
2052 1266 2115 1298 aut
2137 1272 2210 1298 non
2241 1262 2461 1299 deteriorem.

1378 1308 1397 1341 3
1444 1305 1600 1341 Proinde
1623 1306 1653 1341 si
1677 1317 1799 1342 servus
1823 1307 1975 1352 sumpsit
1996 1307 2204 1353 pecuniam,
2227 1311 2269 1343 ut
2292 1318 2330 1344 se
2353 1308 2464 1344 aleret

1377 1354 1413 1387 et
1436 1352 1581 1386 vestiret
1612 1351 1807 1386 secundum
1840 1352 2129 1388 consuetudinem
2161 1352 2313 1396 domini,
2344 1353 2382 1388 id
2411 1357 2465 1389 est

1376 1407 1489 1442 usque
1513 1396 1558 1431 ad
1583 1406 1662 1431 eum
1693 1397 1856 1440 modum,
1887 1408 1993 1477 3110111
2023 1397 2186 1433 dominus
2218 1398 2250 1433 ei
2280 1402 2464 1444 praestare

1377 1446 1631 1484 consueverat,
1670 1441 1707 1477 in
1745 1452 1821 1477 rem
1852 1442 1886 1477 vi
1913 1443 1963 1478 eri
1994 1442 2127 1478 domini
2158 1443 2308 1479 vertisse
2340 1443 2463 1479 Labeo

1376 1489 1398 1522 4
1444 1486 1578 1522 scribit.
1616 1497 1697 1531 ergo
1721 1487 1814 1522 idem
1838 1487 1905 1522 erit
1928 1491 1964 1523 et
1986 1488 2023 1523 in
2045 1487 2129 1523 filio.
2178 1487 2248 1523 Sed
2279 1488 2310 1524 si
2340 1493 2465 1524 mutua

1376 1532 1530 1578 pecunia
1561 1536 1710 1577 accepta
1742 1532 1885 1568 domum
1909 1532 2119 1568 dominicam
2143 1533 2326 1568 exornavit
2350 1537 2462 1569 tecto-

1375 1577 1437 1612 riis
1463 1580 1498 1612 et
1530 1577 1742 1622 quibusdam
1773 1577 1869 1620 aliis,
1905 1588 1997 1623 quae
2026 1578 2137 1623 magis
2169 1577 2216 1613 ad
2245 1578 2463 1624 voluptatem

1375 1622 1555 1667 pertinent
1585 1633 1691 1667 quam
1723 1622 1770 1657 ad
1800 1623 2007 1666 utilitatem,
2041 1633 2113 1658 non
2142 1623 2282 1659 videtur
2310 1634 2462 1667 versum,

1376 1667 1460 1747 guia
1483 1677 1550 1702 nec
1572 1671 1787 1712 procurator
1809 1668 1898 1704 haec
1921 1667 2131 1713 imputaret,
2155 1668 2223 1703 nisi
2246 1667 2340 1704 forte
2362 1679 2462 1704 man-

1401 1717 1498 1748 atum
1522 1712 1655 1747 domiui
1679 1716 1742 1747 aut
1764 1713 1983 1749 voluntatem
2006 1713 2151 1748 habuit:
2175 1723 2242 1749 nec
2267 1713 2396 1749 debere
2420 1724 2463 1749 ex

1376 1768 1418 1793 eo
1443 1757 1584 1793 onerari
1608 1757 1806 1801 dominum,
1862 1758 1933 1794 uod
1962 1758 2039 1803 ipse
2069 1758 2230 1794 facturus
2260 1769 2333 1794 non
2357 1762 2461 1795 esset.

1376 1802 1462 1848 quid
1486 1813 1568 1847 ergo
1593 1803 1672 1838 est?
1707 1803 1783 1848 pati
1807 1769 1912 1838 (101101
1935 1803 2098 1839 dominus
2133 1803 2343 1839 creditorem
2372 1804 2462 1839 haec

1376 1847 1536 1890 auferre,
1569 1847 1644 1883 sine
1669 1847 1819 1884 domus⁹
1841 1848 2005 1884 videlicet
2026 1848 2173 1891 iniuria,
2206 1858 2252 1884 ne
2283 1849 2461 1894 cogendus

1375 1893 1421 1928 sit
1445 1892 1607 1928 dominus
1631 1892 1782 1929 vendere
1814 1893 1976 1936 domum,
2009 1897 2050 1929 ut
2080 1893 2205 1939 quanti
2234 1894 2423 1939 pretiosior
2435 1895 2463 1916 ¹⁰

1375 1941 1394 1973 5
1442 1937 1541 1973 facta
1565 1942 1628 1980 est,
1653 1938 1690 1973 id
1711 1943 1882 1984 praestet.
1929 1939 2026 1974 Idem
2048 1938 2170 1974 Labeo
2195 1939 2264 1982 ait,
2287 1939 2319 1975 si
2341 1949 2461 1975 servus

1374 1986 1556 2018 mutuatus
1581 1994 1743 2019 nummos
1768 1994 1790 2019 a
1813 1994 1869 2019 me
1890 1984 1949 2019 alii
1969 1994 2029 2020 eos
2049 1984 2247 2027 crediderit,
2273 1983 2317 2019 de
2333 1984 2371 2019 in
2386 1995 2458 2022 rem

1374 2038 1475 2063 verso
1490 2028 1670 2064 dominum
1689 2029 1813 2072 teneri,
1835 2029 1930 2074 quod
1949 2039 2078 2064 nomen
2099 2029 2131 2065 ei
2151 2028 2366 2074 adquisitum
2388 2034 2459 2065 est:

1375 2083 1480 2119 quam
1504 2073 1714 2108 sententiam
1737 2073 1956 2119 Pomponius
1979 2074 2030 2109 ita
2052 2075 2200 2120 probat,
2232 2075 2263 2110 si
2294 2085 2366 2110 non
2397 2084 2458 2120 pe-

1375 2118 1508 2154 culiare
1542 2129 1671 2153 nomen
1704 2118 1809 2161 fecit,
1846 2119 1909 2155 sed
1940 2119 2042 2164 quasi
2073 2119 2271 2155 dominicae
2300 2120 2459 2155 rationis.

1374 2174 1417 2198 ex
1441 2173 1513 2208 qua
1537 2174 1647 2199 causa
1670 2163 1843 2199 hactenus
1868 2165 1934 2200 erit
1957 2164 2119 2200 dominus
2143 2164 2216 2200 obli
2239 2168 2331 2208 atus,
2354 2170 2406 2208 ut,
2430 2165 2461 2200 si

1373 2219 1443 2243 11011
1468 2212 1573 2253 putat
1597 2209 1664 2244 sibi
1689 2209 1854 2254 expedire
1877 2220 2007 2245 nomen
2030 2210 2200 2245 debitoris
2250 2210 2376 2252 abere,
2402 2220 2459 2245 ce-

1373 2253 1436 2288 dat
1460 2253 1626 2289 creditori
1650 2254 1851 2290 actionibus
1874 2259 2210 2307 procuratoremque
2234 2265 2314 2290 eum
2336 2255 2458 2290 faciat.

1373 2301 1393 2334 6
1440 2298 1517 2334 Nec
1541 2309 1614 2334 non
1637 2298 1723 2334 illud
1747 2310 1887 2344 quoque
1909 2300 1946 2334 111
1969 2310 2043 2335 10111
2067 2299 2198 2335 dommi
2221 2310 2362 2335 versum
2384 2299 2456 2334 La-

1372 2343 1440 2378 beo
1472 2343 1541 2386 ait,
1573 2343 1669 2388 quod
1700 2349 1884 2380 mutuatus
1909 2354 2030 2380 servus
2055 2344 2196 2380 domino
2221 2345 2306 2380 emit
2328 2345 2459 2380 volenti

1373 2388 1419 2423 ad
1442 2388 1603 2423 luxuriae
1626 2389 1820 2432 materiam,
1846 2394 2026 2434 unguenta
2048 2389 2152 2432 forte,
2177 2390 2231 2425 vel
2255 2390 2286 2425 si
2309 2389 2393 2442 quid
2413 2389 2459 2425 ad

1364 2431 1518 2468 >delicias
1548 2434 1602 2468 vel
1634 2434 1664 2469 si
1688 2434 1773 2479 quid
1797 2434 1842 2469 ad
1865 2438 1988 2480 turpes
2013 2439 2176 2480 sumptus
2200 2435 2457 2470 sumministra-

1373 2481 1438 2513 vit:
1464 2489 1579 2523 neque
1603 2478 1696 2514 enim
1719 2483 1942 2524 spectamus,
1967 2490 2014 2515 an
2036 2479 2131 2515 bono
2156 2479 2288 2515 domini
2311 2480 2456 2515 cesserit

1373 2523 1467 2568 quod
1493 2528 1743 2569 consumptum
1767 2528 1840 2567 est,
1872 2525 1934 2560 sed
1967 2535 2011 2559 an
2043 2525 2080 2559 111
2110 2525 2290 2569 negotium
2313 2524 2455 2560 domini.

1373 2571 1391 2602 7
1440 2568 1542 2604 Unde
1576 2573 1673 2604 recte
1707 2568 1835 2604 dicitur
1866 2574 1902 2605 et
1931 2569 1962 2605 si
1991 2570 2207 2605 frumentum
2240 2570 2456 2615 comparavit

1372 2624 1495 2649 servus
1519 2613 1566 2649 ad
1589 2613 1751 2649 alendam
1776 2614 1907 2650 domini
1930 2614 2099 2649 familiam
2123 2619 2158 2650 et
2179 2615 2216 2650 in
2240 2615 2367 2651 horreo
2392 2615 2455 2651 (10-

1371 2659 1500 2694 minico
1533 2659 1692 2704 reposuit
1725 2663 1760 2694 01
1791 2660 1859 2695 1100
1890 2660 1995 2705 periit
2017 2660 2072 2695 vel
2097 2664 2302 2705 corruptum
2326 2664 2380 2695 est
2402 2660 2456 2695 vel

1372 2707 1392 2739 8
1440 2703 1546 2746 arsit,
1581 2703 1690 2739 videri
1720 2715 1870 2739 versum.
1920 2704 1990 2740 Sed
2021 2708 2057 2740 et
2087 2705 2117 2740 si
2149 2715 2288 2740 servum
2313 2705 2454 2741 domino

1371 2749 1608 2784 necessarium
1633 2749 1773 2784 emisset
1794 2750 1894 2795 isque
1913 2749 2123 2785 decessisset
2141 2750 2196 2785 vel
2215 2750 2366 2785 insulam
2385 2750 2454 2785 ful-

1371 2794 1475 2830 sisset
1499 2804 1612 2839 eaque
1634 2795 1774 2836 ruisset,
1799 2794 1951 2830 dicerem
1974 2804 2052 2830 esse
2071 2795 2246 2830 actionem
2266 2795 2309 2831 de
2325 2795 2362 2830 in
2380 2805 2454 2830 rem

1371 2842 1391 2874 9
1438 2849 1551 2875 verso.
1600 2839 1671 2874 Sed
1701 2839 1731 2874 si
1762 2840 1812 2874 sic
1844 2839 1982 2891 accepit
2012 2840 2114 2885 quasi
2145 2840 2183 2875 in
2217 2850 2292 2875 rem
2323 2839 2454 2875 domini

1369 2888 1521 2919 verteret
1543 2894 1609 2919 nec
1631 2884 1737 2919 vertit
1760 2887 1794 2919 et
1818 2884 1957 2930 decep1t
1981 2884 2200 2927 creditorem,
2224 2895 2296 2920 non
2315 2884 2454 2920 videtur

1369 2939 1509 2964 versum
1533 2939 1599 2964 1100
1622 2933 1764 2964 tenetur
1787 2928 1961 2971 dominus,
1986 2940 2031 2965 ne
2055 2929 2246 2965 credulitas
2271 2929 2452 2965 creditoris

1370 2973 1512 3009 domino
1546 2974 1688 3009 obesset
1709 2973 1764 3008 vel
1788 2974 1962 3009 calliditas
1986 2975 2075 3010 servi
2100 2979 2254 3010 noceret.
2291 2974 2374 3020 quid
2397 2979 2451 3010 ta·

1369 3029 1461 3061 men,
1487 3019 1518 3054 si
1541 3019 1571 3054 is
1594 3018 1663 3054 fuit
1685 3029 1818 3061 servus,
1844 3019 1904 3064 qui
1928 3019 2053 3055 solitus
2079 3024 2156 3055 erat
2178 3020 2255 3055 acci
2280 3020 2356 3055 iens
2375 3030 2451 3055 ver-

1368 3065 1469 3099 tere?
1505 3063 1621 3099 adhuc
1644 3074 1715 3099 non
1739 3067 1827 3108 puto
1852 3075 1981 3100 nocere
2005 3064 2164 3107 domino,
2189 3065 2220 3100 si
2280 3065 2313 3100 'a
2336 3068 2452 3100 mente

1369 3119 1491 3145 servus
1522 3108 1662 3153 accepit
1693 3113 1756 3143 aut
1790 3109 1838 3151 si,
1875 3120 1955 3144 cum
1988 3110 2057 3145 hac
2092 3114 2210 3145 mente
2243 3109 2450 3155 accepisset,

1368 3158 1495 3200 postea
1525 3153 1594 3189 alio
1627 3153 1751 3189 vertit:
1785 3154 1947 3190 curiosus
1978 3155 2084 3199 igitur
2108 3155 2213 3190 debet
2237 3165 2314 3190 esse
2337 3154 2450 3189 credi-

1371 3202 1412 3234 10
1458 3202 1533 3241 tor,
1570 3209 1640 3244 quo
1674 3201 1844 3234 vertatur.
1892 3199 1931 3234 Si
1966 3204 2147 3235 mutuatus
2182 3199 2229 3235 sit
2261 3199 2449 3245 pecuniam

1368 3253 1490 3280 servus
1522 3243 1568 3279 ad
1598 3247 1731 3279 vestem
1762 3243 2036 3288 comparandam
2062 3249 2095 3280 et
2117 3244 2249 3279 nummi
2271 3244 2448 3290 perierint,

1368 3289 1445 3334 quis
1470 3288 1513 3324 de
1535 3289 1572 3324 in
1595 3299 1669 3324 rem
1692 3299 1792 3324 verso
1817 3298 1922 3333 ogere
1941 3290 2064 3341 possit,
2091 3293 2208 3324 utrum
2229 3289 2383 3324 creditor
2403 3299 2448 3324 an

1367 3333 1553 3369 venditor?
1589 3337 1676 3379 puto
1697 3337 1826 3375 autem,
1846 3334 1875 3369 si
1895 3333 2035 3379 qmdem
2054 3334 2206 3379 pretium
2225 3338 2448 3370 numeratum

1367 3378 1431 3420 sit,
1465 3378 1673 3414 creditorem
1697 3378 1741 3414 de
1763 3378 1799 3413 in
1823 3389 1895 3413 rem
1919 3388 2019 3414 verso
2044 3383 2207 3414 acturum
2230 3383 2266 3414 et
2288 3379 2319 3414 si
2340 3378 2448 3414 vestis

1367 3423 1528 3469 perierit:
1553 3424 1583 3459 si
1607 3427 1726 3460 autem
1750 3434 1820 3459 11011
1843 3423 1913 3458 fuit
1935 3424 2087 3468 pretium
2111 3424 2284 3467 solutum,
2309 3423 2356 3459 ad
2377 3423 2447 3459 hoc

1366 3473 1485 3504 tamen
1510 3468 1596 3503 data
1618 3468 1787 3521 pecunia,
1820 3472 1861 3503 ut
1889 3468 1996 3504 vestis
2027 3472 2202 3504 emeretur
2232 3472 2268 3504 et
2296 3468 2447 3514 pecunia

1366 3513 1521 3559 perierit,
1545 3517 1653 3549 vestis
1675 3518 1795 3549 tamen
1819 3512 1973 3549 familiae
1997 3513 2108 3550 divisa
2131 3517 2202 3557 est,
2226 3513 2347 3559 utique
2371 3523 2445 3549 cre·
2504 3520 2511 3537 ⁵

1697 3628 1741 3669 (ὅ)
1765 3630 1909 3661 ceterum
1924 3640 1987 3661 scr.
2147 3627 2191 3670 (θ)
2216 3631 2388 3670 acceptum
2401 3627 2444 3660 F·

1714 3675 1758 3713 (8)
1782 3672 1834 3705 vel
1846 3673 1888 3714 si]
1903 3672 1954 3704 vel
1967 3675 2089 3705 vestem
2101 3685 2162 3706 scr.
2178 3673 2337 3713 (similiter
2349 3673 2443 3709 Hal.)

2032 3720 2090 3758 (10)
2104 3717 2213 3759 pretio
2226 3717 2404 3760 pretiosior
2415 3717 2447 3750 F

1370 3629 1412 3669 (⁴)
1438 3627 1496 3668 qui
1509 3627 1543 3660 F

1368 3673 1412 3714 (¹1)
1436 3674 1585 3704 mutatus
1598 3672 1632 3705 F

1368 3719 1411 3757 (⁹)
1425 3716 1542 3750 domus
1553 3717 1605 3750 sui
1619 3717 1675 3758 Ρ,
1688 3717 1804 3750 domus
1817 3728 1896 3750 suae
1908 3716 1960 3750 F²
