2528 3918
92 153 150 184 011
180 151 282 184 01111.
298 151 339 191 Q.
357 150 399 190 Q.
414 150 475 181 nx
504 148 606 181 nnn.
622 148 748 181 msc.

89 264 174 299 fecit
197 263 251 299 vel
298 262 335 297 ui
360 260 515 303 curavit,
547 262 588 295 ut
619 259 677 294 cui
708 258 803 293 mala
826 269 945 304 pugno
971 261 1173 304 percutere-

90 313 108 344 2
155 313 224 343 tur.
308 317 372 342 aec
396 306 490 341 actio
515 304 796 340 dissimulatione
820 305 1003 339 aboletur:
1029 308 1065 339 ct
1083 304 1174 345 ideo,

89 355 117 389 si
142 354 220 398 quis
244 352 407 387 iniuriam
432 350 678 395 dereliquerit,
710 350 780 384 hoc
811 354 865 384 est
897 350 1016 384 statim
1047 359 1175 394 passus

88 399 134 434 ad
157 398 312 433 animum
336 407 440 432 suum
464 406 536 430 non
560 396 796 436 revocaverit,
828 400 955 439 postea
986 405 1028 430 ex
1053 394 1174 439 paeni-

88 444 199 480 tentia
221 442 404 478 remissam
427 441 592 476 iniuriam
617 451 689 476 non
712 440 844 486 poterit
869 440 1036 476 recolere.

603 556 659 594 V*

89 626 147 658 DF:
172 623 554 657 OBLIGATIONIBUS
580 622 702 658 QUAE
728 622 862 659 QUASI
885 622 951 654 EX
975 621 1173 654 DELICTO

478 668 763 701 NASCUNTUR.

132 735 192 770 ²Si
215 735 322 770 iudex
345 735 441 770 litem
466 744 566 770 suam
585 733 722 775 fecerit,
748 744 819 768 non
838 734 982 778 proprie
1003 743 1046 768 ex
1065 733 1173 768 male-

87 782 166 816 ficio
191 781 369 825 obligatus
392 780 543 815 videtur.
580 779 643 814 sed
668 779 753 824 quia
776 789 892 823 neque
917 790 960 814 ex
985 782 1174 814 contractu

86 826 261 871 obligatus
294 829 348 860 est
379 829 416 860 et
446 825 570 870 utique
593 834 765 870 peccasse
789 825 923 869 aliquid
946 824 1173 869 intellegitur,

85 873 168 907 licet
190 881 254 916 per
276 871 568 916 imprudentiam:
601 869 681 905 ideo
706 869 846 904 videtur
870 870 973 914 quasi
997 879 1041 904 ex
1065 869 1173 904 male-

86 917 165 952 ficio
190 916 313 957 teneri,
339 920 374 951 et
397 916 434 950 in
457 919 629 968 quantum
653 915 697 950 de
721 924 764 950 ea
787 924 826 949 re
844 925 996 959 aequum
1016 914 1174 959 religioni

88 966 101 996 1
153 961 341 996 iudicantis
365 961 560 1002 videbitur,
593 970 745 1005 poenam
769 961 969 995 sustinebit.
1018 960 1107 994 Item
1131 960 1172 1002 is,

85 1018 127 1042 ex
159 1008 260 1042 cuius
293 1006 465 1042 cenaculo
496 1006 552 1041 vel
583 1006 728 1051 proprio
760 1005 873 1050 ipsius
905 1006 960 1040 vel
994 1005 1172 1040 conducto

85 1053 138 1087 vel
168 1053 204 1087 in
237 1062 306 1096 quo
338 1052 449 1096 gratis
479 1051 667 1086 habitabat
691 1051 865 1086 deiectum
891 1050 1085 1086 effusumve
1109 1050 1173 1085 ali·

85 1098 170 1142 quid
194 1101 265 1139 est,
296 1097 348 1132 ita
370 1101 410 1132 ut
433 1096 540 1131 alicui
564 1100 772 1138 noceretur,
805 1097 907 1140 quasi
932 1106 975 1131 ex
999 1095 1173 1131 maleficio

84 1143 261 1187 obligatus
296 1142 527 1187 intellegitur:
573 1141 652 1176 ideo
689 1145 808 1176 autem
843 1152 915 1176 non
949 1141 1095 1186 proprie
1130 1151 1174 1176 ex

86 1188 255 1223 maleficio
289 1188 466 1232 obligatus
497 1187 730 1231 intellegitur,
773 1187 856 1231 quia
887 1186 1096 1231 plerumque
1127 1186 1173 1221 ob

85 1234 228 1268 alterius
269 1233 410 1278 culpam
455 1236 595 1267 tenetur
629 1236 692 1266 aut
727 1232 818 1267 servi
854 1236 917 1266 aut
952 1232 1065 1266 liberi.
1115 1232 1174 1267 cui

85 1278 206 1314 similis
241 1282 296 1313 est
330 1279 379 1320 is,
419 1278 478 1323 qui
514 1288 556 1313 ea
590 1281 711 1323 parte,
779 1287 827 1312 ua
857 1278 960 1321 vulgo
996 1277 1063 1312 iter
1097 1277 1174 1311 fieri

84 1324 186 1366 solet,
210 1323 246 1358 id
269 1324 424 1376 positum
448 1327 511 1358 aut
534 1333 746 1368 suspensum
756 1289 897 1365 qhabet,
923 1322 1019 1367 quod
1041 1326 1171 1367 potest,

83 1370 115 1405 si
139 1369 324 1412 ceciderit,
357 1369 463 1404 alicui
495 1378 641 1403 nocere:
678 1379 748 1412 quo
782 1378 869 1403 casu
901 1377 1019 1412 poena
1050 1369 1173 1402 decem

84 1424 270 1450 aureorum
295 1415 491 1450 constituta
515 1418 579 1449 est.
617 1413 661 1448 de
685 1423 727 1448 eo
752 1423 835 1448 vero
893 1413 965 1448 uod
998 1413 1173 1448 deiectum

85 1459 277 1495 effusumve
311 1464 366 1495 est
396 1459 495 1504 dupli
527 1459 651 1504 quanti
675 1458 843 1493 damnum
893 1462 991 1493 atum
1016 1458 1062 1493 sit
1086 1469 1172 1494 con-

84 1505 210 1540 stituta
233 1508 289 1540 est
313 1505 418 1540 actio.
462 1505 507 1539 ob
532 1504 710 1539 hominem
734 1514 816 1538 vero
842 1503 990 1539 liberum
1014 1503 1173 1538 occisum

84 1550 339 1595 quinquaginta
370 1560 558 1585 aureorum
592 1559 708 1594 poena
739 1549 985 1584 constituitur:
1024 1549 1054 1584 si
1088 1559 1171 1584 vero

84 1596 176 1630 vivet
199 1595 427 1640 nocitumque
452 1595 508 1630 ei³
533 1605 611 1630 esse
635 1594 791 1637 dicetur,
825 1598 998 1639 quantum
1022 1594 1068 1629 ob
1094 1604 1172 1629 eam

84 1651 158 1676 rem
181 1651 334 1685 aequum
358 1641 465 1675 iudici
489 1640 647 1682 videtur,
673 1640 766 1674 actio
793 1639 915 1674 datur:
948 1639 1056 1675 iudex
1081 1640 1172 1674 enim

85 1690 290 1730 computare
310 1686 414 1721 debet
435 1685 614 1720 mercedes
633 1685 803 1720 medicis⁴
823 1685 1014 1729 praestitas
1036 1689 1171 1720 cetera-

86 1742 155 1776 que
185 1732 383 1776 impendia,
418 1731 569 1776 quaein
595 1730 778 1765 curatione
802 1729 901 1765 facta
931 1735 1034 1772 sunt,
1067 1741 1171 1776 prae-

85 1782 184 1811 terea
209 1787 416 1821 operarum,
449 1777 577 1821 quibus
612 1776 728 1811 caruit
759 1780 822 1810 aut
846 1776 1023 1811 cariturus
1049 1780 1102 1810 est
1126 1776 1172 1811 ob

85 1825 103 1856 2
151 1822 187 1856 id
225 1822 318 1867 quod
356 1822 490 1856 inutilis
528 1822 647 1856 factus
681 1824 744 1855 est.
796 1820 854 1855 ‘’Si
890 1821 984 1856 filius
1019 1820 1172 1855 familias

84 1877 243 1902 seorsum
279 1877 301 1901 a
335 1871 438 1912 patre
473 1866 685 1902 habitaverit
724 1869 760 1900 et
797 1867 881 1911 quid
922 1876 966 1901 ex
1002 1866 1172 1901 cenaculo

84 1914 159 1953 eius
184 1913 359 1947 deiectum
383 1912 576 1947 effusumve
600 1912 663 1954 sit,
695 1911 769 1946 sive
793 1911 875 1956 quid
906 1912 1061 1956 positum
1094 1922 1171 1946 sus-

109 1968 275 1993 ensumve
304 1958 486 1999 habuerit,
513 1957 614 1992 cuius
640 1966 744 1991 casus
769 1957 991 2001 periculosus
1017 1961 1087 1991 est:
1115 1957 1172 1991 Iu-

82 1969 177 2038 liano
201 2003 338 2055 placuit
368 2003 403 2037 in
436 2006 574 2047 patrem
606 2002 739 2036 nullam
772 2012 848 2037 esse
880 2003 1077 2043 actionem,
1111 2003 1173 2036 sed

84 2059 165 2083 cum
198 2058 277 2092 ipso
310 2048 382 2083 filio
417 2048 602 2092 agendum.
651 2047 747 2091 quod
780 2051 814 2081 et
846 2047 881 2081 in
915 2046 986 2082 filio
1019 2047 1172 2082 familias

84 2097 102 2128 3
149 2093 266 2128 iudice
280 2093 538 2128 observandum
551 2097 615 2135 est,
629 2092 689 2136 qui
701 2093 797 2127 litem
811 2102 911 2127 suam
925 2092 1058 2127 fecerit.
1085 2093 1172 2127 Item

84 2139 258 2173 exercitor
287 2139 386 2173 navis
419 2142 482 2173 aut
515 2148 700 2182 cauponae
733 2142 797 2172 aut
828 2138 960 2172 stabuli
992 2138 1036 2172 de
1068 2137 1173 2173 d010⁰

84 2188 147 2218 aut
170 2183 286 2226 furto,
321 2184 414 2229 quod
438 2184 474 2218 111
500 2194 587 2218 nave
612 2187 675 2217 aut
698 2183 734 2216 in
760 2193 925 2227 caupona
949 2188 1014 2218 aut
1036 2184 1073 2217 in
1097 2188 1170 2218 sta-

83 2229 166 2264 bulo
191 2229 327 2264 factum
352 2230 436 2271 erit,
471 2229 574 2274 quasi
606 2239 649 2263 ex
681 2228 853 2263 maleficio
886 2229 998 2262 teneri
1023 2228 1171 2270 videtur,

82 2275 113 2309 si
138 2275 242 2309 modo
267 2274 378 2319 ipsius
409 2275 543 2309 nullum
576 2277 630 2308 est
661 2273 892 2316 maleficium,
927 2274 989 2308 sed
1022 2274 1171 2308 alicuius

84 2329 215 2362 eorum,
241 2330 391 2364 quorum
415 2329 526 2364 opera
550 2329 674 2353 navem
699 2322 763 2353 aut
787 2329 986 2363 cauponam
1011 2323 1075 2353 aut
1098 2323 1170 2354 sta-

85 2365 205 2399 bulum
237 2368 435 2400 exerceret:
470 2375 549 2399 cum
582 2365 673 2398 enim
708 2375 822 2408 neque
846 2375 889 2398 ex
914 2367 1103 2399 contractu
1127 2365 1174 2399 sit

84 2411 252 2445 adversus
285 2421 367 2445 eum
402 2411 597 2445 constituta
632 2410 720 2443 haec
753 2410 846 2444 actio
880 2413 916 2444 et
947 2410 1172 2454 aliquatenus

84 2455 210 2500 culpae
230 2466 312 2490 reus
332 2458 396 2497 est,
419 2455 513 2500 quod
536 2465 646 2499 opera
666 2455 838 2489 malorum
859 2455 1041 2489 hominum
1054 2459 1171 2489 utere-

83 2505 159 2542 tur,
192 2500 271 2535 ideo
305 2501 408 2545 quasi
441 2511 484 2534 ex
516 2499 689 2534 maleficio
721 2501 833 2534 teneri
865 2499 1012 2535 videtur.
1050 2501 1086 2534 in
1118 2501 1172 2534 his

83 2549 201 2580 autem
227 2546 368 2580 casibus
393 2546 428 2580 in
452 2546 587 2580 factum
612 2545 705 2579 actio
732 2546 911 2589 competit,
937 2555 1028 2589 quae
1051 2546 1172 2580 heredi

84 2591 224 2635 quidem
245 2591 361 2633 datur,
387 2591 555 2625 adversus
576 2590 739 2625 heredem
761 2595 878 2624 autem
898 2602 969 2625 11011
991 2592 1169 2635 competit.

588 2705 644 2743 VI
653 2704 667 2724 ⁷

442 2772 502 2803 DE
527 2771 806 2804 Ac'riomizus

129 2838 311 2882 Superest,
332 2840 372 2872 ut
392 2837 435 2872 de
454 2838 655 2873 actionibus
676 2838 874 2882 loquamur.
914 2838 1030 2872 ⁸actio
1052 2840 1171 2872 autem

84 2884 169 2918 nihil
201 2883 297 2918 aliud
330 2886 409 2931 est,
434 2893 540 2927 quam
570 2884 625 2917 ius
659 2883 895 2928 persequendi
920 2883 1050 2918 iudicio
1077 2883 1172 2927 quod

83 2929 149 2963 sibi
174 2928 332 2963 debetur.

86 2978 100 3008 1
197 2974 361 3009 Omnium
394 2973 595 3015 actionum,
629 2973 757 3018 quibus
789 2973 882 3007 inter
913 2973 1050 3017 aliquos
1076 2972 1171 3017 apud

83 3018 218 3054 iudices
243 3018 440 3054 arbitrosve
464 3019 509 3053 de
541 3028 682 3098 quaque
714 3019 777 3052 re⁹
801 3019 1001 3063 quaeritur,
1035 3028 1172 3052 summa

84 3064 206 3099 divisio
237 3064 273 3098 in
306 3063 377 3099 duo
409 3073 539 3108 genera
572 3064 615 3098 de
642 3064 775 3098 ucitur:
810 3068 873 3098 aut
905 3064 997 3097 enim
1028 3064 1065 3097 in
1097 3074 1171 3097 rem

83 3113 167 3143 sunt
190 3114 253 3143 aut
275 3109 312 3143 in
337 3119 535 3153 personam.
575 3119 726 3153 namque
751 3109 823 3153 agit
847 3108 1090 3153 unusquisque
1110 3112 1173 3142 aut

85 3165 164 3188 cum
190 3165 243 3196 eo,
269 3154 329 3198 qui
354 3154 386 3189 ei
410 3154 586 3198 obligatus
612 3158 667 3188 est
690 3154 743 3188 vel
768 3164 812 3188 ex
838 3157 1026 3188 contractu
1050 3153 1104 3188 vel
1129 3164 1172 3187 ex

83 3199 277 3241 maleficio,
311 3210 381 3243 quo
416 3209 502 3234 casu
533 3199 697 3243 proditae
731 3199 889 3234 actiones
923 3199 959 3233 in
983 3209 1172 3243 personam

84 3248 184 3286 sunt,
217 3254 281 3288 per
314 3254 403 3288 quas
426 3244 579 3279 intendit
603 3244 843 3278 adversarium
869 3244 899 3278 ei
911 3245 935 3264 ⁹·
960 3243 1045 3278 dare
1070 3246 1173 3278 0111ιο

84 3290 168 3323 dare
199 3289 318 3323 facere
350 3293 514 3333 oportere
547 3292 583 3324 et
607 3289 685 3323 aliis
710 3289 920 3333 quibusdam
944 3289 1076 3323 modis:
1111 3291 1174 3323 aut

84 3344 164 3368 cum
189 3344 231 3369 eo
264 3334 355 3378 agit,
388 3334 446 3378 qui
471 3334 566 3368 nullo
591 3334 668 3368 iure
693 3335 724 3368 ei
748 3334 924 3378 obligatus
950 3338 1023 3376 est,
1058 3338 1174 3368 movet

83 3383 201 3414 tamen
232 3379 338 3414 alicui
370 3379 414 3413 de
445 3379 564 3424 aliqua
595 3389 633 3413 re
658 3379 946 3414 controversiam.
983 3390 1052 3424 quo
1087 3389 1173 3413 casu

84 3423 246 3468 proditae
270 3424 430 3459 actiones
453 3425 490 3458 in
514 3434 589 3459 rem
613 3427 707 3459 sunt.
752 3424 861 3459 veluti
893 3425 923 3458 si
947 3434 1021 3458 rem
1046 3435 1172 3468 corpo-

85 3468 195 3503 ralem
214 3469 397 3514 possideat
414 3469 504 3514 quis,
530 3479 635 3514 quam
654 3469 769 3504 Titius
791 3479 892 3504 suam
911 3479 989 3504 esse
1008 3469 1172 3511 affirmet,

130 3583 169 3621 (1)
200 3581 249 3624 Cf.
264 3582 343 3625 Dt'q.
359 3583 435 3622 9,3;
449 3584 481 3620 4,
496 3590 530 3621 9;
544 3584 598 3622 47,
612 3591 629 3616 5
752 3586 794 3618 (2)
817 3597 869 3626 pr.
887 3583 988 3622 §11'n.
1004 3596 1042 3615 ex
1060 3583 1140 3615 Gaii
1153 3584 1171 3614 l.

86 3633 101 3659 3
115 3640 177 3660 rer.
191 3634 262 3658 corr.
277 3629 370 3670 (Dt'y.
384 3630 438 3667 44,
454 3636 480 3667 ’1,
496 3637 521 3667 b,
537 3636 561 3661 4.
577 3637 611 3667 ὃς
626 3631 680 3667 50,
694 3636 736 3667 13,
752 3633 782 3669 6)
934 3631 976 3667 (3)
1001 3629 1045 3668 ei]
1057 3629 1099 3667 E,
1114 3640 1172 3659 om.

87 3671 155 3704 BC
243 3675 285 3710 (4)
310 3672 448 3703 medicis
463 3686 522 3705 om.
538 3674 573 3705 R
675 3675 717 3711 (5)
747 3678 805 3712 52.
820 3680 836 3706 3
850 3686 889 3705 esc
906 3673 990 3705 Gaio
1007 3674 1023 3704 l.
1043 3674 1061 3705 ί.
1078 3673 1171 3715 (Ι)ι’9.

86 3718 139 3755 44,
155 3724 181 3755 Ί,
197 3725 222 3755 5,
238 3725 263 3749 5.
280 3718 310 3757 6)
403 3720 446 3755 (6)
472 3718 560 3757 dolo]
577 3719 654 3750 libri
665 3731 734 3750 cum
749 3718 789 3758 Θ,
803 3718 924 3749 damno
938 3718 1019 3760 Diq.

131 3764 174 3801 (Ἰ)
204 3762 253 3803 Cs-
273 3761 348 3794 Gai.
363 3763 394 3800 4,
408 3769 480 3795 1:14
602 3765 648 3803 (8)
670 3763 793 3804 prnfin.
807 3763 923 3795 similis
937 3763 1015 3805 Diy.
1032 3763 1085 3801 44,
1102 3769 1127 3801 7,
1142 3769 1171 3794 51

1179 124 1253 203 43„

1914 126 2060 173 1Nsr.
2091 131 2201 186 1111,
2224 134 2334 174 4—6

1243 262 1278 292 et
1309 266 1495 302 possessor
1526 255 1706 291 dominum
1737 267 1776 292 se
1808 267 1886 293 esse
1910 256 2023 292 dicat:
2057 266 2139 291 nam
2164 256 2194 291 si
2218 256 2334 291 Titius

1243 306 1262 337 2
1311 313 1413 337 suam
1438 311 1516 337 esse
1539 301 1720 343 intendat,
1751 303 1788 337 in
1814 313 1887 338 rem
1912 302 2006 337 actio
2032 306 2098 338 est.
2146 302 2271 346 Aeque
2304 301 2333 335 si

1243 352 1326 392 agat
1357 348 1413 382 ius
1448 346 1515 382 sibi
1549 356 1626 381 esse
1660 346 1772 382 fundo
1807 348 1901 382 forte
1936 347 1990 382 vel
2026 347 2175 382 aedibus
2211 347 2332 382 utendi

1242 393 1385 428 fruendi
1416 392 1470 427 vel
1502 402 1566 436 per
1595 391 1747 426 fundum
1778 393 1882 427 vicini
1915 392 2021 427 eundi
2053 392 2181 437 agendi
2211 392 2266 427 vel
2292 402 2334 426 ex

1242 438 1354 473 fundo
1379 437 1484 473 vicini
1509 447 1638 482 aquam
1663 436 1834 479 ducendi,
1859 438 1895 472 in
1919 448 1993 473 rem
2018 438 2112 473 actio
2138 441 2202 472 est.
2241 437 2333 472 eius-

1244 483 1324 518 dem
1358 482 1497 528 generis
1530 486 1585 517 est
1615 483 1710 517 actio
1743 482 1787 517 de
1811 483 1887 517 iure
1917 483 2144 527 praediorum
2175 483 2332 517 urbano-

1243 539 1340 571 rum,
1376 528 1485 563 veluti
1516 527 1547 562 si
1578 531 1662 572 agat
1691 527 1747 562 ius
1779 528 1847 562 sibi
1879 538 1957 562 esse
1988 529 2095 563 altius
2119 527 2225 563 aedes
2249 538 2334 563 suas

1242 573 1391 609 tollendi
1421 572 1705 626 prospiciendive
1735 573 1790 607 vel
1814 572 2009 617 proiciendi
2033 573 2166 618 aliquid
2189 573 2246 608 vel
2269 574 2333 608 im-

1243 619 1406 654 mittendi
1424 630 1462 653 m
1481 618 1586 653 vicini
1607 618 1726 653 aedes.
1753 622 1879 653 contra
1900 628 2040 662 quoque
2061 619 2104 653 de
2125 629 2194 654 usu
2212 618 2334 653 fructu

1243 669 1278 699 et
1303 664 1348 699 de
1372 664 1601 700 servitutibus
1622 662 1851 708 praediorum
1872 663 2099 706 rusticorum,
2123 664 2208 699 item
2228 675 2332 709 prae-

1243 710 1382 745 diorum
1424 710 1646 744 urbanorum
1680 709 1830 744 invicem
1867 718 2008 753 quoque
2044 709 2208 753 proditae
2250 713 2335 744 sunt

1242 756 1421 797 actiones,
1458 758 1499 790 ut
1530 753 1608 800 quis
1639 754 1804 789 intendat
1835 754 1890 789 ius
1923 764 1995 789 non
2028 755 2105 788 esse
2130 754 2333 789 adversario

1242 800 1364 835 utendi
1388 799 1552 842 fruendi,
1578 799 1684 835 eundi
1708 809 1730 834 a
1754 799 1835 834 endi
1860 809 2032 844 aquamve
2056 799 2226 841 ducendi,
2251 800 2335 834 item

1242 846 1349 881 altius
1362 845 1509 881 tollendi
1521 810 1762 898 prospiciendi
1780 844 1976 890 proiciendi
1995 844 2223 879 immittendi:
2244 845 2336 879 istae

1242 901 1384 937 quoque
1415 891 1574 926 actiones
1605 901 1643 925 ιιι
1674 900 1749 925 rem
1780 893 1883 932 sunt,
1916 889 1978 925 sed
2009 890 2202 934 negativae.
2239 890 2335 934 quod

1241 947 1353 982 genus
1389 936 1540 972 actionis
1575 936 1613 970 iu
1649 935 1899 971 controversiis
1934 945 2052 970 rerum
2096 936 2335 979 corporalium

1242 982 1422 1028 proditum
1446 992 1518 1017 non
1543 985 1615 1016 est:
1640 991 1723 1016 nam
1746 980 1783 1015 in
1807 981 1861 1015 his
1885 981 1954 1015 is’¹
1980 980 2052 1024 agit
2076 980 2136 1024 qui
2160 991 2231 1014 non
2251 991 2334 1025 pos-

1243 1027 1352 1063 sidet:
1378 1028 1410 1063 ei
1433 1037 1515 1062 vero
1541 1026 1601 1071 qui
1625 1026 1785 1071 possidet
1808 1037 1881 1061 non
1901 1029 1957 1061 est
1977 1026 2071 1061 actio
2093 1025 2247 1070 prodita,
2272 1036 2336 1070 per

1242 1083 1349 1118 quam
1380 1076 1484 1117 neget
1514 1082 1588 1106 rem
1621 1072 1753 1107 actoris
1787 1081 1875 1107 esse.
1920 1081 2007 1106 sane
2042 1082 2114 1106 uno
2152 1081 2239 1105 casu
2276 1072 2335 1115 qui

1241 1118 1402 1163 possidet
1424 1117 1533 1153 nihilo
1559 1117 1674 1152 minus
1700 1117 1832 1152 actoris
1857 1120 1978 1162 partes
2002 1117 2158 1161 optinet,
2184 1116 2277 1151 sicut
2300 1117 2336 1150 in

1240 1163 1427 1199 latioribus
1461 1163 1678 1207 digestorum
1712 1162 1812 1197 libris
1848 1162 2085 1207 opportunius
2131 1162 2333 1206 apparebit.

1243 1212 1262 1243 3
1311 1208 1381 1243 Sed
1416 1209 1508 1243 istae
1543 1207 1685 1261 quidem
1718 1208 1897 1249 actiones,
1935 1218 2085 1252 quarum
2123 1207 2335 1242 mentionem

1241 1254 1443 1296 habuimus,
1469 1257 1505 1288 et
1528 1264 1558 1288 si
1583 1263 1674 1298 quae
1699 1256 1783 1288 sunt
1807 1253 1949 1295 similes,
1975 1263 2019 1287 ex
2042 1252 2205 1297 legitimis
2231 1257 2266 1287 et
2286 1253 2335 1287 ci-

1241 1300 1368 1334 vilibus
1401 1299 1520 1334 causis
1553 1298 1785 1333 descendunt.
1834 1298 1927 1332 aliae
1958 1301 2077 1332 autem
2109 1301 2214 1340 sunt,
2247 1308 2336 1342 quas

1241 1349 1386 1397 praetor
1417 1355 1461 1379 ex
1491 1354 1558 1379 sua
1587 1343 1831 1379 iurisdictione
1863 1347 2092 1388 comparatas
2125 1343 2235 1378 habet
2259 1347 2333 1377 tam

1240 1401 1278 1424 m
1300 1400 1375 1425 rem
1399 1400 1505 1435 quam
1529 1390 1567 1424 in
1586 1399 1787 1434 personam,
1814 1399 1903 1434 quas
1925 1393 1961 1423 et
1977 1389 2076 1434 ipsas
2096 1389 2336 1423 necessarium

1241 1438 1296 1470 est
1320 1435 1488 1480 exemplis
1513 1434 1713 1470 ostendere.
1751 1444 1834 1469 ecce
1859 1434 2067 1486 plerumque
2089 1434 2141 1468 ita
2163 1434 2337 1479 permittit

1240 1481 1277 1515 in
1309 1491 1383 1516 rem
1415 1490 1538 1525 agere,
1572 1483 1613 1515 ut
1636 1480 1692 1514 vel
1714 1484 1817 1515 actor
1840 1479 1974 1514 diceret
1997 1490 2036 1514 se
2060 1479 2162 1524 quasi
2185 1489 2253 1514 usu
2278 1489 2336 1514 ce-

1241 1526 1355 1571 pisse,
1389 1525 1485 1570 quod
1509 1536 1577 1560 usu
1602 1536 1674 1560 non
1700 1525 1852 1570 ceperit,
1884 1525 1939 1560 vel
1964 1535 2008 1560 ex
2032 1524 2170 1559 diverso
2194 1534 2334 1569 posses-

1241 1582 1301 1606 sor
1314 1572 1341 1592 ¹²
1361 1571 1496 1606 diceret
1516 1570 1759 1605 adversarium
1780 1581 1885 1605 suum
1906 1580 1974 1605 usu
1995 1580 2067 1605 non
2089 1570 2227 1615 cepisse
2241 1570 2334 1614 quod

1242 1620 1263 1650 4
1309 1627 1377 1652 usu
1411 1617 1553 1661 ceperit.
1602 1615 1765 1660 Namque
1798 1616 1828 1650 si
1860 1616 1918 1650 cui
1949 1625 1993 1650 ex
2024 1615 2121 1650 iusta
2145 1626 2255 1650 causa
2279 1625 2334 1650 res

1242 1662 1361 1707 aliqua
1391 1662 1524 1696 tradita
1554 1661 1684 1703 fuerit,
1717 1661 1826 1696 veluti
1857 1672 1901 1696 ex
1925 1671 2036 1695 causa
2061 1661 2249 1705 emptionis
2273 1666 2335 1695 aut

1242 1707 1444 1742 donationis
1469 1710 1534 1741 aut
1557 1706 1651 1742 dotis
1676 1710 1740 1742 aut
1763 1706 1979 1751 legatorum,
2005 1706 2158 1741 necdum
2182 1706 2258 1741 eius
2282 1706 2332 1741 rei

1242 1753 1405 1788 dominus
1430 1752 1580 1788 effectus
1604 1755 1681 1794 est,
1717 1752 1747 1786 si
1779 1752 1854 1786 eius
1885 1752 1937 1786 rei
1962 1762 2050 1786 casu
2073 1751 2336 1796 possessionem

1241 1798 1417 1840 amiserit,
1442 1798 1576 1832 nullam
1599 1797 1710 1833 habet
1733 1797 1906 1832 directam
1929 1797 1967 1831 in
1990 1807 2065 1831 rem
2090 1796 2266 1831 actionem
2291 1797 2336 1830 ad

1241 1853 1319 1878 eam
1353 1853 1428 1877 rem
1462 1842 1765 1888 persequendam:
1803 1843 1935 1887 quippe
1968 1843 2020 1877 ita
2054 1842 2218 1887 proditae
2253 1846 2337 1876 sunt

1239 1889 1317 1923 iure
1341 1888 1434 1923 civili
1458 1888 1629 1930 actiones,
1654 1891 1695 1922 ut
1718 1888 1797 1932 quis
1823 1887 2015 1925 dominium
2040 1898 2144 1922 suum
2167 1887 2334 1923 vindicet.

1240 1933 1303 1969 sed
1327 1934 1411 1978 quia
1435 1943 1521 1969 sane
1545 1933 1672 1968 durum
1698 1937 1774 1967 erat
1798 1943 1839 1968 eo
1866 1943 1953 1967 casu
1974 1932 2126 1967 deficere
2148 1933 2336 1974 actionem,

1239 1979 1383 2014 inventa
1407 1983 1462 2014 est
1485 1989 1507 2014 a
1530 1982 1696 2023 praetore
1717 1979 1822 2021 actio,
1847 1978 1884 2012 in
1904 1989 1975 2023 qua
1997 1978 2083 2013 dicit
2102 1978 2145 2020 is,
2171 1979 2230 2022 qui
2252 1989 2335 2022 pos-

1240 2024 1435 2060 sessionem
1459 2025 1587 2066 amisit,
1613 2033 1690 2058 eam
1715 2033 1788 2058 rem
1813 2033 1851 2058 se
1876 2034 1942 2058 usu
1969 2024 2107 2075 cepisse
2132 2026 2168 2057 et
2190 2023 2241 2057 ita
2261 2024 2335 2057 vin-

1242 2070 1338 2104 dicat
1371 2080 1473 2104 suam
1506 2079 1594 2104 esse.
1632 2079 1724 2113 quae
1757 2068 1851 2103 actio
1877 2069 2089 2103 Publiciana
2121 2078 2143 2102 a
2170 2069 2335 2113 pellatur,

1242 2115 1409 2160 quoniam
1442 2115 1594 2160 primum
1626 2125 1648 2148 a
1671 2114 1833 2149 Publicio
1859 2117 2025 2158 praetore
2048 2114 2085 2148 in
2111 2124 2129 2148 e
2155 2114 2225 2148 icto
2251 2125 2335 2158 pro-

1242 2165 1261 2194 5
1309 2160 1427 2205 posita
1451 2164 1515 2195 est.
1564 2160 1703 2194 Rursus
1729 2170 1772 2194 ex
1806 2159 1943 2194 diverso
1976 2159 2006 2194 si
2039 2159 2137 2204 quis,
2173 2170 2253 2194 cum
2285 2160 2336 2193 rei

1241 2205 1406 2250 publicae
1427 2216 1539 2240 causa
1559 2206 1703 2240 abesset
1720 2205 1774 2239 vel
1793 2204 1831 2239 in
1851 2204 2007 2239 hostium
2028 2207 2207 2249 potestate
2228 2208 2334 2246 esset,

1241 2262 1313 2286 rem
1339 2251 1414 2285 eius
1439 2251 1498 2295 qui
1522 2251 1558 2285 in
1584 2250 1726 2285 civitate
1751 2253 1846 2285 esset
1869 2260 1937 2284 usu
1975 2250 2127 2294 ceperit,
2161 2249 2334 2294 permitti-

1241 2300 1300 2330 tur
1331 2296 1493 2338 domino,
1528 2296 1557 2330 si
1589 2306 1776 2340 possessor
1808 2295 1858 2330 rei
1882 2295 2049 2340 publicae
2074 2305 2184 2329 causa
2209 2296 2336 2329 abesse

1241 2341 1404 2384 desierit,
1438 2345 1524 2376 tunc
1556 2341 1650 2376 intra
1675 2351 1808 2375 annum
1832 2341 1985 2375 rescissa
2009 2341 2231 2384 usucapione
2255 2350 2335 2375 eam

1241 2390 1382 2431 petere,
1416 2387 1452 2421 id
1477 2390 1531 2421 est
1554 2387 1605 2420 ita
1626 2390 1765 2431 petere,
1798 2389 1839 2420 ut
1870 2386 1968 2421 dicat
1998 2396 2241 2431 possessorem
2266 2396 2334 2419 usu

1241 2443 1313 2467 non
1348 2433 1485 2477 cepisse
1517 2435 1552 2465 et
1584 2432 1629 2467 ob
1661 2431 1698 2466 id
1730 2441 1831 2466 suam
1864 2441 1942 2465 esse
1965 2441 2050 2465 rem.
2097 2431 2192 2482 quod
2223 2440 2334 2474 genus

1242 2477 1391 2512 actionis
1427 2481 1462 2511 et
1495 2476 1573 2511 aliis
1607 2477 1860 2521 quibusdam¹³
1885 2476 1989 2510 simili
2013 2480 2193 2520 aequitate
2217 2480 2335 2510 motus

1240 2526 1385 2566 praetor
1410 2523 1669 2564 accommodat,
1694 2522 1787 2556 sicut
1811 2532 1855 2556 ex
1878 2521 2005 2556 latiore
2033 2521 2248 2565 digestorum
2272 2531 2335 2555 seu

1242 2571 1262 2602 6
1309 2567 1566 2612 pandectarum
1598 2567 1777 2602 volumine
1808 2566 2010 2610 intellegere
2042 2566 2135 2601 licet.
2184 2566 2272 2600 Item
2305 2566 2334 2600 si

1265 2613 1320 2647 uis
1352 2613 1389 2647 in
1423 2612 1586 2647 fraudem
1619 2612 1834 2647 creditorum
1866 2621 1939 2645 rem
1964 2621 2065 2645 suam
2091 2611 2197 2646 alicui
2222 2611 2333 2645 tradi-

1266 2659 1343 2700 erit,
1368 2659 1471 2692 bonis
1496 2658 1571 2692 eius
1596 2668 1618 2691 a
1643 2657 1878 2692 creditoribus
1900 2666 1943 2691 ex
1963 2657 2140 2691 sententia
2160 2656 2334 2708 praesidis

1240 2704 1414 2747 possessis
1445 2703 1663 2747 permittitur
1693 2701 1780 2746 ipsis
1813 2701 2046 2736 creditoribus
2083 2712 2237 2736 rescissa
2261 2707 2334 2736 tra-

1241 2748 1374 2783 ditione
1398 2758 1476 2783 eam
1500 2758 1572 2782 rem
1597 2750 1730 2792 petere,
1754 2747 1790 2781 id
1815 2750 1869 2781 est
1894 2747 2011 2782 dicere
2032 2757 2109 2781 eam
2129 2757 2204 2781 rem
2223 2747 2333 2781 tradi-

1239 2797 1313 2828 tam
1344 2804 1416 2828 non
1449 2802 1527 2827 esse
1560 2795 1594 2826 et
1628 2793 1674 2826 ob
1698 2792 1735 2826 id
1758 2792 1796 2826 in
1820 2792 1922 2827 bonis
1947 2791 2118 2827 debitoris
2143 2793 2328 2827 mansisse.

1242 2842 1259 2872 7
1309 2839 1398 2873 Item
1423 2838 1593 2872 Serviana
1618 2841 1653 2872 et
1677 2837 1779 2882 quasi
1804 2836 1992 2879 Serviana,
2018 2846 2111 2881 quae
2137 2838 2243 2872 etiam
2267 2838 2330 2883 hy-

1239 2883 1448 2928 pothecaria
1480 2886 1649 2925 vocatur,
1684 2893 1729 2918 ex
1751 2882 1864 2927 ipsius
1888 2882 2064 2927 praetoris
2089 2883 2333 2917 iurisdictione

1240 2929 1478 2963 substantiam
1503 2928 1609 2972 capit.
1657 2926 1827 2962 Serviana
1846 2932 1966 2962 autem
1988 2928 2169 2972 experitur
2191 2928 2268 2972 quis
2290 2928 2333 2961 de

1240 2974 1347 3008 rebus
1368 2973 1495 3015 coloni,
1521 2982 1613 3017 quae
1633 2972 1788 3017 pignoris
1809 2973 1886 3008 iure
1903 2983 1967 3017 pro
1988 2973 2210 3007 mercedibus
2231 2972 2332 3006 fundi

1241 3019 1272 3052 ei
1301 3021 1486 3052 tenentur:
1520 3018 1623 3062 quasi
1655 3017 1825 3053 Sei-viana
1857 3022 1977 3052 autem
2003 3017 2118 3060 qua¹⁴
2138 3018 2332 3052 creditores

1240 3064 1390 3108 pignora
1411 3063 1674 3108 hypothecasve
1694 3067 1966 3108 persequuntur.
2004 3064 2097 3097 inter
2121 3063 2247 3107 pignus
2268 3073 2331 3097 au-

1240 3114 1311 3143 tem
1337 3112 1372 3142 et
1402 3108 1640 3160 hypothecam
1672 3112 1842 3153 quantum
1875 3108 1920 3143 ad
1950 3109 2126 3142 actionem
2158 3108 2330 3153 hypothe-

1242 3154 1374 3188 cariam
1398 3153 1485 3187 mhil
1504 3154 1669 3188 interest:
1694 3164 1776 3188 nam
1797 3153 1841 3188 de
1861 3163 1932 3198 qua
1952 3164 1989 3188 re
2007 3153 2100 3187 inter
2122 3153 2331 3187 creditorem

1241 3203 1277 3233 et
1308 3198 1503 3233 debitorem
1535 3199 1756 3241 convenerit,
1789 3202 1829 3233 ut
1860 3199 1906 3233 sit
1930 3209 1994 3242 pro
2021 3198 2139 3232 debito
2165 3198 2331 3241 obligata,

1241 3248 1393 3288 utraque
1416 3244 1484 3278 hac
1508 3243 1747 3289 appellatione
1772 3244 1984 3278 continetur.
2022 3244 2083 3278 scd
2107 3244 2142 3277 in
2164 3244 2241 3277 aliis
2265 3243 2330 3276 ‹lif-

1240 3288 1394 3323 ferentia
1425 3292 1498 3323 est:
1532 3299 1614 3324 nam
1638 3289 1795 3334 pignoris
1821 3299 1867 3333 ap
1896 3289 2061 3323 ellatione
2086 3299 2164 3322 eam
2189 3288 2332 3332 proprie

1243 3333 1418 3368 contineri
1450 3333 1617 3377 dicimus,
1649 3344 1742 3387 quae
1774 3300 1893 3369 simu?
1911 3334 2017 3368 etiam
2041 3333 2194 3367 traditur
2219 3332 2330 3366 crodi-

1241 3379 1323 3421 tori,
1348 3379 1500 3413 maxime
1524 3379 1553 3413 si
1576 3379 1716 3414 mobilis
1740 3379 1804 3414 sit:
1830 3383 1868 3413 at
1892 3389 1980 3420 eam,
2006 3388 2098 3423 quae
2123 3378 2198 3412 sine
2221 3377 2329 3410 tradi-

1241 3424 1339 3459 tione
1363 3423 1460 3459 nuda
1484 3425 1718 3460 conventione
1742 3427 1904 3466 tenetur,
1937 3424 2080 3468 proprie
2111 3423 2331 3467 hypothecae

1243 3472 1262 3503 8
1313 3469 1551 3513 appellatione
1571 3470 1745 3505 contineri
1765 3469 1924 3504 dicimus.
1974 3469 2014 3502 In
2034 3477 2222 3512 personam
2244 3477 2328 3509 quo-

1245 3583 1346 3621 (C'els.
1361 3583 1380 3615 I.
1396 3590 1412 3615 3
1426 3583 1506 3626 diq.)
1657 3584 1701 3619 (9)
1727 3592 1859 3623 quaque
1872 3584 1919 3622 re]
1937 3582 1970 3621 (Ἰ,
1986 3590 2050 3622 qua
2068 3580 2108 3618 Β,
2123 3589 2331 3620 quacumque

1244 3638 1279 3658 re
1295 3628 1327 3659 Ρ
1436 3631 1492 3667 (9¹)
1519 3629 1562 3668 ei]
1577 3641 1638 3660 scr.
1655 3628 1720 3659 sibi
1838 3629 1897 3666 (10)
1923 3627 2000 3657 dare
2016 3627 2086 3663 aut}
2107 3625 2177 3663 BC,
2192 3637 2249 3656 om.
2265 3625 2331 3656 ΕΘ

1244 3674 1299 3709 (11)
1325 3673 1353 3704 is
1367 3685 1423 3705 om.
1446 3674 1475 3704 Β
1491 3673 1601 3706 14]Εαῖ
1674 3675 1731 3710 (12)
1758 3682 1929 3713 possessor
1945 3672 2004 3703 del.
2022 3670 2241 3710 (Bachovius)
2256 3669 2319 3702 coll

1246 3718 1276 3748 Θ
1370 3721 1428 3757 (13)
1454 3718 1653 3758 quibusdam
1669 3720 1701 3749 et
1714 3717 1790 3750 aliis
1805 3717 1883 3749 libri
1997 3717 2054 3756 (14)
2077 3723 2142 3755 qua
2158 3714 2219 3746 del.
