2528 3918
143 123 382 156 PETITIONE

141 244 281 280 quoque
303 233 441 270 fructus
464 235 670 281 praestabit.
695 234 733 270 in
754 235 872 271 bonae
894 235 977 272 fidei
1001 239 1120 272 autem
1138 246 1222 281 pos-

140 289 280 316 sessore
302 279 340 315 hi
363 282 502 316 tantum
525 281 671 317 veniunt
700 281 738 316 in
760 281 984 317 restitutione
1033 281 1111 317 uasi
1135 292 1221 326 aug-

139 329 260 360 menta
282 324 506 369 hereditatis,
538 336 603 371 per
619 336 724 371 ¹quos
754 326 968 372 locupletior
1019 331 1122 363 actus
1155 330 1219 362 est.

139 373 158 404 2
205 370 375 406 Actiones
407 369 437 405 si
469 381 557 416 quas
589 381 776 416 possessor
805 375 959 407 nanctus
993 376 1066 415 est,
1107 373 1222 407 evicta

138 415 333 450 hereditate
356 415 543 454 restituere
563 416 679 459 debet,
703 417 812 452 veluti
829 417 859 452 si
882 417 1111 453 interdictum
1126 417 1221 452 unde

136 465 156 497 3
202 461 248 504 vi,
272 463 336 497 aut
358 461 454 506 quod
475 461 637 506 precario
659 462 845 497 concessit.
881 463 1014 499 Contra
1033 472 1173 509 quoque
1192 462 1222 497 si

137 514 324 550 possessor
356 505 487 540 caverit
511 506 630 540 damni
652 506 796 548 infecti,
830 509 1026 541 cavendum
1060 511 1114 542 est
1136 517 1220 552 pos-

131 552 152 584 4
204 549 344 590 sessori.
393 549 450 584 Ad
471 550 628 586 officium
648 550 775 586 iudicis
787 552 1015 596 pertinebunt
1028 555 1063 587 et
1074 553 1220 587 noxales

136 595 315 637 actiones,
348 597 406 636 ut,
440 596 470 631 si
493 599 641 641 paratus
666 596 713 631 sit
735 606 922 641 possessor
954 607 1069 633 noxae
1094 597 1221 635 dedere

136 651 275 677 servum
299 639 357 685 qui
391 639 558 676 damnum
590 641 728 676 dederit
756 642 794 676 in
823 651 862 676 re
877 643 887 663 ¹
919 642 1135 678 hereditaria
1165 643 1221 678 vel

133 688 267 766 furtum
282 685 420 765 fpcerit,
445 687 661 729 absolvatur,
687 687 780 722 sicut
795 686 837 722 fit
859 687 896 722 in
919 687 1108 724 interdicto
1126 688 1222 734 quod

133 745 167 768 vi
191 741 237 766 au
278 741 296 766 c
312 741 379 765 am.

179 775 230 814 41
262 776 384 812 GAIUS
413 775 504 811 libro
529 778 635 812 sexto
660 776 710 812 ad
732 776 886 813 edietum
903 778 1133 824 provinciale
1180 778 1218 813 Si

134 833 203 868 quo
215 825 376 866 tempore
389 821 666 857 conveniebatur
677 832 866 867 possessor
886 823 1107 867 hereditatis,
1127 834 1217 869 pau-

134 869 246 904 ciores
271 876 327 902 res
351 867 576 911 possidebat,
609 866 737 903 deinde
760 868 910 903 aliarum
935 879 1076 914 quoque
1098 879 1218 904 rerum

131 912 394 959 possessionem
415 912 646 958 adsumpsit2,
668 923 729 948 eas
743 923 883 966 quoque
903 914 1018 950 victus
1030 915 1218 950 restituere

133 958 287 1001 debebit,
311 957 384 992 sive
408 961 491 993 ante
514 961 701 1003 acceptum
723 958 894 994 iudicium
914 959 986 995 sive
1006 963 1133 1006 postea
1153 959 1216 995 ad-

132 1004 292 1050 quisierit
303 1003 575 1047 possessionem.
603 1007 638 1038 et
650 1003 680 1039 si
693 1003 931 1047 fideiussores,
946 1016 1035 1050 quos
1058 1005 1216 1048 dederat,

131 1050 179 1086 ad
191 1050 288 1085 litem
301 1058 374 1083 non
387 1048 579 1091 sufficiant,
601 1049 724 1085 iubere
744 1060 824 1085 eum
844 1049 1004 1086 debebit³
1022 1050 1217 1096 proconsul

130 1099 171 1130 ut
181 1095 308 1130 idonee
322 1097 457 1129 caveat.
484 1104 527 1128 ex
540 1094 678 1130 diverso
692 1106 834 1140 quoque
846 1095 877 1130 si
888 1096 1077 1141 pauciores
1089 1099 1216 1141 postea

130 1140 341 1186 possidebit,
371 1150 477 1185 quam
499 1139 600 1175 initio
625 1140 851 1185 possidebat,
884 1141 915 1176 si
944 1141 1049 1177 modo
1080 1141 1118 1176 id
1141 1142 1217 1177 sine

131 1186 213 1221 dolo
239 1186 312 1221 eius
337 1185 527 1228 acciderit,
560 1185 697 1220 absolvi
731 1186 836 1221 debet
859 1186 956 1231 quod
987 1187 1034 1222 ad
1066 1197 1126 1222 eas
1158 1197 1215 1222 res

132 1235 147 1266 1
198 1242 286 1276 quas
301 1230 403 1266 desiit
414 1231 605 1276 possidere.
653 1230 811 1266 Fructus
833 1232 1091 1277 computandos
1110 1232 1216 1267 etiam

128 1287 251 1357 farum
276 1286 414 1319 rerum,
448 1287 537 1322 quas
573 1275 764 1312 defunctus
795 1277 934 1322 pignori
965 1278 1123 1323 accepit,
1155 1278 1214 1313 Iu-

141 1323 245 1358 ianus
270 1323 330 1357 ait.

175 1365 229 1405 42
261 1367 456 1404 Ummvs
470 1367 560 1403 libro
568 1367 821 1414 sexagensimo
837 1368 988 1414 septimo
997 1367 1049 1404 ad
1062 1367 1216 1404 edictum

130 1413 168 1449 Si
192 1413 331 1449 debitor
355 1413 589 1449 hereditarius
614 1424 687 1449 non
710 1412 790 1449 ideo
815 1414 906 1449 nolit
929 1414 1084 1457 solvere,
1118 1413 1214 1459 quod

129 1470 168 1495 se
192 1459 290 1494 dicat
311 1459 497 1501 heredem,
531 1459 594 1494 sed
624 1459 704 1495 ideo
729 1458 826 1504 quod
848 1463 954 1504 neget
976 1462 1039 1494 aut
1063 1459 1212 1502 dubitet,

128 1515 175 1540 an
197 1504 379 1540 hereditas
402 1504 579 1550 pertineat
603 1504 650 1539 ad
674 1514 754 1539 eum
778 1504 839 1549 qui
861 1505 951 1551 petit
968 1505 1215 1547 hereditatem,

127 1561 201 1586 non
223 1553 366 1586 tenetur
388 1549 596 1585 hereditatis
619 1549 801 1595 petitione.

173 1593 226 1634 43
251 1595 412 1631 Panes
431 1595 521 1631 libro
540 1594 697 1631 secundo
717 1594 767 1630 ad
785 1594 971 1631 Plautium
1016 1595 1214 1640 Postquam

126 1641 281 1687 legatum
312 1651 334 1676 a
368 1644 405 1676 te
435 1640 577 1685 accepi,
608 1640 843 1675 hereditatem
871 1644 967 1686 peto.
1023 1641 1213 1676 Atilicinus

127 1687 338 1766 quibusdam
360 1686 538 1731 placuisse
571 1685 623 1721 ait
645 1696 719 1721 non
749 1686 853 1721 ahter
876 1686 962 1721 mihi
985 1685 1155 1721 adversus
1178 1689 1215 1720 te

152 1733 281 1767 andam
303 1732 527 1777 petitionem,
563 1741 670 1777 quam
702 1730 732 1766 si
754 1730 909 1776 legatum
932 1731 1127 1767 redderem.
1163 1731 1214 1766 vi-

127 1777 272 1813 deamus
303 1781 423 1812 tamen
446 1787 491 1812 ne
515 1787 587 1812 non
611 1776 714 1811 aliter
736 1777 867 1821 petitor
889 1777 1096 1812 hereditatis
1120 1777 1213 1821 lega-

125 1826 201 1858 tum
220 1823 408 1859 restituere
430 1822 571 1865 debeat,
592 1832 699 1867 quam
718 1825 760 1856 ut
781 1822 814 1857 ei
835 1826 1015 1864 caveatur,
1037 1822 1067 1857 si
1089 1826 1215 1858 contra

127 1877 208 1904 eum
221 1869 265 1904 de
285 1868 483 1904 hereditate
503 1867 702 1903 iudicatum
720 1866 840 1910 fuerit,
865 1867 966 1902 reddi
986 1867 1018 1902 ei
1038 1868 1211 1912 legatum:

128 1925 208 1949 cum
232 1915 278 1950 sit
301 1914 351 1949 ini
376 1924 462 1948 uum
486 1924 526 1949 eo
554 1923 641 1948 casu
664 1922 907 1958 possessorem
930 1912 1138 1948 hereditatis
1162 1914 1212 1948 le-

125 1963 257 2004 gatum,
283 1925 378 2004 quod
402 1958 558 2001 solverit,
582 1958 746 2000 retinere,
773 1961 808 1993 et
830 1958 985 1994 maxime
1009 1958 1040 1994 si
1059 1969 1131 1994 non
1150 1969 1215 2004 per

126 2005 350 2047 calumniam,
376 2004 438 2040 sed
461 2014 526 2049 per
550 2013 705 2039 errorem
728 2003 962 2039 hereditatem
985 2004 1127 2049 petierit
1150 2004 1213 2039 ad-

126 2051 325 2086 versarius:
349 2049 456 2094 idque
480 2053 516 2084 et
538 2049 684 2084 Laelius
707 2050 847 2101 probat.
875 2049 1070 2094 imperator
1094 2052 1214 2085 autem

125 2096 329 2132 Antoninus
353 2095 559 2140 rescripsit⁴
585 2094 636 2137 ei,
661 2105 722 2139 qui
744 2094 900 2139 legatum
933 2105 977 2130 ex
999 2098 1211 2131 testamento

125 2141 351 2184 abstulisset,
387 2150 498 2176 causa
522 2140 664 2185 cognita
687 2139 894 2175 hereditatis
918 2140 1126 2185 petitionem
1149 2151 1211 2177 ne-

124 2186 277 2231 gandam
301 2197 389 2229 esse,
414 2186 550 2222 scilicet
573 2186 603 2221 si
625 2184 815 2220 manifesta
840 2185 1018 2221 calumnia
1041 2185 1098 2221 sit.

170 2230 225 2269 44
270 2232 498 2268 IAVOLENUS
523 2231 615 2267 libro
632 2231 757 2277 primo
782 2241 832 2266 ex
854 2230 1002 2267 Plautio
1050 2230 1139 2266 Cum
1169 2231 1211 2274 is,

125 2278 185 2324 qui
203 2277 359 2322 legatum
372 2289 416 2313 ex
433 2278 645 2313 testamento
668 2276 839 2321 percepit,
859 2276 1093 2311 hereditatem
1111 2277 1212 2322 petit,

125 2324 156 2359 si
178 2323 333 2368 legatum
357 2332 582 2368 quocumque
605 2321 710 2356 modo
742 2321 921 2357 redditum
953 2333 1027 2357 non
1059 2322 1123 2365 sit,
1156 2322 1211 2357 iu-

125 2368 212 2404 dicis
237 2368 356 2404 officio
382 2368 601 2410 continetur,
633 2370 675 2401 ut
704 2366 831 2402 victori
863 2366 1016 2403 deducto
1051 2377 1092 2403 eo
1118 2367 1213 2413 quod

124 2415 264 2458 accepit
286 2414 496 2450 restituatur
518 2412 711 2448 hereditas.

169 2458 223 2496 45
253 2459 397 2495 Casus
425 2459 515 2494 libro
547 2461 678 2504 quarto
711 2457 933 2503 diqestorum
990 2457 1058 2502 Qui
1089 2468 1127 2493 se
1156 2457 1211 2492 liti

124 2504 273 2551 optulit,
299 2516 380 2540 cum
403 2515 478 2540 rem
502 2514 574 2539 non
596 2502 813 2548 possideret,
841 2502 1118 2546 condemnatur,
1143 2503 1212 2538 nisi

124 2551 155 2586 si
179 2549 449 2586 evidentissimis
481 2548 753 2594 probationibus
784 2548 899 2592 possit
931 2548 1120 2584 ostendere
1151 2558 1210 2583 ac-

123 2600 236 2631 torem
259 2597 305 2631 ab
328 2595 429 2630 initio
452 2594 525 2630 litis
549 2593 641 2629 scire
662 2603 742 2628 eum
762 2603 835 2628 non
853 2593 1053 2638 possidere:
1080 2593 1212 2638 quippe

123 2642 191 2676 isto
215 2641 321 2677 modo
345 2651 418 2676 non
442 2643 497 2676 est
520 2639 690 2684 deceptus
715 2641 752 2673 et
775 2638 836 2683 qui
859 2648 897 2673 se
920 2638 1128 2674 hereditatis
1148 2649 1210 2684 pe-

123 2686 241 2722 titioni
274 2686 403 2732 optulit
445 2697 489 2721 ex
524 2684 597 2721 doli
636 2685 798 2720 clausula
831 2687 992 2719 tenetur:
1031 2684 1211 2719 aestimari

123 2731 256 2768 scilicet
280 2731 470 2777 oportebit,
496 2729 623 2776 quanti
647 2730 722 2765 eius
746 2729 909 2764 interfuit
931 2739 1002 2764 non
1028 2729 1106 2764 deci
1132 2729 1155 2764 i.

168 2774 222 2814 46
246 2776 501 2812 MODESTINUS
521 2777 612 2812 libro
635 2778 739 2811 sexto
765 2774 1054 2820 differentiarum
1130 2785 1208 2810 rae-

123 2822 226 2859 donis
249 2823 328 2858 loco
353 2822 607 2867 intellegendus
631 2824 686 2856 est
708 2820 750 2863 is,
777 2820 837 2865 qui
860 2819 1007 2854 tacitam
1027 2818 1133 2854 fidem
1155 2820 1209 2854 in-

122 2871 158 2904 te
203 2867 357 2910 osuerit,
388 2871 429 2902 ut
452 2878 524 2902 non
558 2866 714 2912 capienti
735 2865 940 2901 restitueret
962 2864 1206 2899 hereditatem.

198 2911 221 2950 7
246 2912 353 2948 IDEM
372 2912 463 2948 libro
487 2915 612 2948 octavo
635 2921 891 2958 responsorum
938 2909 1073 2945 Lucius
1093 2910 1208 2945 Titius

124 2969 205 2994 cum
235 2958 273 2992 in
302 2957 385 2992 falsi
416 2957 621 2992 testamenti
651 2957 842 3003 propinqui
874 2955 1104 2991 accusatione
1135 2966 1208 2990 non

124 3003 326 3049 optinuerit,
351 3013 496 3048 quaero,
521 3013 568 3038 an
592 3002 636 3038 de
659 3013 732 3038 non
754 3003 832 3038 iure
854 3001 952 3037 facto
977 3011 1044 3037 nec
1069 3000 1205 3044 signato

123 3051 333 3084 testamento
359 3048 517 3093 querella
547 3047 599 3082 illi
632 3051 832 3093 competere
864 3048 988 3092 possit.
1024 3046 1209 3092 respondit

123 3104 196 3129 non
217 3094 297 3129 ideo
322 3093 445 3138 repelli
477 3093 522 3128 ab
555 3093 752 3129 intentione
783 3103 856 3128 non
880 3093 956 3128 iure
985 3091 1073 3128 facti
1097 3094 1207 3126 testa-

123 3139 243 3181 menti,
268 3138 363 3184 quod
386 3138 424 3173 in
447 3137 530 3172 falsi
553 3139 784 3174 accusatione
807 3149 879 3173 non
904 3137 1109 3183 optinuerit.

168 3181 221 3221 48
245 3183 293 3219 IA
301 3193 471 3219 VOLENUS
491 3183 581 3219 libro
606 3185 711 3219 tertio
734 3195 785 3220 ex
811 3182 932 3219 Cassio
978 3183 1020 3217 In
1044 3181 1208 3218 aestima-

123 3228 278 3264 tionibus
301 3228 509 3264 hereditatis
540 3229 592 3263 ita
614 3229 711 3264 venit
742 3228 895 3274 pretium
918 3228 1083 3264 venditae
1106 3228 1208 3262 here-

126 3273 260 3317 ditatis,
285 3277 327 3309 ut
347 3274 386 3309 id
409 3284 550 3319 quoque
574 3273 742 3317 accedat,
768 3273 865 3319 quod
887 3273 969 3318 plus
992 3273 1063 3308 fuit
1084 3273 1119 3308 in
1145 3273 1207 3308 he-

125 3318 285 3361 reditate,
317 3319 347 3354 si
371 3329 414 3354 ea
437 3319 687 3364 negotiationis
713 3329 824 3355 causa
847 3319 974 3354 veniit:
1010 3318 1065 3354 sin
1089 3321 1209 3354 autem

126 3373 170 3398 ex
192 3363 461 3399 fideicommissi
498 3374 624 3407 causa,
660 3364 748 3400 nihil
783 3364 934 3410 amplius
971 3374 1078 3409 quam
1114 3364 1210 3410 quod

123 3408 220 3443 bona
241 3408 312 3444 fide
335 3409 481 3454 accepit.

169 3450 223 3500 49
247 3452 493 3489 Pamrmws
509 3453 600 3489 libro
622 3454 726 3489 tertio
739 3455 988 3508 quaestionum
1035 3453 1074 3489 Si
1092 3454 1209 3489 bonae

124 3496 206 3532 fidei
227 3507 413 3543 possessor
444 3498 651 3534 hereditatis
683 3499 767 3535 veht
791 3510 871 3535 cum
902 3499 1122 3535 debitoribus
1145 3499 1208 3533 he-

124 3541 301 3578 reditariis
325 3546 388 3578 aut
410 3543 472 3588 qui
502 3554 558 3579 res
581 3544 816 3580 hereditarias
841 3544 1097 3590 occupaverint
1121 3554 1207 3579 con-

126 3700 172 3741 (1)
197 3699 343 3734 reom.F
497 3701 543 3742 (2)
569 3700 799 3744 absumpsitF
941 3702 988 3742 (3)
1013 3701 1203 3742 debebatF,

126 3743 282 3778 debeatS
349 3745 395 3785 (4)
421 3747 463 3790 ej.
473 3747 519 3778 D.
529 3747 623 3787 34,9,
636 3752 688 3787 5,ι
758 3748 804 3788 (5)
830 3748 1038 3788 exceptionis
1052 3748 1205 3781 Cuiacius

1226 104 1282 158 87

2286 115 2378 159 V3

1291 237 1436 278 sistere,
1461 235 1645 289 audietur,
1669 237 1792 282 utique
1817 237 1847 273 si
1870 237 2068 283 periculum
2093 239 2179 282 erit,
2211 249 2256 275 ne
2286 239 2380 275 inter

1291 293 1409 318 moras
1434 286 1594 318 annones
1618 283 1842 318 intercidant.
1875 284 2008 328 petitor
2030 287 2149 320 autem
2172 285 2378 320 hereditatis

1291 328 1382 363 citra
1405 331 1538 363 metum
1564 329 1782 373 exceptionis
1817 328 1854 362 in
1878 339 1953 364 rem
1977 339 2082 374 agere
2111 330 2259 375 poterit:
2293 330 2376 375 quid

1291 374 1383 408 enim
1408 373 1437 408 si
1461 383 1647 418 possessor
1679 373 1885 409 hereditatis
1910 375 2097 419 neglegat?
2129 375 2215 421 quid
2237 375 2268 411 si
2291 375 2379 410 nihil

1289 418 1376 453 iuris
1401 418 1533 454 habere
1557 429 1595 454 se
1621 419 1736 454 sciat?

1337 462 1390 500 50
1415 463 1621 500 IDEMlibro
1633 467 1738 499 sexto
1752 465 2012 510 quaestionum.
2060 465 2251 502 Hereditas
2272 466 2378 501 etiam

1292 511 1306 544 1
1357 509 1434 544 sine
1457 510 1530 544 ullo
1555 519 1704 554 corpore
1726 509 1813 544 iuris
1844 509 2063 545 intellectum
2086 511 2207 547 habet.
2255 510 2293 546 Si
2317 511 2377 546 de-

1288 553 1414 589 functo
1458 558 1725 590 monumentum
1762 554 1980 590 condicionis
2022 556 2222 601 implendae
2263 557 2379 601 gratia

1290 600 1406 635 bonae
1429 599 1512 635 fidei
1536 609 1722 644 possessor
1751 599 1894 643 fecerit,
1928 604 2047 645 potest
2079 601 2167 643 dici,
2202 602 2286 647 quia
2317 612 2377 637 vo-

1287 643 1406 679 luntas
1426 644 1579 679 defuncti
1593 645 1647 680 vel
1670 645 1707 680 in
1726 645 1796 680 hoc
1816 645 1990 680 servanda
2010 649 2075 687 est,
2099 646 2222 691 utique
2244 647 2274 682 si
2293 657 2375 692 pro-

1289 689 1444 725 babilem
1487 690 1632 726 modum
1663 690 1818 726 faciendi
1853 691 2071 726 monumenti
2107 696 2287 737 sumptus,
2322 692 2376 727 vel

1291 738 1464 779 quantum
1495 739 1648 771 testator
1679 736 1842 778 iusserit,
1876 747 1948 771 non
1980 736 2147 779 excedat,
2185 748 2283 780 eum,
2318 737 2377 772 cui

1290 779 1453 815 aufertur
1476 781 1666 823 hereditas,
1692 781 1869 826 impensas
1890 781 2028 816 ratione
2049 781 2122 817 doli
2144 783 2377 827 exceptione-'³

1290 828 1353 860 aut
1375 829 1598 861 retenturum
1621 829 1685 860 aut
1709 826 1851 861 actione
1875 827 2097 871 negotiorum
2117 831 2297 871 gestorum
2320 839 2376 862 re-

1288 870 1493 915 petiturum,
1525 871 1634 907 veluti
1657 871 1871 907 hereditario
1896 872 2037 917 negotio
2061 876 2180 917 gesto:
2218 873 2376 917 quamvis

1290 916 1382 950 enim
1406 917 1531 952 stricto
1556 917 1633 951 iure
1657 917 1755 952 nulla
1778 920 1970 952 teneantur
1993 917 2134 952 actione
2157 918 2304 953 heredes
2329 918 2375 952 ad

1286 966 1554 997 monumentum
1577 962 1792 1005 faciendum,
1824 966 1945 997 tamen
1967 962 2158 1007 principali
2181 963 2235 998 vel
2258 964 2375 1007 ponti-

1286 1006 1384 1086 ficlali
1403 1008 1617 1043 auctoritate
1639 1008 1898 1053 compelluntur
1911 1007 1957 1043 ad
1969 1008 2179 1053 obsequium
2191 1019 2377 1054 supremae

1286 1063 1329 1087 vo
1345 1053 1490 1088 untatis.

1335 1096 1384 1134 51
1412 1098 1522 1133 IDEM
1537 1098 1628 1134 libro
1641 1098 1799 1134 secundo
1820 1108 2074 1144 responsorum
2116 1098 2231 1134 Heres
2250 1098 2377 1134 furiosi

1285 1143 1479 1179 substituto
1503 1144 1558 1179 vel
1583 1143 1762 1189 sequentis
1786 1143 1918 1189 gradus
1939 1147 2091 1188 cognato
2110 1143 2251 1179 fructus
2271 1144 2377 1179 medii

1285 1189 1474 1234 temporis,
1507 1189 1637 1235 quibus
1661 1199 1726 1234 per
1751 1193 1955 1224 curatorem
1978 1189 2138 1224 furiosus
2162 1189 2376 1234 locupletior

1285 1233 1404 1269 factus
1425 1234 1575 1277 videtur,
1592 1234 1809 1280 praestabit:
1837 1234 1994 1279 exceptis
2017 1234 2180 1270 videlicet
2195 1235 2375 1279 impensis,

1287 1289 1379 1325 quae
1403 1280 1500 1315 circa
1524 1280 1673 1315 eandem
1691 1279 1930 1315 substantiam
1945 1283 2019 1314 tam
2044 1280 2246 1315 necessarie
2270 1290 2375 1325 quam

1284 1325 1418 1360 utiliter
1441 1325 1561 1361 factae
1585 1329 1679 1360 sunt.
1705 1325 1769 1360 sed
1786 1328 1822 1360 et
1839 1325 1869 1360 si
1893 1325 1978 1370 quid
2003 1325 2099 1360 circa
2121 1325 2297 1360 furiosum
2313 1335 2374 1360 ne-

1287 1370 1440 1406 cessarie
1463 1371 1572 1406 fuerit
1588 1381 1794 1416 expensum,
1820 1373 1855 1405 et
1877 1370 1948 1406 hoc
1966 1371 2195 1415 excipiaturss,
2220 1371 2290 1406 nisi
2305 1371 2375 1405 alia

1286 1415 1467 1451 sufficiens
1500 1416 1702 1452 substantia
1734 1420 1788 1451 est
1810 1415 1970 1458 furioso,
2003 1426 2047 1451 ex
2079 1426 2150 1461 qua
2182 1416 2376 1451 sustentari

1289 1463 1303 1496 1
1353 1464 1484 1506 potest.
1533 1462 1732 1497 Fructuum
1757 1465 1840 1506 post
1863 1461 2097 1496 hereditatem
2120 1462 2269 1506 petitam
2292 1472 2373 1506 per-

1286 1510 1470 1551 ceptorum
1494 1518 1625 1542 usurae
1649 1517 1723 1542 non
1753 1510 2002 1552 praestantur:
2038 1507 2179 1542 diversa
2201 1507 2294 1542 ratio
2320 1510 2375 1542 est

1285 1561 1418 1594 eorum,
1444 1553 1503 1597 qui
1528 1556 1612 1587 ante
1636 1552 1813 1587 actionem
1829 1552 2037 1587 hereditatis
2053 1552 2190 1587 illatam
2213 1552 2373 1598 percepti

1284 1597 1517 1632 hereditatem
1542 1600 1729 1632 auxerunt.

1330 1639 1384 1678 52
1408 1642 1452 1677 H
1450 1652 1756 1677 ERMOGENIANUS
1768 1642 1858 1678 libro
1867 1641 2024 1678 seeundo
2035 1642 2126 1677 iuris
2134 1642 2371 1689 epitomarum

1284 1687 1322 1723 Si
1345 1698 1532 1732 possessor
1557 1698 1601 1723 ex
1623 1687 1820 1723 hereditate
1843 1687 2050 1722 inhonestos
2074 1687 2241 1722 habuerit
2265 1697 2373 1732 quae-

1285 1736 1374 1775 stus,
1399 1733 1466 1768 hos
1492 1733 1598 1768 etiam
1621 1733 1811 1768 restituere
1836 1735 1992 1777 cogetur,
2017 1742 2062 1767 ne
2085 1733 2239 1768 honesta
2261 1733 2371 1767 inter-

1283 1779 1436 1824 pretatio
1450 1789 1524 1814 non
1536 1779 1686 1814 honesto
1697 1778 1861 1823 quaestui
1873 1778 2028 1812 lucrum⁷
2040 1778 2238 1823 possessori
2250 1777 2372 1813 faciat.

1330 1821 1382 1861 53
1409 1823 1464 1859 PA
1474 1833 1569 1859 ULUS
1589 1824 1679 1859 libro
1704 1824 1840 1859 decimo
1865 1823 1915 1858 ad
1934 1822 2109 1858 Sabinum
2155 1822 2237 1858 Non
2258 1823 2372 1858 solum

1284 1869 1330 1904 ad
1354 1879 1415 1904 aes
1440 1869 1594 1904 alienum
1617 1868 1872 1904 hereditarium
1896 1868 2147 1904 exsolvendum
2170 1869 2373 1903 necessaria

1284 1914 1450 1950 alienatio
1474 1915 1673 1959 possessori
1705 1917 1779 1956 est,
1813 1913 1875 1949 sed
1908 1917 1943 1948 et
1973 1913 2005 1948 si
2035 1914 2217 1958 impensae
2249 1923 2372 1949 neces-

1284 1960 1399 1995 sariae
1422 1960 1458 1994 in
1481 1970 1557 1995 rem
1580 1959 1834 1995 hereditariam
1856 1959 1976 1993 factae
2001 1962 2085 1994 sunt
2108 1969 2130 1994 a
2153 1969 2370 2004 possessore,

1282 2006 1337 2041 vel
1360 2005 1390 2040 si
1413 2015 1514 2041 mora
1537 2005 1718 2050 periturae
1743 2005 1977 2040 deterioresve
2001 2004 2145 2039 futurae
2170 2008 2282 2040 erant.

1329 2049 1383 2088 54
1407 2050 1602 2086 IULIANUS
1612 2051 1703 2086 libro
1716 2053 1821 2085 sexto
1835 2050 2054 2096 de'qestorum
2101 2050 2159 2092 Ei,
2180 2050 2239 2095 qui
2250 2052 2372 2095 partes

1283 2096 1517 2131 hereditarias
1541 2096 1597 2131 vel
1620 2099 1733 2131 totam
1757 2106 1779 2130 a
1802 2095 1889 2130 fisco
1922 2098 2102 2130 mercatus
2135 2095 2266 2138 fuerit,
2300 2105 2373 2130 non

1284 2145 1339 2176 est
1360 2141 1520 2186 iniquum
1546 2141 1624 2176 dari
1648 2142 1844 2183 actionem,
1869 2150 1934 2186 per
1958 2151 2064 2185 quam
2087 2141 2254 2175 universa
2277 2141 2372 2175 bona

1283 2190 1539 2232 persequatur,
1573 2186 1870 2232 quemadmodum
1903 2186 1952 2228 ei,
1988 2186 2046 2220 cui
2078 2196 2122 2221 ex
2146 2186 2371 2221 Trebelliano

1283 2236 1428 2267 senatus
1454 2232 1617 2267 consulto
1643 2232 1821 2267 hereditas
1845 2232 2013 2266 restituta
2045 2235 2118 2274 est,
2151 2231 2276 2276 petitio
2308 2231 2371 2266 he-

1288 2280 1302 2312 1
1353 2277 1515 2313 reditatis
1541 2277 1657 2312 datur.
1706 2278 1820 2312 Heres
1846 2277 2016 2311 debitoris
2040 2276 2078 2311 id
2102 2277 2197 2321 quod
2222 2276 2370 2311 defunc-

1282 2325 1340 2358 tus
1365 2323 1504 2368 pignori
1538 2323 1687 2358 dederat
1719 2323 1805 2367 quin
1836 2322 2071 2357 hereditatem
2105 2322 2258 2367 petendo
2285 2332 2369 2357 con-

1283 2371 1302 2403 2
1351 2368 1451 2413 sequi
1462 2369 1586 2413 possit,
1612 2368 1760 2403 dubium
1772 2379 1843 2403 non
1857 2371 1923 2403 est.
1972 2367 2061 2402 Cum
2073 2367 2220 2412 praedia
2231 2367 2372 2401 urbana

1282 2416 1318 2449 et
1339 2414 1476 2449 rustica
1499 2414 1721 2458 neglegentia
1744 2423 1992 2458 possessorum
2015 2412 2140 2457 peiora
2164 2412 2235 2447 sint
2258 2411 2368 2454 facta,

1280 2458 1388 2494 veluti
1436 2459 1496 2494 uia
1514 2459 1638 2494 vineae
1659 2459 1821 2504 pomaria
1841 2458 1936 2493 horti
1957 2461 2059 2492 extra
2079 2457 2371 2492 consuetudinem

1280 2504 1393 2549 patris
1434 2504 1570 2539 amilias
1596 2503 1755 2539 defuncti
1788 2504 1886 2538 culta
1909 2505 2012 2538 sunt:
2045 2502 2117 2537 litis
2151 2502 2369 2537 aestimatio-

1281 2559 1362 2584 nem
1388 2560 1509 2584 earum
1532 2559 1671 2592 rerum,
1698 2552 1831 2594 quanto
1855 2549 1994 2593 peiores
2019 2548 2090 2583 sint
2113 2546 2253 2591 factae,
2285 2558 2368 2593 pos-

1280 2605 1440 2630 sessores
1464 2595 1540 2639 pati
1564 2595 1706 2630 debent.

1327 2638 1380 2677 55
1405 2640 1513 2675 IDEM
1531 2640 1622 2675 libro
1642 2639 1870 2685 sescayesimo
1891 2638 2112 2684 diqestorum
2158 2637 2287 2673 Evicta
2306 2638 2368 2673 he-

1280 2685 1430 2720 reditate
1453 2685 1570 2720 bonae
1593 2684 1677 2719 fidei
1699 2694 1886 2729 possessor
1909 2683 2005 2728 quod
2029 2683 2104 2728 lege
2122 2683 2267 2728 Aquilia
2286 2692 2367 2718 exe-

1279 2731 1388 2775 gisset
1419 2741 1491 2765 non
1523 2731 1587 2765 sim
1615 2730 1707 2772 lum,
1741 2729 1804 2764 sed
1835 2728 1882 2763 du
1909 2729 1984 2763 lum
2013 2729 2194 2763 restituet:
2230 2728 2368 2765 lucrum

1280 2776 1372 2810 enim
1376 2786 1428 2855 gx
1440 2786 1493 2818 eo,
1518 2741 1613 2820 quog
1625 2777 1772 2820 propter
1782 2774 1867 2809 here
1893 2774 2015 2809 itatem
2035 2774 2227 2819 acceperit,
2247 2773 2369 2809 facere

1279 2832 1351 2855 non
1401 2822 1491 2856 ebet.

1326 2863 1379 2902 56
1404 2866 1631 2901 AFRICANUS
1648 2865 1738 2900 libro
1786 2866 1892 2900 uario
1913 2865 2162 2911 quaestionum
2205 2863 2293 2899 Cum
2305 2863 2367 2899 he-

1279 2911 1411 2946 reditas
1435 2911 1548 2956 petita
1572 2910 1635 2953 sit,
1670 2920 1731 2945 eos
1771 2913 1915 2953 ructus,
1948 2920 2036 2955 quos
2067 2920 2254 2955 possessor
2286 2920 2366 2953 per-

1281 2956 1417 3000 cepit⁸‚
1444 2955 1644 2991 omnimodo
1668 2955 1928 2998 restituendos,
1954 2956 2020 2990 etsi
2043 2954 2175 3000 petitor
2199 2965 2260 2990 eos
2283 2965 2365 2999 per-

1280 3004 1447 3045 cepturus
1473 3011 1545 3036 non
1566 3000 1697 3035 fuerat.

1325 3044 1377 3083 57
1404 3046 1610 3081 NERATIUS
1637 3046 1728 3081 libro
1758 3046 1909 3092 septimo
1940 3045 2230 3081 membranarum
2277 3044 2366 3080 Cum

1279 3092 1374 3127 idem
1398 3091 1546 3126 eandem
1569 3091 1801 3126 hereditatem
1825 3091 1994 3126 adversus
2027 3091 2116 3126 duos
2149 3090 2308 3125 defendit
2332 3094 2367 3124 et

1279 3137 1474 3173 secundum
1498 3137 1649 3171 alterum
1669 3147 1712 3171 ex
1735 3136 1790 3172 his
1814 3136 2012 3171 iudicatum
2031 3139 2096 3178 est,
2122 3135 2246 3180 quaeri
2265 3135 2364 3176 solet,

1278 3186 1398 3218 utrum
1421 3181 1568 3226 perinde
1592 3181 1624 3216 ei
1643 3181 1875 3217 hereditatem
1898 3181 2037 3217 restitui
2058 3184 2232 3226 oporteat,
2258 3183 2365 3225 atque

1279 3231 1477 3273 oporteret,
1509 3226 1541 3262 si
1571 3226 1740 3262 adversus
1765 3227 1874 3262 alium
1905 3226 2053 3262 defensa
2076 3237 2150 3261 non
2182 3229 2293 3261 esset:
2326 3227 2366 3259 ut

1278 3273 1416 3308 scilicet
1439 3272 1470 3307 si
1493 3282 1577 3307 mox
1601 3275 1636 3307 et
1659 3272 1855 3308 secundum
1879 3272 1988 3307 alium
2017 3271 2127 3307 fuerit
2156 3270 2364 3310 iudicatum,

1278 3318 1485 3353 absolvatur
1506 3317 1537 3352 is
1563 3327 1645 3352 cum
1668 3328 1738 3362 quo
1763 3321 1884 3353 actum
1909 3320 1979 3360 est,
2005 3317 2089 3362 quia
2111 3326 2226 3360 neque
2251 3314 2364 3359 possi-

1278 3363 1361 3398 deat
1383 3372 1428 3397 ne
1454 3372 1500 3397 ue
1524 3362 1605 3398 dolo
1629 3363 1722 3398 malo
1747 3362 1892 3405 fecerit,
1925 3373 1995 3408 quo
2028 3362 2143 3397 minus
2167 3359 2366 3411 possideret

1278 3407 1374 3453 quod
1397 3407 1434 3442 iu
1462 3407 1528 3443 ‘cio
1552 3407 1733 3443 revictus⁹
1755 3408 1969 3443 restituerit:
2004 3417 2051 3442 an
2084 3406 2168 3451 quia
2191 3407 2306 3450 possit
2329 3407 2365 3438 et

1278 3452 1474 3488 secundum
1497 3452 1605 3488 alium
1624 3453 1786 3495 iudicari,
1811 3464 1883 3488 non
1903 3453 2006 3488 aliter
2028 3452 2214 3487 restituere
2234 3449 2363 3483 debeat

1278 3508 1386 3578 fluam
1409 3497 1440 3533 si
1463 3502 1607 3533 cautum
1632 3498 1663 3533 ei
1686 3498 1805 3541 fuerit,
1830 3498 1927 3543 quod
1951 3497 2121 3532 adversus
2145 3495 2258 3546 alium·
2276 3503 2362 3546 ean-

1303 3553 1358 3578 em
1380 3542 1613 3579 hereditatem
1637 3543 1805 3579 defendit.
1842 3543 1905 3578 sed
1928 3542 2053 3577 melius
2078 3543 2133 3576 est
2164 3538 2283 3574 officm
2307 3549 2363 3573 iu-

1276 3702 1323 3743 (6)
1349 3700 1547 3744 expiaturF
1672 3705 1703 3742 (7
1708 3704 1719 3743 )
1744 3701 1854 3733 locum
1862 3713 1925 3734 scr.
2056 3698 2102 3740 (8)
2127 3695 2299 3739 praecepit
2307 3695 2342 3728 F
2344 3695 2359 3717 '⁶

1280 3747 1325 3789 (9)
1350 3746 1511 3789 revictus]
1522 3747 1633 3779 victus
1643 3747 1717 3780 dett.
