2528 3918
196 145 340 189 XXXI

190 268 239 305 ad
260 268 371 304 filium
394 266 605 312 pertineant.
653 266 831 312 respondi,
856 267 887 303 si
910 266 998 303 fides
1022 266 1196 312 epistulae
1213 276 1271 303 re-

190 314 297 349 lictae
321 315 518 355 constaret,
553 311 674 347 deberi
719 322 812 366 quas
838 312 876 348 in
904 314 968 347 ea¹
999 311 1085 347 dare
1114 321 1153 347 se
1180 311 1271 347 velle

196 362 208 393 1
258 356 478 402 significavit.
538 355 608 401 Qui
635 339 822 393 indivisam
852 368 933 395 cum
961 356 1073 392 fratre
1102 367 1168 392 suo
1195 367 1272 392 rem

192 402 362 444 habebat,
397 400 488 436 filias
517 411 602 437 suas
629 401 778 438 heredes
812 401 988 437 instituit’
1016 405 1052 437 et
1079 401 1132 436 ita
1161 401 1269 436 cavit:

192 450 349 492 ‘propter
370 456 429 482 res
452 446 635 482 universas
659 456 750 492 quae
771 447 858 481 mihi
881 457 961 482 cum
983 446 1046 481 illo
1070 446 1181 481 fratre
1191 455 1271 481 meo

192 495 331 536 ‘patruo
365 494 482 526 vestro
517 500 720 527 communes
756 496 856 535 sunt,
893 502 980 536 quas
1015 490 1271 526 aestimationis

191 536 403 572 ‘constiterit
425 545 504 572 esse
516 535 699 572 universas
723 535 794 571 duo
817 536 951 570 milium
964 546 1164 580 aureorum,
1188 534 1270 571 fidei

192 584 341 617 ‘vestrae
365 580 556 624 committo,
578 581 632 616 un·
642 592 709 626 pro
721 581 884 626 portione
901 585 1022 616 vestra
1033 580 1130 616 mille
1141 590 1270 616 aureos

191 628 224 660 ‘a
246 625 416 661 Lucretio
439 624 575 661 Pacato
586 630 716 679 patruo
732 630 851 661 vestro
864 625 1078 691 accipiatis':
1103 625 1187 660 huic
1198 629 1270 660 tes-

190 674 347 706 tamento
382 670 622 724 quinquenmo
661 670 857 715 supervixit
893 674 929 706 et
987 670 1130 706 abunde
1158 670 1270 715 patri-

189 715 347 751 monium
369 715 436 750 reli
459 719 528 751 uit:
554 715 774 760 quaesitum⁴
798 718 862 759 est,
887 724 934 750 an
951 714 1100 750 heredes
1111 714 1271 750 Lucretii

190 759 315 795 Pacati
337 725 533 795 secunffium
554 761 663 796 verba
686 770 796 804 supra
818 759 954 804 scripta
966 759 1153 795 offerentes
1176 760 1271 795 mille

190 815 318 841 aureos
345 804 655 840 fideicommissum
684 808 958 849 consequantur.
1018 804 1186 850 respondi
1215 815 1270 840 se·

190 849 345 885 cundum
369 859 413 886 ea
435 859 527 895 quae
575 852 836 895 roponerentur
863 860 935 885 non
959 849 1079 885 facere
1107 849 1270 885 volunta·

189 898 271 939 tem,
295 897 336 930 ιιι
358 894 525 930 universa
588 894 634 930 tis
653 894 829 930 millenis⁵
851 894 970 930 aureis
988 895 1270 938 restituerentur,

190 938 253 975 sed
274 939 546 983 aestimationis,
577 949 669 984 quae
691 939 816 975 mortis
839 942 911 975 tem
938 949 999 975 ore
1021 939 1060 974 in
1082 940 1190 975 rebus
1214 939 1270 974 fu-

190 987 210 1019 2
257 987 344 1028 erat,
370 984 584 1020 oblationem
608 983 738 1020 debere
760 983 849 1019 fieri.
898 950 990 1027 Seno,
1021 995 1125 1028 quem
1148 984 1271 1020 heredi

190 1029 433 1073 substituerat,
457 1029 509 1064 ita
531 1029 675 1073 legavit:
701 1028 804 1072 ‘Seio,
830 1029 957 1064 simihi
979 1029 1082 1065 heres
1107 1040 1179 1064 non
1193 1029 1269 1072 erit,

189 1069 238 1110 ‘et
271 1074 376 1110 uxori
409 1073 486 1110 eius
519 1074 714 1109 Marcellae
749 1074 887 1119 argenti
924 1074 1035 1110 libras
1072 1074 1270 1118 quindecim

189 1115 279 1154 ‘dari
300 1119 404 1155 volo’.
453 1129 601 1163 quaero,
632 1129 713 1154 cum
737 1118 839 1154 Seius
868 1119 973 1154 heres
1002 1118 1194 1162 exstiterit,
1224 1129 1271 1154 an

189 1163 383 1200 Marcellae
397 1164 504 1209 legati
520 1163 664 1199 dimidia
679 1163 797 1208 portio
813 1163 996 1199 debeatur.
1029 1163 1198 1208 respondi
1215 1174 1270 1199 se·

190 1212 209 1244 3
257 1208 413 1245 cundum
441 1218 485 1244 ea
514 1218 606 1252 quae
634 1212 922 1253 proponerentur
949 1208 1082 1244 deberi.
1136 1209 1270 1244 Lucius

188 1253 305 1290 Titius
333 1253 502 1289 intestato
530 1253 742 1296 moriturus,
773 1263 855 1288 cum
882 1253 1033 1289 haberet
1060 1264 1208 1289 uxorem
1237 1258 1272 1289 et

189 1309 233 1334 ex
256 1308 299 1334 ea
321 1297 431 1333 filiam
453 1298 727 1343 emancipatam,
758 1297 930 1334 codicillis
959 1299 1049 1333 haec
1078 1299 1189 1334 verba
1217 1299 1271 1333 in-

189 1343 314 1379 seruit:
352 1342 542 1388 ‘pertinent
569 1346 690 1378 autem
723 1342 761 1377 hi
796 1342 951 1378 codicilli
984 1343 1031 1378 ad
1060 1353 1207 1379 uxorem
1236 1348 1272 1379 et

189 1387 319 1424 ‘filiam
367 1388 520 1432 primum
542 1391 662 1423 autem
683 1398 782 1432 rogo,
807 1387 859 1424 sic
882 1387 977 1423 inter
999 1398 1062 1424 vos
1081 1389 1206 1433 agatis,
1232 1392 1272 1423 ut

189 1435 255 1469 ‘me
278 1432 357 1468 vivo
380 1432 501 1477 egistis
523 1432 644 1477 itaque
667 1443 764 1477 rogo,
789 1436 830 1467 ut
841 1432 1012 1478 quidquid
1025 1436 1090 1468 aut
1100 1444 1165 1478 ego
1188 1433 1271 1469 reli-

188 1480 309 1531 ‘quero
340 1480 404 1512 aut
432 1477 527 1522 quod
554 1487 617 1513 vos
640 1478 741 1522 ipsae
769 1477 925 1521 habetIs,
957 1488 1142 1513 commune
1171 1479 1271 1514 vobis

188 1523 268 1558 ‘sit’.
315 1521 391 1557 filia
413 1522 574 1558 intestati
596 1522 709 1567 patris
732 1522 909 1558 bonorum
949 1522 1186 1558 ossessionem
1210 1533 1270 1558 ac-

188 1568 297 1612 cepit:
333 1566 532 1612 quaeritur,
569 1577 616 1602 an
650 1567 771 1621 aliqua
804 1577 889 1612 pars
950 1567 1133 1603 ereditatis
1166 1569 1272 1604 Lucii

187 1612 273 1648 Titii
294 1622 340 1648 ex
363 1622 474 1648 causa
501 1611 764 1648 fideicommissi
793 1622 815 1647 a
843 1611 918 1648 filia
946 1613 1053 1647 matri
1081 1612 1272 1648 deberetur

186 1661 223 1693 et
245 1661 366 1710 quota.
412 1656 582 1702 respondi
604 1656 800 1693 secundum
811 1667 856 1692 ea
878 1667 971 1702 quae
986 1662 1272 1702 proponerentur

187 1701 365 1737 dimidiam
388 1706 528 1746 partem
551 1701 683 1744 deberi,
714 1702 746 1737 si
767 1702 874 1738 modo
898 1713 991 1738 uxor
1012 1706 1141 1747 parata
1164 1703 1211 1738 sit
1232 1703 1270 1738 in

187 1750 207 1782 4
255 1757 440 1783 commune
464 1747 559 1782 bona
582 1757 649 1782 sua
672 1746 846 1783 conferre.
893 1747 1072 1792 Quattuor
1093 1747 1186 1783 filios
1210 1758 1269 1784 ae-

187 1792 265 1846 quis
304 1791 629 1871 ‚artibus-{usgiltiuit
657 1795 694 1827 et
715 1791 866 1845 fundum
894 1803 960 1873 pgr
983 1792 1270 1873 praeceptionffirin

186 1803 334 1882 singuiis
371 1847 471 1881 egavi
494 1850 502 1871 :
580 1848 602 1880 1,
628 1847 709 1872 cum
733 1847 899 1873 umversa
949 1847 1018 1872 ona
1040 1848 1088 1882 pa
1104 1848 1154 1873 ris
1179 1849 1200 1873 o
1254 1858 1269 1864 -

231 1885 270 1916 ta
291 1886 420 1925 essent,
449 1885 574 1916 mutua
597 1885 748 1927 accepta
770 1882 924 1926 pecunia
951 1883 1167 1918 hereditario
1192 1894 1268 1919 cre-

185 1891 292 1962 giatori
315 1926 498 1962 solverunt
513 1930 550 1962 et
571 1926 762 1972 posteriori
785 1927 1045 1980 obligaverunt,
1076 1928 1152 1972 qui,
1189 1938 1269 1963 cum

185 1971 218 2007 ei
241 1971 399 2007 debitum
421 1982 495 2006 non
519 1972 726 2015 solveretur,
777 1972 899 2007 raedis
916 1972 1081 2007 universa
1103 1973 1180 2017 lege
1191 1973 1268 2018 pig-

185 2015 283 2052 noris
305 2016 369 2051 uni
391 2026 436 2052 ex
459 2016 650 2052 heredibus
672 2027 740 2052 ven
767 2016 846 2052 ‘ditz
870 2017 1064 2062 quaeritur,
1094 2027 1157 2061 an,
1188 2028 1270 2053 cum

184 2061 252 2096 iste
274 2059 369 2096 filius
393 2071 438 2096 ex
461 2071 573 2097 causa
595 2061 783 2107 emptionis
807 2072 852 2098 ea
873 2062 1066 2107 possideat,
1095 2062 1269 2099 fratribus

1263 141 1351 189 442

1503 0 1506 19 l

1502 21 1507 53 l

1512 51 1609 162 Ὗκχ

2140 157 2202 189 DE
2229 157 2418 190 means

1340 270 1376 302 et
1399 266 1635 304 coheredibus
1657 266 1921 303 fideicommissi
1944 265 2069 310 petitio
2092 270 2188 302 esset
2211 277 2259 302 an
2281 277 2364 303 vero
2377 278 2419 303 ea

1338 315 1523 392 {3333
1550 315 1782 410 Sffivffl
1806 310 2038 401 fflffiziffff
2063 310 2239 392 33320532
2259 313 2420 402 “zzz-¹33?

1338 399 1600 437 fideicommissi
1623 412 1661 437 ιιι
1684 411 1873 447 personam
1897 404 2156 446 competentem
2179 401 2343 437 omnibus
2365 402 2419 437 in-

1339 446 1452 481 vicem
1474 456 1635 482 manere:
1658 457 1732 482 non
1754 450 1874 482 antem
1895 445 2206 481 fideicommissum
2229 447 2419 482 restituen-

1340 489 1424 525 dum
1447 494 1512 533 est,
1536 491 1606 526 nisi
1627 491 1727 536 prius
1751 491 1908 527 debitum
1932 491 1978 526 ab
2003 491 2053 526 eis
2073 491 2224 543 emptori
2237 491 2419 537 eidemque

1339 539 1363 614 ἰ
1408 535 1575 615 οοῙιει-ξᾱί
1597 536 1867 581 persolveretur.
1923 535 2037 571 Filiae
2065 535 2150 571 fide1
2178 536 2353 571 commisit
2382 536 2419 571 in

1365 590 1429 616 aec
1452 590 1514 615 ver
1539 590 1577 616 a:

1340 627 1432 661 ‘nem
1459 629 1543 670 post
1570 628 1719 661 mortem
1750 635 1866 661 meam
1893 630 2009 661 mutes
2037 630 2074 661 et
2101 626 2152 660 ita
2181 636 2344 669 renoves,
2380 630 2420 660 ut

1340 669 1482 705 ‘fratres
1503 669 1557 704 tui
1580 669 1698 706 dotem
1719 670 1978 715 stipularentur
1999 671 2069 706 hoc
2093 681 2191 714 casu,
2216 674 2266 714 ut,
2290 670 2322 706 si
2344 670 2420 706 sine

1340 714 1472 750 ‘liberis
1496 725 1568 750 uno
1596 715 1803 760 pluribusve
1830 715 1868 750 in
1894 715 2119 751 matrimonio
2146 715 2325 758 morieris,
2355 715 2419 750 dos

1341 759 1398 794 ‘ad
1421 769 1482 795 eos
1505 759 1710 804 perveniat’.
1756 763 1840 805 post
1861 764 2010 795 mortem
2018 761 2135 813 patris
2147 760 2322 796 decessit⁶
2344 770 2418 794 ma-

1338 804 1439 847 ritus,
1465 808 1547 839 ante
1572 813 1654 839 uam
1676 808 1909 840 renovaretur
1933 809 2051 840 cautio
2075 805 2215 848 dotalis,
2240 809 2276 840 et
2295 808 2416 850 postea

1339 849 1400 884 alii
1422 853 1536 902 nupta
1582 849 1711 885 ecessit
1734 850 1832 884 nullo
1862 849 2053 885 liberorum
2077 850 2218 893 relicto,
2248 850 2326 885 vivo
2356 849 2417 884 ad—

1338 894 1410 929 huc
1434 894 1529 929 Titio
1553 904 1625 929 uno
1648 904 1693 930 ex
1709 894 1893 929 fratribus.
1941 894 2138 939 quaesitum
2155 898 2220 938 est,
2243 894 2419 930 anTitius

1338 938 1544 984 petitionem
1572 939 1721 974 haberet
1748 949 1883 983 rerum,
1918 949 2010 984 quae
2043 940 2080 974 in
2117 939 2236 974 dotem
2264 938 2417 974 fuerant.

1339 983 1507 1037 respondi
1529 994 1636 1028 posse
1665 983 1976 1019 fideicommissum
1999 984 2045 1019 ab
2073 984 2263 1020 heredibus
2287 984 2419 1020 sororis

1339 1032 1423 1073 peti,
1452 1028 1484 1064 si
1506 1038 1571 1073 per
1593 1038 1673 1064 eam
1695 1029 1811 1072 stetit,
1847 1039 1917 1073 quo
1940 1029 2057 1064 minus
2081 1028 2199 1064 dotem
2221 1028 2334 1063 frater
2357 1029 2418 1063 sti·

1340 1078 1359 1108 6
1410 1074 1607 1119 pularetur.
1660 1074 1792 1108 Filium
1820 1077 1856 1108 et
1888 1073 1999 1108 filiam
2026 1073 2175 1109 heredes
2203 1073 2359 1108 instituit
2385 1077 2421 1108 et

1338 1118 1475 1154 libertis
1499 1119 1616 1163 legata
1639 1118 1736 1154 dedit
1759 1129 1951 1163 eorumque
1972 1117 2058 1154 fidei
2077 1118 2250 1154 commisit
2271 1118 2310 1152 in
2331 1118 2420 1153 haec

1339 1164 1464 1199 verba:
1490 1165 1524 1198 ‘a
1546 1163 1646 1199 vobis
1669 1167 1763 1208 peto,
1788 1167 1829 1198 ut
1852 1163 2023 1207 quidquid
2051 1164 2151 1198 vobis
2174 1162 2304 1208 legavi,
2335 1173 2419 1198 con-

1340 1209 1440 1244 ‘tenti
1463 1208 1541 1244 sitis
1565 1208 1731 1252 viventes,
1755 1212 1798 1243 ut
1819 1212 1902 1253 post
1923 1219 1986 1243 vos
1997 1207 2080 1243 filiis
2097 1208 2184 1243 meis
2200 1207 2419 1243 restituatis’.

1339 1253 1509 1289 defuncta
1530 1253 1724 1288 testatricis
1745 1252 1823 1288 filia
1845 1253 1987 1288 Maevia
2009 1253 2159 1289 libertus
2182 1252 2336 1288 decessit
2357 1253 2419 1288 he-

1339 1298 1424 1334 rede
1447 1298 1634 1334 instituto⁷
1658 1301 1831 1343 patronae
1853 1298 1928 1333 filio
1952 1308 1997 1333 ex
2019 1301 2123 1343 parte
2146 1297 2276 1341 debita,
2300 1308 2345 1333 ex
2368 1297 2419 1332 al-

1339 1348 1417 1379 tera
1439 1347 1625 1378 extraneo:
1651 1342 1851 1388 quaesitum
1873 1346 1938 1387 est,
1963 1353 2011 1378 an
2033 1342 2130 1378 adita
2146 1342 2343 1378 hereditate
2356 1352 2419 1387 pa-

1339 1393 1464 1424 tronae
1486 1387 1582 1423 filius
1605 1398 1627 1422 a
1651 1387 1826 1424 coherede
1849 1398 1915 1424 suo
1937 1391 2075 1433 partem
2099 1398 2233 1431 eorum,
2263 1397 2354 1432 quae
2377 1397 2419 1422 ex

1338 1437 1551 1469 testamento
1574 1432 1698 1468 matris
1721 1432 1769 1468 ad
1790 1433 1968 1468 Maevium
1990 1433 2156 1468 libertum
2175 1436 2418 1477 pervenerant,

1365 1482 1461 1514 etere
1483 1481 1612 1523 potest.
1659 1477 1828 1522 respondi
1850 1478 1937 1522 eius,
1968 1477 2064 1522 quod
2091 1478 2124 1513 ei
2153 1477 2359 1520 deberetur,
2390 1477 2418 1512 si

1339 1489 1573 1558 {ereditatem
1600 1533 1673 1558 non
1700 1522 1848 1567 adisset,
1878 1526 2017 1568 partem
2044 1533 2068 1558 a
2098 1521 2272 1558 coherede
2299 1525 2420 1567 petere

1341 1571 1359 1603 7
1407 1578 1526 1613 posse.
1573 1567 1726 1603 Maritus
1749 1578 1896 1603 uxorem
1919 1578 1963 1604 ex
1975 1578 2056 1603 asse
2078 1567 2245 1603 heredem
2255 1566 2418 1614 instituit,

1341 1613 1443 1648 cuius
1466 1616 1550 1658 post
1576 1616 1726 1648 mortem
1761 1613 1943 1649 codicillos
1972 1613 2104 1658 aperiri
2137 1615 2289 1648 testator
2316 1621 2419 1656 prae-

1340 1658 1450 1703 cepit:
1480 1657 1667 1702 praedium
1689 1657 1943 1693 hereditarium
1964 1668 2056 1693 uxor
2078 1657 2340 1693 infructuosum
2362 1666 2418 1691 ra-

1338 1703 1429 1738 tioni
1457 1712 1545 1738 suae
1574 1702 1779 1738 existimans
1808 1703 1981 1738 vendidit:
2017 1706 2155 1748 emptor
2183 1701 2337 1747 quaerit,
2373 1711 2418 1736 an

1338 1748 1528 1784 retractari
1551 1748 1641 1782 haec
1663 1747 1818 1783 venditio
1842 1748 1957 1792 possit
2006 1751 2062 1783 ost
2083 1750 2233 1782 mortem
2262 1746 2418 1782 mulieris

1338 1794 1384 1829 ab
1409 1792 1475 1836 his,
1500 1793 1629 1837 quibus
1654 1792 1827 1828 codicillis
1859 1803 1925 1837 per
1946 1759 2256 1828 fideicommissum
2279 1790 2417 1827 heredi-

1337 1842 1393 1874 tas
1423 1838 1509 1873 data
1537 1837 1883 1882 deprehenderetur⁸
1906 1847 1954 1872 an
1983 1848 2066 1873 vero
2095 1837 2211 1873 solum
2264 1836 2420 1871 uantitas

1337 1883 1444 1928 pretii
1477 1883 1525 1918 ab
1560 1882 1690 1917 herede
1721 1883 1843 1918 uxoris
1870 1882 2206 1918 fideicommissariis
2261 1881 2418 1916 ebeatur.

1337 1927 1507 1973 respondi
1539 1931 1687 1972 propter
1720 1927 1851 1963 iustam
1884 1928 2121 1973 ignorantiam
2154 1931 2229 1962 tam
2261 1926 2419 1961 mulieris

1338 1983 1444 2018 quam
1479 1972 1649 2017 emptoris
1678 1972 1844 2008 heredem
1873 1973 2047 2017 mulieris,
2088 1975 2130 2007 ut
2158 1971 2290 2006 fundus
2324 1981 2347 2006 a
2373 1970 2419 2005 ud

1337 2022 1532 2099 {mss'wrem
1559 2021 1759 2061 remaneat,
1795 2017 2122 2054 fideicommissario
2153 2016 2307 2062 pretium
2382 2026 2420 2050 re

1363 2073 1383 2099 e
1409 2073 1480 2099 ere.

1602 582 1696 626 ‘peto
1718 590 1741 616 a
1762 584 1809 624 te,
1833 580 1908 615 filia
1930 591 2018 624 mea,
2043 585 2084 616 ut
2106 580 2260 616 dotalem
2284 580 2419 616 cautio-

843 2654 1023 2706 LIBER
1052 2653 1409 2704 TRIGESIMUS
1439 2655 1735 2707 SECUNDUS
1745 2650 1772 2707 ⁹.

333 2803 396 2836 DE
419 2802 616 2836 LEGATIS
638 2802 700 2835 ΕΤ
721 2803 1104 2837 FIDEICOMMISSIS.

232 2867 250 2907 1
285 2867 479 2905 ommes
497 2868 587 2905 libro
664 2869 673 2877 '
747 2869 1101 2915 fideicommissorum
1149 2869 1189 2906 Si
1210 2869 1264 2905 in-

183 2917 303 2951 certus
326 2913 405 2959 quis
427 2913 493 2955 sit,
524 2918 686 2959 captivus
717 2915 765 2951 sit
790 2925 838 2950 an
860 2925 883 2950 a
905 2915 1118 2951 latrunculis
1142 2916 1264 2951 obses-

182 2969 255 3001 sus,
277 2962 531 2994 testamentum
543 2957 664 2995 facere
677 2970 749 2995 non
762 2964 882 3006 potest
895 2961 922 2982 ¹⁰
973 2961 1037 2996 sed
1060 2964 1096 2996 et
1114 2961 1144 2997 si
1167 2960 1225 2996 sui
1237 2962 1263 2982 ¹¹

183 3003 269 3039 iurls
299 3002 348 3039 sit
377 3003 522 3048 ignarus
553 3008 724 3049 putetque
755 3015 794 3041 se
824 3015 889 3050 per
919 3015 1095 3048 errorem,
1127 3006 1212 3051 quia
1241 3015 1265 3041 a

183 3047 380 3084 latronibus
410 3051 538 3093 captus
568 3053 640 3091 est,
679 3060 821 3086 servum
854 3060 934 3087 esse
967 3050 1064 3086 velut
1097 3050 1263 3093 hostium,

183 3093 237 3129 vel
266 3093 404 3139 legatus
435 3093 497 3172 zui
510 3095 539 3115 ¹²
572 3094 659 3129 nihil
694 3105 733 3130 se
756 3106 779 3130 a
803 3095 943 3140 captivo
975 3095 1116 3132 differre
1147 3099 1263 3140 putat,

181 3137 917 3228 ἱζᾙῗοᾉιῗθξᾯᾞὲωῆἰωῗᾝ
930 3144 1056 3221 ιέἒὲή
1071 3140 1263 3221 quites?

189 3234 196 3262 ι
249 3227 360 3264 Sed¹⁸
381 3227 415 3264 si
433 3226 528 3263 tilius
551 3227 704 3264 familias
728 3230 783 3265 vel
805 3240 929 3266 servus
951 3212 1263 3267 fideicemmissum

181 3272 374 3318 reliquerit,
400 3282 474 3309 non
495 3272 607 3309 valet:
640 3272 671 3308 si
694 3277 812 3310 tamen
835 3275 1044 3311 manumissi
1067 3275 1262 3311 decessisse

181 3321 439 3396 Eroponantur²
463 3321 669 3371 constanter
691 3317 848 3355 dicemus
871 3319 1183 3356 fideicommissum
1207 3330 1262 3355 re-

207 3367 303 3397 ctum
325 3361 455 3406 viden,
509 3372 589 3399 nasi
610 3373 706 3398 nunc
729 3362 871 3407 datum,
899 3375 980 3400 cum
1003 3375 1099 3401 mors
1123 3364 1261 3401 contin-

180 3406 249 3451 git,
280 3406 444 3443 videlicet
520 3406 701 3443 duraverit
723 3408 886 3444 voluntas
909 3414 993 3454 post
1014 3409 1261 3445 manumissio-

180 3461 272 3487 nem.
318 3452 408 3488 haee
423 3452 546 3499 utique
575 3462 679 3488 nemo
707 3452 828 3489 credet
850 3454 887 3489 in
910 3455 1132 3492 testamentis
1155 3465 1222 3491 nos
1234 3455 1262 3477 ¹⁴

181 3566 221 3604 (ι)
247 3565 367 3597 eamF'
426 3565 686 3607 (2)instituatF
748 3568 940 3607 (nanctum
954 3569 1013 3601 ins.
1084 3570 1258 3610 (⁴)quaes-

1331 2790 1412 2816 esse
1434 2782 1660 2826 probaturos,
1684 2782 1768 2827 quia
1791 2782 1879 2817 nihil
1900 2782 1938 2817 in
1960 2786 2172 2818 testamento
2195 2784 2299 2828 valet,
2327 2795 2415 2829 quo·

1332 2826 1424 2861 tiens
1460 2827 1575 2880 ipsum
1612 2831 1863 2862 testamentum
1899 2838 1971 2862 non
2001 2828 2113 2868 valet,
2153 2828 2217 2864 sed
2254 2829 2286 2865 si
2325 2829 2415 2865 alias

1334 2874 1353 2905 2
1400 2870 1709 2908 fideicommissum
1732 2872 1810 2917 quis
1834 2871 2027 2916 reliquerit.
2072 2872 2138 2915 Hi,
2193 2873 2298 2910 uibus
2321 2883 2414 2919 aqua

1332 2919 1370 2951 et
1398 2916 1471 2961 igni
1501 2916 1728 2952 interdictum
1758 2920 1830 2958 est,
1863 2917 1945 2952 item
1969 2917 2147 2962 deportati
2194 2917 2412 2954 deicommis-

1332 2971 1411 2996 sum
1445 2961 1644 3015 relinquere
1677 2972 1750 2997 non
1783 2966 1952 3006 possunt,
1992 2962 2077 3007 quia
2108 2972 2175 2998 nec
2211 2964 2413 2999 testamenti

1333 3011 1353 3040 3
1400 3005 1554 3042 faciendi
1575 3006 1632 3043 ius
1655 3006 1800 3047 habent,
1826 3017 1906 3042 cum
1929 3007 2002 3043 sint
2020 3002 2185 3042 ἀπόλιδες
2197 3009 2236 3042 ¹⁵.
2273 3007 2411 3053 Depor-

1331 3054 1426 3087 tatos
1458 3055 1576 3087 autem
1602 3061 1664 3087 eos
1688 3052 1852 3096 accipere
1875 3051 2061 3094 debemus,
2093 3051 2223 3097 quibus
2245 3052 2411 3106 princeps

1331 3096 1467 3132 insulas
1490 3095 1673 3132 adnotavit
1694 3096 1750 3132 vel
1773 3096 1817 3132 de
1840 3096 1969 3141 quibus
1993 3096 2222 3141 deportandis
2249 3097 2411 3142 scripsit:

1332 3144 1489 3176 ceterum
1526 3141 1626 3186 prius
1663 3151 1769 3186 quam
1810 3141 1945 3176 factum
1983 3141 2157 3186 praesidis
2194 3143 2410 3195 comprobet,

1331 3185 1489 3222 nondum
1517 3185 1679 3221 amisisse
1710 3186 1789 3231 quis
1814 3185 1990 3222 civitatem
2011 3185 2161 3221 videtur.
2209 3187 2357 3231 proinde
2380 3188 2411 3223 si

1330 3234 1414 3266 ante
1444 3229 1674 3273 decessisset,
1714 3231 1800 3266 civis
1837 3230 2032 3266 decessisse
2069 3230 2209 3266 videtur
2245 3235 2282 3267 et
2311 3231 2409 3268 fidei-

1332 3274 1575 3318 commissum,
1606 3275 1702 3320 quod
1725 3279 1808 3311 ante
1829 3275 2039 3328 reliquerat,
2070 3286 2176 3320 quam
2199 3277 2409 3312 sententiam

1330 3323 1529 3365 pateretur,
1560 3320 1709 3356 valebit:
1742 3319 1806 3356 sed
1831 3323 1868 3356 et
1889 3329 1920 3355 si
1942 3323 2025 3364 post
2047 3321 2278 3363 sententiam,
2309 3325 2408 3357 ante-

1330 3374 1437 3410 quam
1458 3363 1653 3410 imperator
1676 3364 1892 3410 comprobet,
1915 3364 2049 3400 valebit
2094 3365 2167 3400 uod
2190 3365 2324 3401 factum
2342 3370 2408 3409 est,

1330 3413 1351 3444 4
1398 3408 1483 3463 quia
1505 3414 1643 3445 certum
1666 3414 1797 3445 statum
1812 3419 1925 3455 usque
1948 3409 2066 3445 adhuc
2130 3410 2220 3445 buit.
2255 3411 2290 3446 A
2304 3420 2407 3456 prae-

1329 3453 1433 3490 fectis
1454 3463 1539 3490 vero
1562 3455 1742 3500 praetorio
1763 3454 1819 3491 vel
1841 3464 1897 3497 eo,
1927 3454 1989 3499 qui
2011 3454 2088 3491 vice
2110 3454 2341 3501 praefectis¹⁰
2364 3465 2407 3491 ex

1330 3566 1381 3609 cy:
1398 3566 1475 3600 Coti.
1497 3569 1528 3609 6,
1549 3575 1594 3601 ³7.
1614 3575 1660 3602 ³8.
1680 3574 1726 3602 ⁴2.
1872 3568 1932 3607 (ιο)
1958 3570 2190 3600 testamentum
2210 3567 2318 3600 faeere
2336 3578 2402 3600 non

1325 3614 1438 3654 potest
1449 3612 1511 3645 aaz.
1604 3613 1661 3654 (n)
1684 3612 1737 3645 ιιι
1750 3611 1810 3645 aaz.
1896 3614 1956 3653 (ιι)
1979 3616 2030 3645 at
2042 3613 2102 3646 zm.
2190 3614 2249 3654 (ιε)
2272 3613 2329 3645 aad
2342 3612 2403 3646 del.
2526 3588 2528 3656 4

1327 3657 1385 3696 (u)
1397 3666 1466 3688 non
1479 3656 1515 3689 F
1569 3657 1629 3698 (ιδ)
1652 3657 1691 3690 id
1699 3663 1767 3691 nt.-
1776 3655 1904 3689 nullius
1917 3657 2066 3690 civitatis
2079 3658 2168 3689 cives
2232 3658 2294 3699 (ιο)
2306 3667 2401 3699 prse-

1326 3699 1407 3733 secti
1422 3700 1484 3743 Ρ,
1499 3701 1743 3743 praefectorum
1753 3713 1815 3734 scr.

181 3615 251 3641 tum
264 3610 299 3642 F
384 3611 428 3652 (5)
451 3610 543 3643 mille
556 3610 609 3643 his
620 3623 685 3645 scr.

181 3654 320 3686 stitutae
331 3654 367 3687 F
457 3655 503 3696 (s)
528 3655 826 3698 reprehenderetur
839 3655 872 3688 F

225 3701 272 3740 (e)
297 3699 380 3742 Pap.
393 3706 490 3733 1...²s.
505 3707 553 3734 se.
572 3707 700 3739 sumen
721 3701 808 3744 App.
822 3707 1112 3742 20...⁴2.1o=...1o³;
1133 3702 1197 3735 Ed.
1212 3708 1258 3736 ⁴³.

181 3749 449 3784 ⁴⁸.·1s...so.1oo;
468 3743 549 3778 Sub.
564 3752 608 3780 u.
622 3753 667 3779 ⁴5.
680 3752 788 3779 ηψπ»
814 3753 930 3778 οτ...·ιε.
947 3764 989 3769 -
1008 3746 1088 3779 Bas.
1103 3748 1157 3786 44,
1171 3753 1197 3780 s.
1211 3764 1256 3771 —

769 3612 814 3652 (s)
839 3611 1068 3646 decesseritF'
1139 3615 1181 3655 Π)
1205 3614 1258 3646 ὶιι·
