2528 3918
164 125 412 168 XXXXI2

166 247 359 283 dominium
383 245 493 282 nihilo
518 245 634 281 minus
656 244 735 282 eius
753 248 883 288 manet,
909 245 969 290 qui
989 244 1152 280 dominus
1173 253 1253 280 esse

165 303 237 329 non
265 293 358 332 vult,
392 291 574 337 possessio
599 293 721 326 autem
742 290 894 333 recedit,
928 293 969 325 ut
992 290 1142 335 quisque
1165 299 1251 325 con-

164 337 282 374 stituit
304 336 398 372 nolle
421 335 616 382 possidere.
665 334 697 371 si
720 335 799 381 quis
821 335 929 380 igitur
958 344 1002 370 ea
1025 338 1143 370 mente
1165 344 1251 379 pos-

165 383 359 462 sessi-<anem
388 380 554 424 tradidit,
585 383 628 416 ut
654 384 782 427 postea
810 380 842 415 ei
866 380 1092 423 restituatur,
1122 378 1252 415 desinit

189 438 262 463 ossi
287 437 359 462 ere.

164 439 186 473 p
214 469 264 510 18
293 471 437 508 Casus
453 470 545 506 libro
562 470 752 506 vicensimo
770 469 874 504 tertio
891 469 1113 515 diqestorum
1148 467 1252 512 Quod

165 527 243 552 meo
267 516 409 552 nomine
432 514 617 568 possideo,
649 525 795 560 possum
826 514 940 549 alieno
971 513 1122 565 nomine·
1137 514 1251 558 possi-

165 562 267 598 dere:
298 571 365 596 nec
389 571 483 596 enim
505 563 605 595 muto
628 559 716 595 mihi
739 569 884 595 causam
906 558 1159 603 possessionis,
1188 557 1252 594 sed

166 606 287 643 desino
312 605 494 651 possidere
518 609 555 641 et
577 604 686 640 alium
701 613 943 650 possessorem
959 603 1155 639 ministerio
1172 613 1250 638 meo

166 651 271 687 facio.
313 661 380 687 nec
402 650 497 686 idem
519 653 576 686 est
598 650 781 696 possidere
805 653 841 683 et
864 649 979 684 alieno
1003 648 1144 684 nomine
1167 659 1251 692 pos-

166 695 296 732 sidere:
324 706 407 731 nam
420 694 591 740 possidet,
610 694 711 730 cuius
730 694 872 729 nomine
886 693 1101 739 possidetur,
1119 704 1251 738 procu-

171 745 182 776 l
232 745 334 776 rator
356 741 493 776 alienae
515 739 732 785 possessioni
750 742 913 784 praestat
931 738 1177 774 ministerium.
1214 738 1253 773 Si

165 786 321 828 furioso,
353 796 457 831 quem
479 795 567 821 suae
589 784 716 820 mentis
741 795 818 819 esse
841 784 1022 819 existimas
1035 785 1058 826 ¹,
1090 794 1132 819 eo
1156 783 1252 828 quod

165 830 259 867 forte
280 830 318 866 in
342 841 427 866 cons
454 834 536 866 ectu
565 829 790 865 inumbratae
820 828 948 874 quietis
979 828 1049 865 fuit
1078 828 1251 864 constitu-

164 879 236 918 tus,
259 885 334 911 rem
358 880 416 911 tra
443 875 568 918 'deris,
600 875 684 910 licet
713 874 772 909 ille
800 884 872 910 non
901 874 969 909 erit
991 874 1143 919 adeptus
1167 883 1250 919 pos-

165 920 369 963 sessionem,
393 925 434 955 tu
453 920 636 965 possidere
657 919 806 954 desinis:
833 918 966 954 sufficit
985 919 1068 972 quip
1096 929 1116 954 e
1133 918 1250 954 dimit-

165 970 241 1003 tere
263 966 537 1011 possessionem‚
562 964 701 1000 etiamsi
720 974 792 999 non
808 963 1017 1000 transferas.
1093 964 1142 999 ud
1157 964 1251 999 enim

164 1011 355 1047 ridiculum
378 1015 434 1047 est
457 1011 583 1052 dicere,
609 1009 705 1053 quod
729 1020 801 1045 non
820 1010 925 1044 aliter
942 1010 1019 1045 vult
1036 1010 1114 1054 quis
1135 1009 1250 1044 dimit-

165 1061 260 1099 tere,
285 1066 393 1101 quam
415 1055 447 1091 si
469 1055 683 1090 transferat:
713 1055 819 1090 immo
843 1055 919 1089 vult
942 1054 1135 1096 dimittere,
1169 1054 1252 1098 quia

165 1104 185 1136 2
234 1100 413 1137 existimat
436 1111 475 1136 se
498 1099 703 1135 transferre.
741 1099 779 1134 Si
802 1099 1020 1135 venditorem
1041 1099 1137 1144 quod
1157 1109 1250 1134 eme-

164 1147 232 1182 rim
260 1146 437 1191 deponere
466 1145 504 1180 in
533 1155 612 1180 mea
642 1145 745 1180 domo
777 1145 956 1187 iusserim,
989 1144 1172 1189 possidere
1195 1153 1251 1179 me

165 1194 302 1227 certum
328 1195 398 1235 est,
423 1200 637 1236 quamquam
659 1189 696 1224 id
721 1200 824 1226 nemo
850 1190 933 1225 dum
956 1189 1131 1234 attigerit:
1164 1189 1251 1224 aut²

165 1237 196 1272 si
226 1236 380 1272 vicinum
408 1236 493 1270 mihi
525 1234 675 1269 fundum
703 1239 860 1270 mercato
898 1234 1061 1270 venditor
1096 1234 1134 1269 in
1173 1243 1252 1269 mea

164 1286 262 1317 turre
287 1281 504 1316 demonstret
527 1290 748 1324 vacuamque
771 1290 810 1315 se
828 1280 1090 1324 possessionem
1110 1279 1252 1314 tradere

164 1326 276 1369 dicat,
309 1337 381 1361 non
412 1326 527 1361 minus
559 1324 742 1370 possidere
772 1325 891 1370 coepi,
927 1335 1034 1370 quam
1065 1325 1094 1360 si
1126 1324 1253 1369 pedem

166 1375 185 1407 3
232 1371 364 1406 finibus
392 1370 602 1406 intulissem.
651 1369 707 1414 Si,
738 1369 822 1405 dum
849 1370 888 1405 in
916 1370 987 1405 alia
1017 1373 1122 1415 parte
1149 1368 1253 1404 fundi

164 1427 260 1459 sum,
300 1416 391 1451 alius
446 1415 501 1451 uis
535 1415 627 1450 clam
658 1415 775 1450 animo
806 1414 1023 1460 possessoris
1054 1414 1250 1456 intraverit,

164 1472 237 1497 non
261 1461 401 1497 desisse
420 1460 429 1469 ‘
447 1460 500 1496 ‘co
551 1460 709 1496 ossidere
733 1460 988 1496 existimandus
1013 1470 1110 1502 sum,
1143 1458 1250 1494 facile

166 1511 185 1542 4
232 1507 446 1552 expulsurus
469 1505 533 1540 fim
558 1515 612 1547 us,
637 1505 742 1541 simul
766 1505 891 1540 sciero.
939 1505 1080 1540 Rursus
1111 1504 1142 1539 si
1169 1514 1251 1539 cum

165 1561 292 1597 magna
314 1551 348 1586 vi
371 1551 551 1596 ingressus
582 1554 636 1585 est
666 1550 860 1593 exercitus,
892 1560 972 1586 eam
1002 1548 1249 1585 tantummodo

163 1600 303 1642 partem
350 1606 433 1631 uam
456 1595 642 1631 intraverit
665 1596 813 1641 optinet.

212 1639 264 1679 19
334 1650 534 1677 sacratos
559 1641 650 1676 libro
681 1651 719 1675 se
748 1641 832 1676 timo
864 1641 1000 1677 decimo
1030 1640 1251 1687 diqestorum

165 1686 234 1732 Qui
256 1687 352 1722 bona
374 1685 446 1722 fide
469 1685 624 1721 alienum
646 1685 712 1721 fun
738 1696 798 1721 um
822 1686 925 1728 emit,
957 1685 1110 1721 eundem
1141 1695 1164 1720 a
1187 1685 1250 1721 do-

164 1732 259 1768 mino
284 1731 472 1767 conduxit:
505 1741 658 1776 quaero,
690 1735 811 1766 utrum
835 1731 975 1766 desinat
1023 1730 1180 1766 ossidere
1204 1740 1251 1765 an

165 1787 249 1814 non.
296 1776 483 1822 respondi:
508 1777 545 1811 in
564 1781 733 1821 promptu
750 1779 814 1818 est,
840 1780 881 1811 ut
894 1776 994 1821 possi
1019 1786 1078 1811 ere
1094 1775 1251 1811 desierit.

168 1826 183 1857 1
232 1821 336 1867 Quod
359 1821 532 1867 scriptum
552 1825 607 1856 est
622 1821 720 1867 apud
737 1824 871 1857 veteres
889 1821 1063 1856 neminem
1079 1821 1149 1857 sibi
1165 1830 1250 1856 cau-

165 1877 242 1903 sam
263 1866 502 1912 possessionis
525 1876 632 1911 posse
661 1869 818 1909 mutare,
851 1866 1020 1902 credibile
1048 1870 1104 1901 est
1133 1865 1176 1901 de
1208 1876 1251 1902 eo

165 1912 379 1958 cogitatum,
412 1912 473 1957 qui
504 1917 540 1947 et
570 1921 721 1956 corpore
750 1915 786 1947 et
814 1912 932 1947 animo
956 1911 1175 1957 possessioni
1197 1911 1251 1946 in-

165 1957 335 1994 cumbens
353 1957 423 1993 hoc
444 1956 559 1992 solum
579 1956 716 2001 statuit,
741 1960 782 1991 ut
802 1957 873 1992 alia
892 1967 937 1992 ex
953 1966 1065 1992 causa
1080 1955 1118 1992 id
1135 1956 1251 2002 possi-

166 2003 285 2046 deret,
315 2012 389 2038 non
411 2001 443 2038 si
466 2002 545 2047 quis
579 2001 725 2037 dimissa
754 2002 981 2047 possessione
1010 2002 1127 2048 prima
1158 2002 1251 2037 eius-

166 2048 246 2083 dem
268 2047 320 2084 rei
350 2047 466 2083 denuo
497 2057 540 2082 ex
571 2047 643 2082 alia
674 2057 784 2083 causa
806 2047 1071 2092 possessionem
1093 2046 1253 2083 nancisci

165 2093 259 2129 velit.

212 2135 266 2176 20
289 2137 396 2173 IDEM
422 2137 513 2173 libro
545 2147 640 2172 nono
670 2136 806 2172 decimo
838 2137 878 2172 dz'
902 2141 1059 2172 estorum
1106 2136 1144 2172 Si
1173 2136 1253 2181 quis

166 2193 257 2226 rem,
289 2192 396 2227 quam
418 2181 588 2217 utendam
610 2181 773 2233 dederat,
805 2149 1003 2218 vendiderit
1033 2181 1253 2228 emptorique

165 2228 260 2264 tradi
282 2227 428 2264 iusserit
449 2237 516 2263 nec
539 2227 599 2262 ille
622 2226 826 2271 tradiderit,
854 2227 945 2263 alias
968 2226 1146 2263 videbitur
1169 2237 1252 2272 pos·

166 2272 324 2309 sessione
356 2272 538 2308 dominum
565 2271 826 2314 intervertisse,
863 2272 952 2308 alias
984 2275 1122 2307 contra.
1169 2281 1254 2307 nam

166 2329 233 2354 nec
262 2322 350 2354 tunc
379 2317 521 2364 quidem
550 2327 690 2362 semper
713 2316 877 2352 dominus
902 2317 1032 2352 amittit
1054 2317 1253 2362 possessio-

166 2374 265 2406 nem,
297 2374 379 2398 cum
406 2362 609 2408 reposcenti
635 2362 669 2397 ei
693 2362 954 2403 commodatum
978 2372 1050 2398 non
1072 2361 1252 2397 redditur:

168 2408 253 2455 quid
276 2409 369 2444 enim
392 2408 424 2444 si
445 2407 517 2442 alia
564 2407 731 2452 uaepiam
753 2407 822 2442 fuit
844 2408 941 2444 iusta
970 2411 1008 2443 et
1030 2407 1253 2443 rationabilis

168 2463 279 2490 caiisa
300 2464 373 2489 non
396 2452 530 2488 redden
568 2479 577 2496 ‚
602 2463 675 2488 non
694 2452 818 2498 utique
836 2456 877 2488 ut
893 2453 1157 2498 possessionem
1177 2452 1253 2488 eius

166 2498 436 2535 interverteret?

213 2542 263 2582 21
292 2543 338 2579 ΙΑ
348 2553 518 2578 romnus
537 2542 628 2578 libro
652 2542 802 2595 septimo
826 2552 876 2578 ex
902 2541 1023 2578 Cassio
1069 2542 1254 2578 Interdum

168 2589 243 2625 eius
266 2588 543 2634 possessionem,
568 2587 669 2623 cuius
693 2587 762 2633 ipsi
785 2597 859 2623 non
881 2587 1070 2630 habemus,
1095 2587 1157 2623 alii
1178 2592 1252 2623 tra-

168 2634 252 2670 dere
301 2644 484 2676 ossumuS,
515 2632 624 2669 veluti
649 2643 730 2667 cum
751 2632 802 2674 is,
835 2632 895 2677 qui
925 2642 990 2677 pro
1020 2633 1149 2668 herede
1178 2643 1253 2668 reni

167 2679 266 2725 possi
293 2679 393 2721 ebat,
430 2682 622 2723 antequam
658 2677 822 2713 dominus
851 2677 972 2719 fieret,
1011 2678 1174 2722 precario
1206 2678 1252 2713 ab

174 2728 186 2759 1
236 2724 366 2759 herede
396 2733 475 2759 eam
504 2723 650 2768 rogavit.
699 2722 804 2766 Quod
834 2732 878 2757 ex
908 2721 1096 2768 naufragio
1129 2723 1252 2768 expul-

167 2780 246 2805 sum
278 2774 350 2812 est,
383 2779 495 2804 usuca
521 2769 534 2803 i
562 2778 635 2804 non
666 2771 800 2813 potest,
856 2767 1000 2802 uoniam
1028 2778 1100 2804 non
1129 2773 1186 2803 est
1214 2768 1252 2803 in

168 2817 188 2849 2
237 2814 423 2856 derelicto,
453 2824 491 2848 se
539 2814 576 2848 in
600 2812 796 2857 deperdito.
863 2812 942 2848 dem
965 2812 1052 2848 iuris
1076 2823 1155 2849 esse
1178 2813 1251 2849 exi·

168 2859 274 2896 stimo
297 2858 335 2894 in
358 2859 414 2893 his
438 2859 562 2900 rebus,
618 2867 687 2893 uae
710 2857 828 2892 iactae
852 2861 953 2892 sunt:
984 2858 1151 2902 quoniam
1180 2869 1252 2894 non

168 2907 288 2950 potest
310 2903 422 2939 videri
443 2903 481 2938 id
504 2914 568 2948 pro
594 2869 762 2938 derelicto
792 2902 969 2946 habitum,
1000 2903 1095 2948 quod
1126 2903 1251 2939 salutis

169 2953 189 2985 3
238 2959 348 2985 causa
364 2948 503 2983 interim
518 2948 701 2983 dimissum
718 2951 783 2983 est.
820 2947 889 2991 Qui
907 2947 1057 2983 alienam
1074 2958 1148 2983 rem
1171 2959 1252 2994 pre-

170 2994 266 3030 cario
283 2993 430 3038 rogavit,
453 2993 482 3027 si
499 2993 647 3028 eandem
664 3003 687 3028 a
706 2992 846 3028 domino
866 2992 1047 3036 conduxit,
1072 2994 1253 3038 possessio

170 3039 215 3075 ad
239 3039 419 3075 dominum
442 3038 641 3073 revertitur.

216 3082 269 3121 22
293 3084 401 3119 loru
419 3082 509 3119 libro
535 3084 637 3118 tertio
662 3083 797 3119 decimo
822 3093 872 3118 ex
891 3081 1012 3119 Cassio
1054 3083 1138 3119 Non
1157 3082 1252 3118 vide-

171 3134 229 3165 tur
257 3127 517 3175 possessionem
549 3127 699 3180 adeptus
731 3128 761 3163 is
793 3128 854 3173 qui
884 3127 935 3163 ita
957 3132 1085 3163 nactus
1110 3131 1183 3172 est,
1213 3132 1255 3164 ut

171 3186 247 3211 eam
270 3173 422 3210 retinere
444 3183 517 3209 non
540 3177 664 3218 posS1t.

216 3217 268 3257 23
302 3219 407 3254 Imm
432 3218 523 3255 libro
578 3218 668 3252 rimo
701 3218 936 3264 epistularum
984 3218 1073 3253 Cum
1104 3217 1252 3254 heredes

170 3263 324 3301 instituti
347 3273 487 3305 sumus,
564 3263 614 3297 ita
642 3262 838 3299 hereditate
869 3263 987 3299 omnia
1010 3262 1151 3308 quidem
1174 3263 1254 3299 iura

170 3310 217 3345 ad
247 3320 313 3345 nos
343 3310 548 3351 transeunt,
580 3309 760 3353 possessio
791 3313 911 3344 tamen
942 3308 1011 3343 nisi
1042 3308 1253 3343 naturaliter

177 3359 189 3389 ι
240 3354 496 3399 comprehensa
518 3352 564 3388 ad
587 3362 652 3388 nos
677 3363 748 3388 non
771 3354 936 3398 pertinet.
975 3353 1017 3388 In
1040 3353 1107 3396 his,
1132 3353 1193 3398 qui
1215 3353 1253 3388 in

171 3399 324 3435 hostium
355 3402 570 3443 potestatem
600 3402 852 3442 pervenerunt,
890 3399 925 3433 iii
957 3397 1140 3433 retinendo
1171 3398 1252 3433 iura

171 3454 288 3480 rerum
312 3453 457 3478 suarum
480 3442 659 3487 singulare
686 3442 741 3478 ius
767 3447 837 3477 est:
872 3444 1104 3488 corporaliter
1132 3447 1252 3478 tamen

171 3488 431 3534 possessionem
462 3488 644 3523 amittunt:
683 3498 708 3523 n
753 3497 798 3523 ue
835 3488 927 3523 enim
961 3491 1113 3533 possunt
1141 3487 1252 3523 videri

171 3533 304 3579 aliquid
335 3532 535 3579 possidere,
573 3543 654 3568 cum
688 3532 745 3578 ips
796 3532 842 3568 ab
878 3533 947 3568 alio
982 3532 1250 3577 possideantur:

171 3579 330 3624 sequitur
354 3588 453 3623 ergo,
484 3582 525 3613 ut
546 3577 695 3614 reversis
715 3576 772 3613 his
795 3587 888 3613 nova
910 3577 1136 3623 possessione
1160 3588 1251 3624 opus

787 3692 831 3732 (3)
855 3691 914 3723 aut
925 3699 1034 3722 servos
1047 3693 1175 3723 nostros
1188 3691 1250 3724 del.

1075 3738 1118 3776 (5)
1143 3746 1210 3768 non
1225 3736 1259 3769 F

172 3698 210 3728 (ιὶ
236 3691 427 3724 existimans
440 3690 472 3721 F
536 3692 579 3729 (2)
604 3692 643 3722 ut
653 3702 715 3723 ecr-

173 3741 214 3779 (⁴)
240 3736 335 3778 quui
346 3735 462 3777 magis]
476 3735 604 3773 Quinto
615 3735 729 3768 Mucio
741 3748 806 3769 van
818 3736 857 3769 de
874 3735 983 3769 Water

1237 120 1324 169 654

1486 0 1594 146 ἢ»

1319 245 1384 287 sit,
1416 244 1555 280 etiamsi
1581 255 1684 281 nemo
1714 244 1830 281 medio
1860 249 2018 290 tempore
2049 255 2106 280 res
2130 255 2253 281 eorum
2274 255 2398 290 posse·

1320 292 1340 324 2
1387 289 1489 325 derit.
1535 290 1623 326 Item
1646 300 1796 343 quaero,
1829 290 1858 326 si
1883 291 2025 325 vinxcro
2049 290 2200 325 liberum
2222 290 2400 326 hominem

1318 334 1380 378 ita,
1404 338 1446 370 ut
1468 345 1549 369 eum
1568 334 1780 380 possideam,
1805 345 1851 370 an
1870 335 1999 377 omnia,
2024 345 2116 387 quae
2131 335 2163 371 is
2179 335 2399 388 possidebat,

1319 389 1384 423 ego
1407 379 1609 425 possideam
1631 390 1696 426 per
1717 380 1827 415 illum.
1876 380 2080 432 respondit:
2105 379 2137 415 si
2158 380 2312 415 vinxeris
2334 380 2399 415 ho-

1320 424 1448 459 minem
1476 424 1644 467 liberum,
1675 435 1755 460 eum
1786 429 1821 461 te
1851 425 2035 470 possidere
2065 435 2137 460 non
2169 428 2274 470 puto:
2305 425 2399 469 quod

1321 479 1402 504 cum
1424 470 1477 504 ita
1499 479 1539 504 se
1562 469 1711 512 habeat,
1743 470 1853 505 multo
1884 471 2001 505 minus
2030 480 2095 514 per
2120 469 2220 504 illum
2242 480 2301 505 res
2325 470 2399 506 eius

1319 525 1342 549 a
1367 519 1401 550 te
1424 514 1719 560 possidebuntur:
1751 526 1774 550 n
1821 525 1866 550 ue
1898 514 1991 550 enim
2015 524 2133 549 rerum
2155 518 2286 550 natura
2308 515 2399 551 reci-

1320 559 1389 604 pit,
1421 563 1462 594 ut
1492 569 1558 611 per
1587 567 1669 595 eum
1698 559 1808 604 aliqui
1863 560 2046 605 possidere
2071 560 2265 604 possimus,
2298 570 2401 605 quem

1321 604 1469 640 civiliter
1491 615 1528 639 in
1550 614 1630 639 mea
1652 608 1830 650 potestate
1853 615 1925 640 non
1948 605 2076 640 habeo.

1366 647 1420 686 24
1445 649 1552 684 loru
1577 650 1669 685 libro
1698 654 1829 696 quarto
1853 650 1988 686 decimo
2018 649 2253 696 epistularum
2299 648 2402 693 Quod

1320 704 1443 730 servus
1467 698 1551 729 tuus
1575 695 1760 739 ignorante
1782 699 1819 729 te
1842 694 1876 729 vi
1899 694 2073 739 possidet,
2097 693 2135 729 id
2157 697 2199 729 tu
2220 704 2293 730 non
2317 704 2401 739 pos-

1319 739 1423 783 sides,
1449 739 1615 784 quoniam
1638 739 1679 781 is,
1704 739 1766 784 qui
1787 739 1825 775 in
1848 743 1912 775 tua
1933 743 2111 785 potestate
2134 743 2201 782 est,
2223 739 2403 784 ignoranti

1321 784 1387 819 tibi
1410 795 1483 820 non
1506 784 1726 829 corporalem
1749 785 2021 830 possessionem,
2044 784 2107 820 sed
2130 784 2261 820 iustam
2284 787 2404 830 potest

1320 829 1526 874 adquirere:
1560 830 1653 864 sicut
1683 829 1737 873 id,
1770 829 1865 874 quod
1895 840 1939 864 ex
1967 829 2108 874 peculio
2138 829 2185 864 ad
2216 839 2298 865 eum
2320 839 2401 874 pei·-

1319 874 1465 916 venerit,
1490 874 1660 927 possidet.
1699 885 1781 909 nam
1798 878 1874 909 tum
1891 884 1955 919 per
1975 884 2115 910 servum
2133 874 2295 910 dominus
2314 885 2402 919 quo-

1319 930 1389 964 que
1411 919 1596 964 possidere
1626 919 1774 961 dicitur,
1805 929 1944 954 summa
1972 918 2111 954 scilicet
2140 929 2222 954 cum
2251 920 2402 962 ratione,

1320 965 1414 1010 quia,
1439 964 1536 1010 quod
1560 975 1605 1000 ex
1627 964 1724 999 iusta
1748 975 1858 1000 causa
1881 964 2115 1009 corporaliter
2139 974 2161 999 a
2184 974 2286 1000 servo
2304 968 2402 1000 tene-

1319 1015 1389 1051 tur,
1413 1010 1451 1045 id
1472 1010 1510 1045 in
1532 1009 1672 1062 peculio
1697 1009 1790 1045 servi
1813 1013 1868 1044 est
1891 1013 1927 1045 et
1949 1008 2141 1054 peculium,
2166 1009 2262 1054 quod
2280 1019 2403 1045 servus

1320 1054 1470 1090 civiliter
1492 1054 1634 1100 quidem
1657 1054 1839 1099 possidere
1863 1065 1935 1090 non
1984 1058 2090 1096 osset,
2115 1054 2177 1089 sed
2193 1054 2404 1090 naturaliter

1319 1103 1434 1141 tenet,
1474 1099 1639 1135 dominus
1672 1099 1828 1134 creditur
1859 1100 1957 1144 possi
1981 1109 2052 1135 ere.
2109 1098 2204 1144 quod
2239 1109 2322 1135 vero
2359 1110 2404 1135 ex

1319 1144 1501 1180 maleficiis
1525 1144 1818 1189 adprehenditur,
1850 1144 1886 1179 id
1918 1144 1965 1180 ad
1988 1143 2120 1179 domini
2142 1145 2404 1189 possessionem

1319 1190 1502 1269 {ldeofflnon
1532 1190 1707 1234 pertinet,
1740 1189 1824 1235 quia
1855 1199 1921 1225 nec
1951 1189 2082 1235 peculii
2107 1199 2253 1225 causam
2276 1189 2402 1236 adpre-

1346 1245 1390 1270 en
1417 1235 1453 1269 't.

1365 1277 1418 1316 25
1444 1279 1673 1314 POMPONIUS
1698 1279 1788 1315 libro
1813 1279 2002 1315 vicensimo
2028 1279 2133 1315 tertio
2163 1279 2214 1315 ad
2235 1278 2404 1322 Quintum

1319 1324 1482 1360 Mucium
1535 1324 1572 1359 Si
1608 1324 1645 1359 id
1675 1324 1771 1369 quod
1798 1324 2021 1369 possidemus
2051 1324 2105 1359 ita
2134 1323 2404 1369 perdiderimus,

1323 1373 1337 1405 1
1387 1373 1427 1404 ut
1455 1370 1675 1414 ignoremus,
1706 1370 1769 1405 ubi
1800 1370 1862 1412 sit,
1897 1369 2090 1404 desinimus
2114 1369 2308 1414 possidere.
2354 1369 2405 1404 Et

1319 1425 1384 1459 per
1407 1415 1553 1450 colonos
1577 1419 1613 1450 et
1635 1415 1827 1458 inquilinos
1851 1418 1915 1449 aut
1939 1424 2059 1450 servos
2089 1415 2258 1450 nostros³
2287 1415 2403 1460 possi-

1320 1460 1462 1495 demus:
1497 1463 1532 1495 et
1561 1460 1592 1495 si
1614 1460 1814 1495 moriantur
1837 1463 1900 1494 aut
1922 1459 2041 1495 furere
2065 1459 2236 1505 incipiant
2258 1464 2323 1495 aut
2345 1459 2406 1495 alii

1319 1505 1458 1548 locent,
1489 1505 1725 1550 intellegimur
1753 1515 1820 1540 nos
1843 1504 1997 1540 retinere
2020 1505 2291 1550 possessionem.
2338 1515 2405 1540 nec

1319 1550 1414 1585 inter
1437 1550 1603 1586 colonum
1627 1554 1663 1585 et
1686 1559 1824 1585 servum
1847 1554 2020 1592 nostrum,
2044 1560 2110 1595 per
2133 1559 2239 1595 quem
2288 1560 2404 1586 osses-

1321 1597 1341 1630 2
1389 1595 1525 1631 sionem
1542 1595 1746 1637 retinemus,
1765 1594 1954 1640 quicquam
1970 1595 2126 1631 interest.
2164 1594 2241 1639 Quo
2285 1599 2405 1631 autem

1320 1640 1397 1676 solo
1422 1640 1541 1675 animo
1565 1640 1800 1685 possidemus,
1825 1640 2020 1685 quaeritur,
2044 1643 2210 1676 utrumne
2228 1650 2342 1685 usque
2361 1650 2404 1676 eo

1319 1684 1584 1730 possideamus,
1617 1685 1730 1721 donec
1760 1685 1851 1720 alius
1881 1695 2032 1730 corpore
2062 1685 2242 1730 ingressus
2273 1685 2336 1727 sit,
2365 1689 2406 1720 ut

1319 1730 1440 1775 potior
1470 1730 1517 1766 sit
1544 1730 1640 1766 illius
1671 1730 1868 1775 corporalis
1891 1730 2088 1775 possessio,
2120 1740 2167 1765 an
2191 1740 2273 1766 vero
2297 1730 2406 1776 (quod

1321 1775 1425 1820 quasi
1447 1775 1583 1820 magis⁴
1605 1775 1794 1820 probatur)
1817 1785 1930 1820 usque
1948 1784 1989 1810 eo
2008 1775 2267 1820 possideamus,
2292 1775 2405 1811 donec

1320 1823 1537 1856 revertentes
1569 1822 1659 1856 nos⁵
1689 1820 1816 1865 aliquis
1846 1830 1884 1855 re
1911 1820 1997 1856 ellat
2025 1824 2089 1855 aut
2116 1831 2182 1856 nos
2211 1820 2264 1856 ita
2287 1820 2404 1856 animo

1321 1865 1524 1901 desinamus
1553 1865 1754 1911 possidere,
1795 1875 1865 1910 quo
1926 1865 2148 1917 suspicemur
2185 1865 2310 1911 repelli
2339 1876 2405 1901 nos

1319 1920 1427 1956 posse
1457 1911 1504 1946 ab
1534 1921 1593 1954 eo,
1625 1911 1685 1955 qui
1715 1910 1896 1956 ingressus
1927 1910 1974 1946 sit
1996 1921 2034 1946 in
2055 1910 2336 1956 possessionem:
2370 1915 2405 1946 et

1319 1956 1460 1991 videtur
1482 1955 1605 1992 utilius
1630 1966 1719 1992 esse.

1367 1998 1421 2038 26
1445 2000 1551 2037 Imm
1579 2001 1669 2037 libro
1700 2002 1891 2037 vicensimo
1920 2004 2025 2036 sexto
2057 2000 2108 2036 ad
2134 1999 2302 2043 Quintum
2325 2000 2406 2036 Mu-

1320 2046 1415 2082 cium
1469 2045 1590 2082 Locus
1627 2050 1746 2082 certus
1783 2056 1827 2081 ex
1858 2044 1969 2081 fundo
2001 2049 2039 2081 et
2068 2045 2245 2091 possideri
2275 2050 2311 2082 et
2341 2056 2407 2091 per

1319 2091 1464 2136 longam
1491 2091 1754 2137 possessionem
1784 2091 1864 2136 capi
1893 2094 2013 2136 potest
2044 2095 2080 2126 et
2110 2094 2209 2126 certa
2230 2101 2315 2136 pars
2338 2102 2405 2137 pro

1319 2136 1492 2179 indiviso,
1524 2146 1616 2182 quae
1645 2136 1886 2172 introducitur
1915 2136 1971 2172 vel
2001 2146 2046 2171 ex
2076 2135 2254 2189 emptione
2283 2136 2340 2172 vel
2362 2146 2406 2172 ex

1322 2181 1515 2218 donatione
1537 2181 1593 2217 vel
1617 2181 1776 2227 qualibet
1798 2181 1870 2216 alia
1892 2191 1938 2217 ex
1962 2191 2082 2217 causa.
2126 2185 2265 2217 incerta
2287 2184 2406 2217 autem

1320 2237 1406 2272 pars
1436 2237 1504 2263 nec
1534 2227 1630 2262 tradi
1659 2237 1726 2262 nec
1759 2227 1864 2272 capi⁶
1894 2229 2031 2272 potest,
2063 2226 2173 2262 veluti
2203 2226 2235 2262 si
2262 2226 2315 2262 ita
2340 2226 2406 2262 tibi

1322 2271 1481 2307 tradam:
1514 2271 1697 2317 ‘quidquid
1726 2272 1796 2307 mei
1824 2271 1914 2307 iuris
1943 2271 1982 2307 in
2005 2281 2048 2307 eo
2072 2271 2183 2307 fundo
2207 2272 2292 2307 est’:
2323 2281 2406 2308 nam

1322 2317 1383 2362 qui
1410 2317 1569 2362 ignorat,
1602 2327 1669 2352 nec
1697 2317 1839 2352 tradere
1861 2327 1928 2352 nec
1951 2317 2113 2362 accipere
2136 2317 2190 2359 id,
2224 2316 2321 2362 quod
2350 2317 2404 2353 in-

1323 2366 1460 2397 certum
1484 2366 1549 2405 est,
1573 2366 1704 2407 potest.

1368 2405 1421 2444 27
1446 2406 1656 2442 Pnowws
1676 2407 1766 2442 libro
1790 2407 1916 2452 quinto
1939 2406 2175 2453 epistulamm
2221 2406 2260 2443 Si
2276 2406 2320 2449 is,
2345 2408 2406 2453 qui

1321 2452 1439 2488 animo
1457 2452 1720 2497 possessionem
1737 2451 1850 2487 saltus
1871 2451 2050 2495 retineret,
2074 2451 2194 2487 furere
2218 2452 2403 2505 coepisset,

1321 2508 1392 2533 non
1422 2501 1559 2542 potest,
1596 2496 1680 2532 dum
1712 2496 1865 2540 fureret,
1898 2497 1974 2532 eius
2003 2496 2117 2532 saltus
2146 2507 2405 2542 possessionem

1321 2542 1501 2623 amittgre,
1539 2542 1623 2587 quia
1657 2541 1814 2578 furiosus
1844 2551 1916 2577 non
1946 2546 2066 2587 potest
2094 2541 2256 2578 desinere
2286 2542 2404 2579 animo

1346 2598 1419 2623 ossi
1445 2597 1512 2622 ere.
1684 2617 1687 2622 .

1321 2599 1344 2633 p
1367 2629 1421 2670 28
1455 2632 1754 2668 TERTULLJANUS
1787 2631 1878 2667 libro
1906 2632 2029 2678 primo
2065 2633 2314 2678 quaestionum
2368 2633 2405 2669 Si

1321 2678 1477 2722 aliquam
1500 2687 1575 2712 rem
1599 2676 1802 2723 possideam
1826 2681 1862 2711 et
1884 2676 2033 2712 eandem
2052 2680 2178 2722 postea
2196 2677 2334 2713 conduc

1321 2733 1368 2758 an
1387 2723 1546 2758 amittam
1567 2719 1854 2767 possessionem?
1875 2721 2025 2757 multum
2045 2721 2154 2757 refert
2171 2722 2209 2757 iii
2227 2723 2295 2767 his,
2320 2724 2380 2768 qui

1321 2773 1466 2813 agatur:
1490 2767 1643 2813 primum
1667 2767 1760 2802 enim
1782 2766 1910 2809 refert,
1934 2771 2054 2802 utrum
2076 2767 2188 2803 sciam
2210 2778 2267 2803 me
2289 2768 2403 2813 possi·

1322 2813 1406 2849 dere
1438 2823 1484 2848 an
1514 2812 1690 2858 ignorem:
1731 2816 1767 2847 et
1798 2816 1916 2847 utrum
1948 2812 2051 2856 quasi
2081 2822 2153 2847 non
2183 2823 2297 2848 meam
2329 2822 2402 2849 rem

1322 2858 1521 2894 conducam
1552 2867 1599 2892 an
1629 2857 1730 2902 quasi
1761 2867 1893 2892 meam:
1933 2858 1993 2892 et⁷
2024 2857 2140 2892 sciens
2168 2867 2283 2893 meam
2314 2868 2403 2901 esse,

1321 2908 1441 2939 utrum
1478 2903 1581 2948 quasi
1615 2901 1844 2948 proprietatis
1881 2906 2047 2947 respectu
2083 2912 2130 2937 an
2193 2903 2403 2939 ossessionis

1320 2953 1472 2984 tantum.
1520 2957 1602 2983 nam
1631 2950 1668 2982 et
1698 2947 1728 2982 si
1759 2957 1833 2982 rem
1863 2956 1977 2982 meam
2006 2952 2047 2982 tu
2096 2946 2168 2983 ossi
2194 2957 2255 2983 eas
2278 2952 2315 2984 et
2338 2958 2402 2993 ego

1322 3004 1436 3029 emam
1459 3003 1482 3028 a
1505 2997 1541 3028 te
1564 2992 1825 3037 possessionem
1856 2991 1933 3028 eius
1957 2993 2009 3027 rei
2031 3003 2052 3027 v
2108 2992 2273 3037 stipuler,
2304 2993 2402 3029 utilis

1323 3039 1389 3074 erit
1412 3043 1448 3073 et
1472 3039 1602 3083 emptio
1627 3042 1664 3072 et
1688 3037 1887 3081 stipulatio,
1919 3041 1955 3072 et
1977 3037 2152 3082 sequitur,
2184 3041 2225 3072 ut
2255 3042 2292 3072 et
2346 3048 2401 3073 re-

1322 3084 1458 3119 carium
1487 3087 1522 3118 et
1549 3082 1764 3118 conductio⁸
1794 3081 1998 3127 specialiter
2052 3082 2262 3118 ossessionis
2291 3093 2331 3119 so
2349 3083 2402 3119 ’us

1322 3127 1576 3164 conducendae
1610 3127 1666 3163 vel
1700 3127 1864 3173 precario
1900 3137 2011 3172 rogan
2037 3137 2080 3162 ae
2118 3126 2258 3163 animus
2293 3127 2401 3163 inter·

1321 3174 1449 3210 veniat.

1367 3216 1421 3256 29
1451 3217 1643 3254 Uzmasws
1673 3217 1763 3253 libro
1788 3218 1996 3263 trz'yensimo
2021 3216 2071 3251 ad
2093 3215 2266 3251 Sabinum
2311 3216 2400 3252 Pos-

1319 3263 1515 3300 sessionem
1542 3262 1716 3308 pupillum
1747 3263 1822 3298 sine
1850 3261 1978 3298 tutoris
2003 3261 2219 3297 auctoritate
2241 3260 2402 3298 amittere

1320 3318 1426 3355 posse
1449 3311 1601 3349 constat,
1626 3318 1697 3343 non
1721 3311 1761 3343 ut
1783 3307 1912 3349 animo,
1936 3306 2000 3342 sed
2022 3310 2063 3341 ut
2086 3316 2236 3351 corpore
2259 3305 2401 3342 desinat

1319 3352 1520 3399 possidere:
1547 3352 1642 3397 quod
1666 3356 1721 3388 est
1744 3352 1835 3388 enim
1858 3351 1956 3394 facti,
1980 3356 2099 3396 potest
2122 3350 2295 3387 amittere.
2330 3351 2401 3386 alia

1320 3408 1432 3435 causa
1461 3403 1532 3441 est,
1565 3397 1596 3433 si
1627 3397 1720 3433 forte
1752 3398 1868 3433 animo
1900 3396 2162 3442 possessionem
2191 3396 2275 3432 velit
2297 3396 2399 3432 amit-

1319 3447 1412 3479 tere:
1437 3443 1506 3478 hoc
1531 3442 1623 3478 enim
1647 3453 1719 3478 non
1741 3446 1870 3487 potest.

1364 3485 1418 3526 30
1443 3487 1601 3523 Panos
1621 3487 1712 3524 libro
1735 3487 1860 3533 quinto
1884 3486 2019 3522 decimo
2043 3486 2094 3522 ad
2114 3485 2288 3523 Sabinum
2363 3486 2399 3521 ui

1319 3533 1503 3569 universas
1527 3532 1634 3568 aedes
1657 3531 1827 3577 possedit,
1851 3531 2010 3577 singulas
2033 3541 2102 3574 res,
2127 3541 2219 3576 quae
2240 3530 2279 3566 in
2371 3531 2399 3558 '-

1318 3577 1399 3614 ficio
1430 3580 1533 3621 sunt,
1565 3588 1639 3613 non
1662 3576 1801 3613 videtur
1823 3576 2038 3622 possedisse.
2083 3575 2177 3612 idem
2201 3575 2272 3612 dici
2294 3575 2400 3612 debet

1899 136 1960 167 m:
1987 136 2282 176 ADQUIRENDA
2311 137 2399 168 vni,

1319 3692 1365 3732 (6)
1388 3690 1526 3732 usuoapi
1540 3691 1574 3723 F
1670 3693 1714 3733 (τ)
1737 3691 1769 3724 ei
1782 3690 1818 3724 F

1320 3735 1368 3769 rei
1380 3734 1510 3768 utiliter
1521 3735 1614 3773 flant,
1627 3735 1686 3769 ubi

1912 3690 1958 3731 (s)
1983 3690 2066 3724 talia
2079 3691 2284 3725 exciderant.-
2307 3699 2398 3724 meae
