2528 3918
88 129 146 159 DE
179 126 513 158 CONTRAHENDA
543 124 773 155 EMPTIONE

131 236 184 277 82
209 238 315 274 IDEM
334 237 424 273 libro
449 235 553 271 tertio
576 244 831 280 responsorum
879 233 960 269 Iure
992 233 1173 270 societatis

86 295 149 331 per
173 284 307 320 socium
332 291 414 318 aere
437 280 551 316 alieno
577 279 696 315 socius
721 288 793 314 non
817 278 1012 324 obligatur,
1045 278 1113 315 nisi
1135 278 1173 314 in

86 339 307 367 communem
331 337 451 363 arcam
474 325 648 371 pecuniae
672 334 795 360 versae
818 329 912 359 sunt.

131 372 183 413 83
216 374 375 410 Pavws
401 371 492 407 libro
516 371 640 417 primo
672 369 894 405 manualium
942 370 1033 405 Illud
1064 379 1172 415 quae-

85 420 232 456 rendum
258 421 329 460 est,
354 417 484 452 arbor¹
510 426 602 461 quae
624 415 661 450 in
686 414 840 450 confinio
866 418 952 450 nata
983 418 1056 458 est,
1088 415 1172 450 item

84 466 174 511 lapis
199 464 258 509 qui
282 473 347 508 per
370 465 559 506 utrumque
582 460 734 496 fundum
761 461 964 496 extenditur
995 470 1059 504 an,
1092 471 1173 496 cum

84 510 224 547 succisa
247 508 378 543 arbor2
401 507 455 542 vel
479 507 571 552 lapis
596 509 781 558 exemptus
806 506 882 541 eius
903 506 950 541 sit
969 506 1070 541 cuius
1089 505 1171 541 fun-

85 556 169 598 dus,
202 564 266 600 pro
299 563 342 588 ea
372 562 442 598 quo
470 563 514 587 ue
546 555 649 597 parte
681 551 899 596 singulorum
932 562 1010 587 esse
1034 551 1172 594 debeat,

109 612 148 637 ro
173 610 244 645 qua
267 601 369 644 parte
391 598 428 632 in
446 563 562 633 tiundo
587 596 731 632 fuerat?
765 606 811 631 an
831 607 903 642 qua
922 597 1061 633 ratione
1085 596 1173 632 dua-

86 613 151 682 gus
182 644 308 680 massis
340 643 494 678 duorum
530 642 753 678 dominorum
786 641 907 677 flatis³
942 645 1020 678 tota
1055 652 1175 677 massa

86 689 279 727 communis
305 692 378 731 est,
402 688 453 724 ita
477 688 586 723 arbor
609 688 677 723 hoc
701 688 799 733 ipso,
824 688 917 734 quo⁴
942 691 1130 732 separatur
1154 698 1176 723 a

1170 106 1251 154 229

1902 111 2024 154 XVII
2051 111 2278 153 2—XV111
2315 116 2328 153 l

1242 232 1317 268 solo
1354 231 1605 278 propriamque
1636 232 1872 269 substantiam
1903 233 1941 269 in
1972 244 2081 269 unum
2114 245 2246 280 corpus
2278 245 2334 270 re-

1242 278 1385 313 dactam
1417 277 1567 322 accipit,
1600 278 1710 312 multo
1736 279 1846 323 magis
1896 290 1935 315 ro
1960 279 2110 316 indiviso
2137 280 2334 316 communis

1243 323 1301 366 fit,
1334 333 1439 368 quam
1473 323 1617 358 massa?
1652 323 1715 358 sed
1747 324 1900 359 naturai
1932 326 2097 361 convenit
2120 325 2277 361 rationi⁵
2302 329 2337 360 et

1242 371 1368 413 postea
1391 371 1529 403 tantam
1554 371 1691 413 partem
1726 372 1913 414 utrumque
1944 371 2077 406 habere
2109 374 2182 406 tam
2215 370 2252 406 in
2284 371 2335 405 la-

1242 413 1325 495 pid?
1360 424 1467 459 quam
1501 413 1539 448 in
1574 413 1721 456 arbore,
1770 418 1939 458 quantam
1984 419 2020 451 et
2060 416 2097 451 in
2132 419 2229 452 terra
2272 416 2335 451 ha-

1269 469 1287 494 e
1314 462 1362 494 at.

1289 501 1341 542 84
1367 503 1500 539 LABEO
1524 504 1615 556 libro
1639 507 1745 540 sexto
1759 506 2006 551 posteriorum
2027 519 2049 542 α
2071 507 2243 543 Iavoleno
2263 508 2337 560 epi-

1243 553 1458 585 tomatorum
1506 549 1677 594 Quotiens
1697 549 1797 585 iussu
1819 550 1969 586 alicuius
1990 552 2043 586 vel
2064 563 2144 587 cum
2165 552 2238 588 fflio
2262 562 2336 587 eius

1243 595 1298 631 vel
1323 606 1404 630 cum
1429 598 1597 630 extraneo
1623 595 1777 631 societas
1803 595 1937 638 coitur,
1971 596 2104 632 directo
2137 608 2217 633 cum
2242 598 2336 632 illius

1243 651 1398 686 persona
1422 640 1478 685 agi
1502 650 1618 685 posse,
1645 640 1747 676 cuius
1772 650 1925 685 persona
1948 641 1985 675 in
2011 643 2255 678 contrahenda
2279 653 2334 678 so-

1244 686 1374 722 cietate
1398 689 1564 731 spectata
1587 686 1644 721 sit.

817 1195 996 1245 LIBER
1027 1194 1294 1246 OCTAVUS
1326 1193 1598 1244 DECIMUS.

599 1324 653 1365 1⁶.

86 1394 144 1426 DE
177 1392 517 1425 CONTRAHENDA
554 1392 794 1424 EMPTIONE
831 1392 891 1424 ΕΤ
923 1392 984 1423 DE
1016 1390 1174 1423 PACTIS

86 1439 225 1471 INTER
254 1437 510 1470 EMPTOREM
541 1438 601 1470 ET
625 1437 930 1470 VENDITOREM
963 1436 1173 1469 COMPOSI-

119 1484 189 1517 TIS
215 1483 274 1516 ET
299 1484 421 1520 QUAE
447 1483 558 1516 RES⁷
582 1482 784 1516 VEN1RE⁸
807 1483 902 1515 NON
927 1482 1139 1515 POSSUNT.

132 1549 150 1588 1
179 1550 235 1586 ΡΑ
244 1561 286 1586 σι
294 1560 337 1586 vs
354 1549 445 1586 libro
466 1551 675 1597 triqensimo
696 1550 800 1585 tertio
819 1549 868 1585 ad
876 1550 1031 1586 edictum
1068 1548 1174 1594 Origo

87 1596 223 1632 emendi
254 1596 498 1641 vendendique
522 1606 545 1631 a
574 1595 896 1642 permutationibus
928 1595 1055 1640 coepit.
1093 1594 1175 1629 olim

86 1643 176 1678 enim
201 1653 274 1677 non
296 1641 348 1677 ita
372 1646 449 1677 erat
472 1652 635 1677 nummus
660 1652 775 1693 neque
800 1641 895 1676 aliud
926 1651 1045 1684 merx,
1079 1639 1175 1675 aliud

83 1688 236 1734 pretium
253 1688 460 1730 vocabatur,
486 1687 548 1722 sed
569 1697 813 1732 unusquisque
833 1686 1029 1722 secundum
1051 1695 1174 1721 neces-

84 1734 222 1769 sitatem
254 1736 325 1768 tem
353 1742 452 1768 orum
484 1742 527 1767 ac
558 1743 676 1768 rerum
701 1733 848 1767 utilibus
871 1732 1011 1767 inutilia
1034 1741 1175 1776 permu-

83 1779 194 1822 tabat,
219 1788 313 1823 quan
339 1789 359 1813 0
380 1778 587 1823 plerumque
608 1777 732 1820 evenit,
754 1781 794 1812 ut
813 1777 908 1823 quod
929 1777 1031 1812 alteri
1052 1787 1175 1821 super-

84 1828 136 1860 est
160 1824 262 1858 alteri
287 1823 389 1858 desit.
426 1823 489 1858 sed
514 1823 597 1868 quia
621 1834 693 1858 non
718 1833 791 1859 sem
820 1833 857 1858 er
875 1833 941 1858 nec
963 1822 1070 1857 facile
1092 1832 1174 1856 con-

84 1870 261 1910 currebat,
285 1872 344 1910 ut,
370 1879 451 1904 cum
475 1872 513 1903 tu
539 1869 690 1904 haberes
715 1879 784 1914 quo
835 1878 899 1913 ego
925 1867 1174 1909 desiderarem,

83 1915 231 1950 invicem
255 1914 423 1949 haberem
447 1914 543 1959 quod
567 1918 607 1949 tu
633 1914 796 1959 accipere
819 1914 937 1956 velles,
963 1913 1077 1949 electa
1100 1923 1174 1947 ma-

83 1961 172 1995 teria
197 1963 270 2002 est,
297 1959 398 1995 cuius
422 1960 567 2004 publica
591 1970 634 1995 ac
657 1964 831 2005 perpetua
856 1958 1055 1994 aestimatio
1081 1957 1174 1993 diffi-

84 2005 277 2041 cultatibus
301 2005 602 2050 permutationum
624 2005 840 2050 aequalitate
860 2004 1069 2050 quantitatis
1091 2004 1174 2039 sub-

84 2051 227 2087 veniret.
267 2060 379 2095 eaque
402 2051 552 2085 materia
577 2050 693 2086 forma
715 2050 860 2095 publica
879 2060 1051 2095 percussa
1071 2059 1176 2084 usum

84 2096 347 2177 dZminiumque
371 2106 442 2131 non
473 2099 547 2131 tam
580 2106 624 2131 ex
655 2096 858 2131 substantia
889 2096 1039 2141 praebet
1069 2105 1176 2140 quam

84 2153 103 2178 e
152 2141 363 2187 quantitate,
388 2151 455 2176 nec
479 2141 573 2176 ultra
597 2152 695 2176 merx
718 2145 917 2186 utrumque,
943 2140 1006 2176 sed
1025 2140 1175 2175 alterum

87 2190 101 2223 1
151 2187 303 2232 pretium
332 2190 492 2221 vocatur.
543 2186 612 2221 Sed
648 2197 695 2222 an
726 2187 803 2222 sine
836 2186 987 2221 nummis
1020 2185 1174 2221 venditio

84 2232 152 2267 dici
177 2232 351 2277 hodieque
374 2232 506 2276 possit,
540 2231 740 2274 dubitatur,
773 2232 881 2267 veluti
914 2232 943 2267 si
969 2242 1031 2276 ego
1057 2234 1176 2275 togam

85 2277 174 2320 dedi,
199 2281 239 2312 ut
262 2277 420 2312 tunicam
445 2277 653 2321 acciperem.
692 2277 845 2312 Sabinus
870 2280 904 2312 et
929 2277 1073 2312 Cassius
1099 2286 1190 2312 esse·

85 2323 296 2368 emptionem
322 2325 355 2357 et
378 2322 615 2357 venditionem
640 2326 786 2367 putant:
812 2322 956 2358 Nerva⁹
981 2326 1016 2357 et
1039 2322 1173 2357 Procu-

84 2369 139 2403 lus
164 2367 479 2413 permutationem,
505 2378 576 2403 non
602 2368 815 2413 emptionem
840 2369 909 2403 hoc
935 2378 1022 2403 esse.
1072 2367 1174 2402 Sabi-

85 2424 151 2449 nus
176 2414 330 2448 Homero
355 2416 445 2448 teste
476 2413 606 2455 utitur,
641 2413 701 2458 qui
735 2413 928 2448 exercitum
954 2413 1175 2448 Graecorum

85 2469 164 2494 aere
179 2458 294 2539 bferrg)
330 2458 602 2503 hominibusque
638 2459 758 2493 vinum
795 2469 911 2494 emere
942 2457 1070 2501 refert,
1105 2458 1175 2493 illis

86 2504 177 2539 versi
204 2506 268 2539 us¹
296 2517 305 2539 ε

130 2571 241 2605 ἐνθεν
265 2565 327 2616 ἄρ’
354 2571 534 2612 οἰνίζοντο
561 2570 858 2617 καρηκομόωντες
879 2566 1014 2612 Ἀχαιοί

132 2614 232 2650 ἄλλοι
254 2619 321 2660 μὲν
341 2615 472 2660 χαλκῷ,
502 2615 604 2650 ἄλλοι
629 2612 670 2651 δ”
698 2617 838 2650 αἴθωνι
863 2614 1011 2661 σιδήρῳ,

131 2660 232 2696 ἄλλοι
257 2659 298 2715 δὲ)
319 2662 439 2715 ῥινοῖς,
468 2660 568 2696 ἄλλοι
593 2658 632 2696 δ’
659 2658 786 2709 αὐτῇσι
808 2659 943 2705 βόεσσι,

134 2705 235 2741 ἄλλοι
260 2704 282 2740 δ
327 2704 672 2752 ανὸραπόδεοσινῃ.

87 2775 150 2810 sed
172 2775 209 2809 hi
226 2785 347 2810 versus
368 2774 664 2820 permutationem
683 2774 883 2820 significare
903 2773 1077 2816 videntur,
1103 2784 1175 2808 non

88 2820 315 2865 emptionem,
340 2820 434 2855 sicut
457 2820 508 2855 illi
522 2821 567 2855 ¹²:

131 2883 218 2921 ἔνθ’
246 2881 329 2921 αὖτε
351 2885 499 2931 Γλαύκῳ
525 2886 701 2933 Κρονίδης
725 2890 856 2933 φρένας
879 2885 1014 2926 ἐξέλετο
1039 2885 1132 2926 Ζεύς,

134 2930 170 2967 ὃς
193 2931 281 2978 πρὸς
308 2931 480 2975 Τυδείδην
502 2931 687 2977 Διομήδεα
710 2928 824 2975 τεύχε’
852 2931 1000 2976 ἄμειβεν
1014 2932 1051 2966 ¹³.

87 3002 196 3046 magis
221 3004 339 3036 autem
362 3011 427 3045 pro
452 3001 520 3035 hac
546 3001 722 3036 sententia
745 3000 831 3035 illud
855 3000 1052 3042 diceretur,
1078 3000 1174 3044 quod

88 3047 176 3081 alias
200 3046 294 3081 idem
316 3050 425 3091 poeta
449 3045 592 3081 dicit¹⁴z

133 3117 266 3160 πρίατο
291 3112 498 3147 κτεάτεσσιν
521 3114 634 3147 ἑοῖσιν
646 3114 683 3148 ¹⁵.

88 3181 150 3216 sed
180 3181 294 3216 verior
317 3184 372 3216 est
395 3180 534 3216 Nervae
559 3184 594 3215 et
617 3180 761 3216 Proculi
792 3181 987 3216 sententia:
1022 3192 1105 3216 nam
1136 3184 1176 3216 ut

89 3226 184 3261 aliud
209 3229 263 3261 est
287 3225 456 3267 vendere,
489 3226 585 3260 aliud
611 3236 744 3268 emere,
779 3226 870 3261 alius
895 3229 1050 3271 emptor,
1085 3226 1176 3261 alius

88 3271 260 3313 venditor,
285 3271 336 3306 sic
361 3271 457 3306 aliud
481 3274 536 3305 est
559 3271 722 3315 pretium,
749 3270 845 3305 aliud
869 3281 985 3306 merx:
1021 3271 1116 3316 quod
1139 3271 1176 3306 in

89 3316 347 3360 permutatione
373 3316 524 3351 discerni
549 3327 620 3350 non
646 3319 782 3361 potest,
813 3319 893 3351 uter
917 3320 1072 3361 emptor,
1097 3320 1177 3351 uter

90 3363 108 3394 2
156 3360 317 3395 venditor
341 3361 397 3396 sit.
445 3361 513 3395 Est
537 3365 657 3395 autem
682 3361 812 3406 emptio
837 3361 924 3396 iuris
947 3361 1115 3406 gentium,
1142 3365 1177 3396 et

91 3476 128 3513 (1)
155 3472 235 3505 abor
248 3473 282 3505 F
363 3475 405 3515 (2)
431 3473 548 3506 arbore
562 3474 595 3506 F

90 3531 149 3551 scr.
246 3520 288 3559 (5)
314 3519 443 3551 ratione
456 3519 488 3551 F

136 3564 180 3604 (6)
206 3562 712 3597 Sab.1...11.13...1s.2o...49.77.
730 3571 784 3604 79;
808 3564 871 3597 Ed.
887 3572 929 3598 12.
945 3572 987 3598 19.
1003 3572 1121 3598 50...57.
1137 3572 1172 3597 59

103 3615 175 3646 ..τις
200 3608 283 3650 Ραρ.
297 3615 344 3641 58.
360 3615 486 3646 72...·16;
500 3609 586 3651 App.
602 3615 650 3642 is.
663 3616 710 3643 80.
727 3616 769 3643 81.
784 3628 829 3633 —
850 3610 935 3642 Bas.
952 3610 1003 3649 19,
1017 3617 1041 3643 1.
1054 3627 1098 3632 —-
1122 3609 1172 3652 Cf.

94 3652 171 3684 lust.
187 3653 217 3691 3,
233 3659 287 3691 233
306 3652 382 3685 Cod.
397 3653 428 3692 4,
443 3659 490 3686 ³8.
505 3660 553 3686 40.
567 3661 601 3686 54
695 3655 738 3695 (τ)
764 3655 812 3687 sic
825 3655 891 3687 ind.
907 3654 944 3693 F,
960 3664 1017 3686 ues
1030 3654 1064 3686 F
1129 3654 1173 3694 (s)

93 3696 198 3727 veniri
213 3697 281 3729 ind.
296 3697 329 3729 F
393 3697 436 3737 (9)
462 3697 611 3729 neratius
624 3697 668 3729 [Λ
746 3698 807 3741 (10)
834 3699 873 3731 Il.
890 3700 920 3737 7,
936 3705 989 3731 472
1061 3699 1114 3738 (11)
1141 3699 1178 3730 id

94 3747 155 3774 ese:
171 3740 220 3772 ibi
234 3751 310 3772 vero
323 3741 438 3773 vinum
449 3740 514 3774 sibi
527 3742 767 3784 comparabant
780 3745 950 3774 comantes
964 3742 1100 3782 Achaei,
1114 3742 1175 3773 alii

671 3475 712 3515 (3)
739 3474 935 3508 conflatisS
1015 3477 1057 3516 (4)
1084 3474 1172 3516 quod

1244 1320 1324 1356 ideo
1356 1331 1534 1356 consensu
1566 1321 1750 1366 peragitur
1782 1324 1817 1357 et
1849 1320 1943 1356 inter
1974 1320 2141 1356 absentes
2176 1320 2339 1355 contrahi

1244 1370 1363 1412 potest
1388 1369 1423 1401 et
1446 1377 1510 1411 per
1534 1366 1698 1401 nuntium
1723 1370 1758 1402 et
1781 1376 1845 1412 per
1868 1366 2019 1402 litteras.

1291 1409 1316 1448 2
1349 1411 1545 1448 Urmivvs
1573 1411 1663 1447 libro
1723 1413 1815 1448 rimo
1846 1411 1896 1447 ad
1927 1410 2101 1447 Sabinum
2148 1410 2245 1445 Inter
2275 1421 2339 1456 pa-

1245 1461 1335 1492 trem
1360 1460 1395 1492 et
1419 1456 1530 1492 filium
1562 1460 1687 1492 contra
1714 1458 1725 1492 i
1758 1457 1888 1502 emptio
1921 1467 1993 1492 non
2025 1459 2165 1502 potest,
2199 1455 2262 1491 sed
2295 1455 2339 1491 de

1250 1506 1263 1538 1
1314 1502 1420 1538 rebus
1447 1503 1689 1538 castrensibus
1714 1506 1844 1548 potest.
1893 1501 1977 1537 Sine
2001 1502 2115 1547 pretio
2136 1501 2236 1536 nulla
2255 1511 2338 1536 ven-

1246 1548 1332 1584 ditio
1358 1552 1430 1583 est:
1456 1558 1529 1584 non
1553 1552 1671 1583 autem
1696 1548 1801 1593 pretii
1824 1548 2035 1590 numeratio,
2061 1546 2124 1583 sed
2150 1547 2336 1582 conventio

1245 1593 1385 1639 perficit
1408 1593 1484 1629 sine
1509 1593 1651 1639 scriptis
1675 1593 1836 1629 habitam
1861 1593 2084 1639 emptionem.

1293 1636 1316 1676 3
1351 1639 1457 1674 IDEM
1489 1639 1580 1675 libro
1616 1639 1807 1675 vicensimo
1843 1643 1968 1675 octavo
2001 1639 2051 1674 ad
2080 1637 2253 1674 Sabinum
2302 1636 2339 1672 Si

1246 1695 1302 1720 res
1326 1684 1378 1719 ita
1402 1684 1576 1720 distracta
1600 1684 1657 1727 sit,
1682 1688 1723 1720 ut
1746 1685 1776 1720 si
1799 1684 2038 1729 displicuisset
2056 1684 2214 1728 inempta
2235 1686 2337 1724 esset,

1246 1733 1390 1766 constat
1414 1740 1486 1766 non
1511 1740 1590 1766 esse
1614 1730 1680 1766 sub
1707 1729 1918 1766 condicione
1943 1729 2171 1771 distractam,
2196 1728 2259 1764 sed
2282 1738 2337 1763 re-

1246 1775 1335 1811 solvi
1360 1776 1575 1820 emptionem
1600 1775 1667 1811 sub
1693 1775 1913 1812 condicione.

1293 1819 1318 1857 4
1344 1820 1574 1856 POMPONIUS
1602 1821 1693 1856 libro
1726 1831 1822 1856 nono
1854 1820 1904 1856 ad
1933 1819 2108 1856 Sabinum
2154 1819 2204 1854 Et
2238 1819 2339 1854 liberi

1246 1866 1398 1902 hominis
1424 1870 1459 1901 et
1482 1866 1553 1902 loci
1577 1866 1671 1902 sacri
1696 1870 1731 1902 et
1754 1866 1920 1911 religiosi,
1946 1865 2006 1911 qui
2029 1865 2155 1900 haberi
2178 1875 2250 1900 non
2274 1875 2338 1910 po-

1246 1915 1327 1954 test,
1354 1912 1485 1957 emptio
1510 1911 1738 1957 intellegitur,
1764 1912 1793 1947 si
1818 1911 1863 1947 ab
1888 1911 2074 1956 ignorante
2099 1911 2237 1952 emitur,

1293 1956 1317 1994 5
1343 1956 1399 1992 PA
1408 1967 1503 1993 ULUS
1523 1957 1614 1993 libro
1639 1959 1765 2003 quinto
1790 1957 1840 1992 ad
1862 1956 2038 1993 Sabinum
2085 1956 2169 2002 quia
2194 1953 2339 1991 difficile

1247 2002 1386 2038 dinosci
1409 2006 1528 2047 potest
1552 2003 1642 2038 liber
1665 2003 1770 2038 homo
1797 2013 1819 2037 a
1842 2013 1956 2038 servo.

1292 2046 1317 2085 6
1344 2047 1572 2083 POMPONIUS
1593 2048 1684 2084 libro
1708 2059 1803 2084 nono
1829 2047 1879 2083 ad
1901 2046 2075 2083 Sabinum
2122 2046 2192 2082 Sed
2218 2046 2339 2082 Celsus

1246 2093 1340 2129 filius
1372 2093 1423 2128 ait
1453 2093 1632 2129 hominem
1661 2093 1811 2129 liberum
1844 2093 2015 2128 scientem
2047 2096 2083 2128 te
2117 2102 2233 2128 emere
2268 2102 2340 2127 non

1246 2149 1353 2184 posse
1387 2149 1454 2174 nec
1488 2139 1743 2184 cuiuscumque
1774 2139 1827 2174 rei
1859 2138 1889 2174 si
1923 2138 2016 2174 scias
2050 2137 2300 2173 alienationem
2314 2138 2341 2158 ¹⁸

1247 2195 1342 2220 esse:
1377 2188 1418 2219 ut
1449 2194 1555 2220 sacra
1586 2188 1621 2219 et
1636 2185 1662 2206 ¹⁷
1686 2184 1851 2229 religiosa
1874 2184 1955 2219 loca
1979 2187 2042 2219 aut
2067 2194 2217 2229 quorum
2243 2193 2338 2218 com·

1246 2229 1415 2265 mercium
1439 2240 1512 2265 non
1536 2230 1602 2272 sit,
1634 2233 1675 2265 ut
1706 2229 1871 2275 publica,
1906 2239 1998 2274 quae
2030 2239 2102 2264 non
2126 2229 2163 2263 in
2186 2228 2340 2274 pecunia

1246 2275 1380 2321 populi,
1405 2275 1469 2310 sed
1493 2275 1530 2310 in
1553 2275 1699 2320 publico
1723 2286 1791 2310 usu
1814 2275 2027 2317 habeantur,
2052 2278 2093 2309 ut
2118 2277 2172 2309 est
2192 2283 2338 2319 campus

1251 2325 1263 2355 1
1314 2321 1468 2356 Martius
1482 2321 1521 2356 ¹⁸.
1570 2320 1608 2356 Si
1639 2320 1772 2356 fundus
1805 2330 1926 2355 annua
1956 2320 2052 2355 bima
2084 2320 2191 2354 trima
2215 2319 2272 2354 die
2297 2329 2339 2354 ea

1246 2367 1322 2411 lege
1345 2366 1510 2408 venisset,
1536 2370 1586 2408 ut,
1612 2366 1642 2401 si
1665 2367 1702 2401 in
1727 2366 1819 2401 diem
1844 2370 2018 2401 statutum
2042 2365 2195 2411 pecunia
2221 2364 2339 2399 soluta

1246 2422 1319 2447 non
1351 2415 1462 2454 esset,
1495 2411 1628 2446 fundus
1660 2412 1752 2446 inem
1781 2415 1839 2446 tus
1870 2411 1964 2446 foret
1987 2414 2023 2446 et
2045 2414 2105 2453 ut,
2138 2410 2168 2445 si
2199 2409 2339 2444 interim

1247 2460 1384 2502 emptor
1406 2456 1558 2492 fundum
1582 2457 1733 2492 coluerit
1773 2460 1968 2500 ructusque
1993 2466 2037 2490 ex
2061 2465 2102 2491 eo
2126 2455 2339 2507 perceperit,

1246 2502 1406 2547 inempto
1432 2512 1473 2537 eo
1498 2501 1596 2537 facto
1622 2502 1893 2537 restituerentur
1917 2504 1952 2536 et
1975 2505 2026 2543 ut,
2075 2500 2176 2535 uanti
2194 2500 2339 2535 minoris

1246 2551 1374 2592 postea
1398 2547 1459 2582 alii
1482 2547 1656 2589 venisset,
1690 2551 1731 2582 ut
1754 2546 1790 2581 id
1814 2549 1954 2591 emptor
1978 2557 2043 2581 ven
2070 2546 2152 2581 itori
2201 2549 2338 2581 raesta-

1245 2597 1319 2628 ret:
1353 2592 1398 2627 ad
1423 2592 1516 2628 diem
1539 2592 1693 2637 pecunia
1717 2602 1788 2627 non
1813 2592 1931 2627 soluta
1955 2592 2074 2636 placet
2097 2601 2164 2626 ven
2190 2591 2272 2626 itori
2296 2601 2339 2626 ex

1245 2638 1386 2674 vendito
1412 2649 1453 2674 eo
1475 2638 1616 2673 nomine
1636 2637 1811 2672 actionem
1831 2647 1920 2671 esse.
1959 2647 2024 2672 nec
2050 2636 2258 2672 conturbari
2279 2636 2337 2671 de-

1245 2684 1389 2726 bemus,
1423 2683 1519 2728 quod
1549 2683 1705 2728 inempto
1737 2681 1848 2717 fundo
1873 2681 1970 2717 facto
1997 2681 2137 2717 dicatur
2161 2682 2338 2717 actionem

1246 2740 1289 2764 ex
1314 2728 1456 2764 vendito
1480 2728 1638 2764 futuram
1664 2738 1758 2763 esse:
1792 2727 1829 2762 in
1861 2727 1987 2772 emptis
2013 2727 2105 2763 enim
2129 2731 2164 2763 et
2187 2727 2338 2763 venditis

1245 2773 1364 2819 potius
1388 2774 1425 2809 id
1450 2773 1545 2818 quod
1570 2777 1709 2815 actum,
1742 2783 1848 2818 quam
1872 2772 1909 2807 id
1934 2772 2029 2817 quod
2053 2772 2187 2808 dictum
2211 2773 2258 2808 sit
2282 2782 2337 2808 se-

1246 2819 1425 2864 quendum
1443 2823 1507 2861 est,
1526 2823 1561 2853 et
1578 2829 1659 2854 cum
1675 2819 1751 2863 lege
1768 2818 1804 2853 id
1825 2817 1960 2853 dictum
1981 2818 2038 2860 sit,
2056 2821 2208 2863 apparet
2221 2818 2248 2839 ¹⁹
2269 2818 2337 2853 hoc

1247 2865 1434 2899 dumtaxat
1458 2868 1578 2899 actum
1604 2874 1699 2906 esse,
1733 2874 1777 2898 ne
1808 2863 1969 2899 venditor
2002 2863 2153 2909 emptori
2184 2863 2338 2909 pecunia

1247 2909 1292 2944 ad
1316 2909 1408 2944 diem
1440 2919 1512 2944 non
1545 2909 1662 2944 soluta
1694 2908 1766 2944 obli
1790 2912 1870 2944 atus
1903 2912 2016 2951 esset,
2048 2919 2121 2944 non
2151 2913 2193 2943 ut
2224 2908 2337 2944 omnis

1247 2958 1266 2989 2
1315 2954 1481 2999 obligatio
1505 2954 1614 2999 empti
1634 2957 1669 2989 et
1688 2964 1754 2989 ven
1781 2954 1821 2988 iti
1839 2954 1981 2999 utrique
2001 2954 2206 2990 solveretur.
2245 2953 2336 2988 Con-

1247 2999 1360 3042 dicio,
1394 3010 1486 3044 quae
1517 2999 1617 3034 initio
1650 3002 1857 3034 contractus
1882 2998 1978 3034 dicta
2003 3002 2076 3042 est,
2109 3003 2235 3045 postea
2267 2999 2338 3033 alia

1247 3045 1413 3091 pactione
1447 3044 1627 3079 immutari
1637 3045 1668 3066 2⁰
1701 3047 1839 3089 potest,
1875 3044 1981 3080 sicuti
2014 3045 2120 3080 etiam
2152 3044 2243 3080 abiri
2275 3044 2334 3079 a²¹

1246 3094 1324 3125 tota
1348 3090 1526 3135 emptione
1549 3092 1685 3134 potest,
1712 3090 1743 3125 si
1766 3089 1924 3125 nondum
1947 3090 2093 3135 impleta
2116 3093 2219 3132 sunt,
2245 3099 2336 3134 quae

1246 3136 1423 3180 utrimque
1447 3135 1622 3180 praestari
1647 3134 1856 3170 debuerunt.

1293 3178 1316 3217 7
1350 3180 1545 3216 ULPJANUS
1573 3180 1664 3215 libr-0
1700 3181 1889 3216 vicensimo
1922 3184 2048 3216 octavo
2080 3180 2130 3216 ad
2160 3179 2334 3215 Sabinum

1244 3226 1344 3261 Haec
1375 3225 1529 3260 venditio
1564 3225 1653 3260 servi
1678 3225 1720 3260 ‘si
1742 3225 1897 3261 rationes
1930 3225 2063 3261 domini
2095 3226 2336 3269 computasset

1246 3270 1417 3306 ‘arbitrio’
1444 3270 1698 3306 condicionalis
1723 3274 1794 3306 est:
1822 3271 2085 3306 condicionales
2111 3274 2227 3305 autem
2252 3279 2333 3302 ven-

1247 3316 1398 3351 ditiones
1421 3318 1508 3350 tunc
1532 3315 1785 3360 perficiuntur,
1811 3327 1891 3351 cum
1914 3316 2059 3361 impleta
2081 3315 2189 3349 fuerit
2213 3313 2332 3348 condi-

1247 3361 1314 3396 cio.
1349 3360 1412 3396 sed
1435 3364 1554 3395 utrum
1578 3360 1667 3396 haec
1691 3364 1747 3397 est
1769 3361 1980 3396 venditionis
2006 3360 2180 3400 condicio,
2206 3358 2236 3393 si
2258 3358 2334 3402 ipse

1243 3484 1328 3514 aere,
1342 3473 1401 3505 alii
1416 3473 1594 3515 splendido
1607 3475 1706 3515 ferro,
1723 3476 1783 3507 alii
1796 3474 1943 3517 pellibus
1955 3474 2065 3512 boum,
2087 3472 2146 3504 alii
2168 3471 2250 3512 ipsis
2273 3471 2332 3503 bu-

1242 3518 1316 3559 bus,
1330 3518 1390 3550 alii
1403 3519 1584 3562 mancipiis
1678 3522 1736 3561 (12)
1762 3521 1806 3552 Il.
1822 3521 1852 3559 6,
1867 3526 1919 3553 ‘234
1998 3519 2055 3559 (13)
2082 3513 2274 3559 apetdevF.
2287 3534 2333 3539 -

1243 3564 1288 3596 Id
1299 3571 1364 3596 est.-
1386 3563 1452 3595 iam
1466 3575 1543 3596 vero
1558 3565 1696 3597 Saturni
1716 3565 1806 3597 filius
1820 3564 1951 3606 Iupiter
1971 3563 2098 3594 Glauco
2119 3563 2262 3593 mentem
2283 3560 2332 3592 ita

1243 3607 1465 3649 perturbavit,
1489 3611 1525 3641 ut
1539 3620 1614 3642 cum
1628 3609 1788 3641 Diomede
1802 3609 1906 3651 Tydei
1926 3608 1997 3639 filio
2018 3616 2108 3638 arma
2127 3607 2332 3647 permutaret

1245 3654 1301 3693 (14)
1321 3653 1385 3686 od.
1403 3654 1431 3693 l,
1445 3660 1499 3687 430
1571 3655 1629 3691 (15)
1645 3656 1682 3687 id
1693 3662 1759 3687 est.-
1773 3654 1854 3685 emit
1868 3664 1905 3684 ex
1920 3651 2017 3683 bonis
2031 3651 2100 3682 suis
2180 3651 2239 3691 (16)
2254 3660 2331 3691 pro-

1244 3697 1388 3728 hibitam
1402 3722 1410 3737 ,
1424 3698 1663 3731 alienationem
1678 3700 1737 3732 ins.
1821 3700 1877 3738 (17)
1905 3700 1963 3728 aut
1977 3694 2058 3727 F2S
2145 3696 2204 3735 (18)
2231 3694 2330 3726 mari-

1245 3745 1299 3773 tus
1312 3742 1347 3774 F
1412 3743 1470 3785 (19)
1485 3746 1663 3786 appareret
1674 3744 1707 3775 F
1772 3745 1834 3784 (2-0)
1850 3741 2009 3782 imputari
2023 3741 2056 3772 F
2109 3740 2167 3780 (21)
2182 3749 2201 3770 a
2214 3752 2271 3772 om.
2286 3739 2329 3770 F¹
