2528 3918
1485 0 1491 48 ἓ

1494 46 1556 127 7

164 121 315 165 XXXI
1237 114 1322 162 43⁰
1558 138 1571 148 ι
1582 153 1593 156 ,
2122 129 2184 161 nn
2212 129 2400 163 muris

215 237 294 278 127
320 239 427 275 Imm
446 240 538 276 libro
560 239 743 287 singulam·
763 240 808 276 de
831 241 910 277 iure
933 239 1178 276 codicillorum
1216 238 1252 274 A
1319 242 1418 274 tutor
1429 248 1479 284 pu
1504 238 1715 274 illamsuam
1731 241 1859 275 contr-a
1873 240 2019 274 senatus
2035 237 2238 274 consultum
2252 249 2400 275 uxorem

164 286 288 321 fratris
300 291 464 330 postumo
482 284 792 321 fideicommissum
810 285 887 321 dari
902 287 1039 331 potest:
1065 283 1143 319 sola
1159 283 1252 318 enim
1319 283 1431 325 duxit,
1457 282 1465 290 '
1540 282 1682 329 quidem
1704 293 1750 319 ex
1771 286 1984 319 testamento
2009 282 2084 318 eius
2121 292 2248 329 capere
2269 287 2399 329 potest,

166 331 329 366 voluntas
353 333 515 364 servatur
535 330 574 365 in
595 329 886 372 fideicommissis,
919 334 955 365 et
978 328 1133 374 optinuit
1156 327 1253 363 Galli
1319 329 1397 373 ipse
1420 331 1541 363 autem
1569 338 1642 364 non
1663 331 1801 381 potest²
1831 332 1869 364 et
1890 327 2036 363 merito:
2068 327 2279 373 delinquunt
2307 329 2400 364 enim

166 374 344 410 sententia
374 374 510 411 alienos
541 384 683 421 quoque
719 379 914 421 postumus·
935 373 1109 419 legitimos
1147 372 1251 409 nobis
1319 372 1368 415 hi,
1416 372 1455 407 ui
1476 372 1676 418 prohibitas
1699 376 1843 419 nuptias
1879 372 2095 408 contrahunt
2126 375 2163 407 et
2183 372 2310 408 merito
2333 383 2399 418 pu-

165 419 315 455 heredes
337 418 429 454 fieri.
976 462 984 471 ο
1045 463 1054 470 ·
1320 383 1439 453 nienssi
1461 421 1562 454 sunt:
1592 417 1689 463 quod
1710 417 1879 464 imputari
1901 427 1973 452 non
1995 420 2115 463 potest
2135 417 2286 460 mulieri,
2311 427 2401 463 quae

216 460 294 501 128
318 462 556 500 Manouuvs
585 463 677 500 libro
708 463 865 500 secundo
897 464 1159 499 insintuuonum
1213 460 1252 498 Si
1320 465 1487 497 statere
1509 461 1661 508 decepta
1683 465 1748 498 est.

867 1053 1045 1103 LIBER
1074 1050 1429 1102 TRIGESIMUS
1457 1049 1676 1100 PRIMUS
1686 1043 1712 1101 ¹.

1325 1180 1345 1212 3
1393 1177 1462 1211 hoc
1485 1174 1729 1228 tantummodo
1754 1175 1895 1220 accipit,
1919 1175 2016 1221 quod
2037 1175 2226 1229 invenitur.
2239 1221 2248 1228 ο
2261 1175 2301 1212 Si
2316 1175 2410 1229 inter

326 1245 388 1278 DE
411 1244 607 1279 LEGfflS
631 1244 691 1276 ΕΤ
714 1244 1098 1278 F1DE100MM1SS1S·
1325 1220 1709 1302 Sugite‘t‘uffioe‘fftads‘}
1723 1219 2136 1301 Tissiffl⁰ssen¹0²ffi⁰ast⁰2i
2183 1220 2410 1301 aazias&

218 1311 237 1349 1
273 1311 468 1347 Ulmanus
487 1310 578 1346 libro
601 1321 698 1346 nono
721 1310 772 1345 ad
794 1309 967 1346 Sabinum
1006 1311 1048 1346 In
1072 1310 1257 1346 arbitrium
1325 1277 1477 1347 agminis
1511 1276 1616 1345 amici
1649 1310 1830 1345 testatoris
1861 1310 2005 1345 veniant
2035 1315 2072 1345 et
2100 1310 2255 1356 legatum
2284 1314 2411 1356 petant

168 1356 314 1392 alterius
354 1355 508 1391 conferri
546 1355 700 1399 legatum
738 1355 846 1390 veluti
889 1355 1051 1391 condicie
1093 1356 1254 1400 potest²=
1325 1360 1362 1391 et
1383 1356 1486 1391 heres
1509 1355 1646 1391 solvere
1668 1359 1817 1400 paratus
1840 1354 1905 1397 sit,
1939 1354 2066 1391 deinde
2091 1355 2196 1391 ambo
2220 1354 2411 1391 defendere

168 1402 253 1447 quid
286 1401 378 1436 enim
411 1401 577 1441 interest,
610 1400 652 1434 ‘si
676 1399 792 1436 Titius
822 1400 861 1435 in
884 1399 1099 1445 Capitolium
1130 1409 1255 1436 ascen·
1323 1400 1492 1436 heredem
1525 1400 1643 1445 parati
1674 1399 1764 1442 sint,
1803 1399 1932 1445 eligere
1965 1399 2094 1435 debere
2127 1400 2313 1443 heredem,
2352 1400 2411 1436 cui

172 1450 186 1481 1
237 1445 350 1481 ‘derit’
374 1445 494 1480 mihil
538 1448 618 1479 etur
641 1454 687 1479 an
712 1444 755 1480 ‘si
776 1444 964 1480 voluerit'?
1007 1444 1078 1480 Sed
1102 1454 1183 1480 cum
1205 1445 1257 1480 ita
1326 1449 1347 1480 4
1394 1445 1525 1488 solvat,
1557 1448 1599 1480 ut
1630 1445 1675 1480 ab
1708 1454 1750 1480 eo
1781 1443 2004 1479 defendatur.
2053 1444 2194 1480 certam
2219 1445 2409 1491 pecuniam

166 1492 323 1536 legatum
355 1490 409 1542 sit·
432 1490 518 1542 pup'
547 1500 568 1525 0
600 1489 674 1525 sive
702 1489 860 1535 pupillae
890 1490 1049 1526 ‘arbitrio
1073 1490 1255 1532 tutorum',
1324 1490 1478 1536 legatam
1506 1490 1537 1525 si
1568 1494 1604 1525 et
1633 1489 1826 1535 legatarius
1860 1492 1896 1525 et
1922 1489 2106 1525 substituti
2128 1489 2288 1535 legatarii
2310 1493 2409 1535 pete-

167 1545 283 1581 neque
307 1535 468 1587 condlclo
492 1538 585 1570 mest
603 1534 720 1586 legato
742 1544 858 1587 neque
876 1544 988 1586 mora,
1014 1545 1096 1570 cum
1115 1535 1258 1580 placeat
1325 1538 1406 1570 rent
1429 1539 1466 1570 et
1487 1535 1590 1570 heres
1614 1534 1750 1586 ⁸.⁰¹Y⁶¹'e
1772 1537 1921 1586 paratus
1944 1535 2010 1576 sit,
2038 1535 2069 1570 si
2091 1535 2196 1570 ambo
2220 1534 2411 1572 defendere

166 1581 205 1616 in
226 1583 450 1633 testamentis
473 1579 628 1632 legatum
650 1589 688 1614 m
711 1580 859 1632 alterius
883 1579 1070 1631 arbai-ium
1089 1579 1257 1615 collatum
1324 1579 1492 1615 heredem
1514 1583 1634 1624 parati
1656 1582 1746 1622 sint,
1777 1579 1906 1630 ehgere
1936 1579 2050 1631 debet·
2070 1579 2174 1615 heres
2202 1580 2260 1632 cni
2283 1579 2409 1624 solvat,

166 1624 1258 1721 35⁰1,0ffv1¹ffi²rbsstssfff¹3u33⁰ssffiecffiegffl&ainsi
1325 1623 1906 1720 fflae‘tiffi‘fflffffussi·pssssffus³¹
1913 1627 2119 1704 831‘22‘1121322
2127 1624 2237 1711 m,
2171 1628 2411 1715 cuiss‘fimffi

166 1719 242 1750 tam
266 1715 501 1760 quantitatem
524 1717 699 1759 exprimit,
722 1725 788 1759 pro
811 1714 945 1750 viribus
964 1713 1128 1750 videlicet
1144 1713 1256 1759 patri-
1326 1718 1346 1748 5
1393 1713 1549 1759 legatum
1581 1717 1648 1748 est.
1698 1712 1738 1748 Si
1771 1723 1829 1748 cui
1864 1716 1997 1748 certam
2030 1717 2170 1765 partem
2203 1714 2410 1750 hereditatis

167 1760 302 1795 monii?
1325 1758 1499 1804 legavero,
1523 1758 1623 1794 divus
1646 1757 1851 1793 Hadrianus
1873 1757 2067 1803 rescripslt,
2094 1762 2136 1793 ut
2158 1768 2274 1804 neque
2296 1759 2412 1805 pretia

214 1802 240 1842 2
266 1804 423 1839 Panos
451 1803 543 1839 libro
573 1814 612 1838 se
641 1804 840 1850 tuaqesimo
873 1804 999 1850 quinto
1030 1803 1081 1838 ad
1103 1802 1257 1839 edictum
1326 1804 1623 1839 manumissorum
1646 1813 1670 1838 n
1715 1812 1760 1838 ue
1782 1802 1916 1838 funeris
1939 1803 2100 1847 impensa
2123 1802 2367 1839 deduceretur.

168 1849 340 1894 Quotiens
363 1848 571 1884 nominatim
590 1859 614 1893 p
629 1858 710 1883 ures
728 1859 786 1884 res
805 1849 844 1884 in
862 1849 978 1893 legato
1000 1847 1257 1893 exprimuntur,
1373 1845 1399 1886 9
1422 1847 1678 1884 Moossmws
1711 1847 1789 1883 ibro
1812 1858 1908 1882 nono
1931 1847 2140 1894 reqularum
2181 1847 2270 1883 Cum
2293 1853 2411 1884 autem

167 1895 273 1940 plura
302 1894 421 1938 legata
452 1897 555 1928 sunt:
586 1893 618 1928 si
648 1896 768 1929 autem
799 1894 959 1939 supellex
987 1897 1051 1928 aut
1073 1896 1258 1938 argentum
1326 1903 1412 1938 pars
1435 1894 1611 1929 bonorum
1636 1892 1690 1927 ita
1711 1892 1866 1937 legatur:
1892 1892 2079 1928 ‘bonorum
2108 1902 2287 1936 meorum,
2319 1903 2412 1946 quae

168 1942 232 1974 aut
261 1938 440 1984 peculium
469 1942 533 1973 aut
561 1938 836 1974 instrumentum
866 1939 1022 1984 legatum
1049 1938 1113 1980 sit,
1146 1948 1258 1973 unum
1327 1941 1425 1973 ‘sunt
1455 1948 1537 1973 cum
1566 1937 1722 1980 moriar',
1754 1937 1819 1972 dos
1850 1940 1886 1972 et
1915 1937 2214 1973 manumissorum
2245 1942 2360 1983 pretia
2390 1947 2411 1974 e

167 1985 323 2029 legatum
348 1987 412 2019 est.
1326 1982 1442 2018 medio
1467 1982 1677 2018 deducenda
1700 1986 1794 2017 sunt.

215 2026 240 2066 3
264 2028 373 2064 loru
391 2028 482 2064 libro
506 2031 638 2074 quarto
662 2027 713 2063 ad
733 2027 918 2063 Plautium
967 2027 1006 2063 Si
1028 2028 1080 2063 ita
1102 2027 1256 2072 legetur:
1377 2026 1427 2065 10
1452 2027 1498 2063 Is
1507 2036 1677 2062 Vozfflws
1697 2026 1788 2062 libro
1804 2027 1930 2073 primo
1952 2037 2003 2062 ex
2025 2026 2170 2063 Plautio
2217 2027 2307 2063 Cum
2327 2027 2410 2064 fun-

170 2075 284 2109 ‘heres
308 2073 394 2108 dare
418 2072 565 2108 damnas
590 2077 678 2115 esto,
703 2073 735 2108 si
752 2073 791 2108 in
807 2072 1021 2125 Capitolium
1038 2083 1113 2108 nom
1132 2082 1257 2107 ascen·
1327 2072 1394 2108 dus
1417 2072 1625 2108 nominatim
1647 2072 1785 2116 legatus
1809 2071 1874 2113 sit,
1898 2071 1929 2107 si
1952 2071 2037 2117 quid
2060 2071 2091 2107 ei
2114 2075 2197 2117 post
2219 2076 2410 2108 testamen·

169 2118 296 2171 ‘der-iv,
329 2118 417 2153 utile
439 2118 597 2162 legatum
620 2121 695 2159 est,
727 2127 885 2162 quamvls
915 2118 954 2152 in
979 2120 1159 2163 potestate
1182 2117 1257 2153 eius
1326 2121 1403 2170 tum
1432 2117 1570 2170 factum
1599 2116 1783 2169 adiectum
1809 2120 1880 2159 est,
1914 2116 1952 2151 id
1986 2126 2128 2180 quoqu‘e
2157 2116 2273 2170 legato
2305 2118 2409 2178 cedit,

169 2162 912 2259 ῃι4881ῗὲ3Θῖἰῖνζωορῃτίἳοαῗιῖῃὲῗέἰὶίαω
955 2206 1140 2242 Neminem
1164 2207 1257 2242 eius-
1327 2166 1485 2243 gfflsgo
1495 2161 2411 2258 ᾞὲιέῑῗέᾚῧὲξῗθέιοιῖριῗὲἑρεξιᾱὲἷῗεεῖῖἷζ

169 2253 249 2289 dem
270 2253 323 2289 rei
344 2253 485 2298 legatae
506 2252 576 2287 sibi
597 2255 738 2297 partem
756 2252 863 2294 velle,
894 2256 1034 2297 partem
1057 2251 1176 2287 nolle³
1198 2261 1256 2287 ve-
1326 2252 1391 2287 sed
1413 2251 1636 2287 universitati
1657 2251 1784 2296 prioris
1805 2250 1909 2286 fundi
1931 2250 2102 2286 adiunxit.

167 2299 243 2334 rius
266 2302 331 2334 est.
1368 2296 1424 2337 ,11
1457 2295 1686 2332 Poueomvs
1711 2296 1803 2331 libro
1832 2295 1984 2341 septimo
2014 2306 2065 2331 εει·
2093 2294 2240 2331 Plautio
2287 2295 2409 2331 Statu-

214 2342 239 2381 5
273 2342 378 2379 Imm
406 2342 498 2378 libro
530 2342 682 2389 septimo
711 2342 959 2387 quaestionum
1015 2340 1086 2376 Sed
1116 2339 1258 2376 duobus
1326 2342 1477 2377 liberum
1506 2341 1553 2376 ab
1583 2340 1713 2376 herede
1743 2350 1790 2375 ne
1819 2344 1907 2375 tunc
1960 2339 2096 2381 uidem,
2128 2350 2210 2375 cum
2233 2340 2342 2375 dubia
2364 2341 2411 2376 sit

166 2388 294 2434 legatis
316 2387 451 2423 relictis
474 2398 586 2422 unum
610 2386 751 2432 quidem
773 2385 972 2431 repudiare,
1000 2386 1152 2421 alterum
1174 2395 1257 2420 vero
1327 2386 1403 2422 eius
1435 2396 1480 2421 ex
1509 2389 1722 2421 testamento
1752 2385 1917 2425 libertas,
1970 2388 2111 2429 egatum
2141 2384 2218 2420 sine
2246 2385 2411 2421 libertate

172 2438 187 2468 1
237 2433 404 2478 amplecti
424 2442 532 2477 posse
550 2431 797 2477 respondetur.
835 2430 906 2466 Sed
925 2431 955 2466 si
972 2441 1082 2466 unum
1098 2441 1145 2466 ex
1159 2430 1256 2475 lega·
1326 2431 1491 2476 accipere
1509 2440 1616 2476 posse
1630 2429 1753 2465 Labeo
1771 2429 1833 2472 ait,
1858 2429 1941 2475 qnia
1964 2438 2086 2464 servus
2110 2429 2186 2464 eius
2210 2433 2322 2465 esset:
2347 2429 2410 2466 sed

166 2478 214 2514 tis
238 2488 330 2514 onus
353 2477 463 2512 habet
487 2481 522 2512 et
545 2477 615 2512 hoc
634 2476 839 2521 repellatur,
863 2485 936 2511 non
954 2475 1048 2511 idem
1067 2475 1258 2511 dicendum
1326 2477 1357 2512 si
1387 2476 1491 2511 heres
1522 2474 1670 2511 eandem
1702 2474 1947 2510 condicionem
1980 2473 2094 2518 legato
2126 2474 2276 2517 inserat,
2318 2485 2410 2519 quae

169 2527 243 2559 est:
275 2532 370 2569 pone
400 2532 501 2564 eum,
537 2522 596 2557 cui
626 2520 750 2557 decem
781 2524 817 2556 et
848 2520 992 2556 Stichus
1022 2520 1160 2573 legatus
1191 2524 1257 2563 est,
1324 2521 1482 2557 libertati
1512 2530 1534 2555 a
1563 2523 1737 2555 testatore
1767 2519 1896 2554 datae⁵
1925 2518 2130 2564 praeposita
2159 2518 2285 2561 fuerit,
2315 2520 2411 2555 valet

168 2579 208 2603 ro
234 2572 333 2603 atum
373 2577 514 2603 servum
552 2566 817 2602 manumittere:
864 2565 895 2601 si
933 2565 1097 2601 Falcidla
1137 2565 1258 2601 locum
1325 2566 1499 2611 legatum:
1535 2575 1618 2600 nam
1649 2568 1686 2599 et
1714 2564 1764 2606 si,
1797 2574 1879 2599 cum
1907 2566 2106 2598 moreretur
2132 2563 2254 2604 heres,
2288 2574 2409 2600 servus

168 2613 217 2648 ha
243 2617 296 2656 et,
328 2622 372 2648 ex
403 2611 524 2647 decem
553 2611 738 2656 utriusque
767 2610 875 2655 legati
898 2614 1027 2655 quarta
1050 2610 1256 2647 deducetur.
1325 2611 1416 2647 liber
1439 2620 1519 2646 esse
1541 2610 1659 2645 iussus
1683 2613 1788 2651 esset,
1813 2612 1911 2644 recte
1933 2608 2010 2643 sine
2032 2608 2197 2643 libertate
2219 2608 2252 2643 ei
2275 2609 2321 2644 ab
2344 2609 2408 2645 he·

167 2658 275 2711 igitur
297 2668 336 2693 re
362 2657 484 2692 udiato
509 2667 610 2692 servo
634 2666 707 2691 non
731 2655 921 2692 evitabitur
952 2665 1043 2691 onus
1075 2655 1256 2691 deductio·
1325 2655 1411 2691 rede
1440 2655 1552 2700 legari
1581 2664 1689 2700 posse
1712 2653 1889 2696 constitit,
1919 2652 2003 2698 quia
2025 2662 2285 2698 supervacuum
2308 2653 2355 2688 sit
2376 2653 2410 2689 ei

170 2713 225 2739 ms
261 2702 324 2738 sed
360 2702 540 2747 egatarius
565 2712 608 2737 ex
631 2701 785 2746 pecunia
801 2700 890 2736 duas
930 2704 1054 2736 uartas
1069 2700 1255 2746 relinquet.
1325 2701 1527 2737 libertatem
1550 2700 1653 2742 dare,
1685 2709 1792 2744 quam
1814 2708 1859 2734 ex
1881 2701 2094 2734 testamento
2118 2697 2257 2733 heredis
2282 2708 2325 2734 ca
2350 2702 2407 2734 tu-

216 2729 242 2785 ὀ
266 2746 375 2783 Imm
392 2746 483 2783 libro
505 2747 689 2792 sinqulari
709 2745 759 2781 ad
777 2746 811 2781 le
836 2756 891 2780 em
939 2745 1108 2781 accidiam
1142 2744 1257 2790 Grege
1331 2749 1343 2780 1
1393 2755 1456 2781 rus
1485 2755 1558 2781 non
1588 2745 1654 2786 sit,
1686 2743 1750 2779 sed
1782 2754 1826 2779 ex
1856 2742 2038 2779 testatoris
2069 2742 2189 2778 habet.
2236 2742 2322 2778 ‘Stic
2348 2753 2409 2779 um

170 2797 290 2828 antem
320 2792 434 2836 legato
467 2801 538 2827 non
570 2794 690 2836 potest
712 2801 760 2836 qu
829 2801 887 2825 am
910 2790 1049 2835 sperni,
1082 2790 1258 2836 quaedam
1327 2794 1402 2826 ‘aut
1417 2789 1653 2835 Pamphilum,
1677 2793 1797 2823 utrum
1818 2788 1922 2824 heres
1945 2797 2045 2823 meus
2067 2787 2172 2829 volet,
2196 2787 2289 2823 Titio
2311 2787 2407 2830 dato,

169 2837 360 2880 vindicari,
397 2836 481 2881 quia
510 2846 582 2871 non
613 2836 736 2881 plura,
768 2835 832 2871 sed
862 2846 974 2871 unum
1003 2835 1160 2880 legatum
1190 2839 1255 2870 est.
1327 2836 1443 2878 ‘dum,
1475 2839 1596 2870 utrum
1626 2833 1711 2869 velit
1741 2832 1845 2874 dare,
1877 2842 1920 2868 eo
1953 2831 2029 2874 die,
2061 2842 2131 2877 quo
2157 2836 2407 2867 testamentum

168 2882 333 2928 idemque
356 2881 514 2917 dicemus
536 2881 676 2927 peculio
700 2880 816 2926 legato
837 2884 901 2916 aut
919 2883 1017 2916 veste
1031 2884 1096 2916 aut
1110 2883 1257 2926 argento
1327 2885 1456 2916 ‘meum
1486 2879 1674 2915 recitatum
1705 2878 1790 2920 erit,
1822 2877 1942 2913 dicat’.
1989 2876 2031 2928 si·
2046 2887 2119 2912 non
2142 2876 2271 2928 dixerit
2291 2877 2406 2919 heres,

171 2931 208 2964 et
230 2926 412 2963 similibus.
1325 2924 1550 2970 Pamphilum
1573 2933 1621 2959 an
1645 2922 1805 2958 Stichum
1834 2921 1921 2957 dare
1950 2921 2068 2963 maht,
2098 2921 2243 2966 perinde
2273 2921 2406 2966 obliga·

217 2969 242 3025 7
268 2971 377 3007 loru
396 2970 487 3006 libro
511 2974 637 3005 octavo
669 2970 719 3006 ad
740 2970 925 3007 Plautium
951 2969 1011 3023 ‘Si
1033 2969 1128 3022 Titio
1160 2973 1197 3004 et
1225 2969 1259 3005 ei
1326 2974 1402 3005 tum
1433 2980 1515 3005 eum
1546 2978 1625 3005 esse
1654 2971 1762 3013 puto,
1795 2977 1839 3002 ac
1862 2966 1893 3002 si
1916 2966 2075 3002 Stichum
2091 2969 2163 3018 ‘aut
2183 2965 2407 3019 Pamphilum

170 3028 241 3116 ἓξὲξ.
256 3014 1257 3114 ‘5221’130323‚ffisstssfiffssffuffl‘tzssssszffipott‘ss
1326 3014 1931 3111 ἓξῖἒήὲῗὲἒοὶηῗῗᾰῶῗῷῗ,
1953 3010 2408 3091 ξὲὶῖῗξοέὲῗὲἳῖἰξὲηὲ

171 3116 390 3189 quhnffignsco
391 3104 710 3186 lzffgnzozzntgg.
722 3149 906 3186 Plautium
952 3148 989 3185 Si
1016 3149 1095 3194 quis
1118 3159 1258 3185 servum
1324 3101 1887 3198 augg-izmdsstquimgxuplffi
1915 3099 2218 3189 ‹lpleldzztehgfia'lxtlgr
2237 3105 2407 3197 ἕξοι-ἓξὲξ

171 3196 312 3233 heredis
333 3195 389 3231 vel
411 3194 566 3230 alienum
589 3194 756 3238 legaverit
779 3200 815 3230 et
836 3194 867 3230 is
886 3194 1048 3239 fugisset,
1073 3194 1257 3229 cautiones
1326 3204 1408 3231 cum
1439 3196 1558 3229 autem
1589 3191 1697 3227 semel
1728 3191 1857 3227 dixerit
1886 3190 2007 3241 heres,
2044 3193 2164 3241 utrum
2197 3188 2283 3224 dare
2312 3190 2406 3232 velit,

170 3239 453 3287 interponendae
475 3242 560 3275 sunt
583 3239 627 3273 de
649 3239 850 3275 reducendo
876 3250 935 3275 eo:
968 3238 1032 3275 sed
1063 3239 1094 3274 si
1117 3238 1258 3284 quidem
1325 3242 1464 3275 mutare
1499 3236 1711 3273 sententiam
1744 3246 1818 3272 non
1847 3238 1989 3281 potent.
2036 3237 2074 3268 et
2107 3238 2158 3269 lta
2195 3238 2231 3269 et
2264 3233 2407 3270 Iuliano

171 3287 250 3322 vivo
281 3289 455 3322 testatore
483 3283 632 3329 fugerit,
672 3285 835 3335 expensis
869 3283 1030 3329 legatarii
1062 3282 1257 3326 reducitur,
1324 3282 1472 3331 placuit.
2046 3323 2054 3331 ·
2120 3323 2128 3331 ⁹
2259 3322 2268 3331 ·

176 3335 191 3367 1
240 3331 272 3367 si
320 3334 378 3366 ost
400 3333 568 3371 mortem,
599 3328 799 3373 sumptibus
831 3328 982 3364 heredis.
1029 3327 1068 3364 Si
1089 3328 1142 3363 ita
1163 3328 1257 3373 lege-
1373 3324 1425 3365 12
1448 3325 1608 3363 Panes
1634 3325 1726 3362 libro
1748 3323 1904 3361 secundo
1927 3322 1977 3358 ad
2007 3322 2185 3375 Vitellium
2232 3322 2271 3358 Si
2296 3333 2405 3368 pecu·

171 3380 249 3412 tur:
288 3385 297 3396 ·
326 3374 508 3420 empronio
540 3373 662 3409 decem
692 3377 774 3417 aut,
811 3374 841 3408 si
870 3373 1040 3416 noluerit,
1079 3372 1258 3409 hominem
1324 3372 1386 3409 nia
1407 3372 1525 3417 legata
1546 3371 1585 3405 in
1607 3370 1709 3406 bonis
1732 3369 1881 3415 legantis
1904 3378 1976 3403 non
2000 3371 2065 3409 sit,
2097 3366 2263 3403 solvendo
2285 3371 2406 3403 tamen

173 3420 347 3457 ‘Stichum
368 3420 470 3464 lego',
501 3419 572 3455 hoc
603 3427 690 3453 casu
721 3417 792 3453 duo
823 3418 942 3470 legata
967 3421 1070 3460 sunt,
1102 3417 1166 3454 sed
1195 3417 1259 3453 uni
1323 3416 1502 3454 hereditas
1526 3416 1584 3459 sit,
1607 3415 1719 3467 heres·
1733 3413 1919 3460 pecuniam
1941 3412 2094 3465 legatam
2117 3412 2203 3447 dare
2225 3411 2404 3464 compelli-

173 3469 194 3501 2
242 3465 457 3502 contentus⁴
481 3473 560 3500 esse
583 3462 700 3499 debet.
748 3461 787 3497 Si
817 3473 895 3507 qms
926 3462 1096 3508 legaverit
1126 3472 1171 3498 ex
1195 3462 1257 3498 illo
1324 3466 1385 3498 tur
1413 3461 1487 3497 sive
1520 3460 1565 3496 de
1594 3470 1660 3496 suo
1691 3469 1764 3495 sive
1793 3468 1839 3494 ex
1867 3457 2068 3509 venditlone
2081 3467 2206 3509 ‘rerum
2228 3456 2407 3492 heredita-

173 3510 268 3547 dolio
300 3510 491 3555 amphoras
523 3508 665 3550 decem,
697 3506 764 3542 etsi
794 3517 866 3542 non
898 3507 1039 3550 decem,
1074 3506 1138 3543 sed
1167 3517 1256 3552 pau-
1331 3510 1342 3542 ι
1391 3506 1525 3542 riarum
1547 3504 1621 3541 sive
1642 3503 1738 3540 unde
1758 3503 1918 3554 voluerit.
1948 3501 2057 3554 ‘Quod
2079 3505 2132 3537 ita
2153 3502 2307 3546 legatum
2330 3505 2403 3537 est:

174 3556 288 3591 ciores
310 3554 460 3591 inveniri
482 3552 632 3599 possint,
656 3562 728 3588 non
751 3552 986 3596 exstinguitur
1003 3552 1170 3597 legatum,
1194 3551 1258 3588 sed
1325 3551 1440 3588 ‘heres
1473 3560 1555 3586 cum
1585 3549 1755 3585 morietur
1776 3548 1890 3583 Lucio
1915 3546 2008 3582 Tmo
2040 3546 2124 3582 dato
2148 3546 2293 3587 decem’,
2324 3556 2406 3582 cum

219 3671 258 3709 (ι)
283 3668 347 3701 Ed.
362 3675 441 3703 2...⁴.
455 3674 553 3702 'Ia-2³.
566 3673 694 3705 25...68;
726 3665 811 3708 Pap.
824 3673 852 3699 t.
867 3672 894 3699 e.
908 3672 953 3698 2⁴.
969 3671 1097 3703 umam
1129 3664 1211 3698 Sat.
1228 3671 1252 3699 ι.
1321 3675 1382 3698 cer.
1506 3665 1549 3700 (³)
1573 3672 1669 3706 posse
1685 3663 1748 3695 im.
1765 3661 1840 3694 dett.
1962 3659 2006 3704 (4)
2030 3660 2132 3692 unico
2148 3664 2325 3692 contentus
2338 3671 2406 3693 ecr-

175 3730 219 3737 —
240 3713 323 3746 Bas.
346 3715 400 3752 44,
421 3719 448 3747 ι.
469 3730 515 3737 -
538 3711 589 3755 Os.
607 3712 684 3745 Cod.
701 3711 733 3750 6,
755 3717 801 3744 87.
821 3716 857 3744 η
994 3709 1038 3750 (2)
1062 3710 1186 3753 potent]
1203 3711 1255 3741 est
1323 3712 1366 3751 (s)
1389 3706 1517 3741 datar
