2528 3918
80 127 246 159 EDICTO

78 238 361 274 fraudandorum
393 237 627 278 creditorum,
658 235 881 271 redhibuerit
911 247 984 272 non
1015 235 1172 272 redhibi-

79 289 183 319 turus
207 284 308 325 alias,
332 283 402 319 nisi
425 282 530 318 vellet
553 291 613 316 eos
636 280 826 322 fraudare,
851 285 996 317 tenetur
1020 282 1172 317 credito-

79 333 100 364 8
147 330 246 364 ribus
269 333 416 374 propter
439 327 655 371 mancipium
674 326 847 361 venditor.
896 327 1030 372 Pignus
1050 337 1172 362 mane-

79 374 133 409 bit
145 375 350 419 obligatum,
370 372 507 408 etiamsi
525 372 724 407 redhibitus
736 371 844 407 fuerit
858 382 1000 408 servus:
1031 373 1172 418 ¹quem-

80 419 289 462 admodum,
314 419 345 454 si
369 428 448 454 eum
471 417 663 452 alienasset
687 421 750 451 aut
773 428 878 452 usum
901 417 1060 453 fructum
1085 418 1173 459 eius,

79 476 150 501 non
175 468 272 500 recte
301 462 533 499 redhibetur2
557 463 625 498 nisi
657 462 897 508 redemptum,
930 463 1007 499 sic³
1031 467 1067 498 et
1095 463 1173 516 pig-

79 513 100 546 9
148 520 235 546 nore
266 509 456 544 liberatum
489 508 698 543 redhibetur
708 509 732 542 ⁴.
790 507 827 542 Si
863 508 930 543 sub
964 508 1175 544 condicione

78 556 186 592 homo
218 557 356 600 emptus
388 553 453 595 sit,
484 553 718 588 redhibitoria
741 554 861 595 actio⁵
885 558 969 589 ante
993 554 1174 589 condicio-

78 611 160 636 nem
183 599 408 636 exsistentem
432 599 603 634 inutiliter
626 599 761 644 agitur,
818 599 879 633 uia
911 599 1068 635 nondum
1093 610 1174 644 per-

78 646 175 682 fecta
198 644 330 690 emptio
354 643 502 679 arbitrio
526 644 653 679 iudicis
677 644 771 688 impe
808 648 887 679 ecta
910 644 988 680 fieri
1012 655 1085 680 non
1108 654 1173 689 po-

77 694 166 727 test:
199 694 236 726 et
268 689 349 725 ideo
383 690 451 725 etsi
484 700 528 725 ex
551 694 669 735 empto
693 690 748 724 vel
771 690 915 725 vendito
938 691 994 725 vel
1018 690 1173 725 redhibi-

77 736 171 772 toria
201 738 285 771 ante
316 738 438 770 actum
467 734 597 777 fuerit,
631 735 774 780 expleta
806 735 1017 771 condicione
1046 736 1174 771 iterum

80 784 121 816 10
168 781 226 826 agi
257 781 398 826 poterit.
446 780 629 816 Interdum
654 780 794 816 etiamsi
818 791 912 826 pura
935 782 982 816 sit
1006 781 1172 822 venditio,

75 830 224 872 propter
246 826 334 861 iuris
359 825 605 861 condicionem
627 826 664 861 in
689 836 863 871 suspenso
897 832 971 869 est,
1003 827 1113 862 veluti
1144 826 1174 860 si

75 882 211 914 servus,
235 871 274 906 111
297 882 367 917 quo
393 872 538 907 alterius
558 881 646 906 usus
665 871 819 914 fructus,
845 872 992 907 alterius
1011 871 1173 918 proprie-

75 921 132 952 tas
158 920 222 959 est,
248 916 381 962 aliquid
406 917 546 953 emerit:
580 927 663 952 nam
696 916 780 951 dum
810 917 988 952 incertum
1021 921 1095 959 est,
1129 927 1174 952 ex

76 963 178 997 cuius
202 973 240 998 re
263 963 417 1007 pretium
441 963 574 1005 solvat,
607 962 758 1007 pendet,
791 962 850 997 cui
873 963 920 997 sit
944 962 1173 1008 adquisitum,

77 1011 112 1042 et
134 1007 215 1043 ideo
239 1008 357 1042 neutri
382 1018 505 1043 eorum
529 1007 763 1043 redhibitoria
788 1008 969 1053 competit.

122 1052 177 1090 44
200 1052 309 1088 IDEM
328 1053 419 1089 libro
443 1053 602 1089 secundo
626 1053 677 1088 ad
699 1053 855 1089 edietum
876 1054 1045 1089 aedilium
1068 1064 1174 1089 curu-

76 1099 163 1134 lium
209 1098 407 1134 Iustissime
446 1098 579 1134 aediles
613 1098 808 1134 noluerunt
841 1099 1020 1134 hominem
1055 1099 1089 1134 ei
1123 1099 1175 1134 rei

75 1154 168 1189 quae
190 1144 338 1179 minoris
363 1147 458 1180 esset
481 1144 664 1186 accedere,
689 1154 734 1179 ne
784 1154 831 1178 ua
849 1144 949 1180 fraus
971 1148 1035 1180 aut
1055 1144 1173 1180 edicto

73 1194 139 1224 aut
162 1189 263 1224 iure⁶
288 1189 380 1225 civili
403 1189 523 1225 fieret:
558 1193 599 1225 ut
623 1190 674 1225 ait
696 1189 748 1225 Pe
786 1200 847 1231 us,
882 1194 1030 1235 propter
1061 1190 1173 1235 digni-

72 1238 185 1270 tatem
210 1235 412 1270 hominum:
448 1235 605 1280 alioquin
630 1235 779 1270 eandem
802 1235 979 1271 rationem
1002 1236 1115 1271 fuisse
1139 1239 1175 1270 et

73 1280 112 1315 in
137 1280 263 1316 ceteris
286 1280 412 1316 rebus:
437 1280 628 1316 ridiculum
651 1290 806 1333 namque
831 1291 909 1316 esse
928 1281 1073 1317 tunicae
1090 1281 1173 1316 fun-

75 1325 160 1360 dum
192 1325 376 1361 accedere.
425 1329 582 1361 ceterum
617 1326 769 1361 homims
805 1326 1000 1362 venditioni
1059 1326 1173 1362 uidvis

73 1371 217 1406 adicere
247 1371 348 1406 licet:
381 1381 465 1406 nam
496 1375 533 1406 et
555 1372 765 1417 plerumque
788 1372 869 1423 plus
893 1372 930 1407 in
954 1383 1046 1418 pecu
1062 1373 1094 1408 'o
1120 1376 1175 1407 est

73 1426 183 1462 quam
206 1416 243 1451 in
267 1427 386 1459 servo,
422 1420 457 1452 et
480 1427 748 1462 nonnumquam
771 1418 925 1453 v1carius
974 1418 1011 1453 ui
1035 1418 1175 1453 accedit

79 1465 93 1496 1
143 1461 256 1506 pluris
289 1466 344 1497 est
375 1472 482 1507 quam
513 1462 543 1497 is
568 1473 689 1498 servus
714 1462 775 1507 qui
798 1463 905 1498 venit.
984 1464 1174 1509 roponitur

74 1506 170 1542 actio
203 1517 247 1542 ex
276 1507 347 1543 hoc
380 1507 495 1543 edicto
527 1508 564 1542 in
597 1518 678 1543 eum
711 1508 813 1543 cuius
845 1509 1001 1543 maxima
1025 1519 1111 1554 pars
1135 1509 1173 1543 in

74 1552 276 1588 venditione
298 1552 426 1595 fuerit,
459 1552 543 1598 quia
566 1553 775 1599 plerumque
798 1554 1016 1589 venaliciarii
1040 1555 1091 1589 ita
1114 1565 1173 1589 so-

74 1598 241 1633 cietatem
274 1602 424 1640 coeunt,
456 1602 497 1634 ut
521 1598 692 1644 quidquid
716 1603 828 1644 agunt
850 1599 887 1634 in
912 1610 1100 1635 commune
1122 1600 1173 1635 vi-

75 1643 228 1679 deantur
251 1653 374 1688 agere:
408 1654 561 1689 aequum
586 1644 679 1679 enim
703 1644 877 1680 aedilibus
900 1645 1016 1680 visum
1040 1650 1096 1681 est
1119 1645 1174 1681 vel

74 1688 111 1724 in
134 1700 246 1724 unum
271 1699 314 1724 ex
338 1689 412 1731 his,
446 1689 548 1725 cuius
579 1689 694 1725 maior
724 1700 811 1735 pars
843 1694 907 1725 aut
938 1691 1038 1726 nulla
1070 1695 1174 1736 parte

73 1734 190 1769 minor
209 1739 314 1778 esset,
340 1734 522 1770 aedilicias
542 1735 704 1770 actiones
725 1740 937 1780 competere,
961 1747 1007 1771 ne
1028 1747 1172 1781 cogere-

73 1783 134 1814 tur
165 1783 305 1825 emptor
336 1790 417 1815 cum
451 1780 572 1815 multis
606 1780 764 1826 litigare,
801 1781 961 1826 quamvis
997 1782 1092 1817 actio
1129 1792 1174 1817 ex

75 1828 193 1870 empto
219 1835 300 1860 cum
325 1825 471 1871 singulis
495 1826 543 1860 sit
563 1836 629 1871 pro
652 1826 837 1871 portione,
870 1837 942 1871 qua
973 1828 1062 1862 socii
1093 1827 1172 1862 fue-

72 1874 176 1905 runt:
201 1880 285 1905 nam
307 1870 345 1906 id
367 1880 478 1916 genus
503 1871 687 1906 hominum
711 1871 758 1906 ad
781 1871 922 1907 lucrum
945 1873 1091 1918 potius⁷
1116 1873 1172 1908 vel

74 1918 95 1950 2
143 1916 296 1961 turpiter
326 1916 531 1951 faciendum
562 1917 711 1962 pronius
747 1920 812 1952 est.
860 1918 903 1952 In
938 1918 1173 1954 redhibitoria

73 1961 129 1996 vel
153 1961 396 1996 aestimatoria
426 1965 547 2007 potest
579 1961 754 2004 dubitari,
786 1973 852 2005 an,
886 1963 994 2008 quia⁸
1017 1964 1172 1999 alienum

73 2016 215 2041 servum
237 2007 405 2049 vendidit,
431 2011 466 2042 et
485 2007 531 2042 ob
552 2007 764 2043 evictionem
784 2011 820 2042 et
838 2012 988 2053 propter
1006 2009 1171 2044 morbum

72 2051 167 2087 forte
189 2051 245 2087 vel
267 2051 390 2097 fugam
413 2052 519 2087 simul
542 2053 657 2088 teneri
679 2057 817 2098 potest:
852 2064 934 2088 nam
957 2058 1079 2099 potest
1102 2054 1172 2089 dici

74 2096 162 2132 nihil
185 2097 358 2133 interesse
390 2098 559 2143 emptoris
590 2108 718 2134 sanum
751 2108 849 2141 esse,
881 2098 1068 2144 fugitimm
1098 2110 1171 2135 non

74 2152 153 2177 esse
178 2152 278 2185 eum,
303 2142 364 2187 qui
389 2143 524 2179 evictus
547 2143 605 2179 sit.
642 2144 706 2179 sed
729 2143 892 2179 interfuit
917 2145 1087 2190 emptoris
1112 2155 1171 2180 sa-

74 2198 160 2222 num
183 2188 385 2232 possedisse
407 2192 556 2234 propter
586 2199 734 2234 operas,
766 2200 882 2235 neque
914 2200 959 2225 ex
988 2191 1170 2235 postfacto

74 2233 262 2268 decrescat
292 2233 480 2279 obligatio:
513 2234 635 2269 statim
666 2234 760 2270 enim
791 2239 833 2270 ut
864 2246 986 2270 servus
1017 2235 1171 2271 traditus

75 2281 130 2313 est
153 2278 387 2314 committitur
411 2279 594 2324 stipulatio
620 2280 746 2325 quanti
768 2280 918 2315 interest
943 2281 1123 2326 emptoris.

120 2321 174 2360 45
202 2323 326 2360 arms
353 2324 445 2360 libro
463 2325 587 2371 primo
611 2325 661 2360 ad
684 2325 838 2361 edictum
865 2326 1036 2361 aedilium
1063 2338 1169 2361 curu-

75 2368 161 2404 lium
207 2368 457 2405 Redhibitoria
488 2370 583 2405 actio
616 2370 664 2405 du
691 2370 794 2406 licem
818 2371 928 2406 habet
953 2372 1168 2407 condemna-

72 2413 224 2448 tionem:
261 2414 367 2450 modo
401 2415 494 2450 enim
526 2415 564 2450 in
595 2415 667 2461 dup
683 2427 762 2458 um,
794 2416 899 2451 modo
931 2417 968 2451 in
1004 2417 1170 2463 simplum

75 2459 335 2494 condemnatur
367 2460 540 2496 venditor.
576 2471 661 2496 nam
684 2462 715 2496 si
738 2471 853 2507 neque
876 2463 1030 2507 pretium
1054 2473 1170 2508 neque

74 2505 316 2540 accessionem
348 2506 465 2540 solvat
494 2516 609 2551 neque
641 2517 722 2542 eum
753 2507 815 2552 qui
846 2517 888 2542 eo
913 2508 1056 2544 nomine
1079 2508 1168 2543 obli-

72 2553 178 2594 gatus
204 2550 269 2584 erit
291 2550 428 2593 liberet,
454 2550 553 2596 dupli
576 2551 682 2596 pretii
706 2555 742 2587 et
765 2552 980 2588 accessionis
1001 2553 1168 2589 condem-

75 2594 155 2629 nari
178 2594 341 2630 iubetur:
376 2596 407 2631 si
429 2606 513 2631 vero
537 2596 667 2631 reddat
689 2598 844 2642 pretium
868 2601 904 2632 et
927 2599 1169 2634 accessionem

72 2639 129 2674 vel
153 2650 234 2675 eum
257 2641 319 2686 qui
342 2651 384 2677 eo
408 2642 550 2677 nomine
581 2642 758 2686 obligatus
790 2646 846 2678 est
875 2642 1020 2686 liberet,
1052 2644 1170 2689 simpli

73 2684 239 2720 videtur⁹
264 2685 506 2722 condemnari.

120 2727 175 2767 46
199 2729 431 2767 POMPONIUS
458 2732 551 2768 libro
584 2736 710 2768 octavo
742 2732 880 2768 decimo
913 2733 964 2768 ad
993 2732 1168 2769 Sabinum

73 2774 165 2810 Cum
197 2775 284 2810 mihi
314 2776 522 2820 redhibeas,
556 2777 663 2813 furtis
698 2778 871 2823 noxisque
903 2778 1059 2813 solutum
1093 2789 1170 2814 esse

99 2820 281 2856 remittere
303 2832 377 2857 non
401 2822 530 2864 debes,
563 2827 814 2868 praeterquam
845 2823 943 2868 quod
973 2824 1075 2859 iussu
1105 2828 1167 2860 tuo

91 2869 210 2901 ecerat
234 2869 298 2901 aut
321 2867 397 2902 eius
422 2867 480 2902 cui
503 2871 544 2902 tu
569 2878 649 2903 eum
673 2869 894 2904 alienaveris.

122 2908 173 2948 47
199 2910 360 2947 PAULUS
379 2912 470 2948 libro
493 2913 682 2949 undecimo
707 2914 757 2949 ad
775 2913 950 2949 Sabinum
998 2913 1036 2949 Si
1054 2914 1167 2949 homi-

75 2966 156 2991 nem
179 2960 337 3001 emptum
360 2958 608 3001 manumisisti,
633 2962 669 2994 et
691 2959 959 2994 redhibitoriam
983 2963 1020 2994 et
1044 2960 1168 3004 quanti

75 3001 222 3037 minoris
242 3001 486 3046 denegandam
505 3004 570 3038 tibi
582 3004 705 3039 Labeo
727 3005 787 3046 ait,
809 3004 902 3039 sicut
922 3004 1052 3049 duplae
1073 3005 1167 3040 actio

73 3047 224 3090 periret:
251 3057 333 3091 ergo
353 3051 390 3083 et
408 3048 506 3093 quod
524 3048 695 3084 adversus
716 3049 852 3084 dictum
870 3051 1128 3095 promissumve
1140 3051 1168 3070 ¹⁰

81 3093 94 3124 1
143 3091 207 3134 sit,
243 3092 337 3128 actio
372 3093 512 3138 peribit.
559 3093 649 3129 Post
682 3098 833 3130 mortem
863 3098 984 3130 autem
1015 3095 1167 3130 hominis

74 3135 258 3172 aediliciae
282 3137 442 3173 actiones
465 3143 622 3181 manent,

98 3223 106 3231 ⁶
123 3178 176 3218 48
200 3181 430 3218 POMPONIUS
459 3183 550 3219 libro
582 3184 748 3219 vicesimo
781 3185 887 3219 tertio
920 3184 971 3220 ad
993 3183 1168 3220 Sabinum

75 3234 109 3259 si
138 3229 258 3261 tamen
290 3227 367 3262 sine
398 3228 504 3273 culpa
528 3229 660 3264 actoris
683 3228 882 3264 familiaeve
906 3230 982 3264 eius
1005 3230 1061 3264 vel
1084 3240 1167 3274 pro-

81 3271 111 3321 1.
131 3272 318 3321 ‘curatoris
343 3277 504 3308 mortuus
529 3274 585 3308 sit.
634 3274 842 3309 Audiendus
867 3278 921 3310 est
944 3275 993 3317 is,
1030 3275 1091 3319 qui
1123 3275 1168 3310 de

78 3316 164 3349 v1t10
196 3315 261 3350 vel
292 3318 415 3353 morbo
452 3319 545 3353 servi
579 3329 730 3364 querens
766 3320 920 3355 retinere
955 3330 1035 3355 eum
1070 3320 1165 3355 velit.

78 3360 100 3393 2
145 3357 229 3410 Non
251 3362 393 3396 nocebit
417 3363 587 3408 emptori,
619 3364 649 3398 si
681 3374 743 3399 sex
773 3375 935 3399 mensum
959 3366 1167 3409 exceptione

76 3402 309 3439 redhibltoria
340 3408 505 3444 exclusus
535 3408 620 3443 velit
649 3408 743 3443 intra
766 3419 900 3444 annum
925 3410 1168 3444 aestimatoria

79 3450 110 3500 3·
148 3458 262 3500 agere.
311 3449 366 3493 Ei,
390 3452 451 3496 qui
473 3463 613 3488 servum
628 3453 788 3489 vinctum
806 3454 1015 3496 vendiderit,
1041 3454 1166 3490 aedili-

79 3503 174 3528 cium
198 3493 351 3528 ed1ctum
373 3497 505 3532 remitti
536 3508 688 3542 aequum
720 3502 792 3534 est:
824 3499 936 3534 multo
968 3499 1061 3534 enim
1092 3509 1166 3534 am-

78 3537 171 3582 plius
207 3542 261 3573 est
294 3538 331 3573 id
363 3539 502 3584 facere,
537 3553 645 3587 quam
678 3543 910 3589 pronuntiare
943 3544 981 3579 in
1016 3544 1166 3580 vinculis

79 3653 119 3693 (1)
146 3662 248 3694 quare
269 3653 330 3686 ins.
512 3655 556 3696 (2)
579 3656 797 3689 redhibeatur
808 3656 871 3698 ΡΞ,
891 3657 1085 3690 redhiberet
1097 3670 1160 3692 scr.

80 3697 126 3734 (3)
140 3698 186 3728 sit
198 3697 251 3729 F²
298 3699 342 3739 (4)
354 3697 572 3732 redhibeatur
582 3700 645 3741 1⁵⁷2,
658 3702 812 3734 redhibet
823 3715 886 3736 scr.
934 3706 977 3744 (5)
995 3704 1084 3735 actio
1098 3704 1161 3736 del.

81 3743 125 3776 (6)
151 3742 218 3774 iuri
232 3744 303 3775 edd.
377 3745 421 3784 (τ)
446 3744 560 3784 potius
574 3746 635 3778 del.
707 3749 751 3787 (8)
777 3748 835 3789 qui
849 3748 925 3781 dett.
997 3749 1041 3787 (9)
1066 3746 1161 3779 iube-

1177 107 1261 157 277

1231 3660 1287 3690 tur
1303 3658 1437 3691 Voorda

1231 3703 1386 3746 Krueyer

1231 3760 1292 3780 sec.
1306 3748 1388 3781 Hal.
1402 3760 1464 3781 scr.

2178 115 2342 158 XX11

1242 239 1264 270 4
1309 235 1434 271 fuisse.
1483 237 1525 271 ln
1545 236 1716 271 aediliciis
1736 236 1938 272 actionibus
1952 238 2199 283 exceptionem
2211 239 2347 291 opponi

1243 291 1397 326 aequum
1421 285 1487 324 est,
1513 281 1544 316 si
1567 286 1706 326 emptor
1730 282 1838 316 sciret
1858 283 1902 318 de
1922 283 2009 328 fuga
2027 287 2093 318 aut
2111 283 2264 319 vinculis
2279 287 2349 320 -aut

1243 330 1263 361 5
1313 327 1439 362 ceteris
1451 327 1559 362 rebus
1579 327 1763 368 similibus,
1785 331 1826 361 ut
1837 328 2002 364 venditor
2013 328 2233 365 absolvatur.
2272 330 2345 365 Ae-

1243 371 1384 408 diliciae
1415 372 1575 408 actiones
1610 377 1646 407 et
1669 371 1793 407 heredi
1817 376 1853 407 et
1874 373 1911 408 in
1936 374 2104 410 heredem
2128 378 2346 420 competunt,

1242 421 1285 452 ut
1314 421 1437 453 tamen
1468 421 1506 453 et
1534 417 1635 453 facta
1657 417 1830 452 heredum
1855 429 1947 463 quae
1970 424 2099 464 postea
2124 421 2345 456 accesserint

1244 466 1264 498 6
1313 467 1349 498 et
1372 463 1470 508 quod
1486 464 1509 484 ¹¹
1537 463 1689 508 experiri
1711 463 1914 508 potuerint,
1940 466 2213 509 quaerantur¹².
2261 465 2347 502 Non

1243 507 1359 543 solum
1383 508 1428 543 de
1451 508 1658 553 mancipiis,
1691 508 1755 543 sed
1780 508 1825 543 de
1848 509 1946 544 omni
1969 510 2114 546 animali
2138 511 2207 546 hae
2231 512 2346 547 actio-

1243 564 1306 588 nes
1332 558 1552 599 competunt‚
1577 554 1630 588 ita
1653 557 1695 588 ut
1719 553 1837 596 etiam,
1862 554 1892 589 si
1917 565 2022 589 usum
2044 555 2203 591 fructum
2222 556 2260 592 in
2280 557 2345 592 ho-

1245 602 1263 633 7
1312 599 1407 634 mine
1431 599 1595 641 emerim,
1628 603 1830 644 competere
1854 599 2020 635 debeant.
2069 600 2158 636 Cum
2189 602 2345 638 redhibi-

1243 644 1338 679 toria
1360 645 1502 680 actione
1527 644 1571 679 de
1595 645 1750 680 sanitate
1773 645 1903 689 agitur,
1927 646 2204 690 permittendum
2226 652 2282 683 est
2301 648 2346 684 de

1242 700 1315 725 uno
1339 690 1425 725 vitio
1450 700 1555 734 agere
1580 694 1616 725 et
1638 690 1847 735 praedicere
1860 716 1869 732 ,
1894 694 1946 733 ut,
1971 691 2001 726 si
2025 692 2113 736 quid
2137 693 2235 728 aliud
2258 703 2343 739 pos-

1245 738 1264 770 8
1312 739 1372 770 tea
1396 735 1644 780 apparuisset,
1677 735 1722 771 de
1746 746 1787 771 eo
1812 735 1942 771 iterum
1967 740 2142 781 ageretur.
2191 738 2344 785 Simpla-

1242 781 1377 815 riarum
1389 781 1632 816 venditionum
1646 791 1758 816 causa
1777 791 1823 816 ne
1844 781 1891 816 sit
1908 781 2111 825 redhibitio,
2131 783 2170 818 in
2189 794 2259 819 usu
2279 788 2344 820 est.

1290 824 1344 863 49
1384 825 1581 862 ULPIANUS
1608 826 1700 862 libro
1731 830 1857 862 octavo
1890 827 2177 873 disputationum
2222 829 2345 865 Etiam

1242 871 1280 906 in
1303 871 1416 907 fundo
1441 871 1584 907 vendito
1606 872 1880 907 redhibitionem
1925 873 2096 908 rocedere
2116 884 2344 920 nequaquam

1242 917 1420 952 incertum
1445 922 1509 959 est,
1533 917 1643 952 veluti
1667 918 1698 952 si
1716 917 1886 963 pestilens
1922 918 2040 953 undus
2062 918 2257 955 distractus
2279 921 2343 956 sit:

1242 972 1326 997 nam
1351 962 1593 998 redhibendus
1619 963 1696 998 erit.
1735 967 1771 998 et
1793 963 1985 1007 benignum
2010 967 2065 999 est
2089 964 2207 1000 dicere
2229 966 2341 1001 vecti-

1242 1008 1331 1053 galis
1365 1008 1588 1043 exactionem
1621 1008 1734 1043 futuri
1765 1008 1936 1054 temporis
1960 1013 2045 1054 post
2068 1010 2344 1046 redhibitionem

1243 1053 1415 1089 adversus
1440 1057 1636 1099 emptorem
1660 1064 1815 1089 cessare.

1290 1097 1343 1137 50
1367 1098 1564 1134 IULIANUS
1591 1099 1683 1135 libro
1715 1103 1847 1146 quarto
1872 1110 1922 1135 ex
1947 1098 2099 1135 Minicio
2146 1100 2344 1137 Varicosus

1244 1154 1355 1180 sanus
1379 1154 1455 1180 non
1479 1148 1544 1180 est.

1290 1188 1340 1227 51
1357 1191 1585 1225 AFRICANUS
1594 1189 1686 1226 libro
1698 1193 1825 1226 octavo
1836 1192 2088 1236 quaestionum
2137 1190 2226 1227 Cum
2238 1203 2340 1228 man-

1244 1235 1275 1271 ci
1302 1236 1375 1270 ium
1407 1236 1615 1271 morbosum
1647 1235 1702 1270 vel
1733 1235 1899 1271 vitiosum
1930 1247 2053 1272 servus
2086 1241 2182 1273 emat
2205 1241 2241 1273 et
2263 1237 2344 1274 red-

1243 1282 1280 1316 hi
1306 1281 1414 1316 itoria
1433 1281 1487 1316 vel
1509 1291 1554 1316 ex
1574 1285 1693 1326 empto
1716 1280 1881 1317 dominus
1903 1283 2119 1327 experiatur,
2140 1283 2344 1319 omnimodo

1244 1326 1430 1362 scientiam
1455 1326 1566 1368 servi,
1592 1338 1664 1362 non
1689 1326 1823 1362 domini
1847 1328 2081 1372 spectandam
2106 1338 2185 1364 esse
2209 1329 2279 1371 ait,
2304 1332 2345 1365 ut

1243 1372 1333 1407 nihil
1355 1372 1516 1414 intersit,
1549 1372 1724 1417 peculiari
1755 1383 1803 1407 an
1834 1373 1969 1408 domini
1993 1374 2136 1410 nomine
2161 1374 2285 1410 emerit
2308 1378 2364 1410 et-

1244 1422 1382 1453 certum
1405 1418 1624 1453 incertumve
1648 1417 1843 1453 mandante
1867 1429 1908 1454 eo
1933 1420 2066 1461 emerit,
2092 1420 2177 1465 quia
2199 1424 2288 1456 tunc
2309 1424 2345 1456 et

1242 1463 1331 1498 illud
1355 1474 1400 1498 ex
1424 1464 1520 1498 bona
1543 1462 1613 1499 fide
1637 1467 1692 1498 est
1716 1474 1867 1506 servum,
1893 1475 1975 1499 cum
1999 1476 2069 1510 quo
2093 1465 2276 1510 negotium
2298 1465 2346 1501 sit

1266 1513 1394 1551 estum,
1420 1509 1608 1554 deceptum
1632 1519 1705 1544 non
1730 1519 1819 1551 esse,
1845 1513 1881 1544 et
1903 1520 2029 1545 rursus
2053 1510 2221 1546 delictum
2250 1510 2343 1546 eius-

1242 1520 1335 1597 ‹giem,
1361 1554 1459 1599 quod
1482 1554 1519 1589 in
1545 1554 1790 1589 contrahendo
1816 1555 2018 1597 admiserit,
2045 1555 2187 1591 domino
2213 1566 2344 1592 nocere

1243 1600 1361 1635 debet.
1396 1600 1461 1634 sed
1486 1600 1516 1635 si
1540 1610 1663 1635 servus
1687 1600 1862 1635 mandatu
1886 1600 2020 1635 domini
2044 1602 2224 1637 hominem
2247 1612 2341 1638 eme-

1242 1646 1307 1688 rit,
1333 1656 1438 1690 quem
1463 1645 1627 1680 dominus
1651 1645 1816 1680 vitiosum
1840 1656 1919 1681 esse
1944 1646 2071 1688 sciret,
2105 1657 2177 1682 non
2200 1650 2344 1684 tenetur

1246 1695 1261 1725 1
1310 1691 1482 1726 venditor.
1532 1690 1638 1726 Circa
1661 1692 1908 1735 procuratoris
1932 1702 2135 1736 personam,
2161 1703 2244 1728 cum
2264 1693 2342 1738 qui·

1243 1736 1323 1771 dem
1346 1736 1424 1781 ipse
1447 1736 1569 1771 scierit
1592 1737 1799 1772 morbosum
1823 1737 1991 1772 vitiosum
2015 1747 2114 1779 esse,
2139 1748 2213 1773 non
2237 1737 2342 1774 dubi-

1241 1781 1402 1823 tandum,
1428 1782 1533 1827 quin,
1559 1781 1720 1826 quamvis
1744 1782 1822 1826 ipse
1847 1782 1991 1818 domino
2016 1782 2176 1818 mandati
2200 1783 2256 1819 vel
2279 1794 2342 1819 ne-

1241 1827 1419 1872 gotiorum
1437 1831 1620 1872 gestorum
1640 1827 1783 1863 actione
1800 1827 1848 1862 sit
1869 1828 2076 1870 obstrictus,
2097 1828 2208 1864 nihilo
2230 1829 2343 1874 magis

1243 1883 1284 1908 eo
1311 1873 1454 1907 nomine
1477 1882 1582 1917 agere
1606 1873 1739 1917 possit:
1774 1877 1813 1907 at
1845 1883 1927 1908 cum
1960 1873 2038 1918 ipse
2069 1874 2239 1919 ignorans
2264 1884 2343 1910 esse

1242 1918 1409 1952 vitiosum
1426 1918 1599 1953 mandatu
1624 1917 1756 1953 domini
1780 1918 1840 1963 qui
1863 1919 1901 1953 id
1925 1919 2032 1954 sciret
2057 1919 2182 1954 emerit
2206 1924 2242 1955 et
2260 1919 2341 1955 red-

1241 1963 1411 1998 hibitoria
1432 1967 1526 2008 agat,
1553 1974 1597 1998 ex
1611 1973 1767 2008 persona
1791 1963 1926 1999 domini
1950 1964 2073 1999 utilem
2098 1965 2342 2010 exceptionem

1243 2009 1274 2043 ei
1298 2019 1371 2043 non
1394 2009 1549 2053 putabat
1573 2020 1619 2054 op
1647 2009 1836 2044 onendam.

1288 2051 1342 2091 52
1366 2053 1605 2090 MARGJANUS
1635 2055 1713 2090 ibro
1734 2058 1868 2100 quarto
1888 2055 2100 2102 reqularum
2148 2055 2187 2091 Si
2206 2055 2342 2092 furtum

1241 2099 1384 2135 domino
1415 2109 1539 2135 servus
1570 2098 1714 2142 fecerit,
1747 2110 1821 2135 non
1855 2104 1910 2136 est
1933 2111 2080 2137 necesse
2103 2101 2173 2136 hoc
2195 2102 2233 2137 in
2256 2112 2341 2137 ven-

1241 2144 1376 2180 ditione
1406 2145 1501 2180 servi
1531 2145 1738 2190 praedicere
1762 2155 1828 2181 nec
1854 2156 1898 2181 ex
1920 2146 1991 2181 hac
2016 2157 2128 2182 causa
2149 2146 2340 2183 redhibitio

1239 2194 1313 2225 est:
1340 2190 1403 2226 sed
1427 2191 1457 2225 si
1477 2190 1606 2226 dixerit
1627 2191 1724 2226 hunc
1742 2189 1859 2226 furem
1879 2202 1952 2227 non
1970 2202 2059 2234 esse,
2085 2202 2130 2227 ex
2151 2192 2213 2227 issa
2237 2197 2342 2238 parte

1239 2235 1431 2278 tenebitur,
1456 2235 1554 2280 quod
1578 2236 1667 2270 dixit
1690 2235 1908 2281 promisitve.

1285 2278 1340 2318 53
1366 2281 1412 2316 Ιᾼ
1422 2291 1594 2316 νοιΕΝυε
1620 2281 1711 2316 libro
1736 2283 1862 2327 primo
1893 2293 1944 2318 ex
1969 2283 2236 2329 posterioribus
2268 2283 2335 2318 La-

1240 2326 1363 2361 beonis
1409 2326 1476 2370 Qui
1508 2327 1665 2361 tertiana
1689 2332 1753 2362 aut
1777 2331 1955 2372 quartana
1977 2328 2070 2363 febri
2094 2332 2157 2363 aut
2180 2328 2341 2374 podagra

1238 2375 1454 2406 vexarentur
1509 2372 1588 2407 uive
1621 2372 1836 2407 comitialem
1867 2374 2031 2408 morbum
2065 2374 2258 2416 haberent,
2294 2384 2340 2409 ne

1239 2417 1381 2461 quidem
1406 2417 1462 2452 his
1511 2417 1632 2459 iebus,
1665 2418 1793 2462 quibus
1825 2419 1972 2454 morbus
2005 2422 2149 2454 vacaret
2161 2420 2208 2462 ¹³,
2240 2422 2340 2454 recte

1240 2462 1318 2497 sani
1343 2462 1517 2498 dicentur.

1285 2506 1339 2544 54
1360 2507 1610 2543 Pammazws
1625 2508 1717 2544 libro
1737 2511 1869 2554 quarto
1889 2519 2147 2555 responsorum
2192 2509 2338 2545 Actioni

1238 2552 1493 2588 redhibitoriae
1516 2564 1589 2588 non
1615 2557 1670 2588 est
1692 2553 1804 2596 locus,
1829 2554 1861 2588 si
1884 2553 2101 2598 mancipium
2124 2554 2228 2590 bonis
2250 2565 2337 2590 con-

1238 2598 1439 2633 dicionibus
1464 2602 1621 2643 emptum
1645 2598 1788 2643 fugerit,
1813 2599 1908 2643 quod
1932 2603 2018 2634 ante
2041 2610 2115 2635 non
2137 2599 2290 2644 fugerat.

1285 2642 1337 2680 55
1362 2643 1471 2678 Ios-u
1498 2644 1589 2679 libro
1614 2644 1824 2679 duodecimo
1848 2654 2104 2688 responsorum
2153 2644 2242 2680 Cum
2274 2655 2338 2681 sex

1237 2699 1378 2724 menses
1402 2689 1527 2731 utiles,
1560 2689 1690 2733 quibus
1715 2688 1925 2733 experiundi
1947 2692 2109 2734 potestas
2133 2689 2224 2734 fuit,
2254 2690 2336 2726 red-

1237 2734 1428 2769 hibitoriae
1452 2735 1586 2769 actioni
1610 2737 1853 2779 praestantur,
1878 2745 1951 2769 non
1975 2734 2152 2770 videbitur
2175 2739 2336 2780 potesta-

1237 2783 1310 2814 tem
1342 2779 1549 2824 experiundi
1580 2779 1768 2821 habuisse,
1801 2779 1863 2824 qui
1893 2780 2017 2815 vitium
2047 2779 2186 2825 fugitivi
2217 2782 2335 2816 latens

1237 2824 1429 2869 ignoravit:
1455 2835 1528 2859 non
1545 2824 1680 2859 idcirco
1702 2828 1822 2859 tamen
1843 2824 2054 2860 dissolutam
2075 2826 2336 2871 ignorationem

1239 2869 1409 2914 emptoris
1434 2870 1599 2904 excusari
1612 2871 1638 2889 ¹⁴
1663 2869 1855 2914 oportebit.

1284 2912 1337 2951 56
1362 2914 1420 2949 ΡΑ
1430 2924 1525 2949 nus
1540 2914 1631 2949 libro
1646 2915 1770 2960 primo
1781 2916 2031 2967 quaestionum
2077 2915 2231 2951 Latinus
2242 2915 2333 2951 Lar-

1237 2970 1321 3004 gus:
1348 2969 1493 3004 quaero,
1519 2970 1566 2994 an
1589 2958 1791 2994 fideiusson
1815 2960 2005 3005 emptionis
2028 2961 2208 2996 redhiberi
2231 2971 2333 2996 man-

1238 3005 1368 3050 cipium
1387 3004 1513 3049 possit.
1549 3003 1730 3049 respondi,
1754 3004 1786 3040 si
1803 3004 1841 3040 in
1857 3006 2058 3041 universam
2080 3016 2226 3041 causam
2245 3006 2333 3041 fide-

1236 3050 1354 3085 iussor
1377 3050 1424 3084 sit
1447 3053 1630 3094 acceptus,
1654 3053 1759 3094 putat
1781 3049 1975 3086 Marcellus
1999 3062 2107 3096 posse
2130 3052 2163 3086 ei
2187 3051 2331 3095 fideius-

1238 3095 1310 3130 sori
1334 3094 1523 3129 redhiberi.

1284 3138 1335 3176 57
1361 3139 1470 3175 IDEM
1485 3139 1576 3175 libro
1598 3140 1725 3185 quinto
1746 3141 1997 3186 quaestionum
2044 3140 2083 3176 Si
2095 3151 2219 3176 servus
2231 3151 2332 3176 man·

1238 3185 1368 3230 cipium
1393 3184 1477 3220 emit
1501 3188 1536 3220 et
1559 3184 1723 3220 dominus
1746 3185 1981 3221 redhibitoria
2005 3190 2108 3231 agat,
2133 3197 2206 3221 non
2230 3186 2332 3220 aliter

1238 3231 1269 3265 ei
1293 3230 1454 3265 venditor
1478 3229 1627 3265 daturus
1652 3234 1717 3272 est,
1742 3241 1849 3276 quam
1873 3232 1905 3266 si
1930 3232 2048 3266 omnia
2071 3231 2290 3276 praestiterit
2303 3232 2331 3252 ¹⁵

1237 3286 1329 3320 quae
1352 3275 1436 3310 huic
1460 3275 1594 3310 actioni
1617 3276 1846 3311 continentur
1869 3280 1904 3311 et
1928 3276 2070 3320 quidem
2093 3277 2225 3318 solida,
2258 3286 2331 3310 non

1236 3320 1377 3365 peculio
1409 3323 1535 3355 tenus:
1567 3331 1652 3355 nam
1683 3325 1719 3356 et
1749 3322 1779 3356 si
1811 3332 1856 3357 ex
1887 3325 2005 3366 empto
2039 3321 2202 3356 dominus
2234 3325 2329 3364 agat,

1241 3370 1254 3400 1
1305 3365 1373 3400 nisi
1385 3365 1538 3410 pretium
1549 3368 1665 3401 totum
1678 3366 1832 3408 solverit,
1846 3366 1935 3401 nihil
1949 3367 2189 3410 consequitur.
2226 3365 2331 3408 Quod

1236 3411 1267 3445 si
1291 3420 1413 3445 servus
1437 3410 1494 3445 vel
1517 3410 1611 3446 filius
1634 3411 1851 3452 vendiderit,
1885 3411 2119 3446 redhibitoria
2150 3411 2187 3444 in
2245 3420 2329 3444 ecu—

1235 3456 1323 3490 lium
1347 3455 1527 3499 competit.
1563 3455 1602 3490 in
1624 3456 1764 3500 peculio
1789 3460 1910 3491 autem
1935 3460 1970 3490 et
1990 3466 2102 3490 causa
2119 3454 2220 3489 redhi
2247 3454 2328 3489 itio-

1235 3501 1290 3535 nis
1323 3500 1580 3535 continebitur:
1615 3511 1683 3536 nec
1715 3511 1781 3536 nos
1813 3504 1972 3542 moveat,
2006 3499 2100 3544 quod
2136 3503 2328 3543 antequam

1234 3544 1406 3580 reddatur
1429 3555 1552 3581 servus
1575 3556 1649 3581 non
1673 3550 1728 3581 est
1749 3546 1788 3580 in
1811 3545 1950 3590 peculio
1984 3549 2068 3586 (non
2093 3544 2186 3579 enim
2209 3547 2329 3588 potest

2007 3659 2060 3697 (11)
2087 3657 2189 3699 quod]
2206 3667 2245 3689 ex
2260 3668 2327 3700 quo

1946 3703 2003 3742 (13)
2029 3702 2155 3734 morbis
2168 3706 2327 3735 vacarent

1964 3748 2022 3788 (15)
2048 3747 2331 3788 praestiterintF

1529 3661 1590 3700 (10)
1615 3659 1830 3690 commissum
1843 3659 1903 3691 ins.

1497 3707 1557 3743 (12)
1583 3707 1764 3745 quaeratur
1775 3715 1838 3735 scr.

1560 3749 1618 3788 (14)
1643 3747 1818 3780 excausari
1829 3747 1865 3779 F
