2528 3918
100 168 156 198 m·
184 164 405 197 PERICULO
435 164 647 195 TUTORUM

100 286 292 315 vacaneam
326 276 425 312 litem
459 275 714 317 instituissent,
751 285 832 310 cum
865 276 1137 311 convenirentur
1169 284 1192 310 a

100 331 181 358 vero
207 321 400 356 creditore:
434 331 501 356 nec
525 321 617 356 enim
641 320 877 365 prohibentur
900 324 1036 355 tutores
1061 321 1191 355 bonam

101 370 119 401 7
167 365 294 401 fidem¹
327 375 530 410 agnoscere.
601 365 683 400 Non
718 369 859 400 tantum
883 369 1003 401 autem
1028 365 1095 400 sibi
1119 365 1189 400 sol-

99 421 180 447 vere
202 414 310 452 tutor,
336 421 458 446 verum
482 410 589 445 etiam
613 410 680 445 sibi
701 410 871 445 creditam
891 411 1081 455 pecuniam
1103 410 1189 445 scri-

99 457 182 492 bere
212 458 348 507 potest,
384 459 426 490 ut
457 455 651 490 Marcellus
689 455 780 490 libro
814 459 939 491 octavo
974 456 1189 500 digestorum

103 501 262 545 scripsit,
296 510 406 545 seque
437 504 562 535 mutua
621 501 747 535 ecunia
777 501 910 545 poterit
941 501 1097 545 obligare
1122 500 1189 535 sibi

98 549 116 581 8
163 549 322 580 mutuam
396 545 579 580 roscriben
606 546 662 580 0².
736 544 888 581 Constat
920 556 1018 588 eum,
1051 546 1111 591 qui
1142 545 1188 580 ad

95 594 322 635 augmentum
379 594 478 632 atur,
511 594 552 625 ut
582 594 671 635 puta
704 590 751 625 ad
783 591 878 625 bona
910 595 1073 626 materna
1096 600 1188 635 quae

96 640 221 681 postea
244 639 475 670 accesserunt
499 635 553 670 vel
577 635 623 670 ad
639 635 725 680 quid
744 635 842 670 aliud
858 641 1097 680 augmentum,
1123 635 1185 670 ad-

96 680 294 715 ministrare
327 681 421 716 bona
451 680 604 725 pristina
627 691 699 715 non
723 681 848 716 solere.
897 681 927 716 si
958 686 1077 716 autem
1108 691 1186 715 sus-

96 729 238 771 pectum
271 725 391 760 facere
421 725 575 770 priorem
599 729 754 761 tutorem
778 726 981 771 supersedit
1012 727 1068 761 vel
1099 725 1186 760 satis

95 774 115 806 9
163 770 207 805 ab
233 780 274 805 eo
299 771 449 816 exigere,
474 770 660 815 plectetur.
715 771 786 806 Per
817 772 1036 806 contrarium
1067 775 1186 806 autem

96 815 155 868 qui
180 814 285 850 datus
320 821 374 851 est
406 815 612 860 simpliciter
643 819 742 850 tutor
772 817 909 867 pupillo
941 817 996 851 vel
1028 820 1184 858 curator,

96 871 125 896 si
149 859 233 905 quid
256 865 384 905 postea
407 871 453 895 au
478 861 587 896 menti
611 864 823 903 accesserit,
847 861 1006 906 periculo
1031 865 1184 903 tenetur,

94 905 252 951 quamvis
285 906 398 941 soleat
430 872 477 940 ag
508 910 737 950 augmentum
769 906 847 941 dari
886 911 1048 941 curator:
1094 916 1186 952 quae

94 960 150 986 res
175 961 246 986 non
270 950 368 994 facit,
403 956 443 986 ut
474 952 485 985 i
512 961 553 986 sa
585 955 776 996 augmenta
807 962 879 986 non
911 953 1115 996 pertineant
1139 951 1185 986 ad

95 1005 215 1031 curam
239 996 421 1041 priorum,
453 962 509 1031 ad)
532 1006 621 1049 quos
653 997 767 1032 omnis
799 997 936 1032 utilitas
968 997 1184 1042 pupillorum

94 1041 200 1076 debet
222 1041 411 1085 pertinere.
445 1042 518 1076 sive
541 1042 648 1086 igitur
672 1042 777 1077 datus
810 1046 875 1084 est,
901 1043 1185 1077 communicatur

93 1086 290 1132 periculum
316 1097 396 1121 cum
420 1087 611 1132 prioribus,
636 1087 710 1122 sive
735 1087 838 1123 datus
862 1098 935 1122 non
952 1091 1017 1130 est,
1042 1091 1185 1122 tenetur

93 1131 409 1167 administrationis
434 1132 647 1167 necessitate
669 1132 700 1167 is
725 1133 786 1177 qui
809 1136 918 1167 antea
943 1137 1019 1167 erat
1044 1133 1160 1167 datus.

142 1175 191 1213 10
217 1176 325 1211 IDEM
358 1177 450 1213 libro
491 1178 769 1224 quadraqesz’mo
805 1188 901 1212 nono
944 1178 994 1213 ad
1030 1179 1184 1213 edictum

93 1221 316 1257 Generaliter
347 1223 665 1267 quotienscumque
704 1233 776 1258 non
807 1223 849 1257 fit
879 1223 1021 1258 nomine
1059 1222 1185 1268 pupilli

93 1266 187 1347 quod
212 1267 324 1311 quivis
348 1271 452 1312 pater
475 1268 628 1302 familias
652 1268 802 1303 idoneus
826 1268 925 1310 facit,
951 1279 1023 1303 non
1047 1268 1186 1303 videtur

117 1311 252 1346 efendi:
291 1313 363 1348 sive
400 1313 507 1358 igitur
549 1313 763 1348 solutionem
803 1313 876 1348 sive
909 1313 1080 1348 iudicium
1112 1314 1185 1348 sive

93 1357 137 1393 sti
164 1357 357 1392 ulationem
383 1358 570 1400 detrectat,
596 1358 738 1393 defendi
763 1369 836 1394 non
860 1359 1009 1393 videtur.

138 1368 187 1439 11
215 1402 322 1437 IDEM
343 1404 433 1439 libro
458 1404 641 1450 triqesimo
667 1405 772 1439 tertio
797 1404 847 1439 ad
869 1404 1023 1439 edictum
1081 1403 1184 1438 Circa

117 1448 275 1493 upsslum,
302 1449 404 1484 cuius
427 1452 526 1484 tutor
549 1459 671 1484 servus
692 1453 769 1484 erat
791 1449 1055 1494 pronuntiatus,
1082 1449 1184 1484 divus

92 1459 175 1528 f'ius
199 1494 384 1538 rescripsit
407 1494 444 1528 in
467 1494 587 1536 rebus,
613 1504 702 1538 quas
722 1505 766 1529 ex
786 1495 939 1540 pecunia
959 1494 1085 1539 pupilli
1109 1504 1183 1529 ser-

92 1549 155 1574 vus
180 1543 468 1583 comparaverat,
494 1539 675 1575 dominum
707 1551 780 1575 non
810 1550 917 1584 posse
952 1540 1004 1574 uti
1036 1550 1182 1585 praero-

91 1583 208 1664 {atim
243 1584 477 1620 deductionis.
521 1585 618 1630 quod
650 1588 685 1619 et
723 1585 760 1620 in
793 1589 959 1620 curatore
991 1585 1182 1621 observan-

116 1640 175 1665 um
200 1633 264 1664 est.

140 1673 190 1711 12
214 1674 375 1710 PAULUS
414 1675 506 1710 libro
544 1675 727 1721 triqesz’mo
770 1679 895 1711 octavo
939 1675 989 1710 ad
1030 1675 1183 1711 edictum

92 1719 180 1756 Cum
212 1720 332 1765 plures
365 1720 512 1755 tutelam
547 1724 693 1765 gerunt,
728 1720 814 1755 nulli
847 1730 970 1756 eorum
994 1721 1031 1755 in
1056 1726 1182 1756 contu-

95 1771 108 1800 1
157 1769 270 1801 torem
307 1765 400 1800 actio
437 1765 563 1810 pupilli
596 1766 739 1800 nomine
775 1766 891 1801 datur.
953 1765 1052 1810 Quae
1087 1766 1184 1801 bona

92 1810 159 1846 fide
184 1821 206 1845 a
236 1815 355 1846 tutore
378 1815 479 1856 gesta
503 1814 598 1853 sunt,
623 1815 702 1845 rata
726 1811 903 1846 habentur
928 1812 1035 1846 etiam
1061 1821 1104 1846 ex
1128 1821 1182 1846 re-

91 1856 232 1900 scriptis
258 1856 406 1890 Traiani
431 1860 466 1891 et
490 1856 686 1891 Hadriani:
719 1861 753 1890 et
778 1856 857 1891 ideo
882 1857 1038 1902 pupillus
1063 1867 1137 1891 rem
1162 1867 1184 1891 a

92 1906 208 1936 tutore
232 1901 385 1945 legitime
409 1902 618 1936 distractam
641 1901 822 1937 vindicare
847 1913 918 1937 non
940 1906 1076 1947 potest:
1102 1912 1184 1936 nam

91 1953 125 1982 et
160 1946 283 1982 inutile
320 1950 374 1982 est
405 1947 566 1991 pupillis,
599 1947 630 1982 si
661 1947 922 1982 administratio
955 1958 1078 1983 eorum
1112 1958 1184 1982 non

92 1996 264 2034 servatur,
290 1992 430 2027 nemine
454 1993 590 2027 scilicet
614 1996 763 2027 emente.
797 2003 863 2028 nec
894 1993 1061 2035 interest,
1086 1995 1185 2028 tutor

89 2038 259 2073 solvendo
283 2037 390 2072 fuerit
422 2048 488 2072 nec
521 2048 583 2079 ne,
618 2048 710 2080 cum,
737 2038 766 2073 si
790 2038 886 2073 bona
909 2038 980 2073 fide
1003 2049 1060 2073 res
1084 2041 1185 2082 gesta

90 2083 146 2125 sit,
171 2082 345 2118 servanda
377 2083 439 2125 sit,
476 2083 507 2117 si
537 2083 630 2117 mala
661 2083 750 2125 fide,
782 2084 948 2118 alienatio
982 2094 1054 2119 non
1076 2084 1182 2118 valet.

92 2130 110 2162 2
157 2127 314 2163 Nimium
347 2132 401 2162 est
430 2128 536 2163 licere
568 2128 679 2163 tutori
710 2133 878 2174 respectu
912 2129 1183 2164 existimationis

90 2174 215 2218 pupilli
252 2183 397 2218 erogare
434 2184 476 2208 ex
513 2174 615 2208 bonis
652 2174 749 2216 eius,
787 2174 884 2219 quod
921 2185 963 2208 ex
999 2174 1073 2209 suis
1110 2185 1182 2209 non

92 2221 109 2253 3
157 2219 405 2254 honestissime
429 2218 556 2254 fuisset
580 2222 803 2264 erogaturus.
861 2219 949 2254 Cum
980 2223 1078 2254 tutor
1111 2230 1183 2254 non

90 2263 195 2299 rebus
221 2264 417 2306 dumtaxat,
450 2264 513 2299 sed
546 2264 651 2299 etiam
683 2265 842 2299 moribus
873 2265 998 2309 pupilli
1030 2275 1183 2309 praepo-

91 2314 205 2351 natur,
231 2309 391 2354 inprimis
424 2309 603 2344 mercedes
634 2310 928 2354 praeceptoribus
946 2337 954 2352 ,
987 2320 1060 2345 non
1093 2320 1181 2354 quas

91 2355 251 2390 minimas
276 2355 417 2399 poterit,
454 2355 516 2389 sed
551 2365 617 2399 pro
653 2354 828 2390 facultate
863 2355 1087 2400 patrimonii,
1113 2366 1179 2399 pro

90 2399 260 2445 dignitate
283 2400 458 2435 natalium
491 2400 702 2443 constituet,
736 2401 904 2436 alimenta
934 2400 1044 2436 servis
1076 2400 1182 2435 liber-

89 2445 134 2479 tis
160 2456 216 2488 ue,
242 2456 507 2490 nonnumquam
532 2446 638 2481 etiam
663 2446 803 2488 exteris,
831 2446 861 2481 si
882 2446 951 2481 hoc
971 2446 1106 2490 pupillo
1121 2456 1181 2480 ex-

90 2501 134 2535 pe
161 2491 218 2533 iet,
242 2491 452 2536 praestabit,
478 2490 662 2526 sollemnia
685 2501 833 2526 munera
863 2491 1074 2535 parentibus
1099 2501 1180 2535 cog-

90 2536 253 2581 natisque
288 2536 413 2571 mittet.
462 2536 525 2571 sed
561 2547 632 2571 non
669 2536 769 2571 dabit
804 2537 923 2572 dotem
958 2537 1073 2571 sorori
1110 2537 1179 2571 alio

90 2585 192 2626 patre
224 2585 353 2623 natae,
387 2582 524 2617 etiamsi
556 2582 657 2616 aliter
693 2592 735 2616 ea
770 2582 905 2617 nubere
939 2592 1011 2616 non
1046 2582 1180 2626 potuit:

91 2637 171 2661 nam
197 2627 264 2662 etsi
286 2627 447 2669 honeste,
472 2637 516 2661 ex
540 2627 754 2662 liberalitate
777 2631 897 2662 tamen
918 2627 970 2669 fit,
991 2637 1084 2672 quae
1108 2637 1181 2662 ser-

91 2674 111 2706 4
157 2672 273 2707 vanda
296 2672 444 2707 arbitrio
468 2672 595 2717 pupilli
620 2676 684 2707 est.
722 2672 760 2707 Si
779 2676 878 2707 tutor
901 2673 1091 2717 pecuniam
1114 2683 1181 2717 pu-

90 2716 250 2761 pillarem
275 2717 418 2752 credere
442 2728 513 2752 non
538 2717 666 2762 potuit,
693 2717 789 2762 quod
813 2728 887 2753 non
912 2721 988 2752 erat
1022 2718 1079 2752 cui
1104 2727 1180 2752 cre—

92 2762 202 2805 deret,
227 2763 362 2808 pupillo
387 2763 539 2797 vacabit.

139 2805 187 2845 13
217 2808 339 2844 GAIUS
360 2808 450 2843 libro
475 2808 684 2843 duodecimo
709 2807 758 2842 ad
781 2807 935 2843 edictum
954 2807 1182 2854 provinciale

92 2852 205 2889 Tutor
222 2853 418 2888 secundum
443 2853 648 2905 dignitatem
673 2853 934 2898 facultatesque
957 2853 1082 2898 pupilli
1106 2863 1179 2888 mo-

93 2896 175 2933 dum
199 2909 380 2933 servorum
405 2902 594 2934 aestimare
618 2898 733 2940 debet,
759 2899 819 2943 qui
844 2899 940 2933 circa
965 2909 1045 2932 eum
1069 2897 1181 2933 futuri

96 2945 109 2976 1
159 2948 252 2978 sunt.
300 2943 383 2978 Non
415 2948 469 2979 est
503 2943 700 2979 audiendus
732 2948 848 2985 tutor,
875 2954 955 2979 cum
980 2943 1077 2978 dicat
1099 2943 1179 2978 ideo

93 2998 252 3024 cessasse
275 2989 484 3034 pupillarem
508 2989 720 3034 pecuniam,
754 2989 850 3034 quod
885 2989 1014 3024 idonea
1038 2989 1182 3023 nomina

92 3044 162 3068 non
184 3034 367 3076 inveniret,
393 3034 422 3069 si
446 3038 617 3079 arguatur
641 3045 682 3069 eo
706 3038 866 3079 tempore
879 3044 980 3069 suam
993 3034 1181 3078 pecuniam

93 3080 112 3112 2
158 3079 248 3114 bene
272 3079 479 3114 collocasse.
524 3080 566 3114 In
590 3079 766 3115 solvendis
790 3080 916 3125 legatis
941 3083 977 3114 et
1000 3079 1180 3114 fideicom-

92 3123 206 3159 missis
242 3124 425 3160 attendere
461 3124 566 3160 debet
601 3128 717 3167 tutor,
749 3135 794 3160 ne
826 3125 884 3160 cui
917 3135 990 3159 non
1022 3124 1181 3159 debitum

92 3168 222 3212 solvat,
254 3180 320 3204 nec
352 3170 512 3214 nuptiale
543 3180 672 3205 munus
703 3170 809 3205 matri
839 3170 965 3215 pupilli
988 3170 1042 3205 vel
1066 3170 1181 3204 sorori

92 3214 240 3249 mittere.
284 3215 406 3250 aliud³
440 3219 504 3256 est,
530 3215 560 3250 si
584 3215 690 3250 matri
713 3215 806 3250 forte
830 3219 893 3250 aut
916 3215 1031 3251 sorori
1054 3215 1179 3259 pupilli

92 3261 187 3294 tutor
210 3269 252 3294 ea
275 3270 367 3304 quae
391 3260 437 3294 ad
460 3261 592 3295 victum
616 3260 820 3296 necessaria
844 3264 927 3296 sunt
949 3260 1179 3305 praestiterit,

93 3313 172 3338 cum
196 3309 306 3339 semet
328 3306 406 3350 ipsa
439 3306 612 3340 sustinere
643 3316 714 3340 non
745 3306 900 3351 possit⁴¹z
945 3316 1027 3340 nam
1063 3309 1179 3340 ratum

92 3347 127 3383 id
150 3349 353 3384 habendum
377 3354 449 3385 est:
490 3361 556 3385 nec
588 3350 680 3385 enim
712 3351 836 3386 eadem
869 3361 979 3386 causa
1012 3355 1066 3386 est
1092 3351 1178 3392 eius,

93 3394 186 3437 quod
210 3395 247 3429 in
269 3404 348 3430 eam
371 3405 445 3430 rem
478 3396 694 3440 impenditur
726 3400 760 3431 et
784 3396 879 3441 quod
903 3396 1058 3431 muneris
1082 3396 1178 3440 lega-

93 3441 252 3475 torumve
274 3440 416 3475 nomine
440 3445 617 3485 erogatur.

141 3482 191 3521 14
216 3484 272 3519 ΡΑ
281 3495 375 3520 ULUs
395 3485 485 3521 libro
510 3490 634 3521 octavo
652 3486 808 3521 brevium
846 3486 966 3521 Etiam
981 3485 1178 3521 contutoris

93 3526 226 3564 factum
249 3531 446 3575 imputatur
471 3531 642 3575 collegae,
676 3531 705 3566 si
736 3532 854 3576 potuit
879 3536 914 3566 et
945 3531 1069 3566 debuit
1099 3541 1177 3566 sus-

94 3577 236 3617 pectum
267 3575 404 3610 facere:
447 3576 625 3611 interdum
650 3580 685 3611 et
716 3577 747 3611 si
779 3576 901 3611 debuit
925 3577 1013 3611 satis
1037 3580 1177 3621 petere:

95 3627 176 3652 nam
200 3619 230 3654 si
252 3620 400 3655 idoneus
425 3621 542 3656 subito
568 3622 690 3666 lapsus
724 3626 797 3664 est,
822 3622 909 3656 nihil
935 3622 1089 3666 collegae
1112 3621 1177 3656 im-

93 3665 212 3706 putari
235 3669 363 3709 potest.

1171 150 1260 198 343

2150 158 2295 199 XXVI
2325 162 2348 199 7

1310 274 1360 312 15
1393 275 1501 311 IDEM
1533 276 1626 312 libro
1661 278 1818 313 secundo
1854 280 2111 314 sententiarum
2181 278 2219 314 Si
2253 283 2351 314 tutor

1260 321 1476 357 constitutus
1512 331 1601 367 quos
1635 321 1808 357 invenerit
1843 323 2020 359 debitores
2052 335 2124 359 non
2149 324 2351 360 convenerit

1259 375 1313 417 ac·
1339 376 1404 411 per
1437 367 1507 402 hoc
1542 367 1661 401 minus
1693 367 1811 402 idonei
1843 369 2066 412 efficiantur,
2091 370 2145 405 vel
2169 370 2264 404 intra
2287 380 2352 404 sex

1259 421 1393 463 primos
1417 421 1557 447 menses
1581 412 1778 456 pupillares
1811 414 1981 457 pecunias
2014 426 2085 450 non
2111 414 2350 457 collocaverit,

1258 465 1335 500 ipse
1358 457 1395 491 in
1420 457 1577 492 debitam
1601 457 1792 502 pecuniam
1816 462 1851 492 et
1874 459 1911 493 in
1930 470 2059 495 usuras
2077 461 2152 495 eius
2176 460 2351 505 pecuniae

1259 511 1367 545 quam
1391 513 1463 537 non
1486 502 1685 537 faeneravit
1709 503 1928 539 convenitur.

1308 544 1358 583 16
1383 546 1493 582 IDEM
1512 548 1602 583 libro
1628 551 1733 583 sexto
1758 547 1808 582 ad
1832 547 2005 584 Sabinum
2055 549 2142 584 Cum
2167 550 2352 595 quaeritur

1257 591 1388 627 iudicio
1413 593 1566 634 tutelae,
1600 602 1693 638 quae
1724 592 1869 628 nomina
1901 604 1923 627 a
1955 597 2074 629 tutore
2098 595 2197 630 facta
2221 606 2349 641 agnos-

1258 647 1337 671 cere
1361 638 1516 683 pupillus
1542 637 1682 680 debeat,
1706 637 1900 672 Marcellus
1925 640 2086 682 putabat,
2113 641 2142 674 si
2166 645 2264 676 tutor
2287 651 2349 685 pe-

1258 682 1398 716 cuniam
1422 683 1547 728 pupilli
1571 687 1732 718 mutuam
1757 683 1912 718 dedisset
1937 688 1972 718 et
1995 694 2059 719 suo
2077 686 2219 720 nomine
2236 686 2281 721 sti
2308 697 2349 720 u-

1256 727 1350 762 latus
1376 733 1487 770 esset,
1512 739 1620 772 posse
1644 728 1715 763 dici
1746 729 1891 763 nomina
1924 728 2063 773 integra
2093 731 2226 775 pupillo
2251 742 2292 766 sa
2307 741 2350 765 va

1257 782 1345 814 esse,
1372 772 1559 818 deperdita
1591 777 1626 809 et
1661 773 1755 808 male
1787 777 1975 808 contracta
2008 775 2053 809 ad
2084 779 2237 811 tutorem
2268 786 2348 821 per-

1256 817 1379 852 tinere.
1414 818 1477 853 sed
1500 819 1618 854 verius
1644 829 1682 854 se
1704 822 1832 863 putare
1852 829 1959 864 posse
1982 823 2136 854 tutorem
2161 831 2239 855 eam
2264 832 2348 856 con-

1256 862 1431 897 dicionem
1455 863 1676 898 adulescenti
1712 863 1870 906 deferre,
1906 868 1947 899 ut
1981 864 2017 899 id
2053 865 2149 909 quod
2182 867 2350 910 gessisset

1255 911 1353 942 tutor
1376 907 1413 942 in
1439 909 1694 944 contrahendis
1711 909 1915 945 nominibus
1940 914 2003 944 aut
2026 910 2062 944 in
2087 914 2202 945 totum
2220 922 2348 956 agnos-

1256 963 1335 987 cere
1367 957 1431 988 aut
1462 964 1484 988 a
1514 958 1591 989 toto
1623 954 1832 996 recedere5,
1864 955 1916 989 ita
1951 959 1992 989 ut
2014 955 2163 999 perinde
2187 961 2282 991 esset
2305 967 2348 991 ac

1254 998 1284 1033 si
1308 1002 1406 1033 tutor
1430 998 1498 1034 sibi
1521 999 1700 1043 negotium
1723 1000 1902 1044 gessisset.
1938 1000 2030 1035 idem
2063 1006 2117 1035 est
2149 1005 2186 1035 et
2221 1002 2251 1036 si
2281 1013 2347 1046 pu-

1254 1043 1329 1087 pilli
1353 1044 1497 1079 nomine
1521 1044 1743 1080 credidisset.

1304 1086 1353 1124 17
1381 1088 1611 1125 POMPONIUS
1632 1090 1723 1125 libro
1747 1090 1899 1136 septimo
1933 1090 2069 1125 decimo
2102 1091 2151 1125 ad
2174 1090 2348 1126 Sabinum

1255 1133 1323 1177 Qui
1346 1133 1465 1170 iussus
1491 1138 1546 1170 est
1569 1136 1615 1170 ab
1641 1145 1694 1177 eo,
1721 1135 1781 1180 qui
1804 1135 1861 1170 ius
1885 1135 2032 1170 iubendi
2055 1135 2175 1178 habet,
2201 1136 2349 1171 tutelam

1253 1189 1385 1223 gerere,
1412 1180 1442 1214 si
1467 1183 1655 1223 cessasset,
1681 1191 1725 1215 ex
1749 1191 1819 1224 quo
1843 1180 1964 1216 iussus
1989 1184 2043 1215 est
2066 1180 2266 1216 indemnem
2283 1193 2349 1226 pu-

1254 1224 1378 1269 pillum
1412 1229 1598 1270 praestare
1634 1225 1797 1267 debebit,
1842 1236 1915 1261 non
1952 1236 1995 1260 ex
2031 1237 2101 1270 quo
2137 1229 2237 1261 tutor
2273 1237 2350 1262 esse

1255 1270 1383 1314 coepit.

1303 1312 1353 1352 18
1378 1315 1574 1351 IULIANUS
1590 1315 1682 1352 libro
1704 1316 1868 1351 vicesimo
1881 1316 2006 1361 primo
2027 1315 2247 1362 dz'qestorum
2282 1316 2350 1360 Qui

1253 1364 1352 1396 tutor
1376 1361 1519 1405 negotia
1540 1361 1666 1406 pupilli
1689 1361 1807 1406 gessit,
1834 1361 1994 1405 quamvis
2018 1362 2055 1395 in
2079 1361 2177 1396 nulla
2200 1372 2239 1396 re
2263 1372 2349 1396 auc-

1253 1410 1311 1440 tor
1334 1406 1471 1451 pupillo
1496 1406 1617 1449 fuerit,
1643 1407 1728 1452 quin
1751 1406 1885 1441 tutelae
1916 1406 2050 1441 iudicio
2074 1410 2257 1449 teneatur,
2283 1407 2347 1442 du-

1255 1451 1361 1486 bitari
1386 1462 1459 1486 non
1484 1455 1644 1496 oportet:
1679 1452 1764 1496 quid
1788 1452 1880 1486 enim
1904 1451 2070 1496 prohibet
2101 1452 2153 1486 ita
2177 1452 2348 1497 patrimo-

1255 1497 1352 1531 nium
1377 1496 1505 1541 pupilli
1529 1497 1766 1542 compositum
1792 1507 1880 1539 esse,
1904 1500 1944 1531 ut
1963 1497 2049 1531 nihil
2066 1508 2187 1541 gerere
2204 1507 2349 1533 necesse

1258 1545 1271 1576 1
1323 1542 1379 1584 sit,
1404 1542 1441 1576 in
1466 1553 1535 1587 quo
1561 1543 1689 1578 tutoris
1703 1542 1898 1578 auctoritas
1922 1542 2100 1586 interponi
2113 1542 2266 1577 debeat?
2291 1542 2349 1578 Ex

1255 1587 1393 1622 duobus
1429 1587 1610 1623 tutoribus
1643 1588 1674 1623 si
1711 1599 1792 1623 cum
1824 1588 1935 1622 altero
1961 1591 2082 1622 actum
2112 1588 2232 1631 fuerit,
2257 1588 2349 1623 alter

1254 1643 1327 1667 non
1351 1632 1573 1668 liberabitur.

1303 1675 1353 1714 19
1397 1678 1594 1714 ULPJANUS
1635 1678 1726 1714 libro
1755 1678 1880 1724 primo
1916 1688 2173 1724 responsorum
2232 1678 2347 1713 Actus

1254 1723 1310 1758 sui
1333 1724 1509 1759 rationem
1533 1723 1761 1759 concuratori
1795 1722 1945 1758 reddere
1976 1734 2048 1758 non
2081 1733 2159 1758 esse
2193 1724 2346 1768 compel-

1253 1768 1414 1803 lendum:
1449 1769 1513 1804 sed
1536 1769 1604 1804 nisi
1637 1780 1717 1804 cum
1750 1779 1791 1803 eo
1825 1768 2165 1803 administrationem
2190 1779 2346 1804 commu-

1254 1814 1349 1849 nicet
1372 1818 1435 1849 aut
1459 1814 1490 1849 si
1512 1825 1585 1850 non
1610 1825 1654 1849 ex
1677 1813 1747 1848 fide
1763 1824 1885 1848 curam
1903 1817 2015 1858 gerat,
2041 1820 2246 1858 suspectum
2263 1824 2346 1859 pos-

1254 1860 1363 1894 tulari
1414 1870 1506 1895 osse.

1301 1903 1353 1942 20
1402 1915 1487 1939 DEM
1514 1905 1604 1940 libro
1629 1905 1754 1950 quinto
1781 1904 1824 1938 de
1848 1904 1974 1950 officio
2025 1904 2228 1939 roconsulz's
2274 1904 2346 1939 Tu-

1253 1953 1311 1985 tor
1334 1951 1389 1986 vel
1414 1954 1570 1992 curator,
1597 1950 1698 1985 cuius
1730 1949 1861 1984 iniusta
1895 1960 1987 1994 appe
2017 1949 2088 1984 atio
2113 1949 2347 1994 pronuntiata

1254 1995 1321 2030 erit
1345 1996 1490 2031 cuiusve
1515 1995 1698 2031 excusatio
1723 2004 1804 2029 rece
1831 1998 1869 2029 ta
1893 2005 1965 2030 non
1990 1995 2054 2037 sit,
2080 2005 2124 2029 ex
2148 2005 2218 2039 quo
2244 2004 2346 2029 acce-

1254 2040 1337 2076 dere
1361 2041 1407 2076 ad
1431 2040 1774 2075 administrationem
1822 2040 1922 2074 ebuit
1945 2040 2013 2075 erit
2037 2040 2225 2084 obligatus.

1300 2084 1349 2123 21
1379 2087 1618 2121 MARCELLUS
1639 2086 1730 2121 libro
1762 2085 1947 2130 sinqulari
1967 2096 2226 2131 responsorum
2272 2085 2345 2120 Lu-

1255 2132 1331 2167 cius
1356 2131 1472 2166 Titius
1499 2131 1627 2166 Gaium
1652 2130 1771 2165 Seium
1804 2131 1917 2165 filium
1946 2130 2099 2166 familias
2131 2133 2346 2166 testamento

1253 2177 1324 2212 filio
1351 2187 1415 2212 suo
1440 2180 1596 2212 tutorem
1621 2176 1735 2211 dedit:
1772 2176 1883 2211 Gaius
1909 2175 2011 2212 Seius
2044 2176 2178 2211 sciente
2202 2179 2236 2211 et
2262 2186 2346 2211 con-

1254 2222 1430 2257 sentiente
1491 2226 1567 2257 atre
1603 2221 1751 2256 tutelam
1788 2221 2064 2257 administravit:
2110 2231 2241 2266 quaero
2256 2248 2265 2263 ,
2301 2232 2347 2255 an

1253 2267 1424 2303 defuncto
1458 2233 1547 2302 (gaio
1581 2266 1661 2302 Seio
1698 2266 1793 2302 actio
1836 2267 1969 2301 tutelae
2004 2267 2173 2302 adversus
2209 2270 2348 2311 patrem

1254 2314 1328 2348 eius
1362 2318 1397 2348 et
1428 2313 1466 2347 in
1501 2317 1674 2358 quantum
1707 2316 1897 2356 competat.
1946 2312 2139 2347 Marcellus
2163 2311 2347 2356 respondit

1253 2358 1448 2393 secundum
1474 2368 1516 2392 ea
1536 2368 1629 2403 quae
1641 2357 1827 2403 proposita
1841 2361 1961 2392 essent
1973 2358 2114 2393 actione
2138 2356 2183 2392 de
2207 2357 2345 2401 peculio

1253 2407 1289 2438 et
1313 2403 1357 2438 de
1379 2404 1417 2438 in
1440 2414 1516 2438 rem
1539 2413 1641 2438 verso
1658 2407 1797 2447 patrem
1820 2403 1951 2438 teneri:
1978 2413 2043 2438 nec
2068 2402 2218 2436 multum
2234 2401 2346 2437 videri

1253 2450 1288 2484 in
1324 2449 1394 2484 hoc
1432 2459 1517 2484 casu
1552 2448 1674 2483 facere
1705 2448 1818 2492 patris
1855 2448 2040 2482 scientiam
2072 2451 2108 2482 et
2132 2457 2344 2482 consensum

1253 2494 1299 2529 ad
1323 2494 1552 2539 obligandum
1577 2504 1657 2528 eum
1680 2493 1717 2527 in
1742 2493 1912 2535 solidum,
1948 2493 2017 2528 nisi
2040 2492 2133 2528 forte
2158 2496 2345 2527 contutore

1255 2539 1307 2575 vel
1330 2540 1399 2575 alio
1425 2550 1494 2584 quo
1519 2539 1659 2574 volente
1680 2549 1761 2572 eum
1779 2537 1900 2573 facere
1919 2542 2126 2583 suspectum
2144 2537 2346 2572 intercessit

1254 2589 1288 2620 et
1337 2585 1416 2620 uasi
1439 2585 1477 2619 in
1501 2595 1540 2619 se
1563 2584 1762 2629 periculum
1786 2583 1931 2628 recepit.

1299 2596 1352 2667 2q2
1388 2629 1550 2665 PAULUS
1582 2630 1672 2665 libro
1710 2629 1814 2663 tertio
1850 2628 1900 2663 ad
1933 2628 2086 2663 edictum
2146 2627 2262 2663 Tutor
2297 2627 2344 2663 ad

1251 2676 1441 2710 utilitatem
1473 2675 1599 2720 pupilli
1631 2678 1667 2709 et
1699 2684 1831 2708 novare
1864 2678 1899 2708 et
1922 2684 1997 2708 rem
2030 2673 2066 2707 in
2090 2673 2258 2708 iudicium
2283 2673 2344 2708 de-

1251 2718 1382 2756 ducere
1406 2724 1544 2765 potest:
1578 2719 1788 2755 donationes
1806 2722 1925 2753 autem
1943 2719 1988 2754 ab
2007 2729 2047 2754 eo
2073 2718 2192 2754 factae
2209 2718 2344 2763 pupillo

1251 2777 1324 2802 non
1348 2769 1489 2801 nocent.

1298 2808 1349 2848 23
1384 2811 1580 2846 ULPIANUS
1613 2810 1704 2845 libro
1736 2820 1832 2844 nono
1865 2808 1914 2843 ad
1937 2808 2091 2844 edictum
2138 2809 2253 2854 Vulgo
2279 2809 2343 2844 ob-

1251 2859 1423 2898 servatur,
1448 2866 1493 2890 ne
1527 2859 1626 2890 tutor
1658 2858 1783 2889 caveat
1813 2857 1928 2888 ratam
1959 2865 2034 2889 rem
2069 2855 2244 2899 pupillum
2279 2854 2343 2889 ha-

1251 2902 1419 2943 biturum,
1445 2901 1529 2945 quia
1553 2911 1627 2935 rem
1658 2900 1694 2934 in
1726 2899 1896 2934 iudicium
1921 2899 2075 2934 deducit.
2116 2899 2201 2944 quid
2224 2903 2344 2934 tamen

1251 2947 1281 2982 si
1306 2947 1506 2986 dubitetur,
1541 2956 1587 2980 an
1620 2948 1718 2980 tutor
1749 2945 1796 2979 sit
1818 2944 1873 2979 vel
1897 2955 1944 2979 an
1968 2944 2073 2980 duret
2095 2948 2194 2980 tutor
2217 2945 2272 2980 vel
2297 2955 2343 2979 an

1250 2996 1369 3037 gestus
1401 2992 1451 3025 illi
1485 2991 1694 3025 commissus
1727 2990 1799 3025 sit?
1831 2999 1984 3034 aequum
2016 2994 2070 3024 est
2101 2990 2343 3025 adversarium

1250 3048 1322 3072 non
1359 3036 1485 3081 decipi.
1523 3036 1616 3070 idem
1652 3040 1687 3070 et
1720 3036 1757 3070 in
1794 3040 1960 3070 curatore
1997 3039 2072 3077 est,
2109 3039 2150 3070 ut
2185 3035 2342 3070 Iulianus

1251 3082 1406 3126 scripsit.

1296 3125 1350 3164 24
1374 3127 1534 3162 Panos
1555 3125 1646 3161 libro
1670 3136 1766 3160 nono
1790 3125 1840 3160 ad
1862 3125 2016 3160 edictum
2058 3125 2213 3160 Decreto
2238 3134 2342 3169 prae·

1250 3173 1337 3208 toris
1363 3175 1464 3207 actor
1489 3170 1658 3207 constitui
1680 3170 1840 3215 periculo
1872 3171 2001 3206 tutoris
2034 3171 2133 3212 solet,
2160 3170 2341 3214 quotiens-

1250 3228 1319 3263 que
1353 3221 1416 3252 aut
1448 3216 1578 3251 diffusa
1611 3216 1755 3261 negotia
1787 3216 1858 3250 sint
1890 3220 1952 3250 aut
1985 3216 2136 3260 dignitas
2161 3215 2215 3249 vel
2239 3217 2340 3248 aetas

1250 3267 1312 3298 aut
1336 3262 1502 3298 valetudo
1534 3261 1663 3296 tutoris
1694 3261 1730 3296 id
1761 3261 1936 3306 postulet:
1970 3261 1999 3295 si
2032 3266 2151 3295 tamen
2183 3258 2340 3294 nondum

1249 3308 1318 3342 fari
1342 3307 1499 3352 pupillus
1523 3310 1660 3351 potest,
1694 3310 1734 3341 ut
1765 3310 2034 3351 procuratorem
2065 3306 2184 3356 facere
2215 3303 2339 3347 possit,

1249 3357 1312 3388 aut
1336 3353 1466 3387 absens
1492 3352 1548 3393 sit,
1581 3355 1668 3386 tunc
1700 3355 1802 3387 actor
1833 3351 2033 3386 necessario
2070 3348 2338 3399 constituendus

1252 3402 1266 3432 1
1318 3401 1382 3433 est.
1443 3396 1482 3432 Si
1517 3397 1656 3432 duobus
1692 3397 1797 3432 simul
1832 3396 1945 3431 tutela
1979 3395 2132 3439 gerenda
2168 3403 2340 3444 permissa

1250 3446 1305 3478 est
1327 3443 1383 3477 vel
1406 3452 1428 3476 a
1450 3446 1600 3487 parente
1631 3442 1686 3477 vel
1711 3453 1732 3477 a
1757 3441 2006 3477 contutoribus
2030 3440 2083 3474 vel
2107 3449 2129 3473 a
2152 3441 2338 3482 mag1stra—

1248 3488 1356 3530 tibus,
1381 3487 1534 3532 benigne
1557 3487 1804 3532 accipiendum
1828 3490 1883 3521 est
1906 3486 2012 3520 etiam
2046 3484 2107 3518 uni
2131 3494 2233 3528 agere
2257 3492 2337 3527 per-

1248 3533 1406 3574 missum,
1432 3533 1516 3577 quia
1540 3532 1609 3568 duo
1635 3533 1738 3567 simul
1763 3541 1867 3576 agere
1891 3541 1963 3565 non
1987 3532 2156 3580 possunt3
2329 3571 2336 3578 ·

1295 3575 1347 3614 25
1380 3578 1574 3614 ULPJANUS
1603 3578 1693 3613 libro
1726 3578 1830 3612 tertio
1863 3576 2000 3610 decimo
2025 3574 2073 3608 ad
2096 3573 2251 3608 edzctum
2301 3571 2338 3606 S1

1247 3622 1393 3658 minoris
1434 3627 1555 3658 actum
1592 3622 1701 3658 fuerit
1742 3633 1821 3656 cum
1860 3620 2039 3654 tutoribus
2082 3617 2337 3652 adsistentibus

1249 3668 1473 3703 curatoribus
1499 3671 1534 3703 et
1557 3669 1713 3713 pupillus
1739 3667 1783 3700 ob
1809 3667 1878 3699 hoc
1910 3664 2019 3708 egerit
2052 3674 2131 3698 cum
2164 3662 2336 3697 curatori-

96 3776 135 3814 (1)
150 3776 237 3809 bona
250 3778 313 3810 fide
326 3791 386 3812 scr.
421 3780 463 3821 (2)
478 3779 714 3821 perscribendo
724 3783 795 3815 edd.
831 3782 873 3822 (3)
889 3781 992 3813 alium
1003 3781 1035 3812 F
1062 3785 1103 3822 (4)
1119 3782 1315 3822 semetipsas
1329 3792 1354 3814 s.
1365 3792 1398 3813 n.
1413 3781 1549 3823 possint
1560 3780 1606 3812 F2
1637 3782 1679 3821 (5)
1693 3781 1888 3821 agnosceret
1897 3781 1955 3810 aut
1965 3788 1982 3809 a
1993 3780 2063 3809 toto
2075 3774 2340 3808 recederetllal.
