2528 3918
152 133 210 164 ΕΤ
235 133 381 166 ΜΕἸἮΒ
407 135 692 170 EXCEPTIONE

155 250 263 287 etiam
282 251 597 287 constitutionibus
613 253 649 286 et
665 249 849 285 sententiis
870 254 1058 285 auctorum
1079 253 1233 285 cavetur.

161 300 198 331 15
246 295 370 332 Labeo
392 299 429 332 et
451 295 482 331 si
506 307 549 331 ex
573 295 744 341 stipulatu
767 295 860 330 actio
886 298 1066 340 competat
1089 298 1236 340 propter

155 340 228 377 doli
250 341 462 385 clausulam,
494 345 612 377 tamen
640 350 771 376 nocere
800 340 872 376 doli
901 340 1146 386 exceptionem
1173 339 1234 383 ait,

155 386 187 421 si
209 386 378 422 adversus
403 396 446 421 ea
458 387 480 429 ¹,
504 386 630 431 inquit,
653 385 789 420 factum
812 385 898 422 erit:
925 395 1032 431 posse
1057 385 1149 419 enim
1171 394 1233 430 pe-

154 431 307 474 titorem,
332 435 521 476 antequam
545 431 589 466 sti
615 430 726 466 ulatio
752 430 1009 472 committatur,
1040 429 1130 465 nihil
1153 429 1233 464 dolo

154 476 248 511 malo
271 476 400 512 fecisse
423 480 459 512 et
479 479 567 511 tunc
589 442 710 511 facere
730 485 811 527 cum
830 478 948 521 petat:
971 479 1121 521 propter
1140 474 1235 519 quod

159 525 198 557 16
245 521 489 567 exceptionem
512 531 590 556 esse
613 530 861 556 necessarlam.
902 520 1082 555 Adversus
1106 529 1233 564 paren-

153 570 209 602 tes
231 570 472 612 patronosque
495 576 609 611 neque
633 565 706 601 doli
728 565 891 610 exceptio
923 575 1038 610 neque
1062 565 1133 600 alia
1156 565 1233 609 qui·

155 612 244 654 dem,
266 621 357 656 quae
375 611 518 664 patroni
534 610 740 657 parentisve
759 610 960 656 opinionem
980 610 1101 655 apud²
1120 610 1235 645 bonos

155 667 272 692 mores
295 667 338 692 su
410 657 469 699 let,
494 660 694 701 competere
717 660 853 702 potest:
884 656 922 691 in
951 655 1088 691 factum
1115 658 1235 690 tamen

154 702 223 737 erit
245 701 502 747 excipoendum,
527 705 578 743 ut,
603 701 634 737 si
663 701 756 737 forte
779 701 931 746 pecunia
954 711 1026 735 non
1048 703 1236 735 numerata

154 747 312 789 dicatur,
338 746 515 782 obiciatur
538 746 700 792 exceptio
722 746 898 792 pecuniae
921 756 994 782 non
1015 748 1233 781 numeratae.

153 792 240 827 nihil
271 795 390 827 autem
419 791 585 834 interest,
620 794 740 827 utrum
770 795 944 837 patronus
975 801 1020 826 ex
1050 801 1116 826 suo
1149 801 1234 825 con-

152 840 271 872 tractu
300 847 347 871 an
375 847 458 872 vero
484 847 528 872 ex
551 836 666 872 alieno
692 837 939 872 conveniatur:
972 846 1046 871 sem
1072 846 1114 871 er
1142 835 1234 871 enim

153 882 350 917 reverentia
373 881 406 917 ei
423 882 622 917 exhibenda
641 885 695 917 est
714 885 788 917 tam
805 882 883 917 vivo
903 891 1009 926 quam
1053 880 1197 916 efuncto
1208 881 1233 915 ³.

153 928 184 963 si
206 931 328 962 autem
351 937 431 962 cum
454 927 585 963 herede
608 926 728 963 liberti
747 930 922 980 patronus
947 929 1040 970 agat,
1064 928 1153 979 puto
1172 936 1232 960 ex-

154 973 271 1019 cipere
295 972 424 1008 debere
448 972 491 1008 de
516 972 597 1008 dolo
616 975 760 1017 patrom
778 972 944 1008 heredem
963 971 1091 1006 liberti.
1127 971 1234 1006 liber-

151 1021 228 1053 tum
249 1021 368 1053 autem
394 1017 438 1053 de
462 1017 544 1053 dolo
567 1017 720 1063 patroni,
745 1018 811 1053 etsi
834 1018 878 1052 ab
903 1016 1033 1053 herede
1053 1017 1128 1052 eius
1149 1026 1234 1051 con-

151 1063 331 1106 veniatur,
365 1063 506 1098 minime
535 1063 779 1108 exceptionem
808 1062 1048 1098 obiecturum:
1081 1072 1236 1106 namque

153 1108 317 1145 convenit
347 1111 420 1143 tam
450 1108 528 1144 vivo
558 1110 688 1161 quam⁴¹
720 1112 861 1144 mortuo
886 1111 1037 1154 patrono
1061 1117 1084 1142 a
1106 1107 1234 1143 liberto

151 1154 323 1189 honorem
352 1153 524 1188 exhiberi.
570 1165 608 1188 ιιι
638 1153 867 1199 stipulatione
922 1153 1004 1189 lane
1033 1152 1107 1189 doli
1137 1152 1234 1187 clau-

151 1199 231 1234 sula
254 1203 326 1234 non
350 1199 417 1234 erit
441 1198 675 1242 detrahenda,
707 1199 790 1244 quia
814 1209 858 1234 ex
907 1198 955 1234 oli
979 1197 1140 1234 clausula
1163 1207 1236 1232 non

153 1247 193 1278 17
243 1244 287 1279 de
316 1243 397 1279 dolo
429 1243 523 1279 actio
553 1244 768 1287 intenditur,
801 1244 865 1279 sed
893 1254 938 1279 ex
961 1244 1144 1289 stipulatu.
1191 1242 1235 1277 In

153 1290 220 1324 hac
243 1289 452 1334 exceptione
475 1292 511 1324 et
534 1289 578 1324 de
602 1289 684 1324 dolo
710 1290 801 1325 servi
819 1289 874 1325 vel
893 1289 1041 1324 alterius
1086 1298 1235 1324 ersonae

151 1334 220 1370 iuri
243 1338 367 1370 nostro
392 1335 574 1370 subiectae
598 1334 762 1380 excipere
785 1344 974 1380 possumus
996 1338 1032 1370 et
1076 1344 1095 1369 e
1113 1344 1235 1369 eorum

151 1380 250 1422 dolo,
282 1379 411 1425 quibus
443 1379 489 1414 ad
514 1379 653 1415 uiritur.
701 1380 764 1415 sed
794 1380 836 1415 de
867 1390 1049 1415 servorum
1078 1382 1115 1415 et
1143 1378 1234 1414 filio-

150 1436 230 1461 rum
254 1424 347 1467 dolo,
373 1424 405 1460 si
424 1425 485 1470 qui
512 1435 567 1460 em
586 1435 630 1460 ex
646 1425 820 1470 peculiari
838 1436 961 1461 eorum
981 1425 1122 1469 negotio
1141 1424 1234 1459 actio

150 1470 376 1513 intendatur,
407 1470 444 1505 in
472 1470 649 1506 infinitum
680 1471 843 1516 exceptio
874 1470 1062 1506 obicienda
1094 1474 1164 1505 est:
1205 1470 1235 1505 si

150 1519 270 1552 autem
294 1526 367 1551 non
390 1525 435 1551 ex
458 1515 630 1561 peculiari
654 1526 783 1558 causa,
813 1519 891 1552 tum
915 1516 958 1552 de
983 1526 1024 1552 eo
1049 1515 1236 1551 dumtaxat

150 1561 266 1607 excipi
291 1564 444 1607 oportet,
469 1561 529 1606 qui
552 1561 727 1597 admissus
752 1562 799 1597 sit
820 1562 859 1597 in
878 1562 957 1607 ipso
979 1561 1120 1615 negotio
1140 1560 1235 1606 quod

149 1606 297 1652 geritur,
321 1617 394 1642 non
417 1606 523 1642 etiam
547 1607 578 1642 si
600 1611 728 1653 postea
751 1607 878 1652 aliquis
902 1607 1006 1643 dolus
1025 1606 1235 1642 mtervenis-

151 1655 223 1688 set:
254 1662 368 1697 neque
399 1652 492 1688 enim
520 1662 599 1688 esse
630 1662 782 1698 aequum
815 1652 907 1688 servi
935 1652 1053 1688 dolum
1083 1651 1235 1697 amplius

151 1697 292 1734 domino
316 1708 465 1740 nocere,
498 1708 605 1742 quam
627 1698 664 1732 in
688 1708 758 1743 quo
784 1707 894 1743 opera
917 1697 993 1733 eius
1017 1701 1112 1733 esset
1134 1707 1233 1732 usus.

154 1746 194 1778 18
241 1743 447 1787 Quaesitum
471 1747 542 1785 est,
567 1754 614 1778 an
639 1742 683 1779 de
705 1743 951 1788 procuratoris
975 1742 1076 1786 dolo,
1105 1742 1166 1788 qui
1190 1741 1236 1777 ad

150 1788 326 1834 agendum
354 1791 493 1823 tantum
523 1788 627 1824 datus
659 1792 730 1831 est,
762 1788 879 1834 excipi
908 1788 1033 1834 possit.
1080 1792 1117 1823 et
1146 1790 1234 1833 puto

149 1837 248 1870 recte-
279 1833 441 1874 defendi,
477 1833 509 1868 si
545 1834 686 1879 quidem
718 1834 756 1869 in
785 1844 859 1870 rem
890 1844 991 1869 suam
1020 1836 1236 1879 procurator

151 1879 256 1915 datus
286 1880 352 1921 sit,
385 1878 492 1914 etiam
516 1878 560 1915 de
578 1879 777 1932 praeterito
801 1879 877 1915 eius
901 1879 1002 1921 dolo,
1034 1879 1103 1914 hoc
1127 1882 1183 1914 est
1205 1878 1236 1914 si

151 1928 234 1960 ante
264 1927 451 1970 acceptum
479 1924 650 1960 iudicium
676 1924 757 1960 dolo
781 1924 866 1970 quid
889 1924 1034 1967 fecerit,
1064 1934 1142 1960 esse
1174 1934 1234 1959 ex-

151 1969 369 2015 cipiendum,
401 1969 432 2005 si
461 1980 545 2005 vero
574 1981 647 2006 non
674 1969 711 2005 in
737 1980 812 2005 rem
837 1980 955 2013 suam,
988 1969 1109 2005 dolum
1130 1979 1235 2014 prae-

151 2018 285 2051 sentem
314 2015 351 2050 in
380 2015 650 2060 exceptionem-‘²
680 2014 946 2051 conferendum.
994 2015 1024 2050 si
1053 2017 1174 2050 autem
1203 2014 1235 2050 is

150 2063 364 2106 procurator
386 2060 443 2103 sit,
456 2061 526 2096 -cui
549 2061 707 2097 omnium
729 2071 848 2096 rerum
870 2059 1129 2096 administratio
1150 2070 1234 2095 con-

151 2115 254 2142 cessa
276 2109 349 2149 est,
380 2108 468 2141 tunc
499 2105 544 2142 de
567 2106 664 2142 omni
685 2106 767 2142 dolo
793 2106 869 2142 eius
893 2105 1011 2151 excipi
1032 2115 1139 2151 posse
1163 2104 1234 2140 Ne—

154 2155 195 2186 19
241 2151 354 2187 ratius
378 2151 513 2187 scribit.
560 2151 730 2187 Mandavi
753 2151 865 2196 Titio,
895 2154 937 2186 ut
966 2161 990 2187 a
1018 2154 1056 2186 te
1086 2150 1132 2186 sti
1158 2150 1234 2185 ula-

150 2200 269 2240 retur,
300 2196 429 2232 deinde
457 2196 573 2232 Titius
604 2196 704 2240 Seio,
734 2199 772 2232 et
801 2196 993 2242 stipulatus
1023 2206 1046 2230 a
1074 2199 1110 2231 te
1160 2195 1235 2231 eius

151 2245 208 2279 est
235 2247 272 2278 et
299 2242 469 2277 iudicium
492 2242 620 2277 edidit:
653 2242 704 2277 ait
726 2241 850 2277 Labeo
879 2241 1128 2288 excipiendum
1158 2251 1236 2276 esse

152 2291 195 2324 20
242 2290 317 2323 tam
339 2287 384 2323 de
407 2297 486 2323 meo
509 2297 616 2333 quam
639 2290 676 2323 et
698 2287 770 2323 Seii
793 2287 886 2323 dolo.
928 2287 1018 2323 Item
1042 2287 1235 2340 quaeritur,

152 2333 184 2369 si
205 2332 346 2369 debitor
368 2342 467 2368 meus
490 2335 527 2368 te
551 2332 850 2368 circumveniebat
879 2336 987 2377 teque
1020 2332 1106 2367 mihi
1136 2342 1236 2367 reum

153 2378 289 2414 dederit
317 2388 453 2423 egoque
481 2378 547 2414 abs
578 2382 615 2414 te
644 2378 835 2424 stipulatus
864 2377 985 2422 fuero,
1019 2377 1146 2413 deinde
1174 2387 1236 2422 pe-

151 2427 244 2468 tam,
268 2433 315 2459 an
341 2423 412 2459 doli
435 2423 520 2459 mali
544 2424 705 2469 exceptio
730 2423 858 2460 obstet.
904 2426 942 2459 et
963 2423 1077 2468 magis
1102 2425 1171 2465 est,
1196 2425 1237 2458 ut

152 2480 224 2506 non
251 2469 322 2504 tibi
348 2469 576 2514 permittatur
603 2469 648 2505 de
675 2468 758 2505 dolo
781 2468 952 2505 debitoris
975 2469 1045 2504 mei
1068 2467 1236 2503 adversus

152 2525 207 2550 me
238 2514 422 2560 excipere,
453 2524 535 2550 cum
565 2525 639 2550 non
670 2524 734 2560 ego
765 2517 803 2550 te
832 2513 1140 2550 circumvenerim:
1173 2513 1236 2548 ad-

152 2571 275 2596 versus
306 2559 424 2606 ipsum
461 2563 582 2595 autem
619 2559 814 2596 debitorem
850 2570 968 2595 meum
1004 2559 1137 2605 poteris
1175 2568 1235 2593 ex-

152 2608 193 2640 21
243 2604 361 2651 periri.
409 2604 480 2641 Sed
510 2609 547 2641 et
577 2605 608 2641 si
637 2605 764 2640 mulier
793 2608 877 2650 post
900 2604 1092 2640 admissum
1116 2603 1237 2639 dolum

153 2651 349 2687 debitorem
378 2661 481 2686 suum
509 2651 637 2685 marito
667 2650 704 2685 in
734 2649 853 2685 dotem
884 2649 1114 2695 delegaverit,
1142 2648 1236 2684 idem

152 2695 376 2741 probandum
399 2696 467 2731 erit
490 2695 535 2731 de
557 2695 640 2731 dolo
665 2695 820 2730 mulieris
839 2705 913 2731 non
932 2705 1011 2731 esse
1056 2694 1236 2731 ermitten-

154 2744 196 2776 22
244 2741 326 2776 dum
350 2740 526 2786 excipere,
555 2751 600 2776 ne
622 2740 785 2775 indotata
807 2739 882 2775 fiat.
929 2740 963 2775 A
988 2751 1012 2775 u
1059 2739 1237 2775 Iulianum

154 2786 353 2831 quaesitum
376 2789 450 2829 est,
473 2786 505 2821 si
526 2786 630 2822 heres
654 2786 788 2828 soceri,
816 2795 838 2821 a
861 2795 931 2830 quo
956 2750 1021 2821 Xos
1044 2788 1235 2830 peteretur,

154 2831 336 2876 exciperet
371 2830 415 2865 de
446 2830 529 2866 dolo
562 2831 680 2866 mariti
711 2833 747 2866 et
776 2830 951 2873 mulieris,
991 2830 1048 2865 cui
1084 2830 1237 2876 pecunia

153 2875 1237 2966 ffigssff‘uzt’staaa?„3³⁸323251001220p‘2233223332

156 2967 247 3003 dotis
279 2967 326 3002 ab
354 2965 484 3002 herede
515 2965 630 3001 soceri
659 2948 760 3011 petat
797 2970 833 3002 et
865 2966 968 3001 heres
1003 2965 1157 3011 excipiat
1192 2965 1236 3001 de

155 3012 237 3047 dolo
260 3011 372 3054 filiae,
404 3011 463 3047 cui
492 3020 535 3046 ea
562 3012 715 3056 pecunia
740 3011 988 3056 adquireretur
997 3012 1022 3054 ⁷,
1056 3011 1234 3056 exceptio-

155 3067 235 3092 nem
265 3057 425 3092 obstare:
466 3056 530 3091 dos
565 3057 675 3099 enim,
713 3066 818 3101 quam
847 3057 996 3092 maritus
1027 3056 1074 3092 ab
1105 3055 1236 3091 herede

156 3102 271 3138 soceri
293 3101 401 3147 petit,
430 3101 662 3146 intellegitur,
689 3101 823 3147 inquit,
856 3101 950 3137 filiae
973 3101 1130 3146 adquiri,
1156 3112 1236 3136 cum

156 3157 220 3193 per
241 3147 312 3182 hoc
335 3146 455 3182 dotem
478 3146 525 3181 sit
546 3146 723 3181 habitura.
758 3146 848 3182 illud
865 3157 939 3182 non
957 3147 1112 3192 explicat
1127 3146 1236 3181 Iulia-

157 3202 236 3235 nus,
260 3202 308 3227 an
331 3195 367 3227 et
390 3191 435 3227 de
459 3191 541 3227 dolo
564 3191 684 3226 mariti
707 3191 786 3226 exci
811 3192 824 3226 i
847 3192 979 3237 possit:
1004 3194 1092 3236 puto
1116 3194 1235 3226 autem

157 3247 237 3272 eum
260 3237 329 3272 hoc
348 3237 492 3279 sentire,
516 3240 558 3271 ut
580 3237 686 3272 etiam
710 3235 754 3271 de
801 3236 857 3271 olo
880 3236 1000 3272 mariti
1021 3239 1151 3272 noceat
1174 3247 1234 3271 ex-

158 3282 274 3327 ceptio
309 3281 393 3316 licet
415 3281 577 3317 videatur
599 3281 721 3316 nulla⁸
745 3280 808 3316 dos
826 3280 932 3324 filiae,
954 3285 996 3317 ut
1013 3282 1074 3324 ait,
1099 3281 1231 3326 quaeri.

159 3330 201 3362 23
247 3309 313 3362 Illa
335 3326 443 3361 etiam
466 3327 627 3372 quaestio
650 3325 821 3361 ventilata
843 3329 898 3362 est
920 3326 1016 3371 apud
1036 3326 1234 3371 plerosque,

158 3382 206 3407 an
228 3370 273 3407 de
295 3371 378 3407 dolo
401 3371 530 3407 tutoris
553 3371 716 3416 exceptio
738 3370 875 3416 pupillo
892 3371 1088 3417 experienti
1106 3381 1236 3407 nocere

159 3416 297 3452 debeat.
345 3420 381 3451 et
410 3426 474 3461 ego
504 3420 592 3462 puto
623 3415 762 3458 utilius,
794 3414 861 3450 etsi
889 3426 953 3460 per
979 3426 1039 3452 eas
1061 3426 1235 3462 personas

158 3461 302 3508 pupillis
325 3461 474 3504 favetur,
497 3466 616 3497 tamen
633 3460 821 3496 dicendum
840 3469 929 3503 esse,
953 3460 1027 3498 sive
1046 3462 1123 3507 quis
1141 3471 1235 3497 eme-

1219 124 1301 173 713

2068 131 2325 176 XXXXIIII
2356 137 2379 175 4

1304 250 1351 284 rit
1374 260 1396 285 a
1419 253 1536 285 tutore
1560 259 1634 284 rem
1658 252 1783 301 pupilli
1807 253 1878 287 sive
1902 258 2124 290 contractum
2155 255 2201 290 sit
2230 264 2311 290 cum
2339 265 2383 291 eo

1304 295 1342 330 in
1364 305 1439 330 rem
1488 294 1608 340 upilli,
1642 296 1738 330 slve⁹
1769 296 1848 332 dolo
1882 298 1967 342 quid
1997 303 2096 335 tutor
2124 299 2250 336 feeerit
2278 303 2316 336 et
2339 310 2382 335 ex

1304 350 1346 375 eo
1370 339 1456 386 pup‘
1484 350 1526 375 us
1550 339 1762 384 locupletior
1785 341 1901 377 factus
1920 347 1985 386 est,
2010 343 2145 390 pupillo
2169 355 2298 381 nocere
2321 344 2381 380 de-

1304 386 1399 429 bere,
1423 395 1490 420 nec
1511 384 1601 419 illud
1626 395 1703 420 esse
1725 384 2018 431 distinguendum,
2044 394 2188 424 cautum
2211 389 2258 426 sit
2279 390 2313 425 ei
2336 400 2381 424 an

1304 441 1394 472 non,
1426 429 1595 465 solvendo
1619 430 1666 465 sit
1689 440 1736 464 an
1758 441 1830 465 non
1853 436 1968 475 tutor,
2001 434 2190 470 dummodo
2221 445 2295 470 rem
2320 435 2382 470 ad-

1303 475 1495 510 ministret:
1528 474 1623 510 unde
1654 475 1748 510 enim
1779 475 1912 511 divinat
1925 479 1952 498 ¹⁰
1981 479 2031 520 is,
2085 481 2122 514 ui
2151 490 2232 515 cum
2262 484 2382 515 tutore

1305 520 1510 555 contrahit?
1540 520 1648 565 plane
1671 520 1702 555 si
1726 520 1811 555 mihi
1827 532 2007 566 proponas
2029 534 2069 559 co
2098 525 2212 559 usisse
2231 524 2382 568 aliquem

1304 568 1347 600 24
1395 576 1474 600 cum
1502 568 1640 607 tutore,
1671 564 1807 600 factum
1839 577 1940 601 suum
1972 568 2005 603 ei
2034 570 2187 604 nocebit.
2235 569 2273 604 Si
2304 570 2382 614 quis

1302 621 1375 646 non
1405 614 1520 653 tutor,
1555 610 1619 646 sed
1646 620 1712 656 pro
1742 614 1861 646 tutore
1889 613 2029 657 negotia
2058 618 2176 658 gerat,
2209 624 2255 649 an
2280 615 2382 650 dolus

1301 656 1413 701 ipsius
1438 659 1567 708 noceat
1589 655 1741 708 pupillo,
1770 655 1963 692 videamus.
2011 662 2046 692 et
2074 664 2194 710 putem
2222 670 2294 694 non
2317 670 2381 695 no-

1304 711 1404 736 cere:
1429 711 1512 735 nam
1535 711 1566 736 si
1588 711 1631 743 is,
1656 711 1715 745 qm
1738 711 1804 747 pro
1828 705 1947 737 tutore
1971 707 2111 747 negotla
2128 704 2283 748 gerebat,
2307 715 2382 739 rem

1302 745 1499 798 vendiderit
1523 748 1597 781 et¹¹
1622 750 1800 792 usucapta
1820 747 1876 790 sit,
1901 749 2143 800 exceptionem
2163 760 2235 784 non
2254 760 2382 784 nocere

1303 791 1440 836 pupillo
1463 801 1540 826 rem
1564 801 1665 826 suam
1688 792 1926 836 persequenti,
1951 793 2088 827 etiamsi
2110 794 2142 828 ei
2163 798 2306 829 cautum
2326 795 2381 836 sit,

1304 837 1387 880 quia
1415 836 1500 871 huic
1531 847 1652 871 rerum
1681 836 1807 882 pupilli
1836 837 2094 873 administratio
2119 849 2289 874 concessa
2311 850 2382 874 non

1303 884 1371 916 24a
1416 880 1497 916 fuit.
1538 881 1742 917 Secundum
1755 882 1846 917 haec
1863 882 1974 927 magis
1992 883 2119 928 opinor
2131 883 2173 918 de
2189 884 2270 919 dolo
2287 888 2382 919 tuto-

1304 929 1345 961 25
1393 926 1442 961 ris
1466 927 1712 971 exceptionem
1734 927 1869 973 pupillo
1899 937 1977 963 esse
2004 928 2235 963 obiciendam.
2284 929 2382 973 Quae

1302 972 1339 1006 in
1362 974 1481 1007 tutore
1505 971 1676 1015 diximus,
1701 972 1825 1007 eadem
1846 973 1885 1007 in
1909 977 2073 1008 curatore
2097 984 2236 1018 quoque
2258 974 2383 1009 furiosi

1305 1017 1454 1052 dicenda
1478 1021 1601 1060 erunt,
1631 1016 1695 1053 sed
1726 1020 1763 1053 et
1791 1018 1829 1052 in
1857 1018 1996 1064 prodigi
2019 1019 2074 1053 vel
2096 1019 2240 1054 minoris
2263 1019 2384 1064 viginti

1305 1065 1347 1097 26
1396 1062 1550 1108 quinque
1579 1063 1693 1098 annis.
1750 1063 1804 1098 De
1834 1062 1916 1098 dolo
1948 1067 2067 1099 autem
2097 1064 2210 1109 ipsius
2241 1064 2384 1099 minoris

1303 1108 1423 1152 viginti
1448 1108 1603 1153 quinque
1626 1108 1727 1143 annis
1753 1109 1914 1153 exceptio
1939 1109 2062 1154 utique
2084 1109 2202 1144 locum
2221 1109 2383 1144 habebit:

1303 1163 1387 1188 nam
1416 1157 1452 1188 et
1482 1153 1526 1189 de
1554 1153 1682 1199 pupilli
1711 1154 1792 1189 dolo
1823 1153 1999 1189 interdum
2034 1164 2111 1189 esse
2141 1154 2385 1199 excipiendum

1305 1209 1527 1243 nequaquam
1559 1199 1823 1244 ambigendum,
1861 1200 1952 1235 ¹2est
1981 1210 2026 1235 ex
2055 1209 2098 1235 ea
2130 1202 2265 1243 aetate,
2296 1209 2385 1243 quae

1304 1243 1384 1279 dolo
1417 1255 1490 1279 non
1524 1247 1656 1279 careat.
1705 1244 1856 1290 denique
1886 1244 2046 1280 Iulianus
2080 1254 2221 1290 quoque
2251 1245 2384 1289 saepis-

1303 1289 1390 1324 sime
1414 1290 1598 1325 scribsit¹³
1629 1289 1701 1326 doli
1730 1290 1906 1335 pupillos,
1938 1290 2000 1335 qui
2021 1300 2135 1342 prope
2162 1290 2385 1336 pubertatem

1304 1338 1404 1377 sunt,
1435 1345 1587 1380 capaces
1616 1345 1706 1371 esse.
1754 1335 1840 1381 quid
1869 1335 1978 1378 enim,
2010 1346 2041 1371 sl
2064 1335 2202 1370 debitor
2226 1346 2269 1370 ex
2292 1335 2385 1370 dele-

1302 1384 1387 1425 gatu
1406 1380 1534 1426 pupilli
1552 1380 1742 1426 pecuniam
1761 1380 1928 1416 creditori
1947 1381 2023 1416 eius
2044 1380 2172 1416 solvit?
2201 1380 2385 1425 fingendus

1303 1430 1368 1470 est,
1397 1426 1524 1479 inquit,
1555 1426 1669 1471 pubes
1693 1436 1784 1469 esse,
1808 1437 1852 1461 ne
1875 1430 2022 1471 propter
2044 1425 2199 1461 malitiae
2222 1426 2384 1470 ignoran-

1303 1472 1390 1506 tiam
1419 1472 1475 1507 b1s
1505 1471 1655 1507 eandem
1685 1471 1875 1517 pecuniam
1899 1474 2149 1516 consequatur.
2196 1471 2289 1506 idem
2312 1481 2384 1506 ser-

1303 1516 1458 1552 vandum
1480 1516 1518 1552 in
1540 1516 1676 1553 furioso
1700 1517 1762 1559 ait,
1787 1517 1828 1560 si,
1855 1528 1933 1552 cum
1959 1517 2220 1552 existimaretur
2241 1527 2384 1561 compos

1302 1562 1430 1598 mentis
1455 1572 1552 1606 esse,
1575 1562 1720 1598 iusserit
1744 1562 1938 1598 debitorem
1963 1562 2129 1598 creditori
2152 1562 2306 1604 solvere,
2331 1561 2386 1596 vel

1305 1611 1345 1643 27
1394 1607 1426 1644 si
1449 1607 1546 1654 quod
1570 1608 1736 1653 exegit¹⁴,
1761 1607 1857 1643 domi
1873 1608 2016 1643 habeat.
2051 1608 2106 1643 De
2126 1607 2283 1642 auctoris
2304 1606 2384 1642 dolo

1303 1653 1466 1699 exceptio
1490 1652 1642 1699 emptori
1664 1664 1737 1689 non
1761 1653 1926 1689 obicitur.
1974 1652 2006 1689 si
2035 1656 2153 1688 autem
2181 1652 2386 1688 accessione

1303 1698 1461 1734 auctoris
1490 1698 1620 1740 utitur,
1655 1698 1907 1744 aequissimum
1934 1698 2050 1733 visum
2078 1701 2133 1733 est
2163 1697 2214 1739 ei,
2251 1697 2311 1743 qui
2342 1707 2387 1732 ex

1302 1754 1458 1790 persona
1475 1744 1633 1780 auctoris
1650 1744 1764 1779 utitur
1783 1743 1988 1780 accessione
2002 1745 2040 1785 ¹⁵,
2064 1743 2140 1789 pati
2162 1742 2280 1778 dolum
2301 1752 2384 1777 auc-

1302 1790 1409 1825 toris:
1441 1792 1478 1825 et
1505 1799 1686 1835 peraeque
1715 1789 1870 1825 traditur
1898 1788 1950 1824 rei
1974 1789 2113 1834 quidem
2138 1789 2384 1824 cohaerentem

1304 1845 1390 1871 exce
1416 1835 1548 1870 tionem
1572 1835 1679 1870 etiam
1704 1835 1855 1880 emptori
1877 1844 2016 1876 nocere,
2041 1844 2119 1869 eam
2141 1837 2270 1876 autem,
2295 1843 2386 1878 quae

1304 1891 1347 1916 ex
1402 1880 1507 1916 elicto
1538 1890 1712 1925 personae
1743 1880 1899 1922 oriatur,
1939 1890 2070 1915 nocere
2101 1889 2174 1915 non
2208 1882 2383 1924 oport-ere.

1305 1928 1346 1960 28
1395 1925 1443 1969 Si,
1462 1936 1543 1961 cum
1558 1925 1714 1970 legitima
1729 1925 1909 1961 hereditas
1927 1924 2007 1960 Gaii
2023 1924 2095 1960 Seii
2111 1924 2158 1959 ad
2173 1927 2209 1959 te
2225 1924 2385 1969 perveni-

1303 1974 1359 2006 ret
1371 1972 1399 1992 ¹⁶
1423 1974 1459 2005 et
1482 1981 1546 2016 ego
1572 1981 1685 2006 essem
1708 1971 1813 2006 heres
1835 1970 2032 2012 institutus,
2056 1969 2277 2015 persuaseris
2299 1968 2386 2003 mihi

1302 2026 1369 2061 per
1392 2015 1513 2051 dolum
1538 2015 1682 2059 malum,
1706 2026 1752 2052 ne
1775 2016 1902 2051 adeam
1921 2015 2166 2057 hereditatem,
2190 2018 2225 2049 et
2244 2017 2382 2059 postea-

1305 2071 1411 2106 quam
1434 2071 1499 2107 ego
1522 2061 1707 2106 repudiavi
1730 2060 1980 2103 hereditatem,
2012 2064 2052 2095 tu
2080 2070 2158 2095 eam
2171 2061 2197 2081 ¹⁷
2221 2059 2385 2105 Sempro-

1304 2107 1364 2142 nio
1389 2106 1538 2142 cesseris
1561 2106 1676 2151 pretio
1700 2109 1849 2159 accepto
1879 2105 1980 2150 isque
2004 2115 2027 2140 a
2048 2115 2105 2140 me
2127 2108 2227 2150 petat
2248 2103 2383 2139 heredi-

1304 2155 1433 2187 tatem:
1458 2151 1704 2197 exceptionem
1728 2151 1801 2187 doh
1822 2150 1908 2186 mali
1930 2150 2018 2193 eius,
2043 2150 2103 2196 qui
2121 2150 2154 2186 ei
2173 2149 2290 2191 cessit,
2315 2159 2385 2183 non

1306 2200 1349 2231 29
1395 2197 1626 2250 potest-pati.
1673 2196 1711 2232 Si
1735 2196 1815 2242 quis
1838 2199 1958 2231 autem
1981 2206 2025 2231 ex
2048 2206 2159 2232 causa
2180 2195 2288 2240 legati
2310 2194 2384 2229 vin-

1285 2242 1400 2278 ·dicet
1430 2246 1494 2278 aut
1523 2252 1574 2287 is,
1606 2242 1665 2278 cui
1696 2252 1741 2277 ex
1770 2251 1880 2277 causa
1909 2241 2111 2277 donationis
2134 2250 2191 2275 res
2214 2239 2387 2293 praestita

1307 2291 1376 2330 est,
1408 2287 1581 2331 vindicet,
1614 2298 1661 2323 an
1693 2286 1736 2322 de
1768 2286 1849 2323 dolo
1881 2286 2126 2331 exceptionem
2154 2288 2312 2330 patmtur
2342 2294 2386 2319 ex

1306 2343 1417 2368 causa
1448 2333 1543 2375 eius,
1575 2333 1613 2368 in
1645 2332 1747 2368 cuius
1778 2332 1896 2367 locum
1927 2331 2165 2367 successerit?
2210 2333 2245 2365 et
2274 2329 2385 2374 magis

1304 2382 1409 2423 putat
1438 2378 1656 2423 Pomponius
1688 2377 1996 2413 summovendum:
2035 2379 2072 2412 et
2108 2385 2173 2421 ego
2202 2378 2289 2421 puto
2324 2384 2384 2408 ex-

1306 2423 1468 2468 ceptione
1491 2433 1553 2459 eos
1576 2433 1655 2459 esse
1677 2422 1916 2467 repellendos,
1949 2433 2030 2457 cum
2060 2421 2269 2456 lucrativam
2299 2429 2382 2471 cau·

1307 2479 1383 2504 sam
1405 2469 1479 2504 sint
1501 2468 1641 2504 nancti:
1672 2467 1771 2503 aliud
1794 2471 1850 2503 est
1872 2467 1965 2503 enim
1989 2476 2120 2508 emere,
2145 2464 2241 2501 aliud
2263 2474 2307 2500 ex
2329 2463 2383 2498 his

1306 2516 1350 2549 30
1398 2513 1516 2549 causis
1540 2512 1743 2549 succedere.
1778 2512 1876 2548 Idem
1898 2515 2031 2547 tractat
2049 2510 2266 2556 Pomponius
2290 2512 2326 2544 et
2347 2509 2385 2543 in

1307 2560 1439 2602 eum¹⁸,
1464 2558 1526 2604 qui
1548 2558 1686 2604 pigneri
1708 2558 1864 2603 accepit,
1889 2557 1919 2592 si
1943 2556 2113 2593 Serviane.
2134 2556 2189 2592 vel
2211 2554 2383 2600 hypothe-

1306 2605 1405 2639 caria
1428 2604 1569 2639 actione
1597 2603 1817 2649 experiatur:
1849 2612 1932 2638 nam
1960 2605 1998 2637 et
2027 2602 2122 2637 hunc
2153 2603 2257 2647 putat
2277 2599 2383 2634 Pom-

1305 2649 1435 2695 ponius
1466 2648 1773 2691 summovendum,
1812 2648 1896 2692 quia
1931 2657 1989 2682 res
2024 2647 2070 2682 ad
2101 2656 2181 2682 eum
2211 2644 2271 2690 qui
2302 2643 2383 2696 dolo

1307 2698 1347 2730 31
1396 2694 1482 2730 fecit
1503 2704 1689 2730 reversura
1712 2697 1776 2729 est.
1818 2692 1987 2728 Auctoris
2011 2695 2129 2727 autem
2153 2690 2267 2732 dolus,
2292 2691 2384 2724 slcut

1306 2739 1470 2782 diximus,
1495 2739 1647 2785 emptori
1669 2749 1742 2774 non
1767 2738 1928 2774 obicitur.
1975 2737 2039 2773 sed
2067 2737 2138 2772 hoc
2166 2735 2204 2770 in
2227 2737 2384 2786 emptore

1306 2786 1381 2821 solo
1406 2785 1642 2821 servabimus:
1666 2784 1752 2820 item
1774 2784 1811 2819 in
1835 2793 1887 2825 eo,
1913 2782 1974 2827 qui
1995 2781 2247 2827 permutaverit
2270 2779 2325 2814 vel
2345 2789 2383 2813 111

1306 2831 1463 2866 solutum
1483 2830 1639 2875 accepit:
1663 2829 1748 2865 item
1771 2828 1809 2864 in
1828 2828 2013 2870 similibus,
2038 2827 2099 2872 qui
2117 2827 2228 2862 vicem
2247 2826 2381 2877 empto-

1304 2886 1384 2911 rum
1407 2875 1590 2911 continent
1603 2875 1641 2910 ¹⁹.
1685 2877 1842 2910 ceterum
1866 2873 1897 2909 si
1919 2883 2035 2908 noxae
2059 2871 2198 2907 deditus
2222 2880 2301 2915 quis
2324 2871 2381 2909 s1t‚

1304 2920 1522 2966 Pomponius
1553 2923 1660 2965 putat
1685 2929 1876 2965 passurum
1902 2917 2162 2970 exceptionem,
2198 2925 2303 2960 quam
2325 2913 2382 2947 ille

1305 2968 1507 3011 pateretur,
1540 2965 1602 3010 qui
1624 2974 1740 3000 noxae
1763 2963 1871 2999 dedit.
1918 2962 2068 3008 promde
2093 2972 2136 2996 ex
2160 2967 2381 3010 quacumque

1305 3010 1376 3046 alia
1401 3020 1529 3053 causa,
1563 3020 1656 3055 quae
1678 3019 1791 3055 prope
1813 3008 2023 3044 lucrativam
2045 3007 2152 3042 habet
2175 3005 2378 3056 adquisitio-

1304 3066 1403 3099 nem,
1434 3055 1616 3101 quaesisse
1639 3055 1719 3099 quis
1742 3054 1922 3096 videatur,
1953 3052 2110 3098 patietur
2140 3051 2378 3100 exceptionem

1304 3101 1376 3136 doli
1399 3110 1444 3136 ex
1466 3110 1621 3146 persona
1644 3100 1731 3142 eius,
1754 3099 1792 3134 in
1811 3099 1912 3134 cuius
1931 3098 2048 3132 locum
2066 3097 2237 3131 successit
2241 3106 2262 3145 3·
2279 3091 2378 3127 suffi-

1305 3146 1354 3181 cit
1376 3145 1480 3188 enim,
1505 3145 1537 3181 si
1558 3146 1600 3187 is,
1625 3144 1687 3189 qui
1709 3144 1861 3189 pretium
1885 3142 1982 3178 dedit
1997 3142 2052 3177 vel
2069 3140 2143 3175 vice
2160 3141 2285 3188 pretu,
2299 3146 2378 3171 cum

1305 3191 1351 3226 sit
1374 3191 1469 3226 bona
1491 3189 1561 3225 fide
1573 3191 1602 3211 ²⁰
1633 3193 1789 3234 emptor,
1819 3189 1898 3224 ut²¹
1931 3197 2003 3222 non
2031 3185 2199 3235 patiatur·
2216 3182 2287 3217 doh
2319 3191 2378 3215 ex-

1305 3235 1504 3281 ceptionem
1527 3245 1571 3269 ex
1593 3244 1748 3280 persona
1771 3234 1946 3274 auctoris,
1978 3231 2098 3274 utique
2129 3239 2159 3263 s1
2189 3237 2265 3271 lpse
2289 3225 2377 3277 ‘dolo

1305 3285 1414 3316 caret.
1462 3283 1620 3315 ceterum
1643 3279 1674 3315 si
1696 3279 1773 3324 ipse
1797 3279 1878 3314 dolo
1902 3287 1973 3312 non
1997 3276 2127 3315 careat,
2156 3273 2379 3317 pervenietur

1303 3325 1351 3361 ad
1374 3324 1446 3360 doli
1468 3324 1711 3369 exceptionem
1734 3327 1770 3358 et
1818 3323 1948 3358 atietur
1971 3320 2014 3355 de
2044 3318 2125 3370 dolo
2154 3327 2218 3368 suo
2250 3324 2377 3366 excep:

1305 3373 1346 3405 32
1393 3370 1539 3405 tionem.
1575 3369 1613 3404 Si
1636 3379 1659 3404 a
1674 3368 1768 3404 Titio
1809 3367 1941 3402 undum
1962 3373 2085 3415 emeris
2106 3373 2165 3406 qul
2181 3360 2261 3395 Sem
2287 3369 2378 3412 ronu

1303 3418 1382 3450 erat
1411 3414 1442 3450 is
1468 3424 1513 3450 ue
1542 3414 1607 3449 tibi
1637 3414 1789 3449 traditus
1820 3411 1928 3446 fuerit
1950 3412 2062 3454 pretio
2087 3406 2222 3448 soluto,
2277 3403 2379 3439 emde

1303 3459 1420 3495 Titius
1471 3459 1652 3506 empronio
1683 3459 1786 3494 heres
1818 3454 1972 3491 extiterit
2000 3456 2035 3488 et
2059 3451 2207 3487 eundem
2230 3448 2377 3484 fundum

160 3577 200 3618 (1)
214 3574 368 3609 adversus
379 3575 429 3619 ea]
442 3575 595 3609 adversus
606 3575 726 3609 bonam
736 3573 836 3610 fidem
847 3575 960 3617 postea
970 3586 1032 3609 ser.
1073 3575 1118 3617 (2)
1135 3574 1234 3618 apud]

161 3621 387 3708 ffivzrxsbgcr.
406 3666 450 3707 (5)
472 3666 663 3709 exceptione
676 3666 712 3699 F
774 3666 817 3706 (e)
842 3664 898 3696 oui
909 3664 1051 3706 pecunia
1062 3675 1235 3706 quaerere-

161 3712 218 3744 tur
230 3711 291 3744 del.
355 3711 398 3752 (7)
422 3710 478 3743 oui
490 3721 528 3743 ea
537 3711 680 3753 pecunia
690 3710 923 3752 adquireretur
934 3710 995 3742 del.
1058 3711 1103 3751 (8)
1127 3709 1234 3751 nulla]

157 3754 221 3798 ¹illa
233 3755 273 3789 A.
289 3755 395 3788 Faber
464 3758 507 3797 (⁹)
531 3755 560 3787 si
572 3757 646 3789 dett.
718 3757 776 3797 (ιο)
802 3754 930 3786 divinet
940 3754 1021 3787 Hal.

465 3624 506 3661 (3)
530 3622 599 3654 tam
610 3621 685 3653 vivo
697 3630 796 3663 quam
808 3619 966 3652 defuncto
977 3620 1041 3654 del.
1052 3620 1235 3662 (Cuiacius)
1302 3618 1355 3661 git
1376 3619 1412 3651 F

1552 3574 1610 3614 (12)
1635 3572 1713 3605 dum
1726 3572 1785 3604 ins.
1878 3569 1935 3609 (13)
1959 3566 2073 3599 scribit
2085 3564 2136 3598 F²
2227 3564 2284 3603 (14)
2310 3563 2378 3595 exi-

1552 3619 1611 3659 (15)
1636 3618 1667 3649 ei
1687 3616 1745 3657 qui
1766 3625 1804 3647 ex
1823 3623 1962 3656 persona
1981 3609 2126 3642 auctoris
2145 3608 2253 3640 utitur
2271 3617 2377 3658 acces-

1558 3664 1618 3704 (16)
1642 3660 1822 3703 pertineret
1834 3659 1905 3690 edd.
1989 3658 2046 3695 (ιτ)
2071 3664 2109 3686 ea
2122 3652 2171 3685 F2
2257 3652 2316 3703 (18.)
2341 3662 2377 3683 ιιι

1560 3708 1619 3748 (19)
1643 3705 1795 3738 obtinent
1814 3703 1886 3735 edd.
2017 3701 2081 3740 (2ο)
2105 3698 2209 3730 bonae
2229 3696 2305 3729 fide1
2330 3695 2363 3728 F
2364 3695 2379 3715 ²

1308 3574 1460 3608 Cuiacius

1305 3663 1397 3696 sione
1415 3664 1475 3696 del.

1305 3719 1343 3741 eo
1360 3720 1422 3740 scr.

1095 3755 1149 3793 (11)
1175 3764 1235 3787 nec
1304 3752 1362 3797 (21)
1387 3754 1426 3784 ut
1438 3753 1499 3785 del.

2071 3798 2113 3830 90
