2528 3918
179 98 326 143 INST.
356 98 434 150 111,
470 101 506 141 1.
527 100 554 140 2
1264 91 1319 141 30

181 223 223 258 16
270 220 454 266 designata
483 219 595 265 partis
620 218 746 254 tertiae
769 218 1021 256 deminutione'
1031 222 1147 256 vocat.
1195 218 1266 254 Sed

179 277 257 309 nos,
282 277 363 302 cum
387 266 505 301 adhuc
530 264 704 300 dubitatio
729 264 898 300 manebat
919 264 1013 301 inter
1036 264 1210 309 adgnatos
1231 267 1267 299 et

183 315 391 347 memoratos
423 314 591 356 nepotes,
623 314 763 355 partem
793 313 958 362 quartam
990 310 1149 345 defuncti
1179 309 1264 344 sub-

180 357 333 393 stantiae
357 356 519 401 adgnatis
541 355 609 390 sibi
628 354 890 391 vindicantibus
911 366 955 391 ex
976 355 1162 391 cuiusdam
1179 364 1263 389 con-

178 402 373 438 stitutionis
404 401 637 442 auctoritate,
670 403 902 436 memoratam
927 400 1067 446 quidem
1091 399 1264 435 constitu-

178 448 312 483 tionem
346 457 369 482 a
400 449 523 482 nostro
556 444 680 481 codice
711 446 988 491 segregravimus
1019 455 1134 490 neque
1157 444 1266 479 inseri

178 503 256 529 eam
268 503 311 528 ex
324 490 576 527 Theodosiano
596 490 719 527 codice
739 491 776 526 in
797 501 838 527 eo
853 490 1105 526 concessimus.
1142 493 1266 525 nostra

178 541 299 573 autem
324 536 598 572 constitutione¹
624 537 848 582 promulgata
871 535 937 572 toti
963 536 1031 571 iuri
1055 535 1130 571 eius
1163 534 1265 571 dero-

176 587 298 629 gatum
323 585 394 617 est:
419 585 455 617 et
478 581 662 618 sanximus
686 582 818 617 talibus
842 581 1031 626 nepotibus
1056 590 1100 616 ex
1119 580 1193 616 filia
1211 580 1267 616 vel

177 627 435 674 pronepotibus
468 637 512 662 ex
542 630 649 672 nepte
673 630 709 663 et
732 627 898 672 deinceps
923 626 1177 671 superstitibus
1202 625 1265 661 ad-

175 676 303 718 gnatos
327 672 462 707 nullam
484 675 623 725 partem
646 672 776 708 mortui
799 671 1036 707 successionis
1061 671 1129 706 sibi
1152 670 1263 706 vindi-

177 729 271 760 care,
295 728 340 753 ne
363 717 412 760 hi,
437 728 497 763 qm
521 728 566 753 ex
588 721 791 754 transversa
814 717 908 752 linea
927 716 1084 759 veniunt,
1108 717 1265 761 potiores

176 764 231 799 his
255 763 466 806 habeantur,
491 763 552 808 qui
570 767 669 799 recto
690 763 766 798 iure
788 761 1019 798 descendunt.
1054 772 1161 807 quam
1181 772 1266 797 con-

177 808 395 844 stitutionem
418 811 577 844 nostram
611 809 771 853 optinere
800 807 995 842 secundum
1026 807 1083 842 sui
1113 807 1266 852 vigorem

177 859 213 889 et
236 857 398 899 tempora
422 857 458 889 et
481 864 576 889 nunc
601 853 798 889 sancimus:
831 853 883 887 ita
906 856 1028 887 tamen
1043 852 1084 886 ut
1095 851 1129 896 ¹¹,
1144 862 1265 898 quem-

176 899 367 934 admodum
398 898 492 934 inter
522 898 614 935 filios
646 902 681 934 et
712 901 860 942 nepotes
892 908 936 933 ex
966 897 1038 933 filio
1071 897 1266 943 antiquitas

176 944 306 980 statuit
336 955 409 980 non
439 944 477 980 in
509 944 630 990 capita
661 943 723 979 sed
746 943 783 978 in
808 943 935 988 stirpes
960 942 1068 978 dividi
1090 943 1264 978 heredita-

176 994 259 1032 tem,
279 989 439 1025 similiter
449 1000 515 1025 nos
534 990 627 1025 inter
647 989 738 1024 filios
760 991 795 1023 et
815 991 964 1033 nepotes
987 999 1031 1023 ex
1050 988 1124 1024 filia
1146 988 1264 1024 distri-¹

177 1035 361 1071 butionem
384 1034 461 1070 fieri
484 1035 666 1076 iubemus,
699 1034 754 1069 vel
785 1034 879 1069 inter
910 1043 1032 1070 omnes
1056 1036 1206 1079 nepotes
1231 1036 1266 1068 et

176 1081 327 1126 neptes2
351 1083 386 1116 et
409 1080 498 1116 alias
523 1080 690 1125 deinceps
715 1089 908 1124 personas,
941 1081 983 1114 ut
1005 1081 1158 1124 utraque
1181 1089 1264 1125 pro-

174 1126 295 1171 genies
319 1126 444 1161 matris
468 1136 556 1161 suae
582 1125 637 1160 vel
660 1124 792 1169 patris,
825 1124 926 1160 aviae
956 1124 1011 1160 vel
1042 1124 1099 1160 avi
1129 1124 1264 1177 portio-

176 1181 256 1207 nem
278 1171 356 1207 sine
379 1171 453 1206 ulla
476 1170 717 1206 deminutione
741 1179 850 1205 conse
874 1172 1018 1212 uantur,
1043 1172 1095 1212 ut,
1119 1180 1150 1206 ει
1173 1169 1267 1205 forte

176 1226 269 1254 unus
291 1216 346 1253 vel
369 1216 441 1252 duo
465 1226 510 1252 ex
534 1226 606 1252 una
630 1218 743 1261 parte,
769 1225 813 1250 ex
836 1224 858 1250 a
874 1218 952 1250 tera
974 1218 1049 1251 tres
1073 1218 1137 1251 aut
1161 1218 1264 1260 quat·

175 1265 259 1298 tuor
282 1265 416 1303 extent,
441 1272 534 1298 unus
559 1264 623 1297 aut
646 1261 716 1296 duo
742 1259 934 1303 dimidiam,
958 1260 1085 1296 alteri³
1108 1263 1183 1297 tres
1202 1263 1267 1296 aut

176 1310 347 1354 quattuor
370 1308 519 1343 alteram
544 1306 723 1342 dimidiam
747 1305 957 1342 hereditatis
980 1305 1150 1342 habeant.

687 1397 748 1438 11⁴

222 1468 283 1500 DE
308 1466 536 1499 LEGITIMA
560 1464 876 1498 ADGNATORUM
902 1464 1219 1499 SUCCESSIONE.

221 1533 259 1569 Si
282 1544 384 1569 nemo
409 1542 496 1568 suus
518 1532 622 1567 heres
644 1532 699 1568 vel
719 1542 854 1575 eorum,
879 1542 968 1578 quos
987 1531 1080 1568 inter
1098 1542 1184 1568 suos
1204 1531 1264 1567 he-

175 1579 279 1616 redes
315 1582 460 1623 praetor
490 1577 543 1613 vel
578 1578 854 1613 constitutiones
885 1580 1037 1621 vocant,
1073 1580 1173 1613 extat
1207 1578 1266 1613 et⁵

176 1624 439 1660 successionem
483 1633 601 1668 uoquo
621 1623 726 1659 modo
745 1623 1000 1668 amplectatur:
1028 1626 1114 1658 tunc
1135 1622 1202 1658 exl
1247 1633 1267 1658 e

176 1669 362 1706 duodecim
386 1634 591 1704 tabglarum
614 1668 660 1703 ad
684 1668 878 1713 adgnatum
901 1668 1103 1714 proximum
1125 1668 1211 1704 here
1236 1668 1265 1703 i-

178 1719 191 1750 1
243 1718 299 1750 tas
322 1714 486 1760 pertinet.
535 1713 627 1749 Sunt
650 1716 770 1749 autem
794 1713 950 1760 adgnati,
974 1717 1016 1749 ut
1038 1714 1153 1760 primo
1177 1724 1264 1759 quo-

175 1771 245 1806 que
267 1760 384 1796 libro⁶
407 1758 639 1802 tradidimus,
663 1759 807 1804 cognati
830 1769 896 1805 per
918 1758 1028 1795 virilis
1052 1769 1160 1796 sexus
1183 1769 1264 1804 per-

176 1816 284 1842 sonas
309 1805 521 1850 cognatione
537 1804 661 1846 iuncti,
687 1805 789 1850 quasi
809 1815 832 1840 a
849 1807 954 1850 patre
973 1804 1127 1850 cognati.
1164 1804 1264 1839 ''ita-

176 1852 255 1897 'que
279 1850 402 1886 eodem
425 1852 527 1903 patre
550 1850 625 1885 nati
648 1850 780 1886 fratres
804 1849 950 1895 adgnati
973 1850 1041 1886 sibi
1070 1852 1174 1893 sunt,
1206 1849 1266 1895 qui

176 1897 223 1932 ’et
246 1896 500 1941 consangumei
524 1899 719 1938 vocantur,
743 1906 811 1931 nec
834 1895 1044 1941 requiritur,
1079 1905 1125 1930 an
1157 1895 1265 1930 etiam

176 1942 334 1978 ’eandem
357 1944 506 1977 matrem
529 1940 732 1976 habuerint.
764 1941 848 1977 item
872 1944 1023 1986 patruus
1046 1940 1168 1976 fratris
1191 1940 1264 1976 filio

177 1988 224 2023 'et
247 1987 397 2023 invicem
421 1986 452 2022 is
475 1986 526 2022 illi
549 1986 726 2031 adgnatus
751 1989 816 2022 est.
861 1986 986 2022 eodem
1008 1996 1156 2022 numero
1181 1988 1265 2021 sunt

177 2032 316 2069 ’fratres
339 2032 531 2078 patrueles,
555 2031 593 2067 id
613 2034 668 2067 est
687 2031 749 2077 qui
769 2042 813 2067 ex
833 2031 974 2067 duobus
989 2031 1162 2067 fratribus
1182 2042 1264 2076 pro-

177 2078 299 2114 ’creati
322 2080 418 2120 sunt,
444 2077 505 2123 qui
528 2077 636 2112 etiam
660 2076 866 2113 consobrini
888 2081 1075 2113 vocantur.
1111 2086 1183 2122 qua
1206 2087 1264 2112 ra-

177 2124 284 2159 ’tione
319 2123 425 2159 etiam
458 2122 504 2158 ad
536 2122 655 2168 plures
678 2123 810 2167 gradus
834 2121 1059 2168 adgnationis
1082 2122 1267 2168 pervenire

177 2168 404 2215 'poterimus'
441 2168 477 2203 hi
501 2178 653 2213 quoque,
679 2168 740 2214 qui
762 2170 847 2213 post
869 2170 1021 2204 mortem
1043 2167 1157 2213 patris
1181 2178 1264 2204 nas-

177 2217 320 2256 cuntur,
344 2213 602 2250 nanciscuntur
622 2212 941 2259 consanguinitatis
959 2212 1050 2248 iura.
1085 2213 1190 2248 ⁸*non
1209 2215 1265 2248 ta-

177 2260 267 2296 ’men
287 2259 451 2296 omnibus
471 2258 575 2294 simul
596 2258 758 2304 adgnatis
779 2258 842 2294 dat
858 2258 918 2294 lex
935 2257 1179 2301 hereditatem,
1203 2257 1267 2294 sed

175 2305 258 2347 'his,
283 2304 345 2350 qui
367 2307 453 2340 tunc
475 2304 637 2356 proximo
660 2303 773 2350 gradu
797 2306 899 2347 sunt,
923 2314 1005 2339 cum
1029 2306 1166 2339 certum
1190 2313 1267 2339 esse

176 2353 196 2386 2
244 2350 414 2395 'coeperit
437 2349 591 2395 ahquem
614 2349 823 2385 intestatum
847 2348 1062 2385 decessisse.¹
1097 2349 1167 2384 Per
1179 2349 1265 2385 ado-

202 2395 334 2432 tionem
357 2404 500 2440 quoque
524 2394 747 2440 adgnationis
766 2394 822 2430 ius
844 2394 1019 2437 consistit,
1044 2394 1152 2430 veluti
1175 2394 1267 2430 inter

175 2407 268 2476 Elios
292 2440 476 2476 naturales
509 2442 546 2476 et
577 2450 639 2476 eos
670 2451 760 2486 quos
792 2442 897 2485 pater
927 2449 1050 2475 eorum
1082 2439 1267 2485 adoptavit

177 2489 256 2528 (nec
288 2485 435 2522 dubium
467 2487 540 2527 est,
573 2485 658 2531 quin
689 2485 834 2531 proprie
865 2485 1119 2530 consanguinei
1143 2495 1189 2530 ap
1217 2485 1265 2521 el-

175 2532 327 2573 lentur):
351 2531 437 2566 item
460 2530 491 2566 si
515 2530 593 2576 quis
617 2541 661 2567 ex
685 2530 812 2567 ceteris
837 2530 999 2576 adgnatis
1023 2530 1096 2566 tuis
1107 2531 1133 2574 ⁹,
1157 2541 1199 2566 ve
1213 2530 1267 2566 uti

175 2576 288 2612 frater
312 2578 376 2612 aut
398 2578 549 2621 patruus
573 2578 639 2611 aut
661 2575 743 2612 deni
768 2586 813 2612 ue
835 2575 865 2612 is
890 2576 951 2622 qui
973 2575 1132 2621 longiore
1153 2575 1267 2621 gradu

176 2625 243 2664 est,
268 2622 421 2667 aliquem
444 2621 686 2666 adoptaverit,
719 2631 741 2657 a
765 2624 893 2667 gnatos
924 2621 1018 2656 inter
1040 2631 1125 2657 suos
1139 2622 1166 2642 ¹⁰
1189 2631 1267 2657 esse

177 2670 197 2702 3
244 2677 317 2702 non
347 2666 543 2702 dubitatur.
593 2666 758 2703 Ceterum
790 2667 884 2702 inter
914 2666 1094 2702 masculos
1125 2665 1267 2712 quidem

177 2711 400 2757 adgnationis
436 2712 512 2747 iure
545 2711 724 2748 hereditas
759 2712 866 2747 etiam
909 2711 1113 2756 longissimo
1153 2711 1266 2756 gradu

177 2757 272 2793 ultro
309 2757 469 2801 citroque
503 2757 654 2802 capitur.
702 2757 799 2803 quod
834 2756 881 2793 ad
914 2756 1066 2792 feminas
1100 2767 1184 2793 vero
1215 2756 1267 2792 ita

176 2802 363 2848 placebat,
395 2806 436 2836 ut
468 2802 567 2846 ipsae
599 2802 917 2848 consanguinitatis
941 2802 1018 2837 iure
1040 2804 1183 2837 tantum
1206 2812 1265 2838 ca-

176 2847 278 2894 piant
300 2847 551 2890 hereditatem,
584 2847 614 2883 si
637 2858 778 2883 sorores
803 2848 894 2890 sint,
927 2847 1077 2883 ulterius
1109 2857 1182 2883 non
1206 2857 1266 2883 ca-

176 2892 295 2974 piant:
312 2892 478 2945 'maseuli
509 2903 592 2945 vero
616 2893 663 2928 ad
687 2903 808 2945 earum
831 2892 1066 2936 hereditates,
1099 2892 1205 2928 etiam
1236 2893 1267 2928 si

176 2948 380 3019 33⁸¹?ssss
400 2937 1140 3035 5523aiteuiassffisstssssiuiffiffi?tsssse
1156 2948 1267 3019 ‘iffi‘

178 3028 271 3064 ditas
295 3028 342 3063 ad
365 3030 402 3064 te
451 3028 631 3071 ertmet¹¹,
655 3031 719 3063 tua
740 3038 823 3064 vero
847 3028 894 3064 ad
916 3029 996 3064 illas
1014 3038 1088 3064 non
1108 3029 1264 3074 pertine-

177 3074 250 3109 bat.
284 3072 380 3119 quod
402 3073 415 3108 i
439 3083 482 3108 eo
502 3072 555 3108 ita
574 3073 808 3109 constitutum
827 3077 914 3117 erat,
940 3073 1024 3119 quia
1048 3073 1265 3110 commodius

177 3118 366 3154 videbatur
379 3118 408 3140 ¹²
430 3118 482 3153 ita
503 3117 583 3154 iura
606 3118 793 3161 constitui,
825 3122 866 3154 ut
896 3119 1105 3164 plerumque
1126 3119 1264 3156 heredi-

176 3167 271 3199 tates
306 3163 354 3199 ad
385 3163 565 3199 masculos
596 3163 827 3199 confluerent.
871 3164 934 3200 sed
964 3164 1049 3210 quia
1081 3174 1169 3200 sane
1197 3164 1264 3199 ini-

179 3219 288 3255 quum
312 3211 391 3244 erat
413 3208 449 3244 in
473 3208 676 3244 universum
701 3219 762 3244 eas
786 3209 888 3254 quasi
911 3212 1100 3246 extraneas
1131 3209 1263 3255 repelli,

177 3257 324 3300 praetor
359 3263 419 3290 eas
451 3253 498 3289 ad
528 3253 702 3289 bonorum
735 3255 1037 3299 possessionem¹³
1068 3254 1224 3290 admittit
1237 3255 1263 3276 ¹⁴

179 3310 223 3335 ea
251 3302 372 3345 parte,
404 3309 475 3352 qua
498 3298 735 3344 proximitatis
759 3299 899 3335 nomine
922 3300 1098 3336 bonorum
1120 3309 1263 3346 posses-

179 3345 314 3381 sionem
342 3343 546 3389 polhcetur:
579 3353 623 3380 ex
654 3354 725 3389 qua
756 3347 859 3389 parte
887 3345 939 3381 ita
967 3345 1104 3382 scilicet
1135 3344 1262 3382 admit·

178 3460 220 3501 (¹)
249 3459 326 3493 Cod.
341 3461 373 3501 6,
386 3467 433 3500 55,
446 3466 479 3494 12
543 3459 598 3500 (ι’)
619 3461 657 3491 ut
670 3458 732 3491 del.
749 3458 903 3492 Huschke
969 3459 1015 3502 (2)
1034 3469 1148 3492 omnes
1159 3469 1181 3492 n

178 3506 228 3537 tes
239 3506 273 3537 et
291 3506 419 3547 neptes]
442 3504 525 3546 ΨΘ,
543 3507 677 3546 nepotes
699 3503 750 3536 vel
767 3504 857 3536 inter
872 3507 1007 3546 nepotes
1020 3507 1053 3537 et
1066 3469 1266 3547 neptesegT

183 3550 228 3590 (3)
251 3548 363 3590 alteri]
380 3549 419 3590 T,
437 3552 470 3582 et
483 3550 518 3582 B

226 3597 270 3637 (4)
298 3595 350 3639 Cf.
367 3594 698 3635 Gai.3,o..1c.2a.³o
741 3592 824 3636 Diq.
837 3593 891 3633 38,
906 3599 933 3626 ι.
948 3599 981 3627 ιο
1028 3593 1260 3635 Cod.6,15.55

181 3642 224 3682 (5)
249 3642 295 3682 et]
313 3640 448 3680 T,utB
541 3641 585 3679 (e)
611 3639 640 3678 1,
655 3645 723 3677 ian
796 3639 840 3679 (τ)
868 3637 945 3672 Gai.
959 3639 990 3678 3,
1006 3645 1037 3673 ιο
1108 3641 1152 3678 (s)
1181 3638 1258 3673 Gai.

181 3686 213 3726 3,
226 3693 253 3719 11
358 3690 401 3721 (9)
427 3685 508 3726 tuis]
523 3684 568 3728 B,
581 3696 639 3718 om.
658 3684 690 3716 T
784 3684 842 3724 (10)
868 3683 1032 3735 adgnatos
1043 3684 1199 3725 (agnatus
1214 3682 1260 3737 R)

183 3731 271 3762 inter
283 3731 373 3770 suos]
387 3727 536 3770 BTWb,
556 3732 699 3772 agnatus
721 3737 796 3760 suus
819 3728 884 3767 W',
907 3724 1112 3772 αὸγνατιών
1130 3726 1262 3771 μεταξυ

1629 108 1692 141 nn
1719 88 1879 142 marr.
1898 109 2094 143 Ancus-r.
2123 110 2418 144 succa-sarona

1334 222 1470 262 tuntur,
1494 219 1524 255 si
1547 229 1662 264 neque
1685 219 1859 266 adgnatus
1879 220 1972 257 ullus
1992 232 2058 258 nec
2077 221 2270 267 proximior
2289 233 2417 268 cogna-

1334 268 1378 300 3a
1425 268 1484 300 tus
1507 264 1728 301 interveniat.
1776 265 1826 300 Et
1854 266 1945 302 haec
1977 267 2116 320 quidem
2146 267 2204 303 lex
2234 267 2418 304 duodecim

1333 309 1538 362 tabularum
1553 310 1658 362 ‘nullo
1682 310 1786 346 modo
1817 310 2031 355 introduxit,
2062 312 2127 349 sed
2158 312 2418 358 simplicitatem

1333 355 1470 399 legibus
1494 365 1643 390 amicam
1667 356 1830 401 amplexa
1853 356 1957 392 simili
1979 357 2083 394 modo
2105 368 2226 393 omnes
2245 357 2418 404 adgnatos

1335 400 1406 435 sive
1437 400 1614 436 masculos
1646 400 1718 437 sive
1748 400 1898 437 feminas
1930 401 2182 449 cuiuscumque
2210 403 2342 448 gradus
2373 404 2419 440 ad

1334 445 1597 481 similitudinem
1620 456 1765 481 suorum
1788 446 1937 482 invicem
1960 447 2007 483 ad
2030 448 2290 484 successionem
2312 459 2417 484 voca-

1334 490 1415 525 bat:
1440 490 1556 526 media
1580 494 1699 526 autem
1721 491 2008 537 iurisprudentia,
2033 503 2124 538 quae
2148 496 2225 529 erat
2246 493 2323 539 lege
2366 494 2418 529 ui·

1335 535 1414 571 dem
1439 535 1626 571 duodecim
1643 536 1846 572 tabularum
1864 537 1991 581 iunior,
2016 538 2189 583 imperiali
2208 542 2328 574 autem
2371 539 2418 575 is-

1360 580 1511 617 ositione
1530 580 1695 624 anterior,
1715 582 1910 627 suptilitate
1930 583 2083 628 quadam
2096 584 2297 628 excogitata
2315 594 2418 630 prae-

1351 629 1447 661 atam
1480 626 1714 661 differentiam
1744 626 1936 663 inducebat
1968 632 2004 664 et
2034 628 2175 674 penitus
2207 638 2268 665 eas
2292 639 2315 665 a
2337 640 2418 665 suc-

1336 671 1497 707 cessione
1531 671 1763 724 adgnatorum
1797 673 2011 718 repellebat,
2051 673 2148 710 omni
2178 673 2249 709 alia
2277 684 2418 711 succes-

1336 717 1435 752 sione
1446 716 1640 769 incogmta,
1660 716 1773 753 donec
1792 721 1987 763 praetores,
2034 718 2180 755 aulatim
2192 719 2419 765 asperitatem

1335 761 1423 797 iuris
1455 762 1565 797 civilis
1598 762 1812 807 corrigentes
1837 763 1909 799 sive
1957 774 2002 799 uo
2053 764 2152 800 deest
2175 764 2418 817 adimplentes,

1335 807 1491 843 humano
1526 807 1710 853 proposito
1743 808 1850 843 alium
1882 819 1923 844 or
1961 819 2039 844 nem
2071 809 2144 845 suis
2169 809 2295 845 edictis
2319 809 2418 845 addi-

1337 852 1465 887 derunt
1484 855 1520 888 et
1541 852 1762 898 cognationis
1782 853 1876 888 linea
1895 854 2131 899 proximitatis
2148 854 2289 891 nomine
2308 855 2418 890 intro-

1336 897 1446 933 ducta
1454 908 1518 943 per
1526 898 1702 933 bonorum
1710 898 1971 943 possessionem
1980 909 2040 935 eas
2057 899 2274 935 adiuvabant
2291 903 2327 935 et
2342 900 2418 945 pol-

1335 943 1537 979 licebantur
1545 943 1601 978 his
1610 943 1785 979 bonorum
1794 944 2065 989 possessionem,
2099 955 2167 981 uae
2176 945 2270 980 unde
2279 945 2421 990 cognati

1336 991 1377 1023 31>
1425 988 1635 1034 appellatur.
1683 988 1760 1024 Nos
1779 999 1861 1025 vero
1881 989 1994 1035 legem
2014 989 2084 1026 duo
2111 989 2200 1025 ecim
2218 990 2420 1026 tabularum

1335 1038 1523 1079 sequentes
1547 1037 1583 1069 et
1605 1033 1681 1069 eius
1705 1033 1851 1079 vestigia
1873 1034 1911 1070 in
1941 1035 2010 1071 hac
2040 1038 2142 1081 parte
2171 1039 2420 1071 conservantes

1334 1078 1522 1114 laudamus
1554 1079 1694 1125 quidem
1728 1083 1911 1125 praetores
1946 1090 2033 1116 suae
2067 1080 2314 1123 humanitatis,
2348 1091 2419 1116 non

1334 1128 1453 1160 tamen
1473 1135 1533 1160 eos
1552 1124 1589 1160 in
1608 1124 1751 1170 plenum
1772 1135 1903 1161 causae
1922 1125 2053 1161 mederi
2072 1125 2286 1162 invenimus:
2312 1136 2421 1171 quare

1335 1170 1464 1205 etenim
1487 1180 1557 1205 uno
1582 1170 1774 1216 eodemque
1796 1170 1910 1215 gradu
1933 1171 2088 1206 naturali
2119 1174 2354 1207 concurrente
2386 1175 2422 1207 et

1335 1215 1559 1260 adgnationis
1583 1215 1696 1251 titulis
1720 1217 1793 1250 tam
1817 1216 1854 1251 in
1877 1216 2043 1252 masculis
2100 1226 2183 1252 uam
2213 1216 2250 1252 in
2280 1216 2420 1252 feminis

1334 1271 1450 1306 aequa
1472 1261 1576 1296 lance
1600 1260 1801 1297 constitutis
1825 1261 1992 1297 masculis
2017 1261 2078 1307 qui
2103 1272 2158 1297 em
2189 1261 2344 1298 dabatur
2374 1261 2420 1297 ad

1335 1306 1595 1342 successionem
1614 1306 1733 1341 venire
1752 1306 1908 1342 omnium
1927 1307 2172 1352 adgnatorum,
2193 1316 2237 1342 ex
2257 1306 2420 1352 adgnatis

1334 1354 1453 1387 autem
1486 1351 1692 1387 mulieribus
1724 1351 1828 1387 nullis
1860 1351 2001 1397 penitus
2033 1352 2102 1388 nisi
2133 1352 2199 1388 soli
2229 1352 2344 1388 sorori
2375 1352 2421 1388 ad

1334 1396 1569 1442 adgnatorum
1601 1396 1863 1432 successionem
1894 1398 2043 1442 patebat
2080 1396 2224 1433 aditus?
2269 1397 2349 1433 ideo
2384 1397 2421 1433 in

1358 1441 1477 1477 lenum
1508 1442 1628 1478 omnia
1657 1441 1868 1478 reducentes
1900 1445 1935 1477 et
1957 1442 2004 1478 ad
2026 1443 2082 1478 ius
2106 1442 2293 1479 duodecim
2316 1443 2419 1478 tabu-

1348 1498 1450 1523 arum
1474 1486 1622 1523 eandem
1647 1487 1914 1533 dispositionem
1934 1491 2174 1533 exaequantes
2194 1491 2316 1523 nostra
2334 1499 2419 1524 con·

1335 1533 1560 1569 stitutione¹⁵
1592 1533 1772 1568 sanximus
1805 1543 1927 1569 omnes
1961 1533 2134 1578 legitimas
2169 1543 2360 1578 personas,
2385 1533 2421 1568 id

1335 1582 1390 1615 est
1413 1589 1477 1624 per
1506 1578 1641 1613 virilem
1673 1589 1797 1614 sexum
1829 1578 2101 1621 descendentes,
2132 1579 2205 1614 sive
2235 1578 2421 1614 masculini

1335 1624 1408 1660 sive
1430 1623 1589 1659 feminini
1610 1623 1748 1668 generis
1773 1627 1873 1666 sunt,
1910 1623 2013 1659 simili
2036 1623 2142 1660 modo
2167 1623 2213 1659 ad
2236 1623 2316 1659 iura
2339 1634 2419 1660 suc-

1335 1669 1504 1705 cessionis
1527 1668 1703 1714 legitimae
1727 1669 1772 1704 ab
1796 1669 1965 1705 intestato
1985 1669 2107 1705 vocari
2125 1669 2321 1705 secundum
2338 1680 2419 1714 gra-

1335 1714 1400 1750 dus
1435 1714 1491 1750 sui
1519 1714 1802 1767 praerogativam
1833 1724 1900 1750 nec
1930 1714 2010 1750 ideo
2045 1714 2302 1757 excludendas,
2338 1715 2422 1760 quia

1335 1760 1652 1805 consanguinitatis
1693 1760 1773 1795 iura
1808 1759 1913 1795 sicuti
1946 1770 2135 1805 germanae
2168 1770 2240 1795 non
2275 1760 2418 1795 habent.

1335 1808 1355 1840 4
1403 1805 1482 1841 Ηοο
1507 1805 1612 1840 etiam
1635 1804 1838 1840 addendum
1862 1808 2006 1841 nostrae
2031 1804 2275 1841 constitutioni
2300 1805 2419 1842 existi·

1334 1850 1517 1893 mavimus,
1541 1853 1583 1885 ut
1604 1849 1842 1886 transferatur
1865 1861 1957 1886 unus
1981 1849 2226 1886 tantummodo
2244 1850 2375 1896 gradus
2399 1861 2419 1886 a

1333 1896 1409 1932 iure
1434 1906 1475 1932 co
1500 1895 1654 1931 nationis
1677 1895 1715 1931 in
1745 1895 1936 1940 legitimam
1967 1895 2248 1938 successionem,
2279 1899 2320 1931 ut
2349 1906 2418 1931 non

1334 1942 1449 1977 solum
1472 1907 1595 1977 &ratris
1619 1940 1712 1977 filius
1738 1943 1774 1976 et
1796 1940 1871 1976 filia
1894 1940 2090 1976 secundum
2113 1940 2210 1987 quod
2232 1941 2303 1976 iam
2334 1940 2416 1976 defi⁴

1334 1986 1484 2022 nivimus
1520 1985 1567 2022 ad
1598 1986 1859 2023 successionem
1890 1986 2010 2031 patrui
2044 1986 2101 2022 sui
2134 1989 2322 2028 vocentur,
2359 1985 2421 2022 sed

1335 2032 1441 2068 etiam
1471 2042 1660 2078 germanae
1690 2032 1975 2078 consanguineae
2004 2032 2059 2067 vel
2090 2031 2221 2067 sororis
2259 2031 2421 2067 uterinae

1333 2077 1427 2112 filius
1452 2081 1488 2113 et
1510 2077 1585 2113 filia
1608 2077 1675 2113 soli
1699 2080 1734 2113 et
1757 2088 1829 2113 non
1853 2076 2020 2130 deinceps
2043 2087 2219 2123 personae
2242 2086 2316 2112 una
2339 2087 2421 2112 cum

1333 2123 1389 2158 his
1413 2122 1460 2158 ad
1482 2123 1561 2158 iura
1584 2122 1750 2158 avunculi
1769 2122 1825 2158 sui
1842 2125 2049 2175 pervemant
2067 2126 2105 2158 et
2121 2124 2261 2158 mortuo
2282 2132 2335 2165 eo,
2360 2122 2421 2168 qui

1334 2171 1485 2214 patruus
1509 2168 1651 2213 quidem
1674 2171 1729 2204 est
1750 2167 1872 2204 fratris
1895 2167 1952 2203 sui
1974 2167 2055 2203 filiis
2068 2168 2107 2210 ¹⁶,
2132 2166 2330 2203 avunculus
2355 2177 2418 2203 au-

1334 2218 1406 2249 tem
1433 2214 1566 2249 sororis
1598 2223 1685 2249 suae
1716 2212 1834 2249 suboli
1846 2214 1884 2255 ¹⁷,
1918 2212 2020 2248 simili
2051 2212 2156 2249 modo
2191 2212 2237 2248 ab
2268 2215 2421 2258 utroque

1333 2259 1445 2294 latere
1479 2258 1693 2301 succedant,
1735 2261 1916 2303 tamquam
1951 2258 1982 2294 si
2017 2268 2138 2294 omnes
2174 2268 2219 2294 ex
2251 2257 2420 2294 masculis

1334 2304 1589 2340 descendentes
1612 2303 1766 2349 legitimo
1790 2304 1867 2338 iure
1890 2302 2043 2346 veniant,
2068 2302 2204 2339 scilicet
2227 2302 2290 2338 ubi
2307 2301 2420 2339 frater

1335 2353 1372 2385 et
1404 2359 1507 2385 soror
1542 2349 1751 2394 superstites
1786 2360 1858 2384 non
1893 2351 1977 2384 sunt
2007 2348 2076 2391 (his
2107 2348 2237 2384 etenim
2259 2347 2419 2393 personis

1334 2394 1630 2440 praecedentibus
1664 2397 1699 2429 et
1729 2394 1988 2430 successionem
2018 2393 2287 2429 admittentibus
2312 2393 2420 2430 ceteri

1333 2440 1465 2485 gradus
1488 2442 1673 2475 remanent
1694 2439 1836 2484 penitus
1860 2439 2016 2482 semoti):
2041 2438 2203 2474 videlicet
2224 2437 2421 2474 hereditate

1335 2488 1354 2521 5
1402 2496 1475 2521 non
1510 2485 1598 2520 ad¹⁸
1633 2484 1780 2530 stirpes,
1816 2484 1880 2520 sed
1910 2485 1947 2519 in
1983 2483 2102 2529 capita
2137 2483 2334 2519 dividenda.
2382 2483 2420 2519 Si

1334 2530 1455 2576 plures
1480 2530 1551 2566 sint
1573 2530 1704 2576 gradus
1729 2529 1980 2575 adgnatorum,
2004 2532 2128 2574 aperte
2149 2529 2208 2565 lex
2231 2528 2420 2565 duodecim

1334 2576 1538 2611 tabularum
1561 2575 1760 2621 proximum
1783 2578 1903 2611 vocat:
1928 2575 2050 2627 itaque
2072 2574 2104 2610 si
2125 2573 2223 2610 verbi
2240 2574 2356 2619 gratia
2373 2574 2421 2610 sit

1334 2620 1446 2657 frater
1476 2620 1635 2656 defuncti
1667 2624 1703 2656 et
1734 2620 1878 2656 alterius
1909 2619 2029 2655 fratris
2053 2618 2147 2655 filius
2171 2622 2235 2655 aut
2257 2622 2418 2664 patruus,

1334 2666 1447 2702 frater
1477 2666 1594 2711 potior
1617 2666 1779 2702 habetur.
1816 2668 1852 2701 et
1882 2664 2040 2711 quamvis
2072 2664 2241 2710 singulari
2271 2674 2418 2700 numero

1335 2722 1401 2747 usa
1419 2712 1477 2746 lex
1520 2711 1694 2747 roximum
1713 2714 1826 2754 vocet,
1850 2714 1969 2746 tamen
1988 2709 2134 2745 dubium
2153 2720 2225 2746 non
2245 2713 2310 2752 est,
2334 2709 2419 2755 quin

1335 2760 1389 2800 et,
1421 2756 1451 2792 si
1473 2767 1497 2802 p
1513 2767 1594 2792 ures
1618 2756 1690 2792 sint
1713 2756 1870 2792 eiusdem
1891 2755 2042 2801 gradus,
2074 2764 2195 2791 omnes
2226 2754 2417 2790 admittan-

1334 2806 1410 2838 tur:
1443 2812 1526 2838 nam
1557 2804 1593 2838 et
1622 2802 1766 2847 proprie
1820 2801 1976 2837 reximus
2001 2810 2044 2836 ex
2066 2799 2227 2845 pluribus
2248 2799 2418 2846 gradibus

1334 2847 1548 2893 intellegitur
1560 2850 1596 2882 et
1614 2850 1734 2883 tamen
1754 2846 1802 2882 du
1827 2846 1901 2881 ium
1920 2856 1993 2882 non
2011 2848 2076 2887 est,
2100 2845 2196 2890 quin,
2219 2844 2306 2880 licet
2324 2855 2417 2881 unus

1335 2893 1382 2928 sit
1454 2892 1543 2928 adus
1574 2891 1827 2938 adgnatorum,
1858 2890 2035 2944 pertineat
2065 2889 2112 2926 ad
2135 2899 2196 2925 eos
2226 2889 2415 2926 hereditas.

1335 2941 1356 2974 6
1433 2938 1591 2974 reximus
1610 2940 1740 2980 autem,
1760 2937 1791 2972 si
1808 2936 1950 2982 qmdem
1968 2935 2065 2972 nullo
2085 2938 2300 2971 testamento
2319 2935 2417 2971 facto

1335 2983 1483 3028 quisque
1514 2982 1724 3024 decesserit,
1755 2991 1819 3028 per
1848 2982 1919 3017 hoc
1941 2984 2081 3026 tempus
2104 2980 2313 3025 requiritur,
2346 2991 2416 3026 quo

1333 3032 1494 3064 mortuus
1525 3030 1580 3063 est
1605 3027 1637 3063 is
1668 3027 1770 3063 cuius
1802 3026 1847 3063 de
1876 3026 2073 3062 hereditate
2093 3025 2286 3071 quaeritur.
2322 3025 2417 3071 quod

1333 3074 1365 3109 si
1397 3073 1496 3109 facto
1530 3075 1742 3108 testamento
1777 3072 1964 3118 quisquam
1998 3070 2207 3113 decesserit,
2250 3081 2314 3116 per
2348 3070 2416 3106 hoc

1332 3121 1472 3164 tempus
1503 3117 1712 3163 requiritur,
1736 3128 1814 3199 ἂιιιο
1839 3120 1976 3153 certum
2001 3125 2079 3152 esse
2102 3114 2266 3168 coeperit·
2281 3115 2416 3152 nullum

1333 3174 1377 3200 ex
1406 3166 1619 3199 testamento
1649 3163 1734 3199 here
1761 3173 1815 3199 em
1845 3165 2064 3198 extaturum:
2103 3163 2180 3196 tum
2211 3170 2303 3196 emm
2332 3171 2415 3206 pro-

1332 3208 1409 3254 prie
1428 3208 1507 3254 quis
1532 3219 1578 3244 ue
1594 3208 1810 3253 intellegitur
1831 3207 2020 3243 intestatus
2031 3206 2060 3228 ¹⁹
2082 3205 2286 3242 decessisse.
2319 3205 2416 3252 quod

1333 3254 1474 3300 quidem
1497 3220 1687 3300 aliquando
1711 3254 1816 3299 longo
1840 3256 2000 3298 tempore
2023 3250 2243 3303 declaratur:
2274 3250 2312 3286 in
2344 3260 2415 3296 quo

1332 3300 1449 3345 spatio
1473 3298 1641 3345 temporis
1665 3309 1772 3344 saepe
1795 3297 1945 3341 accidit,
1976 3299 2018 3332 ut
2038 3305 2251 3342 proximiore
2274 3299 2414 3332 mortuo

1331 3344 1515 3390 proximus
1539 3353 1618 3380 esse
1648 3344 1813 3389 incipiat,
1848 3342 1908 3388 qui
1939 3341 2108 3378 moriente
2138 3343 2312 3378 testatore
2341 3351 2414 3377 non

1329 3453 1433 3501 ἡμῶν
1445 3459 1654 3491 συνίσταται
1669 3458 1708 3498 Θ,
1722 3457 1894 3491 secundum
1907 3467 1998 3500 quem
2018 3461 2075 3488 aut
2093 3453 2257 3497 adgnatos
2277 3464 2335 3487 vos
2356 3459 2415 3487 aut

1329 3502 1567 3545 adgnationem
1579 3503 1668 3535 inter
1681 3513 1738 3535 vos
1749 3515 1811 3536 ser.
1895 3504 1950 3542 (11)
1974 3500 2024 3535 εἰσ
2040 3500 2076 3540 Τ,
2090 3499 2283 3542 pertinebat
2296 3499 2332 3532 B
2345 3511 2414 3532 cum

1332 3548 1364 3583 Θ
1455 3550 1512 3589 (12)
1537 3549 1586 3582 εἰσ
1600 3548 1638 3589 Τ,
1651 3547 1853 3580 videbantur
1865 3546 1901 3580 B
1991 3547 2049 3588 (13)
2073 3546 2122 3579 εἰσ
2130 3546 2174 3586 Ε,
2187 3543 2414 3587 possessiones

1329 3593 1440 3627 BP?
1533 3594 1592 3635 (14)
1615 3594 1665 3627 eie
1680 3592 1716 3633 T,
1731 3591 1931 3626 admittebat
1943 3590 1980 3625 B
2082 3592 2141 3628 (15)
2169 3589 2246 3624 Cod.
2261 3591 2293 3630 6,
2306 3595 2355 3631 ⁶8,
2367 3595 2412 3631 14,

1330 3639 1387 3672 ubi
1399 3643 1414 3677 9
1429 3645 1445 3672 3
1450 3638 1516 3678 fin.
1531 3646 1548 3674 4
1561 3638 1745 3672 adverbum
1758 3638 1891 3671 redeunt
1970 3636 2030 3676 (¹0)
2055 3634 2117 3668 filii
2135 3634 2204 3668 BT
2277 3635 2335 3674 (17)
2359 3643 2413 3666 so·

1329 3683 1421 3716 boles
1437 3681 1520 3717 BP
1657 3684 1717 3724 (18)
1742 3682 1798 3724 ad]
1816 3681 1885 3723 ΤΕ,
1899 3681 1935 3714 in
1948 3681 1984 3715 Β
2121 3681 2180 3722 (19)
2204 3680 2252 3713 εἰσ
2265 3678 2344 3719 ΒΘ,
2358 3676 2410 3711 ὶιι-

1331 3731 1453 3762 testato
1470 3728 1503 3762 T
