2528 3918
54 132 56 134 ’
101 126 233 160 soclo

99 238 205 280 facit,
230 247 275 272 ne
297 240 479 279 teneatur,
511 237 652 272 verum¹
680 235 710 270 si
733 234 890 280 plagium
914 235 999 271 fecit
1022 235 1078 272 vel
1101 245 1186 281 sup-

99 283 240 329 pressit,
265 282 380 318 Fabia
403 281 525 317 teneri.

145 326 199 365 52
224 327 331 363 [nau
348 326 439 363 libro
463 326 671 372 triqensimo
688 326 812 373 primo
835 325 887 361 ad
908 326 1062 363 edictum
1099 326 1188 362 Cum

100 372 243 408 duobus
266 371 388 408 vicinis
411 370 543 407 fundus
568 370 781 406 coniunctus
805 371 940 407 venalis
965 375 1071 415 esset,
1096 371 1188 407 alter

98 429 142 454 ex
166 418 221 454 his
244 417 333 463 petit
356 416 402 452 ab
426 416 551 459 altero,
576 420 617 451 ut
641 427 722 452 eum
739 415 890 452 fundum
909 420 1051 460 emeret,
1075 417 1127 453 ita
1147 420 1188 452 ut

99 473 140 498 ea
163 473 259 509 pars,
284 471 376 508 quae
395 471 460 497 suo
480 460 593 497 fundo
613 460 737 497 iuncta
756 465 861 504 esset,
887 462 956 497 sibi
980 462 1185 498 cederetur:

96 519 180 544 mox
203 507 280 554 ipse
303 517 383 543 eum
405 505 556 542 fundum
579 506 764 552 ignorante
795 506 910 542 vicino
944 507 1044 543 emit:
1101 518 1187 543 uae-

96 553 206 596 ritur,
237 562 283 588 an
315 551 471 597 aliquam
502 551 680 587 actionem
711 563 792 587 cum
817 561 858 587 eo
882 552 1019 588 vicinus
1043 552 1090 588 ha
1117 556 1185 588 eat.

97 598 255 634 Iulianus
287 596 431 642 scripsit
460 597 669 642 implicitam
701 607 779 632 esse
810 596 898 632 facti
922 598 1185 643 quaestionem:

97 653 177 679 nam
201 642 231 678 si
254 642 324 678 hoc
348 642 464 678 solum
488 646 607 678 actum
631 645 703 685 est,
736 645 777 677 ut
799 641 950 678 fundum
973 643 1078 679 Lucii
1102 643 1187 678 Titii

95 688 231 724 vicinus
256 690 388 723 emeret
411 691 446 723 et
463 697 603 723 mecum
623 687 914 731 communicaret,
939 688 1109 724 adversus
1131 699 1187 724 me

119 733 156 769 ui
180 732 248 768 emi
270 732 405 768 nullam
435 732 612 768 actionem
642 732 757 768 vicino
789 737 1010 778 competere:
1042 734 1074 769 si
1104 744 1186 770 vero

94 745 131 814 ih
154 781 273 814 actum
297 781 363 820 est,
387 780 428 813 ut
451 777 553 823 quasi
577 788 764 814 commune
787 779 967 823 negotium
989 782 1184 824 gereretur,

95 823 275 860 societatis
308 822 440 859 iudicio
482 823 651 865 tenebor,
694 826 735 858 ut
768 823 835 858 tibi
870 823 1025 859 deducta
1059 824 1186 870 parte²

98 873 110 904 1
161 878 268 914 quam
287 867 538 904 mandaveram
556 867 710 914 reliquas
719 872 841 914 partes
853 874 1042 914 praestem.
1079 869 1187 905 Venit

96 918 114 948 2
162 916 280 948 autem
300 913 337 948 in
358 913 426 948 hoc
445 913 613 949 iudicium
625 924 691 959 pro
705 913 802 949 socio
816 914 910 949 bona
921 914 1020 950 fideS.
1062 915 1185 951 Utrum

95 968 176 1004 ergo
208 961 348 994 tantum
379 958 499 993 dolum
530 969 576 993 an
609 959 713 994 etiam
746 959 887 1004 culpam
918 963 1103 1005 praestare
1127 970 1184 996 so-

96 1003 188 1039 cium
220 1006 405 1048 oporteat,
438 1004 630 1048 quaeritur.
677 1008 712 1039 et
747 1004 871 1040 Celsus
906 1005 997 1040 libro
1033 1004 1184 1051 septimo

94 1048 311 1093 digestorum
333 1049 385 1084 ita
409 1049 571 1094 scripsit:
597 1049 713 1084 socios
737 1050 829 1085 inter
852 1060 891 1085 se
912 1050 1032 1085 dolum
1052 1054 1088 1086 et
1109 1050 1183 1086 cul-

93 1104 175 1139 pam
199 1097 384 1139 praestare
408 1098 559 1139 oportet.
597 1094 628 1130 si
651 1095 687 1129 in
712 1095 873 1130 coeunda
904 1096 1097 1139 societate,
1128 1096 1182 1131 in-

94 1139 179 1184 quit,
204 1143 317 1174 artem
341 1149 531 1185 operamve
553 1139 732 1185 pollicitus
758 1144 812 1176 est
835 1141 945 1183 alter,
970 1141 1079 1176 veluti
1103 1152 1184 1177 cum

93 1194 203 1264 {ecus
238 1184 276 1219 in
307 1195 495 1221 commune
529 1185 749 1230 pascendum
782 1189 846 1220 aut
881 1197 1004 1232 agrum
1039 1186 1184 1232 politori

119 1239 218 1264 amus
242 1229 279 1265 in
304 1240 491 1265 commune
510 1230 722 1275 quaerendis
741 1231 928 1274 fructibus,
953 1232 1117 1267 nimirum
1134 1232 1184 1267 ibi

93 1274 199 1310 etiam
236 1274 343 1321 culpa
376 1275 595 1321 praestanda
628 1279 701 1311 est:
736 1276 891 1328 pretium
926 1277 1020 1312 enim
1054 1287 1184 1322 operae

92 1319 179 1355 artis
215 1324 270 1356 est
303 1320 550 1356 velamentum.
595 1321 691 1366 quod
724 1331 753 1356 si
784 1321 836 1356 rei
861 1322 1039 1358 communi
1064 1322 1182 1358 socius

93 1368 112 1400 3
159 1365 293 1409 nocuit,
303 1366 414 1411 magis
423 1365 578 1401 admittit
587 1367 729 1411 culpam
738 1377 881 1412 quoque
890 1367 1020 1403 venire.
1042 1368 1185 1403 Damna

92 1420 183 1456 quae
205 1410 491 1456 imprudentibus
516 1411 695 1454 accidunt,
720 1412 788 1447 hoc
813 1417 867 1448 est
890 1412 1022 1448 damna
1044 1412 1182 1456 fatalia,

92 1455 181 1492 socii
205 1467 276 1491 non
302 1460 473 1502 cogentur
495 1461 696 1502 praestare:
720 1457 872 1503 ideoque
896 1458 927 1493 si
946 1468 1056 1504 pecus
1077 1459 1183 1494 aesti-

91 1505 225 1537 matum
258 1501 382 1537 datum
414 1501 460 1537 sit
492 1505 528 1538 et
558 1502 595 1538 id
626 1502 813 1538 latrocinio
847 1507 910 1538 aut
932 1503 1096 1540 incendio
1148 1514 1182 1539 e-

91 1546 200 1589 rierit‚
226 1557 413 1583 commune
437 1547 604 1583 damnum
629 1551 694 1590 est,
718 1547 750 1583 si
772 1547 860 1583 nihil
884 1548 965 1584 dolo
990 1553 1054 1584 aut
1078 1515 1185 1595 cufpa

91 1591 261 1627 acciderit
285 1592 372 1636 eius,
397 1592 458 1638 qui
481 1593 708 1628 aestimatum
730 1603 840 1639 pecus
864 1594 1062 1639 acceperit:
1088 1594 1184 1640 quod

91 1637 120 1673 si
144 1647 166 1672 a
189 1636 328 1673 furibus
353 1638 563 1683 subreptum
587 1639 651 1682 sit,
684 1639 867 1684 proprium
891 1638 967 1675 eius
992 1639 1182 1676 detrimen-

91 1686 165 1718 tum
190 1686 253 1726 est,
280 1683 364 1728 quia
388 1683 588 1719 custodiam
611 1688 793 1729 praestare
817 1683 957 1728 debuit,
990 1685 1052 1731 qui
1074 1685 1182 1721 aesti—

90 1731 224 1763 matum
260 1729 408 1773 accepit.
453 1729 542 1765 haec
566 1739 651 1764 vera
682 1733 783 1772 sunt,
820 1733 856 1764 et
886 1741 952 1775 pro
985 1731 1082 1766 socio
1116 1731 1184 1766 erit

90 1773 203 1816 actio,
239 1773 270 1809 si
301 1774 406 1810 modo
439 1774 621 1810 societatis
658 1774 924 1811 contrahendae
956 1786 1068 1811 causa
1098 1786 1182 1822 pas-

90 1821 110 1853 4
159 1818 273 1854 cenda
297 1818 382 1854 data
406 1823 491 1855 sunt
513 1820 673 1865 quamvis
698 1820 898 1856 aestimata.
947 1820 1100 1865 Quidam
1123 1831 1181 1858 sa-

89 1864 222 1909 gariam
234 1864 509 1909 negotiationem
530 1865 709 1901 coierunt:
729 1866 819 1901 alter
838 1876 883 1901 ex
902 1866 958 1901 his
979 1866 1026 1901 ad
1046 1876 1181 1902 merces

90 1909 349 1954 comparandas
406 1909 564 1946 rofectus
595 1911 633 1945 in
665 1910 822 1946 latrones
853 1910 979 1946 incidit
1009 1922 1182 1957 suamque

88 1955 275 2000 pecuniam
306 1966 370 2000 per
395 1955 476 1999 idit,
509 1956 602 1991 servi
633 1956 708 1992 eius
738 1956 916 1992 vulnerati
946 1961 1030 1992 sunt
1053 1967 1182 2003 resque

87 2000 253 2045 proprias
286 2000 451 2045 perdidit.
489 2001 575 2036 dicit
597 2001 756 2036 Iulianus
781 2001 949 2037 damnum
974 2012 1052 2038 esse
1083 2013 1180 2038 com-

88 2055 193 2080 mune
223 2045 375 2091 ideoque
406 2046 547 2082 actione
570 2057 643 2091 pro
675 2046 799 2082 socio³
823 2046 942 2082 damni
965 2051 1104 2093 partem
1128 2048 1180 2083 di-

89 2090 231 2125 midiam
256 2090 474 2136 adgnoscere
498 2091 628 2127 debere
647 2096 721 2127 tam
742 2092 916 2137 pecuniae
937 2103 1044 2137 quam
1063 2104 1181 2129 rerum

89 2139 306 2179 ceterarum,
339 2147 428 2181 quas
460 2146 582 2172 secum
612 2147 685 2173 non
716 2137 858 2173 tulisset
889 2138 1008 2174 socius
1041 2138 1110 2174 nisi
1134 2139 1181 2174 ad

88 2191 221 2216 merces
243 2182 421 2217 communi
440 2182 582 2217 nomine
601 2182 860 2228 comparandas
879 2183 1178 2228 proficisceretur.

88 2225 149 2262 sed
173 2230 209 2262 et
233 2226 263 2262 si
287 2226 371 2272 quid
394 2227 431 2261 in
454 2227 612 2263 medicos
643 2227 841 2273 impensum
874 2232 946 2271 est,
978 2239 1042 2274 pro
1075 2234 1180 2274 parte

88 2271 224 2307 socium
257 2282 450 2317 agnoscere
481 2272 608 2309 debere
631 2273 828 2309 rectissime
851 2273 1011 2309 Iulianus
1036 2275 1177 2319 probat.

87 2317 237 2362 proinde
261 2321 297 2352 et
320 2318 349 2353 si
381 2317 567 2363 naufragio
600 2318 685 2363 quid
743 2319 839 2362 eriit,
873 2330 954 2354 cum
986 2330 1060 2354 non
1090 2320 1179 2355 alias

87 2372 223 2398 merces
255 2373 361 2408 quam
392 2363 472 2398 navi
504 2364 660 2399 solerent
690 2373 712 2399 a
737 2364 834 2407 vehi,
872 2364 1039 2399 damnum
1073 2365 1178 2401 ambo

87 2408 258 2444 sentient:
295 2418 378 2443 nam
413 2408 519 2444 sicuti
549 2409 709 2451 lucrum,
745 2409 797 2444 ita
833 2409 1001 2445 damnum
1037 2421 1179 2456 quoque

88 2463 274 2489 commune
306 2463 384 2489 esse
407 2464 427 2490 o
456 2457 567 2497 ortet,
601 2454 697 2499 quod
728 2465 800 2490 non
833 2455 938 2500 culpa
969 2455 1059 2491 socii
1092 2466 1177 2491 con-

87 2501 106 2533 5
154 2499 268 2544 tingit.
318 2498 407 2534 Cum
456 2510 502 2535 uo
527 2504 630 2534 erant
653 2500 846 2552 argentarii
870 2500 976 2543 socii,
1002 2501 1093 2536 alter
1117 2510 1177 2536 eo-

86 2554 164 2578 rum
197 2543 331 2589 aliquid
363 2544 556 2590 separatim
588 2549 792 2590 quaesierat
823 2548 858 2580 et
881 2545 972 2580 lucri
995 2549 1176 2581 senserat:

86 2590 336 2634 quaerebatur,
362 2599 409 2624 an
433 2599 621 2625 commune
645 2600 723 2625 esse
746 2591 887 2626 lucrum
911 2594 1103 2635 oporteret.
1142 2595 1178 2627 et

86 2634 280 2679 imperator
313 2634 463 2671 Severus
494 2635 618 2671 Flavio
651 2635 762 2671 Felici
792 2635 830 2671 in
861 2635 952 2671 haec
982 2636 1091 2671 verba
1121 2646 1176 2671 re-

86 2679 249 2725 scripsit:
282 2680 431 2715 ‘etiamsi
462 2681 615 2716 maxime
647 2681 872 2726 argentariae
902 2681 1057 2717 societas
1088 2681 1178 2716 inita

87 2728 171 2767 ‘est‚
204 2725 298 2771 quod
330 2726 479 2771 quisque
510 2730 628 2761 tamen
660 2726 780 2763 socius
811 2736 884 2761 non
908 2736 952 2762 ex
975 2727 1178 2772 argentaria

87 2773 210 2805 ‘causa
242 2770 413 2815 quaesiit,
445 2770 482 2806 id
513 2771 560 2806 ad
595 2771 878 2807 communionem
902 2782 975 2807 non
1024 2772 1177 2807 ertinere

87 2818 107 2851 6
155 2816 342 2861 ‘explorati
354 2815 442 2851 iun's
456 2816 533 2851 est‘.
581 2816 802 2862 Papinianus
815 2826 956 2862 quoque
968 2817 993 2851 li
1019 2827 1057 2852 ro
1070 2817 1176 2853 tertio

85 2870 339 2906 responsorum
363 2861 432 2896 ait:
455 2861 488 2908 si
511 2861 640 2897 fratres
664 2862 866 2907 parentium
884 2861 1054 2897 indivisas
1073 2862 1176 2898 here-

87 2905 216 2941 ditates
235 2905 314 2941 ideo
336 2906 568 2950 retinuerunt,
588 2910 630 2942 ut
649 2907 924 2943 emolumentum
944 2917 987 2942 ac
1008 2906 1177 2942 damnum

85 2950 122 2985 in
145 2951 200 2986 his
225 2961 411 2987 commune
435 2952 625 2995 sentirent,
658 2952 754 2997 quod
785 2951 927 2988 aliunde
983 2951 1176 2988 uaesierint

87 2998 104 3030 7
153 2996 191 3031 in
215 3006 401 3032 commune
424 3007 497 3032 non
527 2997 715 3042 redigetur.
763 2998 853 3033 Item
884 3007 929 3032 ex
976 3001 1055 3033 acto
1089 3008 1175 3033 con-

86 3041 218 3077 sultum
247 3041 476 3086 respondisse
505 3051 544 3077 se
575 3043 627 3078 ait
658 3042 749 3078 libro
773 3043 878 3078 tertio
902 3053 1174 3088 responsorum:

85 3086 178 3122 inter
201 3086 363 3122 Flavium
380 3087 563 3123 Victorem
586 3091 621 3123 et
643 3087 815 3123 Bellicum
835 3087 1008 3123 Asianum
1031 3088 1175 3134 placue-

85 3135 152 3174 rat,
177 3134 218 3166 ut
241 3131 329 3167 locis
354 3132 481 3177 emptis
505 3133 658 3178 pecunia
680 3132 836 3168 Victoris
859 3137 1089 3168 monumenta
1112 3133 1174 3169 fie-

85 3180 164 3211 rent
188 3187 208 3212 o
237 3187 297 3212 era
321 3180 357 3212 et
379 3177 508 3222 peritia
530 3178 675 3221 Asiani,
709 3178 836 3230 quibus
862 3178 1042 3214 distractis
1066 3189 1175 3223 pecu·

87 3221 181 3256 niam
205 3188 330 3258 &ictor
354 3233 436 3258 cum
468 3226 567 3259 certa
598 3227 798 3269 quantitate
828 3223 1020 3276 reciperet,
1052 3233 1175 3269 super-

85 3265 196 3302 fluum
219 3267 375 3303 Asianus
398 3267 595 3314 acciperet,
628 3268 689 3313 qui
721 3278 867 3321 operam
898 3279 935 3303 in
967 3268 1176 3304 societatem

87 3313 107 3346 8
155 3312 323 3348 contulit:
357 3312 423 3348 erit
452 3324 517 3358 pro
549 3313 647 3349 socio
680 3317 786 3349 actio.
835 3313 932 3349 Idem
956 3314 1175 3359 Papinianus

87 3356 211 3391 eodem
235 3356 325 3393 libro
350 3357 419 3400 ait,
444 3357 475 3393 si
496 3358 590 3393 inter
612 3358 742 3394 fratres
765 3358 1004 3394 voluntarium
1029 3369 1174 3395 consor-

86 3401 174 3436 tium
197 3401 324 3437 initum
346 3402 474 3445 fuerit,
507 3406 543 3439 et
566 3403 743 3456 stipendia
767 3407 958 3455 ceteraque
981 3404 1114 3439 salaria
1137 3404 1174 3438 in

89 3457 274 3485 commune
285 3447 397 3492 redigi
407 3447 539 3484 iudicio
553 3448 745 3491 societatis,
765 3458 925 3493 quamvis
945 3449 1038 3485 filius
1055 3459 1175 3484 eman-

88 3491 227 3536 cipatus
250 3491 340 3528 haec
363 3502 436 3528 non
460 3497 610 3539 cogatur
634 3493 797 3529 conferre
818 3493 940 3536 fratri,
973 3494 1107 3539 inquit,
1138 3494 1176 3528 in

86 3539 266 3581 potestate
289 3537 466 3580 manenti,
497 3538 581 3583 quia
614 3541 649 3574 et
680 3539 710 3574 si
740 3539 778 3574 in
800 3542 981 3584 potestate
1003 3542 1174 3581 maneret,

88 3583 109 3616 9
155 3581 348 3627 praecipua
371 3592 414 3617 ea
436 3582 595 3619 haberet.
642 3583 741 3619 Idem
764 3583 950 3629 respondit
968 3584 1175 3619 societatem

89 3697 128 3735 (1)
155 3695 273 3728 utilius
286 3698 337 3727 est
352 3696 411 3728 ins.

89 3742 131 3782 (4)
156 3750 274 3782 cogere
287 3740 415 3773 socium
428 3742 489 3776 ins.

541 3697 584 3739 (2)
608 3700 738 3739 partem
749 3698 784 3730 F

582 3744 624 3785 (5)
651 3745 820 3787 sumptum
833 3743 867 3777 F

905 3700 946 3740 (3)
972 3698 1100 3731 socium
1113 3698 1172 3749 fras.

961 3745 1004 3785 (6)
1030 3752 1098 3775 rem
1111 3752 1172 3775 im-

1177 111 1258 158 225

2170 116 2290 162 XVII
2323 121 2348 161 2

1257 247 1329 272 non
1351 247 1458 282 posse
1482 237 1576 272 ultra
1599 241 1748 273 mortem
1775 240 1929 292 porrigi,
1963 243 1999 276 et
2029 240 2109 277 ideo
2142 251 2207 277 nec
2238 242 2348 278 liber-

1256 284 1366 316 tatem
1397 281 1442 318 de
1472 282 1646 327 supremis
1677 283 1816 320 indicus
1850 286 2091 332 constringere
2114 286 2194 332 quis
2216 288 2350 333 poterit

1256 327 1336 362 vel⁴
1373 330 1562 373 cognatum
1597 328 1802 364 ulteriorem
1836 330 2109 375 proximioribus
2151 331 2345 378 praeferre.

1261 375 1299 407 10
1347 371 1445 407 Idem
1456 371 1661 417 respondit:
1683 374 1814 416 socius,
1828 375 1888 420 qui
1901 377 2075 412 cessantis
2089 377 2349 414 cessantiumve

1255 417 1438 462 portiones
1460 417 1599 453 insulae
1622 418 1828 462 restituerit,
1854 421 2012 466 quamvis
2032 425 2096 457 aut
2115 426 2246 458 sortem
2267 434 2349 459 cum

1257 462 1364 498 certis
1388 463 1508 498 usuris
1531 463 1626 498 intra
1649 467 1820 509 quattuor
1843 476 2002 507 menses,
2061 471 2225 514 ostquam
2257 479 2348 514 opus

1255 507 1430 543 refectum
1454 508 1539 551 erit,
1563 508 1722 554 recipere
1745 513 1865 555 potest
1890 511 2016 556 exigen
2043 522 2063 548 ο
2092 523 2135 548 ue
2166 513 2347 559 privilegio

1255 556 1376 589 utetur
1409 558 1472 589 aut
1504 553 1672 599 deinceps
1706 564 1771 599 pro
1799 555 1888 590 riam
1922 567 1995 591 rem
2029 557 2077 592 ha
2104 558 2193 602 ebit,
2229 563 2349 605 potest

1255 602 1375 634 tamen
1398 609 1464 644 pro
1489 598 1587 635 socio
1611 609 1717 644 agere
1740 610 1762 634 a
1810 600 1899 643 hoc,
1924 605 1964 636 ut
1988 612 2228 648 consequatur
2251 604 2348 650 quod

1255 653 1322 679 sua
1344 643 1525 680 intererat.
1558 643 1651 689 finge
1671 644 1764 680 enim
1781 645 1887 681 malle
1908 656 1988 682 eum
2007 648 2118 692 magis
2138 659 2241 684 suum
2261 660 2346 685 con-

1255 689 1356 734 sequi
1375 700 1482 734 quam
1502 689 1696 725 dominium
1714 689 1864 727 insulae.
1902 691 2016 727 oratio
2038 693 2131 728 enim
2151 694 2219 729 divi
2231 694 2348 731 Marci

1254 733 1386 770 idcirco
1412 738 1584 780 quattuor
1607 735 1788 771 mensibus
1819 735 1899 771 finit
1931 739 2048 773 certas
2082 749 2229 782 usuras,
2263 740 2348 785 quia

1259 782 1294 814 11
1345 784 1428 825 post
1451 784 1622 825 quattuor
1653 780 1847 816 dominium
1879 781 1986 817 dedit.
2035 782 2073 818 Si
2128 784 2164 818 ui
2196 785 2346 820 societa-

1254 828 1325 860 tem
1349 824 1397 860 ad
1421 825 1608 861 emendum
1633 826 1801 869 coierint,
1834 826 1963 862 deinde
1994 837 2051 863 res
2084 838 2105 863 a
2120 829 2230 865 terius
2263 830 2345 866 dolo

1254 869 1309 905 vel
1332 870 1440 915 culpa
1464 874 1584 916 empta
1617 882 1690 907 non
1725 871 1791 914 sit,
1824 882 1889 917 pro
1926 872 2024 908 socio
2062 883 2139 909 esse
2170 875 2347 910 actionem

1254 919 1407 951 constat.
1450 916 1557 968 plane
1590 915 1620 952 si
1646 916 1808 952 condicio
1834 917 1881 952 sit
1903 917 2044 953 adiecta
2068 919 2109 954 ‘si
2133 919 2226 954 intra
2249 920 2347 955 illum

1254 960 1359 996 ‘diem
1389 961 1548 1004 veniret‘‚
1582 965 1618 996 et
1642 961 1717 997 dies
1748 962 1825 998 sine
1858 963 1966 1008 culpa
1997 963 2085 999 socii
2115 965 2347 1009 praeterierit,

1257 1008 1296 1040 12
1345 1006 1501 1042 cessabit
1532 1006 1627 1042 actio
1653 1017 1718 1052 pro
1742 1007 1853 1044 socio.
1901 1008 1991 1043 Item
2014 1008 2045 1043 si
2067 1009 2105 1044 in
2129 1020 2348 1046 communem

1253 1050 1367 1086 rivum
1390 1051 1621 1087 reficiendum
1646 1052 1797 1098 inpensa
1819 1052 1918 1088 facta
1942 1053 2007 1097 sit,
2021 1064 2105 1134 Cpro
2138 1055 2235 1090 socio
2269 1066 2348 1092 esse

1254 1096 1432 1132 actionem
1455 1097 1502 1132 ad
1525 1097 1798 1142 reciperandum
1823 1102 2003 1144 sumptum
2049 1099 2166 1135 assius
2191 1100 2346 1146 scripsit.

1257 1144 1296 1177 13
1344 1142 1433 1177 Item
1456 1142 1553 1178 Mela
1584 1143 1727 1186 scribit,
1759 1144 1790 1179 si
1821 1144 1927 1179 vicini
1959 1144 2156 1190 semipedes
2187 1146 2280 1181 inter
2309 1156 2348 1182 se

1254 1187 1502 1231 contulerunt,
1526 1191 1567 1223 ut
1589 1188 1638 1224 ibi
1662 1189 1849 1224 craticium
1873 1189 2045 1235 parietem
2068 1190 2163 1226 inter
2185 1201 2224 1226 se
2248 1191 2346 1226 aedi-

1253 1231 1405 1268 ficarent
1427 1232 1475 1268 ad
1498 1243 1610 1269 onera
1632 1234 1820 1279 utriusque
1843 1235 2072 1278 sustinenda,
2097 1235 2226 1272 deinde
2251 1236 2347 1272 aedi-

1253 1277 1360 1313 ficato
1384 1278 1521 1323 pariete
1546 1279 1636 1314 alter
1658 1279 1696 1314 in
1720 1290 1801 1315 eum
1825 1280 1956 1315 inmitti
1979 1291 2052 1316 non
2076 1281 2255 1326 patiatur,
2281 1292 2346 1327 pro

1253 1323 1352 1358 socio
1388 1323 1576 1368 agendum.
1613 1324 1778 1370 idemque
1810 1329 1845 1360 et
1876 1325 1906 1361 si
1938 1336 2058 1361 aream
2088 1326 2126 1362 in
2162 1337 2348 1362 commune

1253 1368 1420 1412 emerint,
1445 1379 1491 1404 ne
1514 1369 1708 1406 luminibus
1732 1370 1807 1406 suis
1832 1370 2054 1414 officeretur,
2087 1375 2123 1407 et
2146 1372 2250 1407 alteri
2273 1376 2347 1407 tra-

1253 1413 1328 1449 dita
1351 1413 1398 1449 sit
1422 1425 1489 1450 nec
1512 1418 1672 1460 praestet
1695 1415 1797 1451 alteri
1822 1416 1918 1461 quod
1942 1416 2127 1460 convenit,
2158 1428 2224 1462 pro
2249 1418 2346 1453 socio

1256 1461 1296 1494 14
1344 1459 1522 1496 actionem
1554 1470 1643 1496 esse.
1692 1460 1730 1496 Si
1762 1461 1883 1507 plures
1908 1461 1980 1497 sint
2003 1462 2096 1498 inter
2121 1462 2264 1498 eosdem
2288 1473 2346 1498 so-

1253 1503 1399 1540 cietates
1436 1506 1571 1548 coitae,
1607 1505 1654 1541 ad
1689 1516 1814 1542 omnes
1848 1507 2039 1543 societates
2074 1507 2241 1544 sufficere
2277 1508 2347 1543 hoc

1258 1552 1294 1585 15
1343 1561 1453 1586 unum
1465 1551 1636 1586 iudicium
1649 1555 1801 1587 constat.
1850 1551 1888 1587 Si
1908 1553 1987 1598 quis
2008 1563 2052 1588 ex
2072 1553 2179 1589 sociis
2199 1564 2264 1598 pro
2293 1557 2347 1589 ter

1252 1594 1460 1631 societatem
1483 1597 1666 1642 profectus
1691 1597 1756 1640 sit,
1787 1597 1897 1633 veluti
1928 1597 1975 1633 ad
2006 1607 2142 1634 merces
2166 1608 2268 1634 emen
2294 1609 2346 1641 as,

1252 1650 1314 1676 eos
1339 1640 1527 1677 dumtaxat
1551 1644 1782 1688 mmptuum⁵
1805 1642 1970 1678 societati
1992 1643 2184 1688 imputabit
2217 1643 2279 1696 qui
2309 1644 2346 1679 in

1254 1696 1332 1721 eam
1355 1697 1432 1722 rem
1455 1687 1629 1732 impensi⁶
1652 1691 1755 1724 sunt:
1787 1688 1919 1723 viatica
1949 1688 2057 1733 igitur
2089 1692 2124 1724 et
2146 1688 2345 1725 meritorio·

1251 1741 1330 1767 rum
1354 1735 1390 1767 et
1412 1732 1653 1776 stabulorum,
1684 1733 1923 1769 iumentorum
1956 1733 2200 1769 carrulorum⁷
2224 1738 2345 1770 vectu-

1251 1787 1312 1812 ras
1335 1776 1391 1812 vel
1415 1777 1471 1813 sui
1501 1777 1557 1814 vel
1588 1778 1810 1814 sarcinarum
1841 1788 1988 1814 suarum
2018 1779 2135 1824 gratia
2165 1779 2221 1815 vel
2251 1789 2345 1814 mer-

1254 1824 1295 1858 16
1343 1822 1438 1858 cium
1469 1826 1567 1858 recte
1596 1823 1797 1869 imputabit.
1846 1823 1990 1859 Socium
2021 1824 2187 1860 universa
2216 1824 2254 1859 in
2286 1834 2344 1860 so-

1251 1866 1417 1903 cietatem
1453 1869 1618 1904 conferre
1653 1869 1783 1905 debere
1813 1868 1981 1905 Neratius
2018 1869 2087 1912 ait,
2123 1870 2154 1905 si
2188 1869 2346 1905 omnium

1250 1911 1427 1948 bonorum
1459 1913 1579 1949 socius
1619 1913 1683 1950 sit:
1720 1917 1756 1950 et
1785 1913 1865 1950 ideo
1899 1914 1972 1950 sive
2003 1914 2049 1950 ob
2081 1914 2246 1950 iniuriam
2278 1915 2346 1950 sibi

1250 1956 1385 1993 factam
1409 1959 1464 1994 vel
1488 1969 1532 1994 ex
1554 1959 1632 2005 lege
1654 1959 1817 2005 Aquilia,
1850 1959 1923 1995 sive
1946 1959 2058 2005 ipsius
2083 1959 2155 1996 sive
2177 1959 2241 1995 filii
2266 1970 2344 1995 cor-

1254 2006 1293 2037 17
1341 2004 1422 2049 pori
1445 2005 1605 2040 nocitum
1625 2004 1682 2047 sit,
1708 2004 1872 2040 conferre
1892 2004 2022 2041 debere
2041 2005 2237 2050 respondit.
2274 2005 2344 2040 Ibi-

1250 2047 1330 2083 dem
1353 2049 1405 2084 ait
1427 2049 1563 2085 socium
1588 2050 1746 2085 omnium
1769 2050 1945 2086 bonorum
1967 2061 2042 2086 non
2066 2050 2143 2096 cogi
2169 2049 2343 2093 conferre,

1253 2095 1293 2129 18
1341 2104 1433 2139 quae
1465 2105 1509 2130 ex
1532 2095 1721 2140 prohibitis
1746 2095 1865 2131 causis
1889 2095 2109 2140 adquisierit.
2156 2095 2227 2131 Per
2259 2106 2344 2131 con-

1249 2139 1399 2174 trarium
1458 2150 1574 2186 uoque
1610 2140 1706 2186 apud
1741 2144 1876 2176 veteres
1908 2145 2105 2184 tractatur,
2142 2151 2188 2176 an
2224 2141 2344 2176 socius

1249 2184 1406 2219 omnium
1465 2196 1634 2229 cnorum,
1671 2186 1702 2221 si
1733 2185 1818 2231 quid
1850 2186 1896 2222 ob
1927 2186 2137 2221 iniuriarum
2168 2185 2345 2221 actionem

1250 2229 1438 2266 damnatus
1469 2231 1707 2276 praestiterit,
1749 2241 1793 2266 ex
1826 2231 2003 2267 communi
2034 2234 2274 2276 consequatur
2304 2234 2346 2266 ut

1248 2278 1415 2319 praestet.
1453 2280 1488 2311 et
1511 2276 1701 2312 Atilicinus
1723 2275 1877 2312 Sabinus
1898 2276 2042 2312 Cassius
2066 2276 2342 2322 responderunt,

1248 2319 1278 2355 si
1302 2320 1431 2356 iniuria
1454 2321 1581 2357 iudicis
1606 2321 1797 2357 damnatus
1822 2321 1887 2364 sit,
1921 2325 2215 2364 consecuturum,
2242 2321 2272 2357 si
2296 2320 2342 2357 ob

1247 2365 1459 2401 maleficium
1483 2377 1606 2409 suum,
1629 2367 1747 2412 ipsum
1770 2370 1911 2402 tanturn
1934 2366 2103 2402 damnum
2127 2366 2259 2402 sentire
2282 2366 2342 2402 de·

1247 2410 1343 2446 bere.
1379 2411 1437 2446 cui
1468 2411 1648 2456 congruit,
1705 2411 1777 2448 uod
1801 2411 1961 2447 Servium
1992 2411 2219 2457 respondisse
2242 2410 2343 2446 Aufi-

1249 2455 1329 2491 dius
1353 2455 1483 2499 refert,
1516 2457 1547 2492 si
1579 2457 1666 2492 socii
1715 2467 1864 2492 oncrum
1894 2456 2046 2499 fuerint,
2079 2456 2207 2492 deinde
2237 2466 2342 2499 unus,

1248 2511 1329 2535 cum
1353 2501 1399 2536 ad
1422 2501 1592 2537 iudicium
1616 2512 1688 2537 non
1712 2501 1864 2544 adesset,
1888 2501 2079 2537 damnatus
2104 2501 2161 2544 sit,
2186 2512 2259 2537 non
2281 2501 2342 2537 de·

1246 2546 1332 2581 bere
1355 2556 1435 2582 eum
1458 2546 1503 2582 de
1527 2547 1704 2582 communi
1727 2546 1764 2582 id
1789 2546 1978 2592 consequi,
2011 2547 2042 2582 si
2065 2556 2149 2582 vero
2172 2556 2343 2591 praesens

1246 2591 1411 2627 iniuriam
1434 2591 1561 2627 iudicis
1586 2602 1716 2637 passus
1741 2591 1806 2635 sit,
1832 2591 1876 2627 de
1900 2591 2079 2627 communi
2102 2591 2340 2627 sai-ciendum.

1294 2633 1481 2674 53·11>EM
1499 2637 1592 2673 libro
1618 2637 1828 2684 triqensae'mo
1851 2636 1902 2672 ad
1924 2636 2098 2672 Sabinum
2147 2636 2252 2681 Quod
2275 2647 2339 2672 au-

1247 2684 1319 2717 tem
1344 2692 1388 2717 ex
1411 2682 1508 2718 furto
1533 2682 1587 2718 vel
1613 2693 1655 2717 ex
1679 2682 1749 2717 alio
1773 2681 1950 2717 maleficio
1999 2681 2175 2718 uaesitum
2199 2685 2273 2725 est,
2305 2682 2340 2716 in

1247 2727 1455 2762 societatem
1478 2738 1551 2763 non
1575 2731 1740 2773 oportere
1765 2726 1919 2762 conferri
1942 2738 1966 2772 p
2004 2737 2062 2762 am
2086 2730 2151 2770 est,
2175 2727 2260 2773 quia
2280 2727 2337 2762 de·

1246 2772 1411 2808 lictorum
1442 2773 1558 2818 turpis
1591 2776 1698 2818 atque
1720 2771 1828 2807 foeda
1852 2772 2053 2808 communio
2078 2776 2142 2808 est.
2179 2772 2287 2818 plane
2311 2772 2342 2808 si

1245 2817 1283 2852 in
1306 2817 1460 2853 medium
1485 2818 1617 2854 collata
1641 2817 1688 2853 sit
1698 2818 1721 2860 ⁸,
1747 2827 1934 2853 commune
1957 2817 2025 2852 erit
2048 2817 2200 2853 lucrum.

1293 2861 1346 2899 54
1379 2862 1609 2898 POMPONIUS
1640 2862 1732 2898 libro
1767 2862 1873 2897 tertio
1908 2862 2045 2898 decimo
2081 2862 2132 2898 ad
2163 2861 2339 2899 Sabinum

1246 2907 1349 2953 Quod
1374 2907 1467 2943 enim
1491 2918 1535 2943 ex
1560 2907 1735 2943 maleficio
1762 2907 1952 2943 contulerit
1975 2907 2114 2951 socius,
2137 2918 2211 2944 non
2235 2908 2339 2943 aliter

1245 2952 1318 2988 reci
1345 2963 1404 2988 ere
1428 2952 1544 2995 debet,
1570 2962 1678 2998 quam
1702 2952 1733 2988 si
1757 2952 1948 2988 damnatus
1972 2953 2031 2989 sit.

1292 2963 1344 3035 bg
1377 2997 1572 3033 [smum
1587 2998 1678 3033 libro
1699 2998 1909 3044 triqensimo
1929 2999 1980 3033 ad
1997 2997 2172 3034 Sabinum
2219 2997 2256 3033 Si
2276 2997 2338 3042 igi-

1246 3047 1305 3078 tur
1328 3053 1372 3079 ex
1395 3043 1465 3078 hoc
1490 3047 1685 3078 conventus
1708 3042 1818 3078 fuerit
1848 3043 1910 3089 qui
1939 3043 2154 3079 maleficium
2186 3042 2338 3084 admisit,

1244 3088 1281 3123 id
1305 3087 1400 3134 quod
1425 3087 1576 3123 contulit
1599 3091 1664 3123 aut
1686 3087 1801 3123 solum
1825 3091 1889 3124 aut
1920 3099 2002 3124 cum
2028 3098 2150 3141 poena
2180 3087 2336 3123 auferet:

1245 3133 1359 3169 solum
1384 3133 1525 3168 auferet
1533 3133 1558 3176 ⁹,
1583 3133 1614 3168 si
1637 3132 1723 3168 mihi
1745 3143 1928 3178 proponas
1946 3133 2120 3169 insciente
2138 3133 2235 3168 socio
2258 3142 2338 3167 eum

1245 3178 1281 3213 in
1304 3178 1486 3214 societatis
1507 3178 1683 3214 rationem
1702 3178 1772 3214 hoc
1792 3178 2007 3214 contulisse:
2026 3178 2122 3224 quod
2142 3178 2172 3213 si
2191 3177 2337 3218 sciente,

1246 3224 1351 3260 etiam
1375 3234 1527 3268 poenam
1551 3223 1688 3259 socium
1712 3233 1906 3268 agnoscere
1923 3227 2084 3269 oportet:
2110 3232 2262 3267 aequum
2283 3225 2338 3256 est

1246 3269 1349 3311 enim,
1373 3272 1414 3303 ut
1440 3268 1542 3304 cuius
1565 3268 1794 3314 participavit
1812 3268 1952 3305 lucrum
1970 3268 2163 3314 participet
2183 3270 2219 3302 et
2238 3266 2335 3301 dam-

1246 3324 1342 3348 num.

1291 3356 1345 3396 56
1378 3357 1537 3394 Patmos
1563 3357 1655 3394 libro
1686 3362 1792 3395 sexto
1825 3359 1876 3394 ad
1906 3358 2079 3394 Sabinum
2125 3356 2158 3391 N
2162 3366 2201 3407 ec
2237 3356 2334 3406 quic-

1269 3414 1351 3439 uam
1369 3403 1528 3446 interest,
1574 3407 1670 3439 trum
1689 3408 1855 3440 manente
1878 3403 2049 3440 societate
2060 3403 2277 3453 praestiterit
2289 3399 2334 3434 ob

1260 3453 1379 3483 urtum
1403 3458 1450 3483 an
1474 3448 1568 3484 disso
1584 3452 1647 3484 uta
1671 3459 1724 3484 ea.
1759 3449 1924 3494 idemque
1945 3452 2000 3483 est
2018 3448 2054 3482 in
2073 3446 2237 3482 omnibus
2258 3448 2334 3478 tur-

1244 3493 1348 3538 pibus
1374 3493 1585 3537 actionibus,
1610 3493 1718 3530 veluti
1743 3494 1972 3535 iniuriarum,
1997 3492 2031 3526 vi
2053 3491 2228 3541 bonorum
2251 3498 2334 3533 rap-

1243 3542 1375 3580 torum,
1399 3538 1491 3574 servi
1511 3539 1671 3584 corrupti
1693 3542 1728 3574 et
1746 3539 1930 3580 similibuS‚
1956 3541 1992 3572 et
2010 3536 2047 3571 in
2067 3534 2230 3586 omnibus
2248 3542 2334 3578 poe·

1244 3583 1299 3619 nis
1322 3582 1538 3629 pecuniariis
1562 3594 1655 3630 quae
1678 3595 1722 3620 ex
1745 3583 1898 3630 publicis
1921 3581 2060 3617 iudiciis
2084 3578 2265 3614 accidunt.

1245 3695 1340 3738 pensi
1354 3696 1392 3735 S,
1405 3697 1502 3738 pensi
1516 3699 1585 3741 (om.
1598 3709 1667 3730 rem
1681 3698 1742 3737 im)
1755 3697 1790 3730 F
1939 3694 1982 3734 (7)
2008 3692 2256 3725 carrulorumve
2268 3703 2332 3726 ser.

1244 3743 1290 3785 (8)
1315 3741 1385 3774 sint
1397 3742 1478 3776 Hal.
1574 3744 1617 3787 (9)
1643 3742 1790 3775 auferret
1802 3752 1828 3775 s.
1846 3740 1992 3773 auferret
2003 3738 2038 3771 F

2019 3795 2061 3829 29
