2528 3918
156 107 403 153 XXXIII'I

1240 103 1327 152 472

1485 29 1555 111 ἢ

2061 120 2122 152 DE
2150 121 2398 155 ms'rssuc'ro

1068 170 1479 178 *ἡ

155 231 219 267 ‘ita
242 234 283 266 ut
305 230 381 275 ipse
430 228 547 264 ossedi
571 239 652 264 cum
675 228 922 274 suppellectile
953 215 1084 264 mens'i's
1106 228 1241 264 manci-

156 276 255 321 ‘piis,
288 285 379 320 quae
402 285 415 309 ι
440 274 454 309 i
477 273 786 319 depntabuntur‘,
818 274 966 310 urbanis
998 278 1034 309 et
1063 272 1206 309 rusticis
1215 273 1241 317 ²,

156 321 268 362 ⁴vinis,
293 330 386 365 quae
407 319 446 354 in
468 318 562 354 diem
583 319 707 354 mortis
729 329 829 355 meae
848 319 898 354 ibi
921 323 1037 361 erunt,
1061 323 1098 354 et
1120 317 1244 354 decem

156 365 309 406 ‘aureis',
333 369 370 400 et
393 367 633 409 quaereretur,
659 374 740 400 cum
755 364 793 399 in
809 363 1043 399 diemmortis
1065 362 1118 399 ibi
1130 363 1243 399 libros

155 415 191 446 et
213 409 448 445 vitreamina³
471 412 508 445 et
530 409 737 445 vesticulam
749 409 925 451 habuerit,
950 419 997 444 an
1021 407 1145 444 eadem
1167 418 1242 444 om-

155 456 215 490 nia
238 455 354 500 legato
380 454 557 499 cederent,
582 454 750 500 quoniam
775 454 949 499 quaedam
981 456 1242 489 enumerasset:

156 500 328 535 Scaevola
349 498 534 544 respondit
564 499 766 545 specialiter
795 509 975 544 expressa,
1011 508 1103 544 quae
1126 498 1243 543 legato

160 549 198 580 14
246 544 423 580 cederent.
468 543 624 580 Domum
653 544 865 580 instructam
894 543 1024 588 legavit
1054 553 1136 579 cum
1169 553 1243 578 om-

156 590 260 625 uibus
277 588 423 625 adfixis:
447 589 630 635 quaeritur
645 589 690 625 de
705 589 948 625 instrumentis
962 588 1173 632 debitorum,
1198 598 1246 623 an

156 646 198 671 ea
220 634 411 680 legatarius
435 635 568 671 habere
590 638 721 680 potest.
766 633 952 679 respondit
982 633 1179 669 secundum
1201 642 1247 668 ea

156 690 247 726 quae
269 683 557 725 proponerentur
578 690 651 715 non
674 689 791 725 posse.

208 723 257 763 19
282 724 443 760 Panos
467 725 560 761 libro
595 726 699 760 tertio
730 724 867 759 decimo
898 733 1153 770 responsorum
1207 722 1246 758 Si

156 770 334 815 mancipia
356 780 448 815 quae
457 771 483 814 ⁴,
507 773 589 816 post
610 773 863 805 testamentum
881 768 1017 805 factum
1035 768 1073 803 in
1095 767 1246 803 fundum

155 815 259 851 Seiae
293 814 457 851 relictum
491 826 514 851 a
546 819 720 850 testatore
761 813 927 858 inducta,
969 813 1072 849 fundi
1106 812 1247 849 colendi

154 860 270 905 gratia
291 860 329 895 in
352 860 478 896 eodem
493 860 604 896 fundo
628 859 772 901 fuerint,
796 868 840 895 ea
856 869 996 912 quoque
1010 858 1245 894 instrumento

155 905 256 941 fundi
281 905 455 941 contineri
477 905 665 951 respondi:
701 904 861 950 quamvis
886 915 979 940 enim
1002 913 1045 939 ea
1067 903 1185 938 manci
1210 903 1246 937 ia

154 955 307 987 testator
329 950 619 993 demonstrasset,
645 960 737 995 quae
759 954 847 984 tunc
869 949 921 985 ibi
945 952 1067 985 essent
1090 959 1172 984 cum
1209 958 1245 983 θ-

153 1000 266 1041 garet,
290 1001 409 1031 tamen
432 1006 504 1031 non
526 995 709 1031 minuendi
730 994 848 1040 legati,
871 994 935 1030 sed
958 993 1112 1040 augendi
1135 1003 1247 1029 causa

154 1042 413 1086 mancipiorum
462 1051 579 1086 uoque
601 1040 689 1076 fecit
720 1039 945 1076 mentionem.
1002 1043 1161 1075 ceterum
1189 1038 1245 1073 in-

156 1091 352 1122 strumento
376 1085 442 1121 fun
469 1086 476 1094 ‘

163 1137 171 1166 l
224 1131 373 1167 inducta
396 1131 572 1167 contineri
594 1141 668 1166 non
691 1130 892 1175 ambigitur.
938 1129 1075 1165 Paulus
1097 1139 1245 1174 respon-

156 1177 210 1212 dit
231 1177 336 1212 villae
358 1177 594 1212 instrumento
619 1186 735 1222 neque
757 1174 900 1210 finctus
922 1184 961 1210 re
988 1174 1099 1210 ositos
1130 1184 1247 1219 neque

155 1221 326 1267 equitium
342 1222 525 1264 contineri,
540 1220 808 1274 suppellectile⁵
831 1223 951 1256 autem
980 1222 1082 1264 egato
1100 1219 1244 1255 cedere:

154 1277 296 1303 servum
317 1277 401 1302 vero
426 1271 504 1302 arte
527 1266 668 1302 fabrica
690 1266 857 1311 peritum,
889 1264 952 1310 qui
973 1274 1131 1300 annuam
1152 1274 1245 1299 mer-

155 1312 278 1348 cedem
299 1312 518 1357 praestabat,
542 1311 777 1347 instrumento
801 1309 907 1345 villae
928 1320 1001 1345 non
1025 1309 1210 1345 contineri.

200 1355 254 1395 20
280 1357 509 1393 mammosa
533 1356 625 1392 libro
650 1356 755 1392 tertio
779 1365 1035 1401 responsorum
1076 1353 1179 1390 Seiae
1202 1364 1247 1389 ex

154 1406 257 1447 parte
286 1401 431 1438 heredi⁷
462 1402 667 1445 institutae,
698 1401 730 1437 si
757 1401 861 1436 heres
892 1400 980 1443 erit,
1018 1399 1150 1435 fundos
1181 1409 1247 1444 per

153 1446 615 1528 3530355321113122332‘3
638 1444 1247 1536 &mmmm-fissa

154 1504 252 1573 ‘miiili
282 1538 376 1573 venit
406 1537 445 1572 in
474 1520 647 1574 mentem:
679 1537 782 1573 Seiae
816 1535 947 1571 fundos
983 1545 1073 1580 quos
1106 1534 1245 1586 reliqui,

155 1583 217 1618 ‘ita
241 1586 282 1618 ut
304 1586 389 1618 sunt
410 1582 578 1618 instructi
592 1583 727 1619 rustico
746 1582 983 1617 instrumento
1000 1579 1246 1625 suppellectile

155 1632 296 1672 ‘pecore
318 1632 356 1664 et
378 1627 490 1663 vilicis
515 1638 596 1663 cum
619 1628 766 1673 reliquis
783 1626 992 1662 colonorum
1015 1630 1052 1661 et
1070 1625 1247 1670 apotheca

156 1673 300 1709 ‘habere
322 1672 427 1709 volo’.
474 1673 679 1718 quaesitum
699 1677 765 1715 est,
790 1682 837 1707 an
860 1671 969 1706 etiam
992 1681 1046 1713 ea,
1072 1680 1164 1716 quae
1179 1680 1245 1714 pa-

156 1718 219 1753 tris
241 1717 395 1753 familias
419 1728 507 1754 usus
533 1718 720 1754 cottidiani
743 1727 854 1753 causa
876 1716 914 1751 in
937 1715 1058 1751 fundis
1085 1715 1244 1757 fuerunt,

153 1764 269 1808 legato
295 1763 562 1799 continerentur
573 1765 597 1799 ⁸.
644 1762 829 1808 respondit
857 1765 1072 1797 testamento
1103 1760 1246 1806 quidem

156 1813 195 1843 ‹it
217 1813 479 1854 proponeretur
502 1808 615 1852 Seiae,
638 1810 786 1853 insuper
808 1806 970 1850 fundum,
993 1806 1161 1859 legatum,
1185 1815 1245 1841 ve-

153 1864 233 1889 rum
262 1865 337 1889 non
367 1853 519 1906 amplius
551 1854 691 1897 deberi,
727 1863 834 1898 quam
866 1852 904 1887 in
935 1851 1107 1904 codicillis
1138 1853 1244 1931 {qu-os

153 1909 241 1934 sane
261 1903 346 1944 post
368 1898 582 1935 oblivionem
602 1897 892 1936 testamentariae
915 1900 1116 1942 scripturae
1154 1906 1244 1931 ecis-

154 1948 220 1988 set)
244 1944 411 1980 instructi
433 1944 674 1990 appellatione
691 1943 866 1980 contineri
888 1942 979 1978 velle
994 1952 1034 1978 se
1055 1940 1246 1977 manifeste

161 1993 171 2023 l
224 1989 448 2025 ostendisset.
495 1990 644 2026 Liberto
675 2000 741 2025 suo
766 1988 910 2034 quidam
938 1987 1087 2033 praedia
1115 1985 1246 2032 legavit

153 2033 210 2070 his
232 2034 370 2070 verbis:
403 2034 496 2070 ‘Seio
528 2035 658 2071 liberto
689 2044 768 2070 meo
799 2033 932 2069 fundos
966 2032 1067 2068 illum
1088 2035 1126 2068 et
1146 2032 1246 2067 illum

154 2079 211 2115 ‘do
235 2079 314 2125 lego
337 2080 389 2115 ita
411 2083 454 2114 ut
474 2080 642 2116 instructi
664 2082 750 2116 sunt
773 2089 855 2115 cum
878 2078 1023 2114 dotibus
1045 2081 1082 2113 et
1096 2076 1246 2122 reliquis

154 2124 377 2161 ‘colonorum
399 2128 436 2161 et
458 2126 639 2161 saltuariis
664 2135 746 2160 cum
770 2123 1087 2160 contubernalibus
1111 2122 1186 2158 suis
1209 2125 1247 2157 et

155 2169 249 2206 ‘filiis
272 2174 310 2205 et
330 2169 497 2205 filiabus'.
544 2170 746 2216 quaesitum
767 2173 833 2213 est,
863 2178 911 2204 an
934 2167 1078 2204 Stichus
1110 2177 1244 2209 servus,

154 2215 216 2260 qui
237 2215 423 2295 praedium
458 2226 569 2251 unum
599 2226 644 2251 ex
666 2215 723 2250 his
756 2214 867 2250 coluit
895 2217 932 2249 et
963 2213 1028 2249 reli
1052 2216 1160 2248 uatus
1191 2216 1246 2248 est

154 2270 237 2305 amp
253 2270 310 2295 am
334 2270 519 2303 summani,
544 2271 589 2296 ex
613 2270 724 2296 causa
745 2258 1009 2295 fideicommissi
1058 2257 1113 2293 eio
1138 2257 1244 2295 debe-

154 2309 248 2340 atur.
294 2306 488 2351 respondit,
513 2305 545 2342 si
568 2316 641 2341 non
661 2305 734 2341 fide
757 2304 953 2347 dominica,
985 2303 1049 2339 sed
1071 2302 1244 2346 mercede,

155 2354 195 2386 ut
217 2351 380 2386 extranei
403 2351 521 2386 coloni
543 2351 669 2394 solent,
692 2349 845 2385 fundum
867 2348 1053 2390 coluisset,
1086 2358 1160 2383 non
1183 2347 1245 2383 de-

155 2399 174 2431 2
222 2396 311 2431 beri.
360 2395 462 2432 ‘Gaio
486 2396 567 2432 Seio
592 2396 736 2431 alumno
767 2405 847 2432 meo
869 2393 1002 2430 fundos
1024 2403 1123 2429 meos
1145 2393 1246 2428 illum

155 2440 334 2521 iwan,
350 2441 410 2502 ‚ita
431 2447 473 2477 ut
494 2441 663 2495 instructi
684 2443 779 2483 sunt,
802 2443 840 2492 et
863 2439 1006 2519 (lendium
1026 2438 1245 2491 superiorem

155 2536 227 2566 tam
267 2497 349 2566 ἓξὲξ
370 2487 1245 2573 ’νὲῗιῗέἑΐᾚξὲἒῑέᾞῗωὲΐὲηωθῗῗὲἓθ

155 2580 440 2621 proponerentur
460 2576 514 2612 ita
535 2576 646 2613 videri
693 2575 821 2618 edisse,
845 2575 916 2611 nisi
937 2575 981 2617 is,
1004 2584 1028 2609 a
1051 2584 1121 2620 quo
1145 2577 1245 2618 pete-

155 2625 265 2663 retur,
288 2621 387 2657 aliud
409 2625 618 2658 testatorem
632 2622 788 2657 sensisse
809 2619 999 2656 manifeste
1018 2619 1182 2655 doceret:
1208 2623 1246 2653 at

155 2667 186 2702 si
208 2666 452 2710 habitationis,
474 2667 511 2702 id
535 2672 589 2703 est
612 2665 765 2702 aedificii
786 2665 1063 2702 instrumentum
1078 2664 1244 2709 legasset,

157 2715 176 2746 3
222 2722 295 2747 non
311 2711 438 2748 cedere
456 2722 578 2748 servos
595 2721 727 2757 operae
741 2710 846 2747 aliive
867 2710 920 2746 rei
934 2714 1095 2755 paratos.
1134 2708 1244 2744 Prae-

156 2756 215 2792 dia
236 2760 278 2792 ut
299 2756 476 2792 instructa
499 2761 584 2792 sunt
607 2768 690 2792 cum
711 2755 856 2792 dotibus
878 2759 916 2792 et
937 2754 1082 2800 reliquis
1099 2754 1244 2806 colono-

154 2812 235 2837 rum
258 2805 294 2837 et
315 2801 501 2838 vilicorum
523 2807 560 2838 et
581 2800 768 2847 mancipiis
792 2805 830 2837 et
850 2810 982 2846 pecore
1005 2799 1102 2836 omni
1116 2799 1246 2844 legavit

155 2850 193 2883 et
213 2846 362 2892 peculiis
386 2851 423 2882 et
446 2857 527 2882 cum
550 2851 691 2883 actore:
717 2846 919 2893 quaesitum
941 2849 1008 2888 est,
1039 2855 1088 2880 an
1109 2844 1246 2889 reliqua

157 2891 374 2934 colonorum,
400 2892 462 2944 qui
478 2892 579 2927 finita
595 2892 832 2928 conductione
847 2891 1061 2936 interposita
1078 2889 1246 2925 cautione

156 2936 200 2972 de
224 2936 366 2972 colonia
388 2937 637 2980 discesserant,
660 2948 707 2973 ex
728 2937 847 2973 verbis
878 2947 922 2972 su
947 2946 990 2971 ra
1020 2935 1164 2981 scriptis
1193 2934 1244 2970 le-

154 2986 238 3027 gato
263 2981 403 3017 cedant.
449 2982 632 3027 respondit
647 2993 720 3018 non
737 2981 849 3018 videri
864 2981 907 3017 de
956 2981 963 2988 '
1006 2980 1150 3025 reliquis
1167 2990 1246 3015 esse

156 3033 178 3062 4
225 3027 430 3072 cogitatum.
468 3027 567 3062 Idem
585 3028 737 3072 quaesiit
751 3026 791 3062 in
805 3031 929 3063 actore
944 3026 1072 3072 legato,
1090 3035 1138 3061 an
1154 3035 1246 3060 uxor

156 3076 193 3107 et
214 3071 289 3108 filia
309 3072 426 3117 legato
451 3072 589 3114 cedant,
614 3083 696 3108 cum
718 3076 820 3108 actor
837 3083 910 3109 non
931 3072 971 3107 in
992 3070 1159 3117 praediis,
1182 3069 1246 3106 sed

155 3118 194 3152 in
217 3117 361 3154 civitate
382 3122 543 3152 moratus
567 3118 624 3152 sit.
672 3117 858 3163 respondit
879 3117 968 3153 nihil
990 3116 1156 3162 proponi,
1180 3125 1246 3151 cur

157 3167 176 3198 5
224 3161 365 3198 cedant.
410 3161 510 3199 Idem
533 3162 696 3207 quaesiit,
728 3173 810 3198 cum
838 3165 990 3198 testator
1011 3161 1110 3198 facto
1133 3164 1244 3196 testa·

156 3212 275 3243 mento
297 3207 336 3243 in
358 3207 578 3253 provinciam
600 3207 648 3243 sit
669 3207 874 3260 profectus,
908 3218 956 3243 an
988 3216 1033 3243 ea
1054 3205 1244 3257 mancipia,

157 3263 250 3298 quae
272 3257 356 3298 post
377 3251 633 3298 profectionem
655 3262 731 3288 eius
754 3256 818 3287 aut
844 3256 995 3289 mortem
1024 3251 1102 3288 sine
1125 3261 1245 3287 cuius-

157 3297 915 3387 3ffi0⁸m⁰1n⁰t⁰oe⁶ffiuffisssstiegausss²md
876 3299 1245 3387 Pffimssslffssffi

158 3388 255 3424 dant.
312 3387 496 3433 respondit
528 3397 602 3440 non
634 3386 770 3450 legatos
804 3397 903 3439 eos„
920 3388 981 3433 qui
993 3368 1106 3440 “forte
1135 3385 1246 3422 veluti

159 3438 351 3515 ΞἰἰιιιειίονοΙο
374 3437 525 3514 Ειιιιὶωῗιιιιι
546 3436 730 3513 Titianiim
752 3432 844 3512 {13²
844 3432 1097 3514 pinstrugiento
1127 3440 1246 3513 θῗιῗίξ

501 1086 679 1131 mancipia
702 1095 843 1131 quoque
872 1084 1013 1120 colendi
1035 1084 1112 1129 agri
1136 1093 1247 1119 causa

161 3594 203 3634 (ι)
227 3591 475 3635 deputabantur
486 3591 539 3626 F*
685 3597 729 3630 (2)
752 3600 830 3624 cum
840 3590 1058 3634 supellectile,
1069 3590 1248 3634 mancipiis

160 3647 245 3678 quae
256 3637 377 3670 mensis
387 3637 436 3670 ibi
449 3636 700 3681 deputabuntur
709 3638 745 3670 et
753 3635 888 3670 rusticis
897 3648 960 3669 scr.
1071 3637 1115 3678 (3)
1139 3636 1247 3669 vitrea

161 3681 291 3715 minuta
302 3695 366 3716 scr.
426 3686 469 3725 (4)
494 3693 579 3725 quae
591 3682 655 3716 del.
707 3683 751 3723 (s)
774 3679 1013 3724 supellectilem
1026 3682 1100 3715 dett.
1113 3681 1248 3724 quidam

160 3727 206 3772 (ο)
234 3728 616 3768 51==1.is§4.1·.1.;§
631 3726 946 3772 c=D.32,·1spr-.

1021 3730 1064 3770 (7)
1088 3725 1209 3759 herede
1220 3725 1257 3759 F

1311 232 1419 281 ‘quae
1441 229 1480 264 in
1502 229 1627 267 eodem
1650 236 1755 266 erunt
1779 242 1860 266 cum
1890 231 2045 266 moriar’.
2101 232 2301 276 quaesitum
2331 237 2397 276 est,

1310 284 1342 311 si
1365 273 1510 310 Stichus
1543 285 1684 318 servm,
1721 287 1766 312 ex
1788 287 1830 312 eo
1862 275 1974 311 fundo
1999 280 2082 312 ante
2112 287 2244 312 annum
2276 278 2398 313 mortis

1310 319 1496 371 testatoris
1519 320 1697 356 abductus
1721 326 1758 357 et
1779 322 1817 357 in
1841 321 2065 366 disciplinam
2086 321 2250 364 traditus,
2273 326 2399 367 postea

1310 374 1349 399 ιιι
1372 374 1455 399 θιιιιι
1476 363 1626 401 fundum
1648 376 1720 401 non
1742 375 1904 402 reversus
1928 366 1991 408 sit,
2024 376 2071 401 an
2095 366 2278 402 debeatur.
2323 377 2398 403 res-

1310 408 1450 487 pondit,
1475 410 1508 445 si
1530 410 1696 446 studendi
1719 421 1830 446 causa
1860 411 2025 453 misisset,
2051 421 2123 446 non
2146 422 2216 456 quo
2242 422 2264 446 a
2288 411 2398 447 fundo

1383 463 1464 489 eum
1475 455 1644 491 aliorsum
1658 456 1863 499 transferat,
1888 456 2020 491 deberi.
2069 456 2270 502 ‘Tyrannae
2285 457 2399 492 sorori

1313 502 1425 535 ‘meae
1436 498 1588 535 fundum
1598 510 1716 536 meum
1725 500 1962 537 Graecianum
1974 512 2054 536 cum
2067 501 2207 536 stabulo
2221 506 2256 537 et
2267 501 2399 537 instru-

1314 546 1445 579 ‘mento
1468 545 1603 581 rustico
1635 546 1732 581 omni
1758 546 1944 592 relinquo’.
1991 546 2191 591 quaeritur,
2223 557 2270 581 an
2299 546 2400 582 fundi

1312 588 1685 670 {affigtl’lationgngti-aizi
1706 601 1862 671 pascua,
1895 602 1987 636 quae
2002 591 2065 643 ‘ad
2088 601 2169 672 eigm
2192 591 2296 671 {unul
2319 601 2399 627 cum

1313 644 1708 733 sessiompfrlviabureffate
1738 646 2110 726 qeugtgeffiggrggisi
2130 646 2399 726 ιζεεριιιιιιιιιιίῗιῗοῗιῖ

1339 727 1419 759 rata
1441 723 1551 760 fundo
1576 724 1773 762 Graeciano
1795 727 1847 761 ita
1870 726 2129 768 coniunxisset,
2162 726 2215 761 uti
2238 727 2305 761 sub
2328 736 2402 761 una

1381 768 1417 804 di
1451 770 1690 815 appellatione
1729 771 1965 813 haberentur,
2009 782 2054 807 ea
2093 781 2235 816 quoque
2268 771 2399 807 deberi.

1315 816 1336 849 8
1381 813 1571 851 Instructis
1602 815 1765 851 domibus
1795 816 1920 861 legatis
1953 817 2138 852 orabattus
2169 820 2315 869 argento
2346 817 2400 851 in-

1315 863 1443 895 aurato
1466 863 1585 896 tectus
1606 861 1732 896 mortis
1754 861 1871 896 Titiae
1893 865 2053 906 tempore
2075 862 2113 896 in
2136 861 2299 897 domibus
2329 871 2402 896 non

1314 907 1370 940 est
1384 909 1558 949 repertus,
1575 905 1638 941 sed
1649 906 1687 941 in
1701 906 1838 942 horreis
1854 906 2029 951 tantisper
2047 906 2229 942 conditus:
2255 916 2400 952 quaero,

1315 959 1363 984 an
1384 949 1415 984 is
1439 960 1579 995 quoque
1602 951 1840 996 praestandus
1863 951 1920 986 sit.
1967 961 2024 986 res
2050 951 2161 994 ondit,
2186 952 2217 986 si
2234 951 2273 986 in
2296 951 2400 987 domo

1314 1004 1394 1030 esse
1417 995 1549 1031 soleret
1571 999 1607 1031 et
1630 1007 1700 1042 quo
1724 996 1856 1032 tutiore
1879 996 1960 1031 loco
1976 996 2024 1031 ha
2050 1000 2179 1038 eretur,
2203 996 2343 1031 interim
2366 997 2401 1031 in

1314 1039 1444 1075 horreo
1487 1040 1619 1076 allatus
1661 1045 1773 1083 esset,
1825 1041 1936 1076 nihilo
1976 1042 2093 1076 minus
2160 1041 2400 1076 raestandum.

1315 1087 1336 1119 9
1383 1084 1487 1129 Quod
1509 1085 1639 1121 adiecit
1660 1090 1812 1122 testator
1828 1086 1893 1121 ‘uti
1915 1085 2069 1131 possedi’
2085 1096 2133 1120 an
2173 1096 2216 1121 oc
2231 1086 2403 1131 significet

1316 1130 1423 1165 ‘sicut
1451 1130 1629 1167 instructa
1657 1131 1696 1166 in
1727 1131 1820 1167 diem
1848 1131 1973 1167 mortis
1996 1130 2151 1173 habuit'‚
2184 1130 2221 1166 id
2243 1135 2299 1167 est
2322 1142 2402 1166 cum

1314 1175 1501 1228 mancipiis
1523 1176 1712 1221 pecoribus
1743 1177 1978 1211 instrumento
2010 1176 2170 1211 rustico?
2201 1176 2400 1221 respondit:

1314 1230 1388 1255 non
1412 1220 1456 1256 de
1478 1231 1557 1257 iure
1581 1222 1773 1267 quaeritur.

1361 1263 1411 1302 21
1441 1265 1669 1301 Poueomos
1681 1266 1771 1302 libro
1782 1267 1906 1313 primo
1919 1266 2274 1311 fideicommissorum
2315 1266 2402 1302 Cum

1313 1309 1448 1346 fundus
1472 1311 1550 1347 sine
1571 1311 1808 1347 instrumento
1832 1311 1970 1356 legatus
1994 1311 2051 1353 sit,
2083 1310 2178 1346 dolia
2200 1311 2316 1346 molae
2338 1311 2403 1347 oli-

1314 1356 1435 1391 variae
1459 1360 1495 1391 et
1541 1356 1678 1392 raelum
1701 1361 1738 1392 et
1762 1366 2005 1402 quaecumque
2027 1356 2138 1391 infixa
2160 1356 2403 1391 inaedificata-

1315 1411 1385 1453 que
1408 1405 1493 1436 sunt
1514 1367 1627 1438 {indo
1657 1402 1775 1447 legato
1808 1401 2052 1443 continentur,
2083 1401 2182 1436 nulla
2210 1405 2329 1437 autem
2359 1411 2404 1437 ex

1314 1446 1371 1481 lus
1394 1447 1502 1482 rebus
1527 1457 1618 1492 quae
1641 1447 1775 1482 moveri
1797 1450 1950 1492 possunt
1971 1446 2096 1491 paucis
2120 1447 2278 1492 exceptis
2301 1446 2403 1482 fundi

1314 1491 1553 1537 appellatione
1578 1493 1816 1527 continentur.
1863 1491 1907 1527 de
1928 1491 2031 1527 molis
2054 1496 2132 1527 tuin
2155 1492 2278 1537 quaeri
2302 1492 2403 1533 solet,

1315 1536 1419 1572 cum⁹
1440 1537 1492 1572 ita
1515 1537 1656 1573 adfixae
1685 1538 1780 1572 itave
1809 1536 2058 1572 inaedificatae
2090 1537 2178 1579 sint,
2209 1540 2251 1572 ut
2280 1541 2403 1582 partes

1314 1580 1561 1618 aedificiorum
1583 1593 1662 1618 esse
1685 1582 1884 1618 videantur.

1359 1624 1414 1664 22
1437 1626 1597 1663 Patmos
1616 1628 1707 1664 libro
1731 1628 1835 1663 tertio
1849 1628 1877 1648 ¹⁰
1898 1627 2155 1662 sententiarum
2201 1626 2329 1662 Funde
2353 1627 2403 1662 le-

1311 1676 1396 1717 gato
1421 1673 1514 1707 ‘¹¹ut
1543 1673 1697 1718 optimus
1726 1672 1971 1717 maximusque
2001 1672 2066 1707 est’
2089 1672 2181 1707 retia
2203 1671 2346 1717 apraria
2368 1676 2403 1708 et

1314 1721 1435 1753 cetera
1468 1718 1665 1753 venationis
1700 1718 1938 1753 instrumenta
1974 1717 2267 1752 continebuntur:
2332 1717 2404 1752 uod

1312 1762 1422 1799 etiam
1435 1762 1483 1798 ad
1501 1763 1737 1798 instrumenta
1760 1762 1914 1808 pertinet
1930 1763 1968 1805 ¹²,
1992 1762 2023 1797 si
2045 1766 2216 1807 quaestus
2234 1761 2300 1797 fun
2359 1772 2403 1798 ex

1317 1811 1332 1843 1
1380 1807 1536 1843 maxima
1566 1812 1674 1853 parte
1699 1808 1738 1843 in
1767 1807 2015 1843 venationibus
2046 1807 2229 1843 consistat.
2276 1807 2404 1843 Fundo

1312 1853 1430 1898 legato
1463 1863 1545 1888 cum
1573 1853 1761 1898 mancipiis
1793 1857 1830 1889 et
1856 1853 2048 1898 pecoribus
2079 1856 2116 1888 et
2146 1852 2242 1887 omni
2270 1853 2400 1888 instru-

1311 1901 1432 1934 mento
1456 1898 1592 1934 rustico
1616 1902 1653 1934 et
1675 1899 1814 1934 urbano
1835 1898 2016 1943 peculium
2038 1897 2171 1933 actoris
2187 1901 2271 1933 ante
2292 1901 2403 1933 testa—

1312 1947 1428 1979 torem
1452 1943 1621 1988 defuncti,
1645 1944 1677 1980 si
1700 1954 1745 1979 ex
1768 1943 1893 1979 eodem
1915 1942 2027 1979 fimdo
2050 1942 2170 1985 fuerit,
2193 1943 2306 1988 magis
2326 1943 2400 1987 pla-

1314 1992 1371 2024 cet
1394 1988 1442 2024 ad
1463 1988 1674 2034 legatarium
1723 1989 1886 2024 ertinere.

1360 2031 1413 2071 23
1439 2033 1646 2070 Nssfflrms
1675 2034 1704 2070 li
1725 2045 1767 2069 ro
1802 2034 1958 2069 secundo
2000 2042 2256 2079 responsorum
2315 2031 2404 2068 Cum

1314 2083 1527 2124 quaeratur,
1560 2078 1657 2125 quod
1688 2079 1735 2115 sit
1761 2079 1934 2115 tabernae
1965 2078 2259 2121 instrumentum,
2293 2076 2398 2113 inter-

1314 2134 1409 2167 esse,
1434 2123 1541 2177 ·quod
1566 2134 1679 2170 genus
1710 2123 1962 2169 negotiationis
1993 2124 2031 2159 in
2060 2133 2104 2159 ea
2131 2122 2290 2159 exerceri
2320 2122 2403 2158 soli—

1313 2174 1391 2204 tum
1414 2174 1470 2205 sit.

1359 2212 1414 2252 24
1437 2214 1598 2250 Panes
1617 2214 1709 2251 libro
1734 2215 1838 2249 tertio
1862 2214 1912 2249 ad
1933 2213 2121 2249 Neratium
2157 2212 2319 2255 Fundus,
2344 2213 2403 2258 qui

1312 2259 1453 2296 locatus
1477 2263 1566 2303 erat,
1589 2259 1726 2305 legatus
1745 2263 1801 2295 est
1817 2269 1899 2294 cum
1911 2259 2167 2294 instrumento:
2190 2259 2402 2294 instrumen-

1312 2309 1402 2348 tum,
1419 2304 1515 2350 quod
1533 2305 1681 2340 colonus
1693 2304 1732 2339 in
1745 2314 1789 2340 eo
1803 2304 1940 2346 habuit,
1958 2303 2074 2349 legato
2092 2303 2195 2339 cedit.
2228 2302 2285 2339 ΡΑ
2292 2313 2336 2338 vs
2343 2313 2403 2339 as:

1313 2360 1361 2385 an
1395 2349 1490 2395 quod
1525 2350 1643 2385 coloni
1672 2349 1742 2384 fuit
1773 2359 1822 2384 an
1851 2353 1994 2384 tantum
2023 2348 2062 2383 id
2092 2348 2188 2394 quod
2221 2349 2402 2384 testatoris

1312 2394 1408 2476 ξω
1431 2398 1467 2430 et
1489 2396 1559 2430 hoc
1580 2394 1694 2440 magis
1718 2394 1908 2430 dicendum
1930 2398 1995 2436 est,
2019 2394 2089 2429 nisi
2110 2393 2248 2428 nullum
2271 2393 2402 2429 domini

1359 2482 1414 2523 25
1437 2484 1485 2521 Li
1494 2494 1665 2520 rotimus
1684 2484 1774 2520 libro
1798 2483 1954 2520 secundo
1979 2494 2029 2519 σοι·
2043 2483 2310 2530 posterioribus
2332 2482 2401 2518 La-

1314 2530 1436 2566 beonis
1458 2529 1580 2565 Fundi
1599 2529 1834 2565 instrumento
1859 2529 1976 2573 legato
1999 2528 2037 2563 id
2058 2538 2170 2573 pecus
2187 2527 2313 2564 cedere
2334 2538 2402 2573 pu·

1312 2575 1416 2611 tabat
1447 2575 1610 2618 Tubero,
1649 2574 1747 2620 quod
1776 2574 1807 2610 is
1837 2573 1971 2610 fundus
2002 2572 2178 2609 sustinere
2207 2573 2401 2618 potuisset:

1313 2620 1437 2656 Labeo
1462 2625 1599 2656 contra.
1648 2619 1734 2673 quid
1757 2619 1850 2655 enim
1872 2618 1945 2661 fiet,
1963 2618 2104 2663 -inquit,
2128 2618 2170 2660 si,
2206 2628 2287 2653 cum
2308 2617 2403 2654 mille

1314 2676 1398 2701 oves
1420 2665 1555 2701 fundus
1579 2669 1755 2701 sustinere
1778 2664 1972 2709 potuisset,
2005 2663 2075 2699 duo
2105 2663 2203 2698 milia
2225 2663 2343 2698 ovium
2364 2663 2402 2698 in

1313 2721 1356 2746 eo
1379 2710 1493 2746 fundo
1517 2710 1678 2746 fuerint?
1712 2719 1802 2754 quas
1832 2719 1916 2745 oves
1938 2708 2162 2754 potissimum
2182 2708 2299 2754 legato
2324 2718 2401 2744 ces-

1313 2766 1418 2791 suras
1441 2755 1748 2791 existimabimus?
1771 2764 1837 2790 nec
1862 2753 2102 2798 quaerendum
2124 2763 2214 2795 esse,
2238 2753 2324 2798 quid
2340 2752 2401 2789 de-

1313 2800 1451 2837 buisset
1472 2800 1595 2846 parari
1623 2800 1763 2845 pecoris
1793 2798 2018 2834 instrumenti
2046 2797 2151 2833 fundi
2178 2807 2306 2841 causa,
2337 2798 2403 2834 sed

1313 2845 1399 2891 quid
1422 2850 1590 2891 paratum
1611 2848 1722 2881 esset:
1754 2854 1828 2879 non
1857 2844 1952 2879 enim
1979 2853 2026 2879 ex
2054 2853 2200 2878 numero
2223 2846 2288 2878 aut
2310 2843 2400 2878 mul-

1313 2890 1466 2927 titudine
1488 2891 1607 2936 legata
1629 2889 1891 2925 aestimandum
1913 2898 2003 2924 esse.
2048 2887 2229 2923 Labeonis
2259 2892 2400 2924 senten·

1317 2940 1331 2971 1
1380 2936 1469 2971 tiam
1491 2935 1615 2981 probo.
1663 2933 1815 2979 Quidam
1845 2944 1927 2969 cum
1956 2933 1994 2969 in
2022 2932 2134 2969 fundo
2167 2932 2307 2977 figlinas
2335 2933 2400 2968 ha-

1312 2982 1431 3023 beret,
1462 2980 1651 3026 figulorum
1682 2989 1792 3025 opera
1821 2978 1956 3014 maiore
1983 2982 2087 3024 parte
2115 2977 2202 3013 anni
2231 2977 2279 3012 ad
2309 2987 2400 3023 opus

1313 3025 1487 3062 rusticum
1510 3025 1696 3067 utebatur,
1728 3023 1855 3060 deinde
1885 3024 1961 3060 eius
1992 3021 2095 3058 fundi
2126 3022 2401 3058 instrumentum

1312 3071 1501 3116 legaverat.
1554 3069 1677 3105 Labeo
1709 3068 1900 3105 Trebatius
1922 3079 1996 3105 non
2023 3066 2134 3103 videri
2165 3066 2291 3112 figulos
2305 3068 2333 3090 ¹³
2362 3067 2401 3103 in

1314 3119 1334 3151 2
1379 3116 1616 3152 instrumento
1640 3114 1743 3149 fundi
1766 3124 1857 3151 esse.
1902 3113 1992 3149 Item
2025 3122 2106 3148 cum
2128 3112 2400 3148 instrumentum

1313 3171 1417 3197 omne
1439 3161 1451 3196 l
1516 3164 1594 3195 tum
1621 3163 1718 3195 esset
1747 3164 1898 3205 excepto
1919 3167 2060 3203 pecore,
2083 3161 2247 3202 pastores
2277 3157 2398 3193 ovilio-

1313 3216 1395 3248 nes,
1428 3216 1449 3241 ο
1500 3205 1508 3213 “
1556 3214 1699 3250 quoque
1720 3204 1837 3249 legato
1861 3202 2036 3240 contineri
2059 3200 2184 3238 Ofilius
2206 3212 2279 3238 non
2301 3206 2399 3239 recte

1337 3255 1428 3286 atat.

1311 3261 1336 3297 p
1357 3292 1412 3333 26
1436 3294 1544 3330 Imm
1569 3294 1661 3330 libro
1696 3294 1823 3340 quinto
1853 3303 1903 3329 ex
1925 3292 2192 3339 posterioribus
2220 3291 2400 3328 Labeonis

1311 3339 1420 3377 Delia
1452 3339 1595 3381 fictilia,
1626 3339 1712 3375 item
1741 3338 1927 3384 plumbea,
1958 3338 2088 3383 quibus
2118 3341 2215 3373 terra
2252 3337 2400 3382 adgesta

1311 3388 1386 3427 est,
1420 3388 1458 3421 et
1487 3385 1525 3420 in
1555 3385 1612 3420 his
1643 3383 1824 3420 viridiaria
1852 3382 1971 3428 posita
2001 3382 2142 3418 aedium
2174 3392 2252 3418 esse
2275 3381 2397 3418 Labeo

1310 3429 1505 3467 Trebatius
1555 3433 1669 3465 utant.
1715 3429 1767 3464 ita
1788 3427 1826 3464 id
1846 3437 1969 3463 verum
1997 3431 2106 3473 puto,
2137 3427 2170 3463 si
2189 3426 2242 3462 ita
2263 3426 2400 3507 iffata

1314 3478 1331 3511 1
1379 3475 1452 3511 sint
1474 3484 1518 3511 ae
1545 3475 1634 3518 bus,
1658 3477 1700 3510 ut
1719 3473 1772 3510 ibi
1792 3476 1965 3519 perpetuo
1998 3472 2118 3519 posita
2149 3471 2233 3508 sint.
2321 3471 2399 3508 olas

1314 3590 1358 3631 (s)
1382 3588 1611 3622 contineretur
1622 3588 1657 3621 F
1795 3588 1839 3628 (ο)
1863 3597 1946 3620 num
1955 3599 2018 3621 ser.
2163 3587 2223 3626 (ιο)
2249 3592 2278 3627 s,
2290 3591 2337 3619 cs.
2349 3591 2396 3619 ιι.

1315 3635 1370 3675 (ii)
1393 3633 1444 3666 ita
1455 3635 1517 3667 ins.
1529 3633 1655 3668 Paulus
1792 3634 1851 3673 112)
1877 3642 1962 3674 quae
1973 3631 2073 3665 etiam
2084 3631 2127 3664 ad
2138 3630 2397 3663 instrumentum

1312 3678 1485 3723 pertinent
1496 3678 1622 3713 Paulus
1712 3679 1773 3720 (13)
1795 3676 1916 3720 figulus
1929 3677 1964 3710 F
