2528 3918
187 97 451 141 xxxvne

187 223 389 267 acceptam,
412 220 481 256 hoc
503 219 620 256 minus
645 219 803 263 confert,
834 220 903 257 etsi
926 223 1012 255 ante
1034 229 1127 256 uxor
1149 219 1272 257 deces-

188 269 226 302 21
277 266 375 302 serit.
423 265 462 301 Si
484 265 681 310 impuberi¹
706 265 878 311 adrogato
903 264 1100 303 secundum
1124 264 1195 300 divi
1216 265 1273 300 Pii

454 315 560 345 uarta
594 310 745 346 debetur
753 311 779 352 ².
813 310 1005 346 videndum
1036 314 1108 355 est,
1143 319 1206 352 an,
1241 310 1273 346 si

187 311 398 356 rescriptum

270 356 277 363 '
460 355 468 364 '
507 355 681 391 bonorum
698 356 962 401 possessionem
980 358 1090 400 petat,
1111 354 1273 391 conferre

186 359 536 490 {Effi‘zss
559 400 737 481 aazia
747 399 1274 490 as0z⁸“..⁸⁰m..,¹¹‘÷r0d¹..'..⁸¹;2

186 490 234 525 ad
256 456 422 526 hgredem
446 489 650 533 transferat,
675 490 759 536 quia
805 489 979 526 ersonalis
997 490 1091 525 actio
1110 494 1184 525 est:
1199 471 1273 535 'igi-

184 539 245 570 tur
264 535 370 570 etiam
386 534 431 570 de
471 539 576 570 uarta
596 535 765 571 conferen
791 546 813 571 a
832 545 958 571 cavere
980 544 1062 570 eum
1082 535 1273 580 oportebit,

187 579 250 616 sed
272 579 342 616 hoc
365 579 417 615 ita
464 590 599 622 emum,
623 580 655 616 si
678 580 749 615 iam
773 584 859 615 nata
882 583 937 615 est
959 583 1111 633 quartae
1133 579 1271 624 petitio.

186 629 343 661 ceterum
374 625 405 661 si
435 624 554 660 adbuc
583 629 687 670 pater
717 625 907 670 adoptivus
937 630 1056 666 vivat,
1095 624 1157 670 qui
1193 635 1273 660 eum

185 669 430 715 emancipavit,
451 669 637 706 dicendum
657 674 712 706 est
729 670 932 705 cautionem
950 679 1094 715 quoque
1111 679 1272 706 cessare:

184 718 413 760 praematura
446 718 502 751 est
537 715 630 751 enim
664 726 682 750 s
708 725 746 750 es
783 714 1003 756 collationis,
1040 725 1124 751 cum
1154 714 1274 750 adhuc

186 762 228 795 22
274 759 370 795 vivat
398 759 448 803 is,
479 760 581 796 cuius
610 760 654 795 de
710 760 788 795 onis
817 764 947 805 quarta
969 760 1133 796 debetur.
1181 759 1220 795 Si
1242 759 1274 795 is

184 804 245 850 qui
268 804 365 840 bona
387 804 584 840 collaturus
607 809 663 840 est
686 805 818 840 habeat
839 805 951 840 filium
982 805 1166 850 peculium
1193 814 1272 840 cas·

185 854 305 885 trense
328 850 535 893 habentem,
567 861 639 885 non
669 854 816 895 cogetur
845 850 969 895 utique
991 851 1173 895 peculium
1196 850 1273 885 eius

186 895 362 931 conferre.
408 894 471 931 sed
500 895 530 930 si
560 895 631 930 iam
665 899 750 930 tunc
778 899 941 931 mortuus
970 899 1049 931 erat
1077 895 1171 931 filius
1197 895 1273 930 eius

185 943 222 976 et
244 944 428 976 castrense
449 940 629 986 peculium
651 940 798 975 habebit
807 941 833 983 ³,
858 951 939 976 cum
962 940 1135 976 morietur
1156 940 1188 976 is
1209 950 1273 976 cu-

184 986 243 1021 ius
259 985 435 1021 bonorum
454 986 633 1031 possessio
651 985 807 1030 petenda
826 989 898 1021 est:
924 996 971 1021 an
987 985 1152 1021 conferre
1165 995 1272 1030 coga-

184 1031 270 1067 tur?
298 1040 380 1066 cum
411 1035 531 1066 autem
559 1029 730 1065 vindicari
758 1030 795 1065 id
823 1031 919 1076 patri
947 1041 1020 1067 non
1043 1031 1093 1066 sit
1114 1040 1271 1074 necesse,

184 1075 257 1112 dici
279 1075 461 1121 oportebit
483 1075 756 1111 conferendum:
781 1086 854 1111 non
878 1075 971 1111 enim
994 1086 1090 1111 nunc
1114 1075 1272 1121 adquiri-

184 1125 256 1163 tur,
280 1120 345 1156 sed
367 1131 439 1156 non
462 1120 641 1156 adimitur.
680 1120 833 1165 amplius
857 1120 948 1164 dico,
973 1124 1010 1156 et
1032 1121 1063 1156 si
1085 1121 1272 1157 institutus

184 1164 294 1201 fuerit
323 1175 347 1200 a
376 1165 450 1201 filio
482 1165 585 1201 heres
608 1175 675 1201 nec
699 1165 783 1200 dum
806 1165 935 1201 adierit
958 1166 1163 1211 habeatque
1185 1166 1271 1202 sub-

184 1210 365 1253 stitutum,
395 1210 479 1255 quia
509 1221 582 1246 non
605 1210 742 1255 magis⁴
766 1221 861 1246 nunc
910 1211 1071 1246 uaeritur
1093 1211 1272 1257 peculium

185 1258 227 1290 23
274 1265 381 1301 quam
405 1266 501 1291 nunc
518 1266 591 1291 non
609 1255 799 1298 alienatur,
825 1266 894 1292 con
909 1256 982 1291 erri
999 1256 1140 1292 debere.
1177 1256 1271 1292 Con-

184 1300 301 1337 fertur
322 1304 442 1336 autem
466 1300 572 1336 etiam
590 1300 622 1336 si
639 1300 724 1346 quid
745 1300 822 1336 eius
840 1311 914 1337 non
931 1301 1051 1344 fuerit,
1076 1301 1159 1337 dolo
1177 1302 1271 1337 malo

184 1349 304 1382 autem
326 1345 464 1381 factum
485 1346 550 1388 sit,
574 1356 645 1391 quo
670 1347 787 1381 minus
811 1350 923 1382 esset:
956 1346 1020 1381 sed
1042 1346 1112 1382 hoc
1136 1347 1189 1382 sic
1212 1357 1272 1382 ac-

183 1390 388 1437 cipiendum
410 1394 482 1435 est,
505 1394 548 1426 ut
569 1391 639 1427 hoc
661 1390 803 1427 demum
827 1391 1050 1434 conferatur,
1074 1391 1172 1437 quod
1195 1391 1273 1428 eius

183 1445 263 1472 esse
286 1435 392 1472 desiit
414 1435 497 1472 dolo
520 1436 631 1472 malo:
661 1440 819 1472 ceterum
843 1437 875 1472 si
897 1436 935 1472 id
956 1447 976 1473 e
1002 1437 1045 1479 't,
1076 1447 1122 1473 ne
1146 1437 1272 1482 adqui-

183 1484 297 1523 reret,
326 1491 400 1517 non
421 1481 519 1517 venit
540 1481 578 1517 in
602 1481 847 1517 collationem:
876 1492 961 1517 nam
1011 1482 1043 1517 'c
1068 1486 1104 1517 et
1126 1482 1194 1518 sibi
1217 1483 1272 1518 in-

181 1529 225 1563 24
271 1526 422 1563 sidiatus
461 1530 529 1562 est.
583 1526 771 1563 Portiones
807 1527 1038 1562 collationum
1076 1527 1128 1562 ita
1167 1531 1273 1564 erunt

183 1571 387 1607 faciendae:
419 1575 462 1607 ut
513 1574 578 1607 uta
601 1571 672 1607 duo
696 1576 781 1607 sunt
803 1572 868 1607 filii
889 1573 927 1607 in
949 1575 1146 1618 potestate,
1179 1582 1271 1608 unus

183 1617 429 1662 emancipatus
452 1617 500 1652 ha
525 1626 589 1653 ens
612 1620 793 1653 trecenta:
818 1617 974 1653 ducenta
991 1617 1165 1653 fratribus
1185 1628 1272 1654 con-

182 1662 254 1698 fert
263 1663 289 1704 ⁸,
319 1662 387 1698 sibi
417 1665 578 1698 centum:
610 1661 700 1698 facit
721 1662 813 1697 enim
838 1663 889 1698 eis
945 1666 1079 1705 artem,
1111 1663 1272 1708 quamvis

183 1708 215 1743 is
238 1706 301 1749 sit,
335 1706 395 1743 cui
423 1707 579 1743 conferri
602 1717 673 1743 non
697 1707 798 1743 solet.
846 1718 915 1753 quo
965 1708 996 1743 si
1019 1708 1089 1743 duo
1113 1708 1186 1744 sint
1207 1708 1273 1743 filii

183 1752 398 1798 emancipati
433 1752 608 1788 habentes
646 1757 792 1789 trecena
830 1757 867 1788 et
902 1752 974 1788 duo
1010 1753 1048 1789 in
1078 1756 1271 1806 potestate,

183 1807 296 1843 aeque
327 1796 516 1833 dicendum
547 1801 602 1833 est
634 1798 793 1843 singulos
824 1798 990 1843 singulis,
1028 1809 1091 1843 qur
1118 1802 1204 1834 sunt
1233 1798 1272 1833 in

183 1846 381 1896 potestate,
418 1846 570 1878 centena
601 1842 783 1887 conferre,
822 1847 974 1879 centena
1001 1844 1171 1886 retinere,
1208 1843 1272 1878 sed

183 1898 281 1934 ipsos
308 1887 459 1923 invicem
487 1887 576 1923 nihil
607 1887 781 1924 conferre.
829 1888 923 1924 dotis
952 1898 1095 1934 quoque
1127 1888 1271 1924 collatio

183 1934 220 1968 in
243 1933 394 1969 eundem
418 1932 563 1968 modum
584 1931 659 1975 fiet,
682 1937 725 1969 ιιι
746 1933 961 1979 quicumque
985 1933 1135 1976 confert,
1164 1933 1271 1970 etiam

183 1988 286 2014 suam
333 1988 498 2014 ersonam
521 1981 684 2014 numeret
705 1979 743 2014 in
764 1979 930 2024 partibus
954 1978 1142 2015 faciendis.

230 2021 255 2060 2
281 1989 440 2059 Ifwzo's
459 2023 551 2060 libro
575 2023 883 2077 quadragensimo
899 2024 1025 2070 primo
1049 2024 1098 2059 ad
1116 2024 1270 2060 edictum

183 2068 274 2104 Cum
296 2067 512 2114 emancipati
533 2068 599 2104 filu
622 2068 764 2104 nomine
782 2072 949 2114 nepotem
966 2072 1172 2114 postumum
1187 2073 1272 2114 post

182 2113 240 2149 avi
267 2117 419 2149 mortem
448 2113 583 2149 editum
611 2113 763 2149 dicimus
798 2114 974 2149 bonorum
1008 2114 1271 2159 possessionem

182 2158 348 2204 accipere
371 2162 553 2204 oportere,
584 2158 826 2194 necessarium
849 2158 919 2195 erit
941 2158 1060 2195 dicere
1084 2159 1181 2195 bona
1203 2169 1271 2195 sua

182 2214 265 2239 eum
287 2203 467 2247 conferre,
500 2203 585 2239 licet
614 2214 688 2239 non
715 2207 836 2249 potest
867 2203 939 2239 dici
959 2204 1086 2240 mortis
1110 2208 1271 2250 tempore

183 2249 240 2284 avi
262 2248 359 2285 bona
381 2248 561 2291 habuisse,
585 2249 647 2294 qui
670 2248 749 2294 ipse
771 2248 930 2284 nondum
946 2248 985 2284 in
1001 2259 1123 2285 rerum
1139 2253 1271 2284 natura

181 2297 271 2330 erat.
317 2293 428 2338 igitur
458 2293 533 2330 sive
560 2293 795 2330 hereditatem
823 2304 846 2329 a
877 2298 981 2339 patre
1011 2295 1084 2330 sive
1114 2294 1271 2339 legatum

187 2343 201 2374 1
251 2349 338 2375 acce
364 2338 448 2382 erit,
472 2338 543 2374 hoc
567 2339 730 2374 conferre
753 2338 908 2375 debebit.
954 2338 1050 2374 Illud
1073 2343 1193 2375 autem
1216 2340 1269 2374 in-

182 2383 333 2429 tellegen
359 2394 419 2419 um
442 2387 498 2420 est
519 2383 633 2419 filium
654 2383 693 2419 in
711 2384 815 2420 bonis
832 2384 976 2427 habere,
1000 2384 1097 2429 quod
1115 2384 1269 2420 deducto

182 2439 266 2465 aere
289 2429 407 2465 alieno
430 2432 604 2474 superest.
652 2429 716 2465 sed
747 2429 779 2465 si
803 2430 872 2465 sub
896 2429 1106 2466 condicione
1129 2429 1270 2473 debeat,

182 2485 255 2510 non
278 2474 399 2510 statim
421 2474 459 2509 id
481 2473 659 2510 deducere
682 2474 841 2518 debebit,
871 2474 935 2510 sed
955 2474 995 2511 id
1018 2485 1160 2520 quoque
1184 2485 1269 2511 con-

183 2519 296 2556 ferre:
321 2523 448 2555 contra
471 2523 592 2555 autem
615 2519 733 2555 caveri
756 2519 791 2555 ei
813 2519 995 2573 oportebit
1017 2520 1063 2555 ab
1081 2529 1126 2556 eo
1149 2520 1210 2565 qui
1231 2520 1270 2555 in

182 2568 361 2610 potestate
384 2568 450 2607 est,
474 2568 516 2599 ut
537 2564 712 2600 existente
736 2564 946 2600 condicione
969 2564 1185 2601 defendatur
1227 2575 1270 2601 ro

184 2614 203 2644 2
250 2619 295 2646 ea
316 2613 421 2655 parte
443 2619 551 2654 quam
574 2609 737 2646 contulit.
772 2609 828 2645 De
850 2609 932 2653 illis,
957 2620 1049 2655 quae
1065 2610 1143 2646 sine
1163 2576 1271 2655 cuffpa

183 2654 248 2690 filii
270 2654 485 2700 emancipati
507 2658 591 2700 post
610 2658 761 2690 mortem
783 2654 898 2700 patris
927 2655 1127 2700 perierunt,
1159 2665 1269 2700 quae·

183 2699 291 2742 ritur,
326 2699 373 2735 ad
408 2700 510 2735 cuius
539 2699 789 2736 detrimentum
820 2709 866 2735 ea
893 2700 1073 2745 pertinere
1104 2700 1269 2736 debeant.

183 2748 222 2781 et
243 2744 403 2790 plerique
426 2748 557 2790 putant
578 2755 639 2789 ea,
668 2754 761 2790 quae
790 2745 867 2782 sine
895 2745 979 2781 dolo
1006 2749 1044 2781 et
1071 2746 1130 2781 cul
1157 2755 1179 2780 a
1206 2755 1270 2791 pe-

184 2789 319 2833 rierint,
343 2790 390 2825 ad
415 2790 615 2826 collationis
638 2800 730 2826 onus
752 2800 827 2826 non
848 2790 1044 2836 pertinere:
1073 2794 1111 2827 et
1158 2801 1202 2827 oc
1224 2801 1270 2827 ex

183 2834 254 2871 illis
287 2835 405 2871 verbis
438 2834 714 2881 intellegendum
748 2839 819 2877 est,
859 2835 991 2880 quibus
1025 2839 1173 2881 praetor
1204 2836 1270 2871 viri

185 2879 271 2916 boni
292 2880 470 2916 arbitratu
492 2880 594 2917 iubet
616 2879 773 2917 conferri
795 2880 909 2917 bona:
931 2880 988 2916 vir
1009 2884 1130 2917 autem
1152 2881 1270 2917 bonus

184 2935 257 2961 non
280 2924 329 2960 sit
349 2925 590 2961 arbitraturus
613 2925 871 2962 conferendum
887 2925 935 2968 id,
959 2926 1056 2971 quod
1075 2936 1141 2962 nec
1161 2927 1271 2962 habet

185 2973 206 3005 3
251 2979 319 3006 nec
353 2969 437 3005 dolo
471 2980 539 3006 nec
573 2970 682 3016 culpa
713 2969 820 3006 desiit
847 2971 991 3007 habere.
1044 2971 1087 3006 Id
1114 2981 1267 3016 quoque,

184 3014 282 3061 quod
310 3014 380 3050 sub
409 3014 619 3068 condicione
648 3025 694 3068 ᾳ
722 3014 897 3060 stipulatu
931 3015 1082 3051 debetur
1114 3017 1269 3070 emanci-

185 3058 462 3150 esswzfffi
474 3059 836 3158 sarmatae
854 3061 988 3140 {aasz
1003 3061 1269 3151 mess:

184 3153 257 3186 tem
363 3149 373 3159 ‘
416 3148 578 3185 condicio
601 3150 787 3191 extitisset,
811 3150 889 3195 ipse
909 3150 1059 3186 haberet
1080 3150 1268 3186 actionem.

185 3198 206 3230 4
371 3195 511 3240 cipatus
530 3194 624 3230 tilius
642 3195 673 3230 si
692 3195 901 3230 iniuriarum
925 3195 1059 3231 habet⁶
1081 3196 1268 3238 actionem,

183 3239 274 3276 nihil
308 3239 472 3276 conferre
505 3238 627 3275 debet:
667 3240 781 3284 magis
822 3240 915 3275 enim
949 3240 1127 3276 vindictae
1162 3251 1269 3285 quam

183 3286 359 3331 pecuniae
389 3285 500 3321 habet
611 3284 827 3320 ecutionem:
863 3284 927 3321 sed
957 3285 990 3320 si
1019 3285 1108 3320 furti
1137 3286 1269 3321 habeat

185 3335 205 3365 5
252 3331 445 3373 actionem,
477 3328 641 3366 conferre
669 3329 823 3365 debebit.
870 3330 910 3366 Si
937 3334 1011 3366 tres
1040 3330 1267 3376 emancipati,

185 3374 257 3410 duo
287 3375 325 3410 in
353 3378 532 3428 potestate
558 3374 649 3417 sint,
681 3374 793 3409 Gaius
822 3374 968 3411 Cassius
997 3375 1089 3411 libro
1117 3376 1267 3420 septimo

184 3420 273 3456 iuris
296 3420 407 3456 civilis
430 3419 556 3456 tertias
580 3417 813 3456 conferendas
836 3423 951 3471 putat,
978 3424 1021 3456 ut
1042 3420 1267 3465 emancipati,

208 3464 271 3500 uia
292 3464 442 3501 invicem
463 3474 537 3500 non
560 3464 760 3506 conferunt,
784 3473 889 3500 umus
913 3465 993 3501 loco
1011 3464 1102 3501 sint:
1126 3475 1193 3501 nec
1211 3466 1266 3501 in-

358 3519 420 3546 eos
455 3512 640 3555 oportere,
675 3508 707 3545 si
739 3507 822 3554 plus
857 3509 1045 3545 conferant
1080 3513 1117 3546 et
1150 3510 1267 3546 minus

183 3626 227 3666 (ι)
249 3624 422 3670 impubere
439 3625 475 3659 F
605 3627 650 3667 (2)
673 3624 833 3660 debeatur
852 3625 902 3659 F·
1038 3626 1080 3665 (3)
1104 3624 1224 3658 habuit
1244 3625 1276 3657 F

185 3672 231 3711 (4)
254 3674 403 3704 nontam
415 3671 476 3705 eu.
609 3674 653 3712 (8)
676 3670 825 3704 conferet
834 3669 890 3704 F·
1018 3671 1062 3709 (e)
1087 3669 1207 3703 habeat
1219 3668 1270 3703 Ρ

187 3717 231 3755 (7)
254 3725 289 3749 ιο
301 3717 361 3749 ins.
374 3714 429 3749 F·
531 3717 576 3756 (Β)
600 3714 765 3749 collatum
776 3715 813 3749 Ρ
907 3715 952 3756 (0)
976 3716 1053 3754 αᾰς
1068 3721 1085 3748 ο
1099 3717 1141 3757 qs:
1153 3715 1200 3748 D.
1213 3715 1268 3754 37,

1260 95 1347 144 552
1546 86 1564 122 Ἃ
1579 130 1599 136 »γ

1486 0 1557 81 μή

1796 113 1859 145 ΒΕ
1888 113 2174 146 conbanem:
2202 113 2420 146 Bormum

1340 220 1540 266 accipiant,
1569 221 1654 266 quia
1681 222 1718 258 in
1747 225 1926 268 potestate
1956 233 2081 259 eorum
2109 223 2218 261 fuerit
2247 224 2423 262 bonorum

1340 266 1602 311 possessionem
1630 267 1804 304 omittere.
1850 267 2011 304 Iulianus
2041 279 2182 315 quoque
2205 269 2319 306 Cassii
2341 280 2423 306 sen·

1341 315 1362 346 6
1407 310 1556 347 tentiam
1584 311 1754 357 sequitur.
1807 312 1846 349 Si
1876 323 1921 349 ex
1951 314 2176 359 emancipato
2205 314 2280 350 filio
2311 325 2422 360 nepos

1340 356 1585 401 emancipatus
1600 361 1741 393 mortuo
1760 362 1864 403 patre
1881 357 1987 394 simul
2010 362 2047 394 et
2063 369 2129 394 avo
2147 359 2320 395 bonorum
2339 370 2421 405 pos-

1341 400 1536 436 sessionem
1564 400 1680 437 utrius
1705 412 1750 438 ue
1778 403 1975 448 acceperit,
2011 413 2093 438 cum
2121 410 2272 449 uterque
2299 415 2421 440 eorum

1342 455 1446 481 suum
1468 445 1633 481 heredem
1656 412 1855 492 reqiquerit:
1884 458 1928 484 eo
1956 448 2062 484 modo
2086 449 2230 485 collatio
2253 449 2424 494 explicari

1342 494 1478 535 potest,
1507 494 1563 532 ut,
1592 490 1626 527 si
1655 492 1755 527 verbi
1783 493 1899 537 gratia
1930 497 2072 528 centum
2102 493 2139 528 in
2162 494 2266 530 bonis
2289 494 2423 537 habuit,

1341 539 1378 571 et
1407 539 1538 581 patruo
1567 535 1824 582 quinquaginta
1855 542 1892 573 et
1921 538 2024 573 fratri
2054 538 2308 584 quinquaginta
2339 550 2423 575 con-

1341 579 1436 616 ferre
1458 580 1582 616 debet:
1606 581 1676 616 hoc
1698 581 1792 617 enim
1814 582 1906 618 ratio
1930 583 2036 624 facit,
2060 583 2134 618 sive
2157 593 2328 628 personas
2352 583 2425 619 sive

1342 629 1360 660 7
1409 625 1593 670 portiones
1621 636 1858 663 numeremus.
1911 627 1949 663 Si
1983 628 2053 663 duo
2089 632 2238 672 nepotes
2273 638 2318 664 ex
2351 628 2424 664 filio

1342 675 1483 706 mortuo
1507 671 1720 715 emancipati
1742 672 1917 707 bonorum
1935 674 2194 717 possessionem
2215 673 2272 709 avi
2289 677 2423 718 petant,

1342 719 1462 767 utrum
1486 715 1649 750 dimidias
1673 726 1720 768 an
1742 721 1890 762 quartas
1912 721 2043 763 patruo
2070 718 2233 754 conferre
2262 718 2423 762 debeant,

1342 764 1537 805 quaeritur.
1583 764 1620 795 et
1642 771 1759 797 verius
1782 766 1838 797 est
1860 762 2023 798 semisses
2047 763 2210 799 conferre
2233 773 2294 799 eos
2318 773 2424 808 opor-

1342 809 1428 847 tere,
1454 806 1538 850 quia
1556 809 1593 840 et
1609 805 1641 841 si
1659 806 1736 841 vivo
1753 816 1830 849 avo,
1855 817 1936 842 cum
1953 807 1989 841 in
2006 807 2083 843 eius
2099 811 2279 860 potestate
2295 812 2424 850 essent,

1342 850 1498 885 ducenta
1519 854 1609 895 puta
1628 850 1877 895 adquisissent,
1902 856 2046 887 centum
2063 852 2169 895 filius,
2193 857 2336 888 centum
2353 852 2424 889 duo

1343 898 1362 930 8
1408 895 1539 931 fratres
1603 905 1643 931 er
1682 896 1914 932 hereditatem
1952 897 2010 931 avi
2042 897 2227 934 haberent.
2279 898 2318 934 Si
2353 898 2424 934 duo

1342 940 1556 985 emancipati
1612 950 1762 976 onorum
1791 941 2052 986 possessionem
2083 942 2251 988 petierint
2273 947 2309 978 et
2331 953 2425 979 unus

1343 985 1550 1029 contulerit,
1574 985 1666 1021 alter
1687 996 1760 1021 non
1783 986 1992 1028 contulerit,
2017 987 2123 1023 huius
2145 988 2263 1033 portio
2286 992 2425 1024 tantum

1342 1031 1375 1066 ei
1410 1031 1470 1075 qui
1500 1031 1537 1065 in
1566 1034 1745 1076 potestate
1775 1035 1829 1066 est
1856 1031 2027 1076 prodesse
2056 1031 2178 1074 debet,
2213 1043 2286 1068 non
2319 1034 2425 1069 etiam

1341 1076 1577 1121 emancipato,
1601 1075 1769 1120 quoniam
1792 1077 1869 1112 eius
1893 1086 2004 1112 causa
2027 1077 2088 1121 qui
2110 1077 2148 1113 in
2171 1081 2349 1130 potestate
2372 1082 2426 1114 est

1342 1124 1363 1156 9
1410 1121 1630 1166 denegantur
1652 1121 1686 1156 ei
1708 1121 1880 1157 actiones.
1928 1121 1967 1156 Si
1996 1132 2062 1167 per
2089 1122 2245 1167 inopiam
2269 1123 2425 1159 emanci-

1367 1169 1448 1202 atus
1477 1176 1602 1201 cavere
1632 1176 1705 1201 non
1733 1166 1864 1218 possit,
1899 1177 1972 1202 non
2007 1167 2126 1202 statim
2159 1168 2205 1203 ab
2236 1177 2279 1203 eo
2307 1172 2425 1204 trans·

1340 1176 1490 1247 {erenda
1514 1215 1568 1246 est
1590 1221 1782 1264 possessro,
1806 1211 1869 1247 sed
1891 1211 2146 1254 sustinendum,
2175 1213 2288 1249 donec
2312 1214 2427 1259 possit

1341 1256 1498 1293 invenire
1527 1256 1773 1298 fideiussores,
1808 1261 1850 1291 ut
1878 1260 1998 1292 tamen
2027 1257 2071 1292 de
2101 1257 2172 1299 his,
2204 1268 2296 1303 quae
2324 1268 2426 1293 mora

1341 1301 1520 1338 deteriora
1542 1302 1666 1337 futura
1689 1305 1784 1345 sunt,
1808 1301 1864 1338 his
1888 1302 1948 1347 qui
1970 1302 2007 1336 in
2030 1306 2208 1347 potestate
2227 1307 2311 1339 sunt
2330 1303 2425 1339 actio

1340 1346 1445 1383 detur
1479 1348 1618 1392 ipsique
1654 1348 1826 1383 caveant⁷
1859 1347 1898 1382 in
1936 1346 2089 1383 medium
2125 1348 2319 1384 collaturos
2330 1349 2355 1391 ⁸,
2395 1349 2426 1385 si

1342 1397 1486 1428 cautum
1510 1392 1560 1428 eis
1583 1392 1703 1428 fuerit.

1387 1436 1411 1475 3
1450 1437 1665 1474 ⁹IU111A1ws
1701 1436 1792 1473 libro
1832 1438 2023 1473 vicensimo
2059 1439 2163 1474 rerta'o
2205 1438 2425 1486 digestorum

1340 1483 1492 1519 Praetor
1513 1493 1587 1518 non
1610 1482 1678 1518 sub
1703 1482 1911 1519 condicione
1930 1482 2130 1520 collationis
2149 1484 2324 1520 bonorum
2340 1495 2425 1530 pos·

1341 1528 1536 1564 sessionem
1555 1531 1680 1563 contra
1696 1527 1841 1563 tabulas
1857 1528 2032 1572 promittit
2044 1529 2082 1572 ¹⁰,
2106 1528 2171 1565 sed
2193 1529 2425 1572 demonstrat,

1340 1572 1428 1618 quid
1457 1573 1543 1608 data
1571 1573 1746 1608 bonorum
1773 1573 2001 1617 possessione
2029 1572 2107 1609 fieri
2137 1578 2289 1619 oportet.
2335 1575 2424 1610 alio-

1340 1619 1426 1663 quin
1461 1627 1591 1663 magna
1627 1618 1746 1663 captio
1780 1617 1849 1653 erit
1884 1618 2114 1663 emancipati,
2152 1619 2183 1655 si
2216 1630 2288 1655 non
2323 1620 2427 1656 aliter

1339 1664 1515 1699 bonorum
1551 1663 1816 1708 possessionem
1850 1662 2013 1708 accipere
2042 1663 2321 1709 intellegeretur,
2356 1665 2426 1701 nisi

1341 1709 1494 1744 cavisset
1516 1707 1561 1744 de
1585 1708 1793 1744 collatione:
1823 1718 1907 1744 nam
1935 1708 1965 1743 si
1989 1709 2130 1744 interim
2151 1709 2229 1755 ipse
2251 1709 2425 1746 decessis-

1341 1755 1446 1795 set¹¹,
1482 1752 1607 1789 heredi
1640 1763 1707 1788 suo
1741 1752 1831 1788 nihil
1864 1753 2091 1798 relinqueret.
2142 1754 2227 1790 item
2253 1755 2285 1790 si
2314 1754 2427 1790 frater

1340 1799 1417 1834 eius
1441 1798 1670 1840 decessisset,
1702 1808 1776 1833 non
1804 1797 2052 1835 admitteretur
2073 1798 2120 1834 ad
2142 1799 2318 1835 bonorum
2340 1810 2426 1846 pos-

1340 1843 1545 1879 sessionem.
1594 1842 1679 1887 quid
1707 1853 1792 1888 ergo
1821 1844 1902 1879 est‘?
1938 1844 2211 1889 intellegendum
2234 1849 2290 1881 est
2312 1845 2425 1881 bono·

1339 1899 1419 1924 rum
1442 1888 1705 1934 possessionem
1728 1888 1893 1934 accipere
1916 1892 1953 1924 et
1974 1893 2166 1934 antequam
2193 1893 2332 1933 caveat,
2361 1890 2426 1926 sed

1340 1933 1371 1970 si
1387 1944 1461 1970 non
1479 1933 1622 1978 caverit,
1639 1934 1692 1968 ita
1709 1933 1967 1976 observabitur,
1985 1938 2027 1969 ut
2042 1938 2120 1970 tota
2136 1934 2315 1971 hereditas
2329 1935 2426 1981 apud

1343 1982 1357 2014 1
1407 1989 1505 2023 eum,
1559 1978 1598 2014 ui
1625 1978 1662 2014 in
1691 1982 1870 2024 potestate
1893 1978 2019 2021 fuerit,
2051 1984 2242 2015 remaneat.
2290 1979 2424 2016 Eman-

1339 1989 1923 2114 ffiiffizeffezsazszeffle
1945 2024 2352 2115 {sexagesies
2385 2035 2425 2107 ’.ι

2175 2096 2183 2105 ·
2355 2097 2365 2112 ν

1338 2115 1435 2150 bona
1462 2124 1529 2150 sua
1557 2114 1590 2150 ei
1617 2114 1864 2159 emancipatus
1892 2114 2056 2150 conferre
2085 2114 2223 2151 debeat.
2269 2115 2326 2151 ΡΑ
2334 2125 2428 2151 vws

1339 2163 1460 2195 notat:
1491 2163 1582 2205 puto
1614 2158 1869 2195 conferendum
1898 2169 1978 2195 esse
2008 2164 2136 2195 exacta
2166 2160 2349 2202 caut-ione,
2383 2164 2425 2196 ut

1338 2204 1454 2240 victus
1486 2204 1582 2240 sicut
1612 2204 1864 2247 hereditatem,
1898 2204 1950 2239 ita
1984 2208 2020 2239 et
2054 2215 2146 2249 quae
2180 2205 2311 2241 collata
2341 2209 2425 2241 sunt

1339 2252 1359 2284 2
1405 2253 1575 2295 praestet.
1618 2249 1826 2285 Iomnivos:
1849 2249 2020 2294 Quotiens
2045 2254 2171 2286 contra
2193 2251 2336 2287 tabulas
2358 2251 2423 2286 bo-

1338 2305 1467 2330 norum
1514 2294 1668 2330 ossessio
1693 2293 1810 2337 datur,
1834 2294 2048 2339 emancipati
2064 2295 2161 2331 bona
2177 2305 2245 2331 sua
2261 2295 2424 2332 conferre

1338 2339 1469 2375 debent
1518 2339 1527 2348 ’
1571 2339 1668 2381 solis,
1694 2339 1756 2384 qui
1778 2339 1816 2374 in
1838 2343 2018 2384 potestate
2038 2340 2151 2385 patris
2174 2340 2319 2376 fuerint.
2355 2341 2424 2376 hoc

1338 2384 1635 2430 quemadmodum
1657 2384 1819 2430 expediri
1841 2388 2019 2429 oporteat,
2051 2385 2174 2430 quaeri
2196 2385 2305 2421 solet:
2341 2396 2425 2421 nam

1338 2430 1370 2465 si
1393 2430 1488 2465 bona
1511 2439 1534 2464 a
1555 2433 1659 2475 patre
1680 2429 1808 2465 relicta
1830 2433 1868 2465 et
1891 2429 2192 2475 emancipatorum
2215 2431 2253 2466 in
2269 2431 2423 2468 medium

1338 2474 1571 2510 conferantur
1598 2478 1635 2510 et
1661 2474 1714 2509 ita
1740 2474 1858 2510 viriles
1886 2479 2008 2520 partes
2038 2479 2242 2517 sumantur,
2275 2477 2423 2520 eveniet,

1338 2523 1380 2555 ut
1407 2523 1443 2555 et
1472 2519 1703 2565 emancipatis
1738 2529 1880 2565 quoque
1914 2519 2057 2556 collatio
2071 2521 2100 2542 ¹²
2130 2521 2176 2556 ab
2207 2521 2295 2567 ipsis
2326 2521 2424 2557 facta

1337 2564 1464 2610 prosit.
1498 2564 1680 2600 videamus
1703 2574 1798 2610 ergo,
1823 2574 1868 2613 ne
1892 2565 2214 2601 commodissimum
2236 2567 2284 2602 sit
2301 2577 2422 2603 eman-

1339 2610 1478 2663 cipatos
1502 2613 1667 2663 quartam
1688 2614 1827 2655 partem
1850 2619 1895 2645 ex
1917 2610 2020 2646 bonis
2048 2611 2207 2655 paternis
2237 2611 2349 2654 ferre,
2378 2622 2422 2648 ex

1338 2666 1412 2691 suis
1440 2658 1602 2691 tertlamt
1641 2654 1736 2700 quod
1771 2654 1871 2698 dico,
1907 2655 2068 2700 exemplo
2095 2656 2320 2692 manifestius
2348 2655 2420 2692 fiet.

1337 2711 1513 2752 ponamus
1542 2704 1680 2745 patrem
1709 2699 1968 2745 quadringenta
1980 2701 2007 2722 ¹³
2041 2701 2227 2745 reliquisse
2265 2705 2302 2737 et
2331 2702 2422 2738 duos

1338 2756 1375 2781 m
1396 2749 1575 2791 potestate
1596 2745 1701 2787 filios,
1726 2745 1817 2781 duos
1841 2745 2095 2790 emancipatos,
2120 2756 2165 2781 ex
2185 2746 2314 2791 quibus
2333 2747 2421 2783 alte-

1338 2802 1418 2826 rum
1441 2795 1600 2832 centum,
1632 2790 1785 2826 alterum
1813 2790 1998 2835 sexaginta
2019 2790 2056 2826 in
2080 2791 2184 2826 bonis
2207 2791 2357 2828 habere:
2389 2792 2421 2828 is

1362 2836 1399 2871 ui
1423 2840 1565 2872 centum
1587 2835 1735 2871 habebit
1757 2839 1898 2871 centum
1921 2835 2067 2880 triginta
2095 2836 2166 2871 tria
2193 2840 2230 2872 et
2257 2837 2421 2873 trientem

1338 2847 1439 2922 aret,
1463 2882 1494 2916 is
1517 2891 1601 2917 vero
1624 2880 1685 2925 qui
1709 2890 1772 2916 sex
1819 2880 1893 2915 ‘uta
1916 2881 2107 2916 contulerit
2127 2884 2269 2917 centum
2286 2882 2420 2926 viginti,

1338 2930 1446 2972 atque
1463 2926 1515 2961 ita
1528 2926 1672 2968 eveniet,
1691 2929 1732 2960 ιιι
1744 2935 1787 2961 co
1816 2925 1946 2961 ationis
1962 2925 2236 2961 emolumentum
2251 2927 2298 2961 ad
2312 2927 2420 2968 solos,
2440 2946 2442 2948 ·

1338 2976 1358 3007 3
1405 2971 1467 3016 qui
1496 2972 1530 3006 in
1559 2974 1739 3016 potestate
1766 2970 2016 3013 remanserint,
2045 2970 2238 3016 perveniat.
2284 2971 2419 3007 Eman-

1337 3017 1567 3103 iipiffffltff
1579 3014 2088 3104 ῑῗὲῖιᾶῗιῗῑπᾶῗηῖὲωεξὲαῗίῗέ,
2101 3016 2170 3113 ’ἓξὲῑ
2184 3015 2224 3096 {¹3
2241 3020 2420 3106 &322ae

1337 3109 1403 3149 est,
1427 3106 1544 3142 dotem
1567 3106 1690 3141 uxoris
1714 3106 1897 3150 praecipit,
1924 3105 1975 3141 ita
1997 3110 2243 3150 emancipatus
2266 3117 2418 3151 quoque.

1337 3155 1357 3186 5
1405 3151 1508 3196 quasi
1542 3150 1758 3195 praecipiat,
1799 3150 1953 3186 retinere
1986 3149 2101 3185 debet.
2159 3150 2418 3196 Emancipatus

1336 3196 1551 3241 praeteritus
1586 3195 1635 3238 si,
1671 3196 1755 3230 dum
1786 3195 1973 3238 deliberat,
2008 3195 2143 3230 caverit
2171 3195 2216 3231 de
2244 3196 2419 3232 bonorum

1337 3241 1527 3277 collatione
1550 3250 1617 3276 nec
1640 3240 1816 3275 bonorum
1838 3239 2098 3285 possessionem
2115 3240 2268 3285 petierit,
2292 3245 2418 3286 agente

1336 3286 1448 3321 fratre
1477 3296 1521 3320 ex
1550 3285 1722 3330 stipulatu
1751 3285 1829 3330 ipso
1859 3285 1936 3320 iure
1964 3288 2063 3320 tutus
2092 3285 2171 3321 erit.
2223 3285 2287 3321 sed
2320 3290 2359 3322 et
2385 3286 2417 3321 si

1335 3330 1523 3376 pecuniam
1548 3331 1749 3373 contulerit,
1774 3329 2094 3382 condictioneeam
2114 3330 2261 3384 repetit:
2287 3331 2418 3367 omissa

1335 3375 1430 3412 enim
1453 3376 1627 3411 bonorum
1650 3374 1875 3421 possessione
1897 3375 2024 3419 incip1t
2043 3385 2196 3420 pecunia
2213 3375 2288 3411 sine
2307 3385 2417 3411 causa

1336 3424 1357 3457 6
1403 3430 1482 3456 esse
1505 3420 1603 3465 apud
1625 3420 1801 3456 heredem.
1848 3419 1917 3464 Qui
1946 3419 2037 3455 duos
2065 3420 2156 3455 filios
2179 3420 2217 3455 in
2239 3425 2416 3474 potestate

1334 3465 1492 3501 habebat
1508 3470 1545 3501 et
1557 3475 1601 3501 ex
1618 3475 1689 3500 uno
1708 3475 1830 3501 eorum
1846 3468 2023 3544 nepotem,
2043 3464 2280 3509 emancipavit
2293 3464 2414 3506 filium,

1335 3519 1382 3546 ex
1405 3520 1475 3555 quo
1499 3515 1663 3556 nepotem
1686 3509 1860 3546 habebat=
1909 3509 2012 3545 einde
2034 3509 2278 3555 emancipatus
2297 3509 2415 3545 iactus

1337 3631 1462 3665 ⁴‚¹3,s.
1482 3626 1538 3666 37,
1551 3632 1580 3666 s,
1592 3631 1649 3666 1,s
1737 3624 1797 3664 (ιο)
1819 3622 2039 3666 promisitF’
2116 3625 2170 3663 (ιι)
2194 3621 2422 3655 decissimtp'

1336 3670 1396 3711 (m
1420 3679 1487 3703 non
1501 3671 1563 3703 ine.
1651 3670 1709 3711 (ιε)
1732 3667 2003 3711 quadraginta?
2082 3670 2141 3709 ιιι)
2165 3677 2240 3700 enm
2254 3668 2314 3700 det.
