2528 3918
195 101 320 145 VIIII
349 103 374 143 2
1238 94 1360 168 *138
2190 112 2253 143 An
2282 112 2434 144 maizu
2483 0 2528 238 1

197 230 238 263 12
285 226 469 262 rationem.
517 222 566 265 Si,
599 233 680 258 cum
712 231 797 274 apes
821 232 922 258 meae
946 221 992 256 ad
1015 225 1096 256 tuas
1121 220 1282 257 advolas-

194 275 293 314 sent,
316 274 357 306 tu
382 279 441 304 eas
466 267 661 310 exusseris,
686 266 719 302 le
755 277 772 302 s
796 267 962 313 Aquiliae
985 267 1161 302 actionem
1186 276 1282 302 com-

199 321 238 353 13
283 320 405 362 petere
429 313 553 349 Celsus
578 313 629 347 ait
641 314 663 348 ¹.
711 278 831 357 ffiquit
854 313 910 348 lex
937 312 1106 357 ‘ruperia
1143 311 1283 356 rupisse

194 363 341 398 verbum
370 360 445 395 fere
477 368 599 394 omnes
625 360 762 394 veteres
789 358 841 393 sic
868 357 1120 393 intellexerunt
1147 359 1282 392 ‘corru-

197 411 238 443 14
285 405 400 452 perit‘.
443 404 493 439 Et
527 403 607 439 ideo
644 401 767 439 Celsus
803 403 961 456 quaerit,
999 401 1028 436 si
1064 401 1184 436 lolium
1219 405 1284 436 aut

194 462 343 488 avenam
374 451 410 484 in
442 452 594 494 segetem
627 448 779 483 alienam
810 448 993 489 mecei-is,
1031 457 1100 492 quo
1133 456 1212 482 eam
1242 450 1283 482 tu

193 498 418 543 inquinares,
450 504 522 529 non
554 493 668 530 solum
701 493 796 539 quod
826 494 860 528 vi
892 498 954 528 aut
986 492 1078 528 clam
1103 491 1283 527 dominum

193 552 300 589 posse
325 550 431 586 agere
453 539 520 581 vel,
544 539 574 575 si
598 539 737 574 locatus
761 538 893 578 fundus
918 538 983 575 sit.
1008 537 1195 580 colonum,
1220 537 1283 572 sed

194 592 230 624 et
252 588 288 622 in
312 586 448 621 factum
516 584 664 627 endum,
697 589 733 620 et
763 584 794 619 si
825 584 973 619 colonus
1010 593 1088 618 eam
1112 582 1282 625 exercuit,

194 642 319 669 cavere
345 641 425 666 eum
449 629 493 665 de
520 640 578 665 ere
602 629 753 675 amplius
778 639 849 664 non
874 628 950 673 agi,
982 628 1118 663 scilicet
1149 638 1195 663 ne
1218 627 1281 663 do-

192 679 309 713 minus
333 676 485 721 amplius
507 675 698 721 inquietet:
731 685 814 710 nam
845 674 915 708 alia
946 673 1122 718 quaedam
1145 673 1282 718 species

194 723 313 759 damni
337 725 392 757 est
414 721 530 767 ipsum
579 720 640 755 uid
664 729 889 765 corrumpere
913 722 948 754 et
971 723 1129 761 mutare,
1162 721 1204 753 ut
1225 718 1283 753 lex

192 768 336 814 Aquilia
366 767 485 803 locum
515 766 564 801 ha
590 769 668 807 eat,
704 765 774 799 alia
805 764 903 799 nulla
937 764 1049 809 ipsius
1085 764 1283 799 mutatione

196 818 235 849 15
283 812 465 859 applicare
485 811 592 852 aliud,
615 810 715 846 cuius
728 810 878 845 molesta
898 819 935 844 se
963 809 1077 843 aratio
1099 809 1155 844 sit.
1194 808 1284 844 Cum

193 869 235 895 eo
259 859 379 904 plane,
403 857 462 910 qui
485 857 606 891 vinum
631 855 811 907 spurcavit
834 854 889 890 vel
913 865 933 889 e
962 853 1039 889 udit
1061 854 1116 889 vel
1140 856 1283 889 acetum

191 904 277 940 fecit
300 903 356 939 vel
380 902 450 938 alio
474 902 579 937 modo
603 900 755 942 vitiavit,
781 910 837 945 agi
860 909 968 944 posse
990 899 1135 944 Aquilia
1159 898 1283 935 Celsus

192 950 261 992 ait,
295 949 379 995 quia
409 948 515 982 etiam
547 946 698 982 effusum
731 948 767 981 et
797 949 938 980 acetum
962 944 1098 980 factum
1124 944 1284 989 corrupti

196 998 237 1031 16
284 993 523 1039 appellatione
554 990 816 1027 continentur2.
863 990 914 1024 Et
944 1000 1017 1025 non
1048 993 1156 1035 negat
1186 989 1282 1025 frac-

192 1044 270 1075 tum
305 1043 341 1075 et
374 1042 495 1074 ustum
531 1036 703 1072 contineri
735 1035 895 1081 corrupti
927 1035 1184 1080 appellatione,
1221 1034 1284 1070 sed

193 1096 265 1122 non
291 1094 369 1120 esse
392 1094 540 1124 novum,
572 1086 614 1117 ut
643 1082 700 1117 lex
732 1081 935 1126 specialiter
959 1081 1172 1125 quibusdam
1196 1091 1282 1116 enu-

193 1130 338 1167 meratis
361 1128 525 1174 generale
547 1127 700 1163 subiciat
718 1127 876 1162 verbum.
901 1137 972 1171 quo
993 1126 1165 1171 specialia
1186 1136 1282 1162 com-

195 1179 235 1211 17
283 1175 479 1220 plectatur:
504 1183 595 1218 quae
615 1171 792 1207 sententia
810 1181 895 1207 vera
914 1175 969 1207 est
1027 1171 1183 1217 Rupisse
1203 1182 1283 1207 eum

193 1221 315 1273 utique
346 1219 578 1264 accipiemus,
611 1217 671 1269 qui
702 1216 962 1259 vulneraverit,
1001 1216 1057 1252 vel
1088 1217 1194 1262 virgis
1228 1216 1283 1251 vel

193 1267 278 1302 loris
297 1265 352 1300 vel
371 1264 498 1309 pugnis
519 1263 658 1304 cecidit,
682 1262 737 1297 vel
756 1262 827 1297 telo
847 1262 902 1297 vel
922 1272 992 1307 quo
1013 1262 1095 1304 alio,
1119 1266 1162 1297 ut
1188 1261 1282 1303 scin-

194 1311 292 1347 deret
323 1310 429 1345 alicui
461 1308 634 1353 corpus³,
665 1308 720 1343 vel
751 1310 927 1343 tumorem
957 1306 1101 1350 fecerit,
1135 1307 1199 1343 sed
1231 1308 1283 1342 ita

194 1357 351 1398 demum,
384 1355 414 1390 si
446 1354 614 1389 damnum
638 1353 768 1388 iniuria
791 1353 915 1388 datum
939 1356 1012 1388 est:
1045 1356 1203 1388 ceterum
1228 1352 1283 1387 εἰ*

192 1402 288 1437 nullo
324 1410 463 1436 servum
497 1399 611 1451 pretio
645 1398 803 1434 viliorem
849 1398 1102 1434 deterioremve
1144 1397 1282 1440 fecerit,

192 1446 336 1492 Aquilia
359 1448 475 1480 cessat
494 1444 774 1489 miuriarumque
794 1444 861 1479 erit
879 1443 1055 1489 agendum
1075 1443 1281 1478 dumtaxat:

192 1491 336 1537 Aquilia
360 1490 453 1526 enim
477 1499 536 1525 eas
560 1489 764 1534 ruptiones,
797 1499 890 1534 quae
913 1489 1045 1524 damna
1069 1488 1177 1532 dant,
1200 1499 1281 1535 per-

193 1537 353 1582 sequitur
363 1537 389 1570 ⁵.
436 1535 532 1580 Ergo
566 1535 632 1569 etsi
655 1534 770 1580 pretio
795 1534 938 1579 quidem
962 1545 1035 1570 non
1059 1534 1106 1570 sit
1130 1534 1284 1569 deterior

193 1592 314 1618 servus
348 1580 512 1623 factus⁶,
548 1590 670 1615 verum
701 1584 864 1625 sumptus
894 1580 933 1614 in
965 1579 1117 1615 salutem
1148 1580 1223 1615 eius
1249 1582 1284 1614 et

192 1628 380 1663 sanitatem
410 1625 498 1661 facti
533 1628 635 1668 sunt,
666 1625 703 1660 in
734 1625 825 1660 haec
855 1625 942 1659 mihi
971 1625 1082 1660 videri
1113 1624 1282 1663 damnum

196 1675 235 1708 18
282 1672 422 1707 datum:
443 1674 551 1716 atque
568 1670 719 1716 ideoque
738 1670 815 1716 lege
826 1670 971 1715 Aquilia
989 1670 1047 1715 agi
1067 1680 1175 1715 posse
1184 1671 1208 1705 ⁷.
1245 1669 1283 1705 Si

192 1717 270 1764 quis
281 1717 492 1753 vestimenta
511 1715 657 1751 sciderit
674 1716 730 1750 vel
748 1715 997 1761 inquinaverit,
1017 1715 1160 1761 Aquilia
1180 1715 1282 1761 quasi

194 1766 235 1799 19
282 1762 419 1808 ruperit
449 1764 603 1796 tenetur.
652 1760 723 1796 Sed
754 1765 790 1796 et
813 1761 844 1796 si
867 1761 946 1806 quis
969 1761 1104 1796 milium
1127 1761 1183 1796 vel
1205 1760 1281 1795 fru-

191 1812 349 1844 mentum
371 1816 488 1842 meum
513 1805 677 1842 effuderit
707 1807 744 1842 in
773 1805 925 1848 flumen,
958 1805 1094 1841 sufficit
1117 1806 1282 1851 Aquiliae

192 1856 235 1890 20
282 1853 389 1888 actio.
437 1852 526 1887 Item
551 1852 581 1887 si
629 1852 685 1887 uis
708 1851 887 1887 frumento
911 1851 1083 1887 harenam
1107 1851 1162 1887 vel
1186 1851 1282 1886 aliud

192 1899 276 1945 quid
299 1897 508 1940 immiscuit,
538 1900 580 1932 ut
627 1896 759 1932 ifficilis
791 1897 972 1942 separatio
1004 1897 1069 1940 sit,
1102 1897 1206 1942 quasi
1238 1896 1282 1932 de

192 1948 231 1980 21
283 1947 452 1988 corrupto
488 1942 544 1987 agi
578 1942 720 1987 poterit.
769 1941 807 1977 Si
850 1942 929 1988 quis
974 1942 1018 1977 de
1052 1952 1161 1977 manu
1196 1942 1283 1977 mihi

191 1999 352 2025 nummos
378 1988 586 2030 excusserit,
611 1987 765 2023 Sabinus
790 1988 970 2023 existimat
993 1987 1114 2022 damni
1132 1987 1283 2023 iniuriae

192 2045 271 2071 esse
294 2034 488 2076 actionem,
520 2033 551 2068 si
573 2033 625 2068 ita
675 2033 836 2076 erierint,
869 2043 915 2068 ne
947 2033 994 2068 ad
1025 2033 1072 2068 ali
1097 2043 1177 2068 uem
1228 2043 1281 2068 er-

191 2080 367 2122 venirent,
398 2083 487 2124 puta
518 2078 548 2113 si
570 2078 609 2113 in
658 2089 764 2114 umen
786 2078 842 2113 vel
864 2078 902 2114 in
925 2088 1024 2114 mare
1047 2088 1088 2114 ve
1124 2078 1161 2113 in
1186 2089 1205 2114 c
1220 2088 1281 2114 oa-

192 2136 270 2161 cam
306 2124 527 2160 ceciderunt:
565 2123 662 2169 quod
696 2124 727 2159 si
763 2123 809 2159 ad
843 2123 995 2169 aliquem
1030 2127 1281 2169 pervenerunt,

192 2181 260 2216 ope
284 2170 432 2206 consilio
455 2169 590 2204 furtum
613 2168 751 2204 factum
774 2169 970 2214 agendum,
1002 2169 1099 2214 quod
1130 2172 1166 2204 et
1189 2169 1282 2204 anti-

192 2216 270 2262 quis
300 2215 448 2268 placuit.
484 2214 578 2250 idem
613 2215 720 2250 etiam
751 2215 788 2250 in
819 2213 957 2249 factum
989 2214 1067 2250 dari
1089 2224 1197 2259 posse
1221 2225 1281 2250 ac-

193 2264 235 2297 22
281 2264 415 2296 tionem
439 2260 499 2295 ait.
548 2259 586 2295 Si
609 2260 736 2295 mulier
759 2270 879 2305 pugno
903 2260 959 2295 vel
985 2269 1078 2304 equa
1099 2260 1175 2294 ictu
1200 2270 1223 2295 a
1245 2263 1282 2295 te

218 2316 360 2342 ercussa
391 2305 553 2348 eiecerit,
589 2305 724 2340 Brutus
755 2305 807 2340 ait
835 2304 1003 2350 Aquilia⁸
1035 2305 1149 2340 teneri
1180 2305 1283 2350 quasi

216 2354 235 2387 3
281 2355 399 2397 rupto.
447 2351 498 2385 Et
528 2350 558 2386 si
589 2350 723 2385 mulum
756 2350 838 2395 plus
869 2350 964 2385 iusto
996 2350 1223 2385 oneraverit⁹
1247 2353 1283 2385 et

192 2400 235 2432 24
281 2396 415 2442 aliquid
438 2395 588 2431 membri
609 2395 755 2441 ruperit,
779 2395 943 2441 Aquiliae
966 2395 1084 2431 locum
1106 2394 1196 2431 fore.
1245 2395 1282 2430 Si

191 2452 315 2478 navem
349 2441 602 2477 venaliciarum
635 2441 805 2476 mercium
839 2440 1077 2486 perforasset,
1118 2440 1282 2493 Aquiliae

192 2490 234 2523 25
281 2487 456 2522 actionem
477 2497 566 2529 esse,
615 2486 694 2522 uasi
713 2486 862 2532 ruperit,
879 2486 1052 2521 Vivianus
1072 2486 1206 2521 scribit.
1245 2486 1283 2521 Si

192 2533 319 2568 olivam
349 2532 564 2567 inmaturam
589 2497 807 2578 decerpserit
829 2531 883 2567 vel
907 2534 1060 2577 segetem
1084 2531 1283 2567 desecuerit

191 2578 406 2613 inmaturam
418 2578 473 2613 vel
492 2578 614 2613 vineas
636 2577 778 2620 crudas,
798 2577 943 2622 Aquilia
962 2576 1161 2612 tenebitur:
1186 2576 1283 2629 quod

192 2623 223 2658 si
252 2623 321 2657 iam
355 2626 534 2665 maturas,
568 2626 686 2659 cessat
708 2622 871 2667 Aquilia:
907 2622 1007 2658 nulla
1038 2622 1130 2658 enim
1152 2622 1283 2657 iniuria

194 2671 258 2711 est,
283 2678 363 2704 cum
386 2668 452 2703 tibi
476 2668 582 2703 etiam
604 2668 785 2713 impensas
810 2667 1006 2710 donaverit,
1032 2677 1124 2713 quae
1146 2667 1185 2702 in
1209 2667 1281 2703 col-

192 2714 379 2749 lectionem
403 2713 604 2749 huiusmodi
634 2713 818 2749 fructuum
850 2713 1122 2758 impenduntur:
1156 2712 1220 2748 sed
1253 2713 1282 2748 si

195 2759 345 2794 collecta
367 2759 457 2794 haec
479 2758 726 2804 interceperit,
755 2757 844 2793 furti
874 2762 1029 2794 tenetur.
1079 2757 1282 2794 Octavenus

192 2804 230 2839 in
255 2804 331 2839 uvis
356 2803 481 2846 adicit,
514 2804 602 2846 nisi,
632 2804 669 2839 in
695 2803 766 2846 uit,
790 2803 827 2838 in
851 2806 984 2838 terram
1007 2813 1096 2839 uvas
1120 2803 1281 2849 proiecit,

194 2852 238 2885 26
285 2853 326 2884 ut
356 2847 631 2884 effunderentur.
671 2815 777 2884 tidem
802 2852 838 2884 et
860 2849 899 2884 in
923 2849 1011 2884 silva
1033 2848 1170 2884 caedua
1194 2849 1281 2884 scri-

193 2894 264 2937 bit,
288 2897 347 2936 ut,
372 2893 402 2928 si
425 2893 631 2937 immatura,
656 2894 800 2939 Aquilia
823 2898 1008 2937 teneatur,
1033 2893 1129 2940 quod
1153 2894 1183 2929 si
1206 2904 1281 2929 ma-

193 2943 275 2974 tura
297 2938 535 2983 interceperit,
558 2938 644 2974 furti
667 2939 780 2975 teneri
804 2950 883 2975 eum
908 2942 945 2974 et
968 2939 1136 2975 arborum
1159 2938 1281 2975 furtim

194 2986 236 3020 27
285 2994 480 3019 caesarum.
529 2984 566 3019 Si
590 2984 754 3020 salictum
778 2988 957 3019 maturum
980 2985 1051 3027 ita,
1083 2994 1129 3020 ne
1153 2985 1282 3030 stirpes

194 3031 238 3065 28
284 3028 455 3070 laederes,
479 3028 603 3064 tuleris
617 3031 655 3072 ¹0,
681 3040 823 3065 cessare
845 3029 1036 3076 Aquiliam.
1072 3029 1124 3065 Et
1144 3030 1174 3065 si
1193 3040 1280 3075 pue-

194 3084 273 3111 rum
296 3074 374 3120 quis
399 3074 608 3109 castraverit
631 3079 666 3109 et
687 3075 931 3120 pretiosiorem
950 3074 1086 3118 fecerit,
1110 3074 1282 3110 Vivianus

195 3119 320 3156 scribit
351 3128 492 3155 cessare
515 3119 711 3164 Aquiliam,
742 3120 804 3155 sed
835 3120 1044 3155 iniuriarum
1076 3120 1145 3156 erit
1220 3131 1281 3156 en-

195 3163 280 3201 dum
310 3167 375 3200 aut
405 3173 448 3199 ex
480 3163 597 3199 edicto
628 3164 793 3200 aedilium
826 3166 928 3201 aut¹¹
959 3166 997 3201 in
1028 3164 1193 3211 quadrup
1209 3175 1280 3201 um.

195 3278 236 3321 (1)
262 3277 378 3311 Celsus
396 3275 485 3310 libro
505 3276 637 3309 XXVII
658 3278 862 3320 digestorum
881 3279 1012 3320 scribit,
1034 3279 1082 3320 si,
1102 3289 1176 3312 cum
1200 3289 1280 3323 apes

194 3333 287 3358 meae
300 3322 344 3356 ad
357 3325 433 3355 tuas
445 3321 669 3364 advolassent,
679 3326 716 3355 tu
729 3334 784 3356 eas
798 3325 973 3365 exusseris,
985 3324 1146 3368 quosdam
1157 3335 1280 3368 negare

195 3371 383 3413 competere
394 3366 482 3410 legis
491 3367 648 3410 Aquiliae
661 3369 836 3410 actionem,
850 3369 940 3402 inter
952 3380 1035 3413 quos
1045 3373 1078 3403 et
1087 3369 1279 3409 Proculum,

196 3414 292 3458 quasi
307 3423 387 3458 apes
407 3412 537 3446 domini
548 3412 614 3445 mei
626 3423 693 3445 non
708 3413 845 3447 fuerint.
871 3415 928 3447 sed
941 3415 975 3447 id
988 3415 1109 3448 falsum
1122 3425 1193 3448 esse
1207 3414 1280 3448 Cel·

195 3471 252 3493 sus
269 3459 330 3501 ait,
351 3469 426 3492 cum
440 3468 519 3501 apes
527 3458 680 3491 revenire
694 3458 824 3491 soleant
836 3462 869 3492 et
881 3460 1007 3493 fructui
1019 3461 1105 3493 mihi
1118 3461 1197 3493 sint.
1223 3460 1281 3493 sed

193 3503 358 3539 Ptoculus
374 3513 414 3537 ec
428 3506 591 3546 movetur,
612 3502 701 3545 quod
723 3514 782 3536 nee
802 3508 995 3538 mansuetae
1012 3516 1074 3539 nee
1086 3506 1136 3539 ita
1149 3504 1281 3538 clausae

195 3550 332 3584 fuerint.
358 3550 432 3593 ipse
449 3552 560 3582 autem
576 3547 692 3581 Celsus
714 3548 764 3580 ait
778 3549 864 3581 nihil
880 3550 969 3582 inter
985 3551 1045 3584 has
1064 3554 1099 3584 et
1110 3549 1281 3583 columbas

195 3596 369 3636 interesse,
390 3604 476 3637 quae
495 3594 523 3627 si
546 3603 681 3627 manum
701 3593 886 3636 refugiunt,
906 3594 997 3627 domi
1011 3600 1121 3629 tamen
1141 3595 1178 3628 fu
1203 3596 1282 3628 iunt

201 3640 281 3675 coll.
375 3643 418 3681 (21
443 3639 639 3673 continetur
651 3639 699 3672 Ρ
807 3639 848 3679 (3)
875 3639 925 3672 vel
940 3640 1006 3673 telo
1019 3641 1070 3673 vel
1083 3651 1149 3684 quo
1161 3651 1181 3673 a
1196 3641 1230 3674 io
1243 3643 1282 3673 ut

195 3685 365 3719 scinderet
381 3684 483 3718 alicui
498 3695 621 3727 corpus
629 3696 691 3718 non
704 3690 779 3717 sune
795 3684 935 3728 Ulpiani
1001 3686 1043 3727 (⁴)
1068 3686 1103 3718 in
1121 3687 1186 3719 ine:
1198 3685 1278 3720 coll.

197 3732 242 3778 (b)
266 3730 441 3764 dumtaxat
451 3756 459 3765 .
470 3754 477 3763 .
488 3730 722 3777 .persequitur
730 3731 848 3764 abeunt
861 3741 883 3763 a
898 3729 976 3763 0011.
1101 3732 1146 3773 (a)
1170 3730 1280 3763 factus

1352 224 1396 257 29
1443 220 1481 274 Sj
1505 222 1650 258 calicem
1673 222 1866 259 diatretum
1887 221 2090 258 faciendum
2122 221 2266 266 dedisti,
2298 222 2328 258 si
2360 222 2436 268 qui-

1352 267 1432 302 dem
1455 267 1632 312 imperitia
1654 266 1770 313 fregit,
1795 267 1914 303 damni
1930 267 2060 303 iniuria
2078 267 2276 303 tenebitur:
2301 268 2332 304 si
2353 278 2436 304 vero
2517 268 2528 299 ’ἑ

1351 322 1424 348 non
1447 312 1624 359 imperitia
1645 312 1761 358 fregit,
1786 313 1849 349 sed
1871 313 1979 348 rimas
2002 311 2161 348 habebat
2178 312 2334 356 vitiosas,
2372 323 2437 358 po·
2519 301 2528 351 ,⁵-

1351 359 1506 393 tentasse
1531 361 1741 394 excusatus:
1774 361 1810 394 et
1831 358 1912 394 ideo
1936 358 2143 410 plerumque
2166 357 2320 394 artifices
2353 369 2437 394 con·
2522 363 2528 406 ἦ

1350 402 1471 438 venire
1501 403 1634 445 solent,
1669 414 1749 439 cum
1781 403 1952 439 eiusmodi
1983 403 2155 438 materiae
2185 402 2333 445 dantur,
2367 413 2438 438 non
2521 406 2528 424 ‘¹

1351 447 1511 493 periculo
1536 458 1601 483 suo
1627 458 1665 484 se
1687 447 1824 492 facere,
1858 458 1950 494 quae
1972 458 2030 483 res
2055 458 2098 483 ex
2122 448 2240 484 locato
2264 448 2356 483 tollit
2379 458 2438 483 ac-

1352 495 1396 528 30
1443 493 1576 528 tionem
1601 496 1636 528 et
1657 493 1831 539 Aquiliae.
1881 493 1919 528 Si
1943 504 2024 529 cum
2047 492 2195 528 maritus
2220 493 2323 528 uxori
2346 503 2438 528 mar-

1350 538 1486 590 garitas
1523 538 1714 574 extricatas
1749 538 1904 574 dedisset
1933 538 1970 573 in
2002 549 2070 574 usu
2101 548 2144 573 ea
2169 548 2213 574 ue
2244 538 2353 574 invito
2385 538 2440 573 vel

1350 583 1463 619 inscio
1486 583 1562 619 viro
1612 583 1824 626 erforasset,
1848 587 1888 619 ut
1910 583 2066 628 pertusis
2089 583 2126 618 in
2163 593 2244 619 inea
2267 586 2440 625 uteretur,

1350 628 1465 664 teneri
1488 639 1567 664 eam
1586 595 1610 664 1)
1647 639 1666 664 e
1687 629 1852 681 Aquilia,
1884 629 1957 664 sive
1989 628 2131 664 divertit
2153 628 2226 664 sive
2250 639 2299 663 nu
2325 631 2364 663 ta
2387 631 2442 663 est

1352 676 1392 709 31
1443 673 1572 709 adhuc.
1604 639 1658 709 egi
1689 685 1768 719 quis
1808 673 1960 710 aedificii
1995 673 2064 709 mei
2097 672 2193 709 fores
2229 684 2272 709 co
2314 684 2352 708 re
2377 672 2442 708 erit
2523 691 2528 717 ς

1351 719 1407 754 vel
1436 718 1531 754 refre
1555 719 1622 754 erit
1656 724 1720 754 aut
1753 719 1783 755 si
1814 720 1826 754 i
1853 730 1931 754 sum
1965 717 2167 754 aedificium
2202 718 2330 761 diruit,
2379 728 2441 763 ege
2521 730 2528 758 ς

1353 767 1395 799 32
1442 730 1586 810 Aquffia
1616 768 1768 801 tenetur.
1841 765 1853 799 i
1884 764 1963 809 quis
1994 773 2110 809 aquae
2143 763 2291 799 ductum
2324 773 2440 799 meum
2523 767 2528 788 ³

1353 809 1520 853 diruerit,
1551 809 1636 845 licet
1659 813 1821 845 cementa
1843 820 1923 844 mea
1946 812 2048 852 sunt,
2081 819 2173 854 quae
2205 808 2323 844 diruta
2346 811 2440 850 sunt,

1351 858 1472 890 tamen
1504 855 1589 907 quia
1617 858 1716 891 terra
1749 865 1830 891 mea
1860 866 1932 890 non
1963 854 2029 897 sit,
2065 864 2137 899 qua
2170 863 2192 889 a
2218 864 2300 889 uam
2335 853 2440 896 duco,
2518 877 2528 893 ι,

1353 903 1396 935 33
1443 900 1568 935 mellus
1601 904 1656 936 est
1686 900 1804 936 dicere
1836 900 2013 935 actionem
2044 899 2165 935 utilem
2215 899 2356 934 andam.
2405 897 2442 934 Si
2517 897 2528 979 ᾖ

1354 955 1397 981 ex
1420 945 1556 990 plostro
1581 946 1673 991 lapis
1698 945 1866 981 ceciderit
1889 948 1926 980 et
1948 944 2034 990 quid
2056 945 2193 990 ruperit
2211 943 2267 980 vel
2285 943 2440 989 fregerit,

1353 990 1517 1036 Aquiliae
1540 991 1682 1027 actione
1712 991 1943 1036 plostrarium
1974 990 2087 1025 teneri
2116 990 2255 1035 placet,
2290 989 2320 1024 si
2350 989 2442 1024 male
2515 1004 2528 1039 »4

1354 1038 1397 1071 34
1444 1036 1645 1081 composuit
1675 1036 1812 1081 lapides
1844 1039 1880 1071 et
1909 1035 1990 1071 ideo
2023 1035 2116 1080 lapsi
2148 1038 2242 1071 sunt.
2291 1034 2330 1070 Si
2362 1034 2440 1080 quis

1353 1091 1493 1116 servum
1525 1081 1742 1117 conductum
1773 1081 1820 1116 ad
1842 1081 1977 1116 mulum
2000 1080 2193 1126 regendum
2217 1079 2442 1116 commenda-

1352 1126 1443 1162 verit
1466 1127 1497 1162 ei
1520 1127 1654 1162 mulum
1677 1127 1735 1162 ille
1759 1126 1807 1161 ad
1829 1126 1994 1172 pollicem
2018 1136 2122 1161 suum
2146 1136 2226 1161 eum
2250 1124 2442 1171 alligaverit

1353 1171 1397 1207 de
1419 1172 1496 1208 loro
1522 1175 1558 1207 et
1579 1172 1697 1207 mulus
1711 1172 1739 1193 ¹²
1763 1172 1919 1216 eruperit
1942 1172 2013 1213 sic,
2038 1174 2079 1206 ut
2103 1175 2138 1206 et
2160 1171 2325 1216 pollicem
2348 1170 2438 1205 avel-

1351 1218 1441 1252 leret
1464 1228 1565 1253 servo
1591 1221 1626 1253 et
1650 1227 1688 1252 se
1711 1217 1979 1262 praecipitaret,
2010 1216 2108 1251 Mela
2139 1216 2282 1258 scribit,
2314 1215 2344 1250 si
2360 1226 2442 1295 dpro
2518 1236 2528 1267 ζ

1352 1263 1468 1308 perito
1491 1263 1676 1315 imperitus
1709 1263 1850 1298 locatus
1882 1262 1947 1305 sit,
1981 1272 2025 1297 ex
2057 1261 2234 1298 conducto
2269 1271 2358 1306 agen
2384 1271 2443 1295 um

1354 1319 1435 1343 cum
1460 1307 1603 1344 dommo
1627 1308 1674 1344 ob
1698 1307 1834 1343 mulum
1857 1310 2003 1353 ruptum
2025 1307 2081 1342 vel
2104 1306 2347 1348 debilitatum,
2380 1305 2442 1341 sed

1353 1353 1384 1389 si
1406 1353 1481 1389 ictu
1506 1357 1569 1388 aut
1592 1357 1728 1389 terrore
1750 1353 1867 1389 mulus
1891 1353 2059 1388 turbatus
2084 1352 2140 1395 sit,
2164 1355 2241 1387 tum
2265 1350 2443 1387 dominum

1353 1399 1440 1442 eius,
1464 1398 1502 1434 id
1527 1402 1581 1434 est
1604 1399 1701 1440 muli,
1728 1402 1764 1434 et
1787 1398 1882 1434 servi
1905 1408 1986 1433 cum
2011 1407 2052 1433 eo
2077 1397 2138 1450 qui
2161 1396 2319 1432 turbavit
2341 1396 2442 1431 habi-

1352 1447 1471 1480 turum
1495 1444 1581 1490 legis
1593 1444 1758 1489 Aquiliae
1781 1444 1969 1479 actionem.
2005 1443 2091 1478 milu
2110 1446 2228 1479 autem
2248 1441 2388 1477 videtur
2408 1444 2444 1477 et

1353 1500 1395 1525 eo
1429 1499 1535 1532 casu,
1567 1500 1638 1535 quo
1671 1499 1715 1525 ex
1738 1489 1858 1525 locato
1883 1489 1978 1524 actio
2003 1492 2076 1531 est,
2111 1491 2314 1533 competere
2337 1487 2442 1522 etiam

1354 1538 1396 1571 35
1444 1534 1620 1580 Aquiliae.
1668 1535 1759 1570 Item
1791 1534 1822 1586 si
1852 1534 1981 1570 tectori
2002 1533 2175 1586 locaveris
2198 1533 2338 1585 laecum
2361 1532 2442 1584 vino

1351 1579 2375 1676 ἓῖῑῗέἳῖ,”ῗῧ,ζῗ>“ῒωῖἱιέ”ιῖιθὲῗιὲἑηέςῗὲἑωὲζ.Ῥω
2398 1581 2444 1612 ⁸¹‘

1398 1668 1452 1709 28
1476 1670 1533 1706 ΡΑ
1542 1680 1638 1706 ULUS
1657 1671 1748 1706 libro
1772 1670 1909 1706 decimo
1933 1670 1984 1705 ad
2005 1668 2180 1705 Sabinum
2227 1668 2295 1713 Qul
2317 1667 2440 1704 foveas
2525 1680 2528 1694 ε

1351 1727 1517 1752 ursorum
1542 1725 1796 1761 cervorumque
1820 1715 2074 1761 capiendorum
2098 1724 2209 1750 causa
2230 1713 2389 1756 faciunt,
2413 1713 2442 1748 si

1351 1762 1390 1797 in
1411 1761 1597 1797 itineribus
1620 1761 1785 1797 fecerunt
1808 1771 1921 1806 eoque
1939 1760 2072 1805 aliquid
2090 1759 2222 1795 decidit
2238 1759 2374 1794 factum
2399 1768 2443 1794 ue

1353 1807 1509 1842 deterius
1534 1810 1600 1850 est,
1623 1807 1701 1852 lege
1724 1806 1869 1852 Aquilia
1892 1805 2037 1850 obligati
2061 1808 2163 1841 sunt:
2189 1807 2228 1840 at
2250 1804 2282 1840 si
2303 1804 2340 1839 in
2364 1814 2387 1839 a
2402 1804 2442 1839 ”s

1355 1855 1370 1887 1
1420 1852 1522 1894 locis,
1534 1853 1597 1888 ubi
1608 1852 1685 1888 fieri
1696 1852 1821 1895 solent,
1834 1851 2010 1894 fecerunt,
2022 1851 2109 1886 nihil
2121 1853 2298 1886 tenentur.
2343 1849 2442 1884 Haec

1352 1901 1473 1933 tamen
1496 1898 1591 1934 actio
1617 1907 1660 1933 ex
1685 1907 1796 1933 causa
1820 1896 1940 1932 danda
1964 1899 2030 1938 est,
2053 1895 2091 1931 id
2115 1899 2170 1931 est
2193 1895 2222 1931 si
2245 1904 2359 1940 neque
2383 1894 2442 1930 de-

1352 1943 1557 1979 nuntiatum
1581 1946 1635 1979 est
1657 1953 1774 1988 neque
1805 1942 1927 1978 scierit
1957 1945 2021 1977 aut
2050 1940 2236 1987 providere
2266 1939 2441 1986 potuerit:

1353 1993 1390 2024 et
1412 1988 1526 2024 multa
1549 1988 1753 2024 huiusmodi
1777 1987 2110 2032 deprehenduntur,
2135 1986 2264 2032 quibus
2288 1995 2439 2021 summo-

1352 2036 1455 2070 vetur
1477 2034 1622 2079 petitor,
1646 2034 1677 2069 si
1701 2033 1832 2069 evitare
1855 2032 2052 2078 periculum
2075 2031 2207 2077 poterit
2220 2032 2265 2066 ¹³:

1399 2077 1454 2117 29
1482 2079 1678 2117 ULPIANUS
1686 2079 1778 2115 libro
1790 2081 1915 2114 octavo
1928 2077 2064 2114 decimo
2077 2077 2126 2113 ad
2136 2077 2289 2113 edictum
2322 2086 2442 2123 quem-

1352 2124 1542 2160 admodum
1565 2125 1597 2160 si
1619 2125 1767 2170 laqueos
1790 2133 1833 2159 eo
1856 2123 1927 2158 loci
1956 2123 2157 2168 posuisses,
2188 2133 2260 2168 quo
2290 2123 2346 2158 ius
2378 2133 2441 2168 po-

1351 2170 1460 2206 nendi
1490 2180 1562 2206 non
1593 2169 1764 2212 haberes,
1798 2172 1834 2204 et
1863 2178 1975 2214 pecus
2006 2168 2113 2204 vicini
2142 2168 2180 2203 in
2211 2178 2272 2204 eos
2295 2168 2442 2213 laqueos

1355 2219 1370 2250 1
1419 2215 1613 2251 incidisset.
1662 2214 1700 2250 Si
1723 2217 1927 2260 protectum
1950 2224 2086 2256 meum,
2118 2212 2213 2258 quod
2244 2223 2355 2258 supra
2379 2212 2441 2248 do-

1351 2271 1448 2296 mum
1478 2264 1578 2295 tuam
1609 2260 1707 2295 nullo
1738 2261 1815 2295 iure
1847 2259 2043 2301 habebam,
2075 2258 2305 2300 reccidisses‚
2336 2268 2441 2304 posse

1350 2317 1407 2342 me
1429 2309 1550 2341 tecum
1574 2305 1695 2340 damni
1718 2304 1848 2340 iniuria
1871 2314 1976 2349 agere
1998 2303 2174 2339 Proculus
2206 2303 2349 2338 scribit:
2381 2302 2440 2339 de—

1350 2351 1460 2387 buisti
1483 2351 1576 2386 enim
1599 2361 1736 2386 mecum
1759 2350 1816 2385 ius
1839 2350 1925 2384 mihi
1947 2359 2019 2384 non
2043 2359 2121 2384 esse
2144 2351 2347 2394 protectum
2376 2348 2441 2383 ha-

1350 2397 1435 2432 bere
1466 2406 1588 2441 agere:
1620 2406 1687 2432 nec
1719 2405 1798 2431 esse
1830 2405 1873 2430 ae
1898 2405 1983 2430 uum
2017 2394 2183 2430 damnum
2206 2404 2263 2429 me
2276 2394 2352 2440 pati
2363 2403 2441 2429 rec-

1352 2442 1435 2477 cisis
1468 2452 1490 2477 a
1518 2445 1555 2477 te
1588 2441 1676 2477 meis
1707 2440 1824 2486 tignis.
1908 2440 1967 2475 ’ud
2003 2443 2058 2475 est
2092 2439 2279 2475 dicendum
2311 2449 2354 2475 ex
2385 2449 2440 2474 re-

1350 2487 1484 2532 scripto
1507 2486 1732 2532 imperatoris
1756 2485 1894 2528 Severi,
1918 2485 1979 2538 qui
2003 2485 2054 2527 ei,
2086 2495 2151 2530 per
2174 2485 2275 2520 cuius
2299 2484 2441 2520 domum

1350 2532 1522 2567 traiectus
1536 2535 1614 2567 erat
1626 2541 1742 2577 aquae
1762 2531 1892 2567 duetus
1913 2535 2003 2566 citra
2022 2530 2238 2572 servitutem,
2258 2529 2442 2574 rescripsit
2515 2551 2528 2579 4-

1349 2578 1427 2613 iure
1451 2588 1516 2613 suo
1540 2587 1646 2623 posse
1679 2587 1759 2613 eum
1788 2575 2019 2619 intercidere,
2052 2579 2089 2610 et
2118 2575 2263 2610 merito.
2294 2574 2442 2610 interest
2515 2576 2528 2615 ’ξ

1352 2623 1443 2658 enim
1456 2650 1464 2666 ‚
1497 2622 1594 2668 quod
1616 2623 1674 2658 hic
1697 2622 1735 2657 in
1758 2632 1825 2658 suo
1848 2621 2023 2667 protexit,
2052 2620 2112 2656 ille
2141 2620 2180 2655 in
2202 2620 2319 2655 alieno
2343 2618 2438 2655 fecit.

1351 2671 1371 2703 2
1419 2668 1457 2703 Si
1490 2668 1590 2703 navis
1622 2671 1686 2703 tua
1708 2668 1856 2713 inpacta
1878 2666 1917 2702 in
1939 2675 2054 2702 meam
2077 2665 2249 2718 scapham
2273 2664 2439 2700 damnum

1350 2714 1436 2748 mihi
1459 2713 1576 2756 dedit,
1634 2713 1811 2749 uaesitum
1844 2715 1917 2754 est,
1949 2721 2042 2757 quae
2072 2714 2166 2746 acuo
2190 2709 2275 2745 mihi
2299 2720 2439 2755 compe-

1349 2762 1451 2795 teret.
1489 2762 1524 2794 et
1547 2758 1599 2794 ait
1652 2757 1807 2801 roculus,
1832 2757 1863 2793 si
1884 2757 1922 2792 in
1945 2759 2124 2802 potestate
2146 2759 2338 2791 nautarum
2359 2754 2440 2798 fuit,

1350 2814 1395 2839 ne
1425 2803 1462 2839 id
1495 2803 1691 2846 accideret,
1726 2806 1763 2839 et
1794 2802 1853 2839 cul
1880 2812 1903 2837 a
1937 2811 2058 2839 eorum
2092 2800 2229 2837 factum
2263 2800 2329 2843 sit,
2363 2800 2440 2846 lege

1349 2849 1494 2895 Aquilia
1517 2859 1598 2884 cum
1618 2849 1738 2885 nautis
1757 2858 1847 2894 agen
1872 2857 1943 2890 um,
1967 2847 2052 2892 quia
2069 2845 2170 2891 parvi
2187 2845 2298 2882 refert
2315 2855 2440 2881 navem

1349 2894 1570 2930 immittendo
1601 2897 1666 2929 aut
1695 2893 1915 2930 serraculum
1927 2893 1956 2914 ¹⁴
1980 2891 2027 2927 ad
2057 2901 2183 2927 navem
2206 2889 2369 2926 ducendo
2393 2900 2439 2925 an

1349 2943 1414 2975 tua
1436 2949 1546 2975 manu
1569 2939 1736 2974 damnum
1759 2937 1918 2980 dederis,
1948 2937 2032 2990 quia
2061 2936 2225 2972 omnibus
2247 2936 2303 2971 his
2326 2935 2439 2972 modis

1350 2995 1416 3030 per
1437 2988 1474 3020 te
1498 2984 1627 3020 damno
1652 2983 1820 3020 adficior:
1845 2982 1907 3018 sed
1931 2993 1962 3018 ει
1984 2982 2072 3018 fune
2094 2984 2201 3028 rupto
2225 2984 2290 3016 aut
2311 2991 2394 3017 cum
2417 2990 2440 3016 a

1350 3029 1447 3066 nullo
1460 3032 1640 3074 regeretur
1659 3028 1759 3065 navis
1779 3027 1991 3064 incurrisset
2003 3029 2041 3070 ¹⁶,
2067 3037 2148 3063 cum
2169 3026 2311 3062 domino
2331 3035 2438 3072 agen-

1351 3077 1371 3110 3
1419 3074 1503 3110 dum
1526 3084 1599 3110 non
1623 3084 1712 3110 esse.
1759 3073 1849 3109 Item
1880 3065 2003 3109 Labeo
2036 3072 2180 3115 scribit,
2213 3071 2261 3114 si,
2294 3081 2375 3107 cum
2404 3070 2438 3106 vi

1349 3123 1535 3156 ventorum
1557 3119 1657 3155 navis
1687 3119 1736 3155 im
1762 3118 1842 3154 ulsa
1873 3121 1967 3154 esset
1996 3117 2034 3153 in
2063 3116 2169 3153 funes
2200 3116 2438 3152 anchorarum

1350 3165 1497 3201 alterius
1522 3168 1559 3200 et
1581 3168 1714 3200 nautae
1753 3173 1841 3199 unes
1864 3162 2134 3209 praecidissent,
2158 3161 2230 3198 si¹⁶
2247 3161 2347 3198 nullo
2367 3160 2437 3197 alio

1352 3289 1465 3312 servus
1482 3278 1564 3313 coll.
1669 3277 1712 3320 (τ)
1737 3286 1841 3319 aeque
1850 3289 1914 3320 pro
1924 3278 2024 3319 atque
2036 3287 2103 3310 scr.
2113 3286 2122 3315 3
2133 3275 2210 3308 ideo
2217 3287 2283 3319 pro
2294 3274 2436 3317 ideoque

1351 3324 1382 3358 S
1390 3335 1398 3364 ;
1412 3325 1448 3357 in
1462 3323 1544 3357 haec
1555 3334 1616 3357 nec
1628 3322 1714 3357 mihi
1724 3322 1830 3355 videri
1845 3321 1958 3354 damni
1973 3320 2112 3363 Aquilia
2125 3319 2200 3363 lege
2213 3330 2310 3364 posse
2327 3320 2436 3355 Colla·

1353 3370 1450 3403 tionis
1462 3369 1549 3410 libri,
1561 3370 1700 3403 “bicor-t
1715 3367 1751 3400 in
1765 3367 1848 3400 haee
1861 3377 1966 3409 aeque
1978 3366 2064 3400 mihi
2074 3366 2182 3400 videri
2198 3365 2313 3398 damni
2331 3364 2435 3407 Aqui—

1349 3414 1399 3447 lia
1411 3414 1485 3457 lege
1499 3414 1557 3457 agi
1568 3424 1665 3458 posse
1801 3413 1847 3453 (8)
1871 3414 1904 3444 te
1919 3413 1980 3445 ins.
1994 3424 2061 3445 cum
2077 3412 2111 3444 B
2249 3411 2294 3453 (9)
2319 3420 2436 3443 onera·

1351 3459 1439 3492 veris
1451 3471 1512 3493 scr.
1525 3472 1594 3493 cum
1611 3459 1646 3493 Β
1850 3459 1910 3498 (10)
1935 3455 2070 3536 tuleris)
2082 3457 2228 3510 secueris
2240 3468 2304 3491 scr.
2317 3467 2385 3508 qum
2400 3455 2436 3488 Β

1350 3506 1406 3546 (11)
1431 3507 1491 3537 aut
1502 3517 1560 3538 om.
1575 3505 1611 3538 B
1794 3503 1853 3545 (12)
1877 3503 2018 3536 sublatis
2029 3515 2051 3546 q
2065 3514 2147 3536 ossis
2163 3514 2213 3535 uc
2223 3513 2276 3535 scr
2288 3514 2301 3535 .-
2312 3511 2342 3533 ει
2359 3510 2435 3542 quis

1350 3560 1480 3582 servum
1495 3549 1725 3590 (conductum)
1747 3547 1789 3581 ad
1809 3547 1937 3580 mulum
1957 3547 2141 3590 regendum
2154 3545 2436 3579 commendaverit

1351 3595 1419 3637 (ei),
1433 3594 1559 3627 mulum
1574 3594 1633 3627 ille
1644 3594 1687 3627 ad
1699 3593 1857 3637 pollicem
1870 3595 1979 3634 (suum
1992 3597 2079 3635 eum)
2093 3591 2295 3634 alligaverit,
2309 3590 2349 3624 de
2362 3589 2435 3623 loro

1351 3640 1409 3679 (et)
1422 3639 1533 3672 mulus
1545 3639 1696 3683 eruperit
1821 3639 1879 3679 (1³)
1904 3641 2039 3681 poterat
2049 3650 2112 3671 scr.
2239 3637 2299 3678 (1⁴)
2323 3644 2433 3668 ειπε-

1350 3684 1463 3718 culum
1477 3684 1512 3717 F
1520 3685 1530 3705 ¹
1624 3685 1683 3726 (1⁵)
1709 3683 1918 3727 incurpisset
1930 3683 1964 3716 F
2048 3683 2110 3725 (16)
2133 3682 2163 3715 si
2178 3682 2241 3715 del.
