2528 3918
642 15 659 46 1

110 95 166 125 ΕΤ
194 93 434 125 SUMPTIBUS
461 92 674 124 FUNERUM

108 206 242 251 gotium
271 214 415 250 gerens:
448 206 484 239 et
513 202 567 238 ita
590 200 780 237 Trebatius
812 203 848 236 et
869 199 1046 236 Proculus
1078 203 1192 246 putat.

108 255 195 296 puto
218 254 338 286 tamen
362 252 398 284 et
421 248 452 283 ei
476 257 521 283 ex
543 256 655 282 causa
677 245 831 281 dandam
852 246 1028 282 actionem
1047 245 1194 281 funera-

113 299 150 331 12
197 295 297 330 riam.
344 294 466 329 Labeo
491 291 559 334 ait,
592 292 755 337 quotiens
780 291 858 336 quis
882 291 988 326 aliam
1019 291 1195 327 actionem

108 341 217 376 habet
237 340 280 375 de
298 338 432 374 funeris
450 338 612 382 impensa
631 347 739 372 conse
764 337 893 378 uenda,
912 336 1094 372 funeraria
1115 347 1194 372 eum

108 395 212 431 agere
230 395 303 420 non
321 393 445 429 posse:
467 386 503 417 et
521 381 601 417 ideo
621 382 652 417 si
671 381 688 416 f
771 381 826 417 iae
846 382 1078 417 erciscundae
1090 391 1194 426 agere

107 431 231 476 possit,
255 428 436 464 funerat-ia
459 438 532 462 non
555 430 738 463 acturum:
763 426 871 479 plane
893 427 922 462 si
945 427 1017 462 iam
1039 427 1195 462 familiae

113 479 149 510 13
197 473 427 511 erciscundae
449 472 581 508 iudicio
606 476 727 508 actum
751 475 815 515 8112,
848 482 956 517 posse
979 472 1048 517 agi.
1095 471 1193 507 Idem

106 521 227 555 Labeo
261 519 330 560 ait,
361 518 393 553 si
415 518 625 563 prohibente
649 517 779 553 herede
800 517 1020 552 funeraveris
1043 520 1192 553 testato-

105 576 190 607 rem,
215 574 259 599 ex
283 573 393 599 causa
417 574 495 598 com
523 566 617 598 etere
640 563 706 597 tibi
728 562 966 598 funerariam:
991 562 1077 615 quid
1101 563 1194 598 enim

105 611 136 645 si
158 610 269 644 filium
291 608 474 644 testatoris
496 574 601 643 fleres
621 608 697 643 eius
716 608 922 660 prohibuit?
945 608 1029 644 huic
1051 611 1192 643 contra-

105 655 174 691 dici
197 657 333 700 potest:
359 657 452 698 ‘ergo
476 653 620 698 pietatis
643 657 757 698 gratla
780 653 979 689 funerasti'.
1014 653 1077 689 sed
1099 663 1194 698 pone

104 710 159 735 me
191 702 383 735 testatum:
420 699 626 734 habiturum
656 709 713 734 me
742 698 960 734 funerat-iam
996 698 1191 734 actionem:

104 746 148 781 de
178 755 243 781 suo
280 744 372 780 enim
407 754 450 779 ex
478 744 549 779 edit
579 747 740 779 mortuos
772 744 942 779 funerari.
980 748 1016 779 et
1048 744 1133 789 quid
1163 744 1193 778 si

102 794 253 826 testator
276 790 417 835 quidem
457 799 549 824 unus
571 789 657 824 mihi
677 789 867 832 mandavit,
892 790 995 825 heres
1016 789 1192 835 prohibet,

104 846 166 881 ego
190 840 310 870 tamen
332 835 441 870 nihilo
466 835 582 869 minus
605 834 793 870 funeravi?
828 844 945 870 nonne
966 845 1119 879 aequum
1140 838 1194 869 est

103 880 187 916 mihi
209 880 426 915 funerat-iam
451 880 677 925 competere?
711 884 747 915 et
776 880 989 924 generaliter
1019 883 1106 925 puto
1137 880 1191 914 iu-

103 926 215 962 dicem
238 926 370 961 iustum
394 935 467 961 non
486 935 620 960 meram
640 925 861 970 negotiorum
880 929 1060 970 gestorum
1080 925 1191 960 actio-

102 981 181 1006 nem
204 971 347 1013 imitari‚
372 970 435 1006 sed
458 970 610 1006 solutius
635 971 848 1015 aequitatem
872 970 991 1015 sequi,
1019 981 1099 1006 cum
1122 970 1192 1005 hoc

105 1020 144 1052 14
192 1016 224 1051 ei
246 1020 281 1051 ct
300 1016 451 1051 actionis
471 1019 602 1051 natura
619 1015 788 1061 indulget.
836 1015 948 1051 Divus
961 1019 1080 1051 autem
1092 1015 1191 1050 Mar-

102 1072 165 1098 cus
189 1061 370 1106 rescripsit
394 1071 474 1096 eum
498 1061 674 1103 heredem,
700 1061 761 1106 qui
779 1061 946 1106 prohibet
963 1061 1124 1096 funerari
1145 1061 1190 1096 ab

101 1117 142 1143 eo
167 1117 270 1152 quem
294 1110 445 1142 testator
477 1106 598 1151 elegit,
632 1117 705 1141 non
738 1111 836 1142 recte
867 1106 1004 1142 facere:
1038 1116 1191 1151 poenam

104 1156 142 1187 15
190 1156 310 1187 tamen
333 1152 370 1187 in
394 1162 473 1186 eum
497 1155 668 1187 statutam
693 1162 766 1187 non
791 1162 879 1187 esse.
929 1151 996 1196 Qui
1019 1152 1191 1186 mandatu

101 1198 244 1233 alterius
274 1197 470 1239 funeravit,
503 1208 575 1232 non
609 1197 717 1232 habet
750 1197 969 1232 funerariam
1001 1197 1190 1239 actionem,

100 1243 163 1278 sed
186 1243 216 1277 is
240 1243 394 1285 scilicet,
420 1242 480 1287 qui
503 1242 684 1277 mandavit
706 1242 966 1284 funerandum,
991 1242 1063 1278 sive
1087 1242 1191 1277 solvit

101 1288 131 1324 ei
155 1288 212 1323 cui
235 1288 417 1323 mandavit
439 1288 513 1323 sive
536 1287 651 1323 debet.
689 1288 785 1333 quod
808 1288 838 1323 si
862 1288 1018 1333 pupillus
1042 1287 1189 1322 manda-

99 1333 149 1368 vit
179 1333 256 1368 sine
289 1337 409 1369 tutore
438 1337 603 1375 auctore,
636 1333 758 1368 utilem
788 1332 1004 1368 funerariam
1036 1333 1190 1368 dandam

101 1379 269 1414 adversus
291 1379 457 1414 heredem
482 1379 514 1414 ei
537 1379 597 1423 qui
619 1378 809 1424 impendit:
839 1379 972 1414 lucrari
1004 1379 1095 1414 enim
1128 1379 1188 1414 he-

99 1424 217 1459 redem
248 1424 408 1469 iniquum
441 1427 505 1460 est.
541 1424 571 1459 si
603 1428 722 1459 autem
752 1424 909 1469 pupillus
939 1424 1048 1459 funus
1081 1424 1127 1458 ad
1151 1434 1190 1459 se

99 1469 279 1522 pertinens
305 1470 380 1505 sine
402 1469 530 1505 tutoris
555 1470 770 1505 auctoritate
801 1469 1002 1511 mandavit,
1035 1469 1190 1504 dandam

98 1526 136 1550 m
160 1525 240 1550 eum
264 1516 440 1551 actionem
464 1515 637 1557 arbitror,
669 1515 699 1550 si
732 1519 768 1550 et
797 1515 900 1551 heres
933 1515 1050 1550 extitit
1072 1515 1105 1550 ei
1129 1515 1190 1560 qui

98 1561 284 1596 funeratus
317 1564 370 1595 est
402 1560 642 1605 solvendoque
671 1560 852 1596 hereditas
885 1564 949 1596 est.
994 1564 1121 1595 contra
1160 1561 1190 1596 si

99 1606 177 1651 quis
201 1606 372 1641 mandatu
387 1607 397 1626 ¹
420 1605 561 1641 heredis
585 1606 775 1648 funeravit,
801 1617 873 1641 non
896 1616 1003 1651 posse
1027 1616 1108 1641 eum
1130 1605 1187 1641 fu-

98 1652 238 1687 neraria
262 1661 365 1696 agere
388 1651 511 1686 Labeo
536 1651 679 1694 scribit,
705 1651 789 1696 quia
812 1652 922 1686 habet
944 1651 1103 1686 mandati
1127 1662 1187 1687 ac-

101 1700 141 1732 16
187 1697 330 1732 tionem.
378 1697 415 1731 Si
438 1701 559 1731 tamen
583 1697 685 1742 quasi
704 1697 883 1741 negotium
901 1697 1042 1732 heredis
1062 1707 1188 1742 gerens

99 1742 291 1784 funerant,
324 1742 407 1778 licet
435 1746 553 1777 ratum
584 1752 658 1777 non
681 1742 831 1784 habeat,
865 1747 984 1777 tamen
1007 1742 1189 1778 funeraria

101 1791 139 1823 17
188 1798 268 1823 eum
299 1798 404 1832 agere
434 1797 542 1832 posse
572 1787 696 1822 Labeo
733 1788 868 1823 scribit.
916 1788 1034 1823 Datur
1069 1792 1188 1823 autem

97 1834 186 1869 haec
210 1833 304 1868 actio
330 1833 499 1868 adversus
524 1843 585 1868 eos
610 1833 656 1868 ad
681 1843 770 1878 quos
800 1833 910 1868 funus
940 1833 1115 1878 pertinet,
1148 1837 1189 1869 ut

97 1882 185 1924 puta
209 1878 377 1914 adversus
400 1878 567 1914 heredem
590 1878 810 1914 bonorumve
829 1888 1071 1924 possessorem
1093 1882 1186 1914 cete-

97 1935 155 1959 ros
180 1934 226 1959 ue
250 1934 489 1959 successores.

146 1968 195 2007 1.)
220 1969 450 2005 POMPONIUS
477 1969 567 2005 libro
591 1969 716 2014 quinto
741 1968 791 2004 ad
813 1968 987 2005 Sabinum
1033 1969 1186 2005 Funeris

97 2015 290 2060 impensam
322 2019 358 2050 et
389 2018 582 2059 patronus,
619 2014 680 2059 qui
713 2014 890 2050 bonorum
925 2015 1187 2059 possessionem

97 2060 186 2106 petit
210 2064 336 2096 contra
358 2060 511 2102 tabulas,
536 2062 708 2105 praestat.

146 2103 196 2143 16
228 2105 422 2142 ULPIANUS
451 2106 541 2141 libro
571 2106 762 2140 vicensimo
794 2106 920 2151 quinto
953 2105 1003 2140 ad
1032 2105 1187 2141 edictum

97 2151 138 2186 In
162 2161 260 2193 eum,
285 2150 332 2186 ad
355 2161 460 2196 quem
485 2150 577 2186 dotis
601 2150 743 2185 nomine
766 2150 851 2195 quid
873 2151 1094 2195 pervenerit,
1127 2150 1188 2186 dat

97 2200 240 2242 praetor
262 2195 482 2232 funerariam
506 2196 694 2231 actionem:
728 2196 982 2240 aequissimum
1015 2196 1108 2231 enim
1131 2197 1184 2231 vi-

99 2253 175 2277 sum
208 2245 263 2277 est
284 2242 462 2277 veteribus
486 2242 650 2276 mulieres
675 2241 778 2286 quasi
801 2241 845 2276 de
868 2241 1088 2286 patrimoniis
1113 2242 1186 2277 suis

97 2287 147 2322 ita
170 2287 214 2322 de
237 2287 381 2323 dotibus
406 2287 566 2322 funerari
598 2290 633 2321 et
664 2296 762 2328 eum,
795 2287 856 2332 qui
886 2290 1000 2322 morte
1031 2287 1187 2322 mulieris

99 2332 215 2368 dotem
238 2333 411 2375 lucratur,
434 2333 471 2367 in
494 2333 604 2367 funus
629 2331 791 2367 conferre
816 2332 963 2375 debere,
988 2332 1060 2367 sive
1083 2336 1187 2378 pater

98 2378 251 2413 mulieris
275 2382 330 2414 est
353 2379 426 2414 sive
448 2379 610 2413 maritus.

146 2421 194 2460 17
220 2423 467 2459 PAPINIANUS
494 2423 586 2460 libro
620 2423 725 2458 tertio
756 2433 1014 2470 responsorum
1062 2422 1132 2458 Sed
1156 2423 1187 2458 si

99 2469 253 2504 nondum
276 2473 379 2515 pater
402 2469 520 2505 dotem
542 2468 811 2514 reciperaverit,
842 2467 896 2503 vir
925 2469 1023 2503 solus
1057 2478 1185 2507 conve-

99 2514 212 2549 nietur
230 2518 460 2560 reputaturus
480 2514 585 2559 patri,
607 2514 702 2559 quod
723 2524 764 2549 eo
788 2513 932 2549 nomine
950 2514 1186 2559 praestiterit:

146 2557 195 2597 18
230 2559 424 2595 IULIANUS
455 2560 547 2596 libro
584 2559 720 2595 decimo
756 2558 978 2605 diqestorum
1024 2559 1187 2604 impensa

99 2605 189 2640 enim
211 2604 345 2640 funeris
370 2615 430 2640 aes
455 2605 608 2640 alienum
632 2604 725 2639 dotis
751 2608 823 2639 est:

146 2647 196 2688 19
226 2650 422 2687 ULPJANUS
460 2651 551 2686 libro
594 2650 720 2695 quinto
757 2649 894 2685 decimo
929 2648 979 2684 ad
1011 2648 1186 2685 Sabinum

99 2694 247 2741 ideoque
270 2696 377 2731 etiam
400 2695 466 2731 dos
490 2695 622 2730 sentire
644 2695 714 2730 hoc
739 2704 800 2730 aes
824 2694 978 2730 alienum
1002 2694 1119 2730 debet.

144 2738 195 2780 20
219 2740 328 2777 IDEM
353 2741 445 2777 libro
476 2741 666 2777 vicensimo
691 2741 817 2786 quinto
841 2739 892 2774 ad
914 2739 1067 2775 edictum
1114 2739 1185 2775 Ne-

100 2786 210 2822 ratius
234 2786 383 2832 quaerit,
408 2786 439 2821 si
460 2786 511 2828 is,
537 2786 598 2831 qui
622 2785 742 2821 dotem
767 2784 914 2820 dederat
936 2795 1002 2829 pro
1027 2785 1185 2827 muliere,

101 2831 286 2876 stipulatus
310 2832 388 2867 est²
411 2832 501 2866 duas
524 2834 646 2877 partes
672 2830 764 2866 dotis
788 2830 900 2872 reddi,
924 2830 1067 2865 tertiam
1089 2830 1186 2875 apud

100 2877 261 2912 maritum
291 2886 493 2919 remanere,
525 2880 655 2922 pactus
689 2876 753 2918 sit,
785 2885 831 2910 ne
862 2875 946 2920 quid
976 2876 1126 2910 maritus
1148 2876 1186 2910 in

100 2919 205 2957 funus
238 2921 433 2964 conferret,
467 2932 514 2957 an
543 2921 727 2957 funeraria
757 2920 907 2956 maritus
938 2925 1114 2955 teneatur.
1151 2924 1188 2956 et

101 2966 160 3009 ait,
184 2967 214 3003 si
237 2967 377 3012 quidem
399 2968 477 3012 ipse
501 2967 693 3012 stipulator
714 2966 895 3001 mulierem
919 2965 1108 3008 funeravit,
1132 2966 1185 3001 lo-

101 3021 180 3047 cum
209 3021 288 3047 esse
317 3016 423 3058 pacto
456 3016 492 3047 et
520 3012 681 3048 inutilem
713 3012 745 3047 ei
776 3011 993 3047 funerariam
1023 3011 1120 3046 fore:
1156 3011 1186 3046 si

100 3065 181 3092 vero
214 3057 303 3092 alius
334 3057 530 3099 funeravit,
561 3067 668 3102 posse
692 3067 772 3092 eum
795 3056 962 3092 maritum
985 3056 1185 3098 convenire,

101 3101 182 3146 quia
202 3106 308 3147 pacto
328 3102 404 3138 hoc'
418 3103 601 3147 publicum
620 3102 676 3137 ius
695 3102 839 3147 infringi
857 3112 930 3137 non
949 3102 1074 3146 possit.
1101 3102 1186 3147 quid

100 3149 216 3182 tamen
240 3147 270 3182 si
293 3147 371 3192 quis
396 3147 514 3183 dotem
538 3149 607 3183 hac
625 3148 702 3192 lege
721 3147 858 3182 dederit
878 3158 943 3192 pro
965 3147 1122 3189 muliere,
1145 3150 1186 3182 ut

101 3190 146 3226 ad
167 3191 282 3236 ipsum
304 3192 444 3234 rediret,
469 3193 499 3228 si
521 3193 559 3228 in
581 3193 805 3228 matrimonio
828 3195 971 3227 mortua
994 3196 1098 3233 esset,
1123 3196 1186 3227 aut

100 3246 242 3315 quoquo
276 3237 381 3272 modo
417 3238 534 3273 soluto
570 3238 823 3273 matrimonio?
858 3237 1030 3282 numquid
1061 3237 1119 3272 hic
1148 3237 1186 3272 in

118 3291 206 3316 unus
228 3292 300 3317 non
324 3282 509 3318 conferat?
545 3283 606 3318 sed
630 3293 711 3318 cum
735 3282 800 3318 dos
824 3286 937 3318 morte
960 3283 1116 3318 mulieris
1140 3282 1186 3317 ad

105 3327 130 3377 1·
168 3336 246 3361 eum
268 3328 479 3371 pervenerit,
503 3331 624 3373 potest
647 3327 718 3363 dici
742 3327 904 3363 conferre
928 3337 1019 3362 eum.
1058 3327 1095 3362 Si
1109 3338 1184 3362 ma-

102 3373 195 3405 ntus*
218 3371 378 3406 lucratur
411 3372 548 3415 dotem,
588 3372 817 3408 convenietur
846 3372 1049 3414 funeraria,
1082 3376 1186 3417 pater

102 3419 218 3450 autem
242 3426 324 3451 non.
360 3417 422 3451 sed
445 3417 482 3452 in
504 3418 601 3453 hunc
626 3428 749 3452 casum
805 3420 887 3460 uto,
922 3418 952 3452 si
986 3418 1068 3459 dos,
1102 3417 1186 3462 quia

101 3460 302 3511 permodica
323 3460 409 3502 fuit,
433 3462 470 3496 in
491 3462 600 3497 funus
623 3473 696 3497 non
720 3429 873 3504 sufficit,
906 3463 943 3497 in
967 3462 1185 3507 superfluum

102 3505 146 3555 2·
167 3515 204 3538 m
226 3508 363 3549 patrem
387 3506 516 3542 debere
539 3508 714 3542 actionem
738 3507 825 3542 dari.
874 3506 962 3542 Cum
994 3512 1107 3542 mater
1129 3506 1183 3542 fa-

102 3547 214 3600 milias
238 3549 376 3584 decedit
398 3561 464 3586 nec
488 3556 542 3587 est
565 3552 639 3587 eius
664 3551 832 3588 solvendo
857 3552 1052 3594 hereditas,
1077 3552 1181 3587 fune-

102 3601 172 3626 rari
184 3603 261 3628 eam
274 3604 318 3629 ex
337 3594 419 3630 dote
437 3599 574 3631 tantum
593 3599 752 3641 oportet:
778 3600 813 3632 et
831 3597 884 3631 ita
904 3597 1027 3632 Celsus
1048 3597 1181 3632 scribit.

106 3703 145 3744 (1)
168 3705 325 3738 mandato
337 3706 389 3738 F²

479 3709 523 3750 (2)
548 3712 598 3742 est
610 3711 671 3743 del.
767 3710 809 3751 (3)
833 3711 981 3742 habeant
992 3710 1036 3742 F¹

1187 73 1267 122 157

1130 3711 1172 3750 (4)
1197 3711 1246 3742 sic
1257 3710 1295 3749 S,
1309 3710 1395 3742 aliae
1407 3711 1464 3750 F¹,
1476 3711 1628 3743 familiae
1641 3710 1693 3743 F²

2235 78 2351 119 X17

1311 197 1360 236 21
1389 198 1445 235 ΡΑ
1454 209 1549 236 ULUs
1566 199 1657 235 libro
1679 200 1869 235 vicensimo
1890 200 2042 247 septimo
2063 199 2114 235 ad
2124 199 2277 236 edictum
2313 200 2352 234 In

1263 248 1420 290 patrem,
1446 245 1547 281 cuius
1570 245 1609 279 in
1631 248 1810 297 potestate
1832 245 1940 281 fuerit
1963 245 1994 281 is
2019 244 2120 281 cuius
2144 244 2254 280 sunus
2277 244 2353 280 fac-

1263 294 1340 325 tum
1373 290 1458 334 erit,
1491 294 1662 335 competit
1691 289 1873 325 funeraria
1903 291 1996 326 actio
2027 300 2093 336 pro
2126 290 2295 335 dignitate
2320 293 2355 326 et

1264 335 1509 371 facultatibus.

1310 378 1364 417 22
1396 380 1591 416 ULPIANUS
1618 380 1709 416 libro
1741 380 1931 416 vicensimo
1963 381 2089 426 quinto
2121 380 2172 416 ad
2201 379 2353 416 edictum

1265 426 1387 461 Celsus
1413 426 1555 462 scribit:
1582 425 1746 470 quotiens
1766 425 1893 459 mulier
1913 425 2064 468 decedit,
2085 436 2129 461 ex
2148 425 2242 467 dote,
2263 437 2355 471 quae

1263 482 1373 516 penes
1396 471 1510 507 virum
1533 474 1711 512 remanet,
1746 474 1782 505 et
1815 470 1941 505 ceteris
1973 471 2130 507 mulieris
2161 471 2264 507 bonis
2288 482 2354 517 pro

1262 516 1427 562 portione
1449 516 1651 552 funeranda
1674 518 1738 551 est.

1309 559 1362 599 23
1398 561 1558 597 PAULUs
1590 561 1681 597 libro
1718 560 1909 597 vicensimo
1940 561 2091 641 septimo
2123 561 2173 596 ad
2202 561 2352 597 edictum

1262 607 1383 642 Veluti
1404 607 1434 642 si
1453 607 1490 642 in
1512 607 1631 642 dotem
1653 609 1794 642 centum
1814 605 1896 648 sint,
1921 605 1958 640 in
2004 606 2174 641 ereditate
2187 606 2354 650 ducenta,

1264 652 1353 687 duas
1377 656 1500 697 partes
1524 653 1640 694 heres,
1664 661 1773 687 unam
1796 651 1849 686 vir
1873 651 2042 686 conferet.

1309 695 1363 734 24
1394 697 1589 733 ULPIANUS
1618 697 1708 733 libro
1741 697 1932 732 vicensimo
1964 697 2090 742 quinto
2122 696 2172 732 ad
2201 697 2353 733 edictum

1264 743 1425 778 Iulianus
1451 743 1594 778 scribit:
1619 753 1691 778 non
1716 741 1876 777 deductis
1901 741 2026 786 legatis

1308 786 1362 825 25
1394 787 1556 824 PAULUs
1587 788 1678 824 libro
1710 788 1900 823 vicensimo
1931 788 2083 834 septimo
2118 787 2169 823 ad
2201 787 2354 824 edictum

1263 844 1330 869 nec
1379 833 1476 869 retiis
1500 833 1799 869 manumissorum

1308 877 1332 916 2
1386 878 1619 914 POMPONIUS
1647 878 1738 914 libro
1772 878 1898 924 quinto
1931 877 2067 913 decimo
2100 877 2151 913 ad
2180 877 2354 914 Sabinum

1262 935 1327 960 nec
1351 934 1434 959 aere
1459 924 1575 960 alieno
1601 923 1754 959 deducto

1307 967 1360 1006 27
1394 969 1590 1005 ULPJANUS
1620 969 1710 1005 libro
1744 969 1935 1004 vicensimo
1971 969 2096 1015 quinto
2129 968 2179 1004 ad
2201 968 2354 1004 edictum

1261 1015 1313 1050 sic
1336 1025 1402 1060 pro
1424 1018 1506 1050 rata
1526 1018 1562 1050 et
1580 1014 1747 1049 maritum
1768 1018 1804 1049 et
1822 1014 1988 1049 heredem
2009 1013 2172 1050 conferre
2190 1013 2227 1048 in
2246 1013 2354 1049 funus

1264 1063 1278 1095 1
1330 1064 1482 1106 oportet.
1531 1060 1685 1095 Maritus
1718 1059 1903 1095 funeraria
1934 1070 2007 1095 non
2039 1059 2288 1101 convenietur,
2325 1060 2353 1094 si

1261 1106 1401 1141 mulieri
1431 1106 1469 1141 in
1502 1105 1726 1140 matrimonio
1760 1105 1878 1140 dotem
1901 1105 2062 1148 solverit,
2096 1108 2138 1140 ut
2159 1105 2354 1140 Marcellus

1263 1151 1404 1186 scribit:
1439 1161 1531 1196 quae
1555 1151 1733 1186 sententia
1756 1161 1841 1186 vera
1865 1155 1936 1186 est:
1969 1151 2007 1185 in
2038 1150 2094 1185 his
2117 1153 2238 1185 tamen
2262 1151 2354 1186 casi-

1260 1197 1348 1238 bus,
1380 1197 1418 1232 in
1442 1196 1572 1242 quibus
1595 1196 1665 1231 hoc
1689 1196 1722 1231 ei
1745 1195 1867 1231 facere
1890 1196 2027 1241 legibus
2051 1196 2263 1241 permissum
2289 1200 2353 1231 est.

1262 1245 1281 1277 2
1329 1242 1522 1277 Praeterea
1551 1242 1718 1277 maritum
1751 1245 1839 1286 puto
1871 1241 2054 1277 funeraria
2085 1241 2123 1276 in
2154 1241 2190 1275 id
2215 1241 2355 1276 demum

1259 1288 1372 1322 teneri
1407 1287 1503 1333 quod
1533 1287 1654 1323 facere
1683 1290 1821 1332 potest:
1862 1287 1899 1322 id
1931 1287 2023 1322 enim
2054 1286 2186 1327 lucrari
2216 1287 2355 1322 videtur

1260 1333 1357 1378 quod
1379 1337 1581 1378 praestaret
1604 1332 1744 1367 mulieri
1767 1333 1798 1367 si
1823 1333 2083 1368 conveniretur.

1307 1376 1359 1415 28
1386 1378 1617 1414 POMPONIUS
1646 1378 1737 1414 libro
1770 1379 1896 1425 quinto
1930 1378 2067 1414 decimo
2100 1377 2150 1413 ad
2179 1376 2352 1413 Sabinum

1260 1423 1363 1468 Quod
1387 1423 1418 1459 si
1441 1424 1541 1459 nulla
1565 1423 1628 1459 dos
1653 1426 1766 1466 esset,
1797 1427 1885 1459 tunc
1917 1433 2056 1459 omnem
2079 1423 2265 1468 inpensam
2288 1434 2353 1468 pa-

1259 1473 1348 1504 trem
1371 1473 1557 1514 praestare
1581 1469 1709 1504 debere
1732 1469 1923 1504 Atilicinus
1948 1469 1998 1503 ait
2022 1473 2085 1504 aut
2108 1468 2257 1504 heredes
2279 1469 2353 1504 eius

1258 1515 1435 1557 mulieris,
1459 1518 1548 1560 puta
1572 1514 1829 1560 emancipatae.
1868 1514 1963 1559 quod
1996 1514 2026 1549 si
2057 1525 2173 1559 neque
2203 1514 2352 1550 heredes

1257 1560 1414 1595 habeat3
1437 1571 1554 1606 neque
1577 1564 1681 1605 pater
1704 1559 1873 1595 solvendo
1899 1560 1964 1602 sit,
1988 1560 2155 1595 maritum
2178 1560 2215 1594 in
2240 1570 2350 1605 quan-

1257 1609 1334 1640 tum
1357 1605 1480 1641 facere
1503 1609 1625 1651 potest
1647 1616 1712 1651 pro
1737 1606 1806 1641 hoc
1831 1605 2031 1648 conveniri,
2055 1615 2100 1641 ne
2123 1605 2253 1640 iniuria
2277 1605 2352 1640 eius

1258 1651 1436 1686 videretur
1466 1651 1647 1696 quondam
1679 1661 1827 1686 uxorem
1852 1651 1927 1686 eius
1951 1651 2165 1696 insepultam
2189 1651 2350 1696 relinqui.

1304 1694 1358 1734 29
1387 1696 1512 1732 GAIUs
1539 1697 1631 1732 libro
1663 1707 1760 1732 nono
1790 1696 1927 1732 decimo
1958 1696 2009 1731 ad
2030 1696 2183 1731 edictum
2201 1697 2352 1742 provin-

1260 1742 1352 1778 ciale
1399 1742 1437 1777 Si
1459 1742 1587 1778 mulier
1609 1745 1693 1787 post
1716 1742 1904 1777 divortium
1929 1741 1988 1776 alii
2011 1744 2125 1786 nupta
2149 1741 2352 1784 decesserit,

1258 1798 1331 1822 non
1366 1791 1472 1832 putat
1507 1787 1693 1823 Fulcinius
1728 1787 1884 1832 priorem
1918 1787 2107 1829 maritum,
2142 1786 2227 1822 licet
2261 1787 2353 1822 lucri

1260 1836 1273 1867 1
1327 1833 1446 1868 dotem
1469 1832 1592 1875 faciat,
1617 1832 1752 1868 funeris
1775 1833 1974 1878 impensam
1997 1835 2192 1878 praestare.
2236 1832 2272 1867 Is
2293 1833 2351 1877 qui

1257 1878 1366 1914 filiam
1389 1878 1544 1914 familias
1568 1878 1759 1921 funeravit,
1794 1882 1985 1923 antequam
2018 1878 2082 1913 dos
2133 1878 2202 1912 atri
2225 1877 2349 1913 redda-

1256 1927 1318 1959 tur
1361 1935 1443 1959 cum
1484 1924 1612 1959 marito
1655 1928 1754 1959 recte
1789 1924 1880 1969 agit:
1922 1923 2063 1959 reddita
2123 1926 2182 1958 ote
2215 1927 2353 1968 patrem

1257 1969 1452 2014 obligatum
1476 1970 1597 2004 habet.
1628 1969 1753 2014 utique
1773 1972 1903 2010 autem,
1929 1969 1959 2004 si
1980 1979 2061 2004 cum
2080 1969 2207 2003 marito
2232 1972 2352 2004 actum

1256 2014 1375 2057 fuerit,
1400 2015 1431 2050 is
1456 2025 1498 2050 eo
1521 2015 1639 2050 minus
1662 2015 1757 2060 patri
1781 2014 1938 2050 mulieris
1961 2015 2194 2050 restituturus
2219 2018 2283 2049 est.

1304 2057 1357 2097 30
1382 2060 1614 2096 POMPONIUS
1642 2060 1733 2096 libro
1767 2060 1893 2106 quinto
1928 2060 2065 2096 decimo
2097 2059 2148 2095 ad
2177 2058 2352 2095 Sabinum

1258 2104 1394 2141 Contra
1426 2116 1568 2150 quoque
1600 2105 1696 2150 quod
1727 2109 1831 2151 pater
1853 2105 1890 2140 in
1914 2105 2023 2140 funus
2047 2104 2166 2140 filiae⁴
2190 2105 2353 2149 inpendit

1257 2154 1321 2185 aut
1345 2151 1414 2186 alio
1440 2154 1567 2196 agente
1590 2161 1712 2186 secum
1735 2150 1950 2186 funeraticia
1973 2150 2164 2196 praestitit,
2189 2150 2267 2195 ipse
2291 2160 2351 2186 ac-

1259 2199 1272 2231 1
1324 2196 1421 2232 tione
1442 2196 1485 2231 de
1506 2196 1590 2231 dote
1611 2207 1632 2232 a
1651 2196 1781 2231 marito
1801 2196 1937 2241 recipit.
1986 2195 2056 2231 Sed
2076 2195 2107 2231 si
2127 2196 2352 2240 emancipata

1255 2242 1294 2276 in
1316 2241 1541 2277 matrimonio
1563 2241 1724 2283 decedat,
1747 2241 1940 2277 collaturos
1961 2241 2111 2277 heredes
2132 2241 2351 2276 bonorumve

1255 2297 1484 2332 possessores
1509 2290 1545 2322 et
1566 2290 1706 2333 patrem
1730 2297 1795 2333 pro
1846 2287 1985 2322 ortione
2009 2286 2103 2322 dotis
2129 2297 2235 2331 quam
2259 2287 2349 2321 reci-

1255 2332 1309 2378 pit
1333 2336 1368 2368 et
1391 2332 1503 2368 virum
1526 2343 1592 2378 pro
1643 2333 1781 2368 ortione
1830 2332 1898 2368 otis
1923 2342 2029 2377 quam
2052 2332 2213 2367 lucratus
2239 2335 2303 2367 est.

1303 2375 1353 2415 31
1391 2377 1587 2413 ULPIANUS
1616 2344 1707 2414 {bro
1741 2379 1934 2413 vicensimo
1966 2378 2093 2423 quinto
2124 2377 2175 2412 ad
2196 2376 2350 2412 edictum

1256 2423 1294 2458 Si
1317 2422 1411 2458 filius
1434 2422 1588 2459 familias
1612 2423 1712 2458 miles
1737 2423 1784 2458 sit
1806 2426 1842 2458 et
1864 2423 1997 2457 habeat
2028 2425 2210 2457 castrense
2240 2433 2349 2467 pecu-

1255 2468 1361 2511 lium,
1393 2473 1483 2514 puto
1517 2479 1743 2504 successores
1768 2468 1843 2503 eius
1868 2471 1951 2503 ante
1974 2467 2106 2510 teneri,
2139 2467 2190 2503 sic
2223 2467 2351 2503 deinde

1259 2517 1273 2549 1
1324 2514 1371 2549 ad
1402 2517 1541 2559 patrem
1571 2514 1702 2549 venire.
1752 2513 1820 2558 Qui
1843 2523 1984 2548 servum
2016 2513 2171 2547 alienum
2200 2513 2255 2548 vel
2286 2523 2349 2548 an-

1256 2559 1373 2594 cillam
1398 2559 1570 2604 sepelivit,
1595 2559 1706 2594 habet
1729 2559 1900 2594 adversus
1925 2558 2107 2593 dominum
2130 2557 2349 2593 funerariam

1256 2607 1275 2639 2
1324 2604 1512 2640 actionem.
1558 2604 1659 2639 Haec
1683 2605 1778 2639 actio
1812 2614 1883 2639 non
1916 2607 1971 2638 est
2002 2613 2141 2645 annua,
2175 2603 2238 2639 sed
2267 2613 2348 2649 per-

1255 2652 1384 2695 petua,
1418 2653 1454 2685 et
1484 2649 1608 2685 heredi
1632 2650 1830 2694 ceterisque
1854 2649 2123 2685 successoribus
2147 2652 2183 2684 et
2204 2649 2243 2684 in
2266 2659 2348 2685 suc-

1257 2705 1417 2730 cessores
1442 2695 1560 2730 datur.

1303 2738 1357 2778 32
1382 2740 1491 2776 PAUL
1499 2750 1544 2776 σε
1575 2739 1666 2776 libro
1698 2740 1888 2775 vicensimo
1923 2739 2075 2786 septimo
2111 2738 2162 2775 ad
2193 2739 2347 2775 edictum

1256 2785 1294 2820 Si
1316 2796 1504 2831 possessor
1526 2785 1732 2820 hereditatis
1755 2785 1864 2820 funus
1894 2784 2039 2827 fecerit,
2073 2784 2199 2820 deinde
2231 2785 2347 2820 victus

1254 2831 1292 2866 in
1315 2831 1542 2866 restitutione
1561 2841 1634 2866 non
1654 2830 1840 2866 deduxerit
1884 2830 1956 2865 uod
1976 2829 2199 2875 impenderit,
2223 2831 2347 2866 utilem

1261 2879 1273 2910 1
1323 2885 1402 2911 esse
1436 2876 1468 2911 ei
1490 2875 1718 2911 funerariam.
1767 2875 1806 2911 Si
1829 2886 1869 2911 eo
1898 2886 1951 2911 em
1975 2879 2154 2911 momento
2178 2876 2347 2928 temporis

1254 2920 1308 2956 vir
1331 2924 1366 2956 et
1390 2931 1481 2956 uxor
1505 2921 1708 2963 decesserit,
1732 2920 1855 2957 Labeo
1880 2921 1931 2956 ait
1952 2921 1991 2955 in
2011 2921 2177 2956 heredem
2196 2921 2262 2956 vir1
2280 2932 2345 2966 pro

1254 2967 1420 3011 portione
1444 2966 1539 3002 dotis
1564 2966 1844 3001 dandamhanc
1877 2966 2074 3008 actionem,
2107 2966 2276 3011 quoniam
2309 2966 2346 3001 id

1253 3012 1372 3056 ipsum
1396 3011 1490 3047 dotis
1514 3012 1657 3046 nomine
1680 3011 1727 3047 ad
1751 3022 1831 3047 eum
1854 3011 2025 3057 pervenit.

1302 3054 1354 3094 33
1387 3055 1582 3092 ULPIANUS
1609 3057 1700 3093 libro
1730 3058 1984 3104 seoeaqensimo
2017 3059 2141 3092 octavo
2172 3056 2223 3091 ad
2252 3055 2345 3091 edic-

1256 3105 1330 3136 tum
1378 3101 1416 3137 Si
1448 3102 1526 3146 quis
1556 3101 1626 3137 fuit
1648 3102 1771 3145 heres,
1803 3102 1929 3138 deinde
1950 3102 2130 3137 hereditas
2154 3102 2275 3136 ablata
2299 3101 2345 3136 sit

1256 3147 1288 3182 ei
1311 3147 1414 3192 quasi
1436 3147 1602 3192 indigno,
1634 3147 1746 3192 magis
1771 3151 1844 3190 est,
1876 3151 1918 3183 ut
1948 3157 2058 3192 penes
2083 3157 2163 3182 eum
2186 3147 2265 3181 iura
2289 3156 2344 3180 se-

1254 3192 1486 3237 pulchrorum
1508 3196 1727 3228 remaneant.

1300 3235 1355 3274 34
1379 3236 1437 3272 PA
1445 3247 1541 3272 ULUs
1568 3238 1658 3273 libro
1683 3238 1936 3284 sexaqensimo
1960 3240 2091 3283 quarto
2116 3236 2167 3271 ad
2189 3235 2342 3271 edictum

1255 3282 1293 3317 Si
1315 3282 1416 3317 locus
1441 3282 1508 3317 sub
1533 3282 1741 3319 condicione
1763 3283 1901 3328 legatus
1926 3283 1982 3324 sit,
2006 3282 2146 3317 interim
2166 3281 2268 3315 heres
2287 3280 2341 3314 in-

1253 3327 1400 3362 ferendo
1425 3330 1604 3363 mortuum
1628 3339 1702 3364 non
1724 3327 1813 3363 facit
1836 3329 1955 3364 locum
1978 3327 2189 3371 religiosum.

1300 3369 1352 3409 35
1378 3371 1620 3408 MARCELLUS
1647 3373 1738 3409 libro
1771 3374 1897 3419 quinto
1930 3373 2149 3419 dzyestorum
2195 3370 2342 3405 Minime

1254 3417 1406 3452 maiores
1428 3417 1620 3461 lugendum
1643 3421 1859 3463 putaverunt
1883 3429 1982 3459 eum,
2016 3417 2075 3461 qui
2110 3416 2155 3450 ad
2186 3414 2338 3460 patriam

1254 3462 1440 3497 delendam
1474 3466 1510 3498 et
1568 3467 1709 3499 arentes
1734 3467 1769 3498 et
1791 3463 1923 3498 liberos
1945 3460 2211 3497 interficiendos
2235 3470 2340 3494 vene-

1252 3507 1316 3542 rit:
1342 3517 1447 3552 quem
1465 3508 1496 3542 si
1555 3508 1607 3543 ‘us
1628 3513 1766 3554 patrem
1786 3513 1849 3543 aut
1895 3512 1972 3542 ater
1998 3507 2109 3541 filium
2138 3504 2338 3546 occidisset,

1254 3552 1352 3587 ⁶sine
1366 3552 1511 3595 scelere,
1535 3554 1642 3589 etiam
1664 3553 1821 3598 praemio
1847 3563 1869 3588 a
1893 3552 2082 3588 ficiendum
2106 3559 2227 3584 omnes
2253 3559 2338 3584 con-

1253 3597 1457 3632 stituerunt.

1786 3711 1828 3749 (5)
1854 3708 2018 3740 occidisse
2032 3709 2094 3741 ins.
