2528 3918
190 98 379 142 XXVIII
409 102 433 141 5

191 223 407 257 ‘contentam
427 222 464 254 te
483 227 562 254 esse
582 217 688 254 dote¹
708 218 836 255 volui’:
859 229 991 265 quaero
1013 230 1060 254 an
1081 219 1277 255 efficaciter

192 264 408 302 exheredata
430 263 487 299 sit.
534 262 759 299 Modestinus
788 264 972 317 respondit
1002 264 1089 300 nihil
1111 263 1275 310 proponi,

191 320 258 347 cur
279 320 351 345 non
376 311 471 343 esset
493 307 675 344 voluntate
697 312 878 345 testatoris
902 309 1128 345 exheredata.

237 351 290 392 63
327 350 411 396 (62)
447 351 556 388 loru
592 353 684 389 libro
725 354 882 390 seeundo
914 354 1180 401 pandectarum
1234 352 1276 388 In

190 403 331 444 tempus
364 397 560 450 capiendae
589 397 798 434 hereditatis
820 399 958 434 institui
981 398 1147 434 heredem
1169 407 1278 444 posse

190 443 458 480 benevolentiae
482 446 554 486 est,
586 443 695 479 veluti
719 443 865 479 ‘Lucius
889 444 1004 479 Titius
1037 454 1118 479 cum
1149 453 1278 496 capere

194 492 209 524 1
259 487 438 534 ‘potuerit
461 487 565 523 heres
589 487 697 524 esto’:
721 487 814 524 idem
837 489 927 524 etin
943 489 1070 534 legato.
1107 488 1279 533 Quotiens

190 543 264 569 non
287 536 447 578 apparet,
478 532 558 578 quis
580 532 684 569 heres
707 532 891 569 institutus
915 533 974 575 sit,
1005 533 1181 569 institutio
1206 543 1279 569 non

190 578 285 614 valet
316 578 414 623 (quip
441 587 461 613 e
491 577 630 613 evenire
660 581 798 623 potest,
833 578 863 614 si
894 582 1047 614 testator
1080 577 1280 631 complures

190 623 325 658 amicos
362 588 485 658 eod'em
519 622 663 658 nomine
693 622 826 658 habeat
857 627 893 658 et
922 623 968 658 ad
1000 622 1279 668 designationem

190 667 383 712 ’singulari
406 667 548 703 nomine
571 672 725 708 utatur):
762 668 830 703 nisi
861 678 905 703 ex
937 667 1015 703 aliis
1046 668 1280 713 apertissimis

189 712 463 759 probationibus
478 712 587 748 fuerit
602 712 808 755 revelatum,
829 723 894 758 pro
909 723 980 758 qua
998 723 1153 759 persona
1167 716 1279 749 testar-

190 763 249 794 tor
271 757 433 794 senserit.

236 799 291 840 64
316 799 400 846 (63)
425 801 473 838 ΙΔ
481 813 652 838 roseros
672 803 763 838 libro
780 803 904 848 primo
928 813 978 838 ex
1000 802 1121 838 Cassio
1167 802 1279 837 Here-

190 846 254 884 des
287 847 365 884 sine
398 848 562 893 partibus
597 852 716 882 utrum
752 847 968 883 coniunctim
1006 857 1053 882 an
1088 846 1280 892 separatim

191 892 407 936 scribantur,
431 893 501 929 hoc
524 894 685 934 interest,
713 891 821 937 quod,
853 893 884 927 si
908 892 987 937 quis
1011 902 1056 927 ex
1080 892 1280 928 coniunctis

191 937 365 981 decessit,
396 947 469 974 non
499 938 547 973 ad
578 947 718 979 omnes,
751 937 815 973 sed
845 937 893 972 ad
921 937 1077 983 reliquos
1109 937 1170 982 qui
1193 947 1279 973 con-

189 982 304 1018 iuncti
333 985 437 1018 erant
467 983 622 1028 pertinet
632 983 657 1025 ³,
690 982 746 1017 sin
778 985 898 1017 autem
929 992 974 1018 ex
1005 982 1200 1028 separatis,
1233 981 1280 1017 ad

190 1037 332 1070 omnes,
364 1027 426 1073 qui
455 1031 669 1063 testamento
701 1026 825 1062 eodem
855 1027 980 1073 scripti
1004 1032 1088 1063 sunt
1118 1026 1279 1069 heredes,

190 1073 310 1119 portio
335 1072 411 1108 eius
434 1073 598 1118 pertinet.

237 1114 290 1156 65
326 1115 409 1160 (64)
448 1117 557 1153 Imm
586 1117 676 1153 libro
710 1117 861 1163 septimo
896 1117 1134 1163 epistularum
1187 1116 1280 1153 Eius

190 1172 343 1205 servum,
369 1162 428 1208 qui
450 1166 535 1208 post
557 1165 707 1197 mortem
729 1171 844 1197 meam
867 1167 974 1197 natus
999 1163 1084 1205 erit,
1112 1162 1280 1198 heredem

189 1207 328 1244 institui
351 1217 458 1253 posse
481 1207 605 1242 Labeo
628 1206 832 1252 frequenter
864 1207 989 1242 scribit
1018 1207 1125 1253 idque
1154 1217 1281 1243 verum

191 1262 270 1289 esse
303 1252 491 1288 manifesto
527 1256 736 1297 argumento
771 1252 999 1297 comprobat:
1040 1252 1124 1298 quia
1158 1262 1280 1288 servus

189 1297 445 1340 hereditarius,
480 1297 689 1342 priusquam
723 1296 873 1332 adeatur
905 1297 1104 1340 hereditas,
1143 1297 1282 1333 institui

189 1343 294 1423 heuiffis
325 1346 462 1388 potest,
500 1341 661 1387 quamvis
695 1341 726 1377 is
761 1342 966 1377 testamenti
999 1342 1088 1378 facti
1122 1346 1282 1388 tempore

191 1399 217 1424 n
271 1387 324 1422 'us
349 1387 406 1422 sit.

237 1430 290 1470 66
317 1429 400 1476 (65)
424 1431 534 1467 loru
552 1431 643 1467 libro
667 1431 877 1468 duodecimo
896 1432 1133 1478 epistularum
1167 1432 1280 1467 Here-

191 1477 284 1513 ditas
316 1477 363 1512 ad
395 1476 549 1512 Statium
571 1476 729 1512 Primum
761 1476 858 1512 nullo
888 1477 966 1512 iure
996 1477 1167 1523 pertinet,
1200 1488 1281 1513 cum

189 1522 374 1558 institutus
405 1522 508 1557 heres
541 1532 614 1557 non
646 1521 709 1557 sit:
742 1531 809 1557 nec
841 1522 1030 1567 quicquam
1061 1523 1095 1558 ei
1121 1522 1280 1568 prodest,

214 1567 289 1603 uod
318 1567 363 1602 ab
396 1577 438 1603 eo
471 1566 605 1612 aliquid
634 1566 790 1612 legatum
825 1571 880 1602 est
903 1571 967 1603 aut
989 1568 1139 1603 libertus
1163 1567 1196 1603 ei
1219 1567 1280 1603 de-

188 1579 306 1649 lluncti
328 1615 542 1648 testamento
568 1611 836 1648 commendatus
861 1616 925 1647 est.
974 1623 1018 1648 ex
1041 1623 1112 1658 quo
1144 1613 1175 1648 si
1205 1622 1280 1648 ma·

190 1657 370 1693 numissus
394 1667 467 1692 non
491 1660 557 1699 est,
582 1667 705 1692 servus
729 1660 794 1692 est.

236 1699 289 1740 67
314 1699 397 1746 (66)
422 1701 654 1737 Poupomas
675 1701 769 1737 libro
787 1702 911 1749 primo
934 1702 984 1737 ad
1005 1701 1177 1745 Quintum
1199 1700 1282 1738 Mu-

189 1748 285 1784 cium
332 1746 370 1783 Si
400 1747 451 1782 ita
482 1747 561 1793 quis
591 1746 742 1782 heredes
774 1747 986 1782 instituerit:
1018 1747 1147 1783 ‘Titius
1177 1747 1281 1782 heres

191 1795 300 1828 ‘estoz
327 1791 439 1828 Gaius
463 1796 500 1827 et
522 1791 683 1827 Maevius
714 1792 838 1837 aequis
871 1802 915 1827 ex
945 1792 1108 1845 partibus
1131 1792 1282 1828 heredes

191 1837 334 1879 ‘sunto’‚
367 1837 527 1882 quamvis
558 1840 595 1872 et
617 1837 756 1883 syllaba
779 1837 1065 1873 coniunctionem
1087 1837 1218 1880 faciat,
1251 1837 1282 1872 si

190 1882 269 1929 quis
293 1885 414 1917 tamen
438 1892 482 1917 ex
504 1881 560 1917 his
585 1881 754 1924 decedat,
787 1892 860 1917 non
892 1883 995 1918 alteri
1018 1883 1085 1918 soli
1107 1893 1192 1927 pars
1217 1882 1280 1917 ad-

191 1927 339 1969 crescit,
371 1926 436 1962 sed
459 1930 496 1962 et
519 1926 684 1962 omuibus
709 1927 945 1963 coheredibus
968 1938 1034 1973 pro
1058 1927 1281 1963 hereditariis

239 1971 426 2052 rtionibuls,
452 1972 536 2017 quia
559 1982 632 2007 non
654 1976 728 2007 tam
753 1972 980 2008 coniunxisse
1002 1983 1110 2018 quam
1131 1972 1282 2008 celerius

190 1983 283 2053 glns'
254 2017 262 2024 ‘
285 2027 324 2052 se
346 2017 381 2051 vi
408 2021 520 2052 eatur.

237 2059 291 2099 68
317 2059 400 2104 (67)
424 2061 531 2097 IDEM
551 2061 643 2098 libro
667 2062 823 2098 secundo
855 2062 905 2097 ad

192 2106 231 2142 Si
260 2106 312 2142 ita
342 2107 516 2152 scriptum
545 2106 673 2142 fuerit:
715 2106 898 2142 ‘Tithasus
937 2107 967 2142 si
1000 2107 1038 2142 in
1069 2107 1283 2152 Capitolium

191 2151 416 2194 ‘ascenderit,
440 2152 544 2187 heres
566 2155 661 2187 esto:
687 2152 855 2188 Tithasus
875 2152 979 2187 heres
999 2152 1099 2195 esto’‚
1124 2152 1284 2187 secunda

192 2197 262 2233 scri
287 2200 371 2232 tura
393 2196 512 2242 potior
537 2196 621 2232 erit:
645 2196 784 2242 plenior
806 2201 862 2233 est
885 2197 976 2232 enim
1001 2207 1107 2242 quam
1156 2197 1241 2233 rior.

217 2207 292 2281 6ιό
316 2238 399 2285 (68)
424 2241 531 2277 IDEM
559 2241 650 2277 libro
673 2252 692 2276 s
739 2243 824 2278 timo
855 2242 905 2277 ad
929 2242 1097 2284 Quintum
1163 2243 1282 2278 ueium

193 2287 231 2323 Si
254 2287 333 2333 quis
351 2286 434 2323 Sem
459 2286 600 2322 ronium
623 2287 708 2322 here
734 2297 790 2322 em
812 2287 1006 2322 instituerit
1026 2287 1093 2322 sub
1110 2288 1180 2322 hac
1197 2297 1282 2322 con-

192 2332 333 2368 dicione
357 2332 401 2367 ‘si
456 2332 540 2367 itius
563 2331 601 2366 in
626 2331 839 2377 Capitolium
866 2332 1091 2374 ascenderit’,
1124 2332 1282 2384 quamvis

192 2388 266 2414 non
296 2377 384 2412 alias
415 2376 519 2412 heres
551 2386 632 2413 esse
654 2377 769 2422 possit
786 2377 1042 2422 Sempronius,
1075 2377 1143 2412 nisi
1167 2377 1282 2412 Titius

191 2422 414 2458 ascendisset
436 2422 475 2457 in
499 2421 724 2474 Capitolium,
755 2426 791 2457 et
811 2422 881 2458 hoc
903 2422 1021 2467 ipsum
1043 2422 1081 2457 in
1104 2425 1283 2467 potestate

192 2468 240 2503 sit
269 2467 465 2512 repositum
497 2467 601 2502 Titii:
642 2467 726 2519 quia
755 2470 875 2503 tamen
910 2467 1090 2512 scriptura
1123 2477 1197 2502 non
1228 2470 1284 2502 est

192 2522 364 2565 expressa
386 2511 551 2547 voluntas
575 2511 679 2554 Titii,
715 2512 782 2547 erit
804 2512 901 2548 utilis
926 2522 969 2547 ea
990 2512 1178 2548 institutio.
1226 2515 1281 2547 at-

192 2568 279 2603 qmn
302 2557 334 2593 si
356 2557 436 2602 quis
459 2556 511 2592 ita
534 2557 735 2602 scripserit:
768 2557 811 2592 ‘si
835 2556 951 2592 Titius
980 2557 1150 2600 voluerit,
1183 2556 1281 2592 Sem-

194 2602 353 2648 ‘pronius
384 2602 488 2637 heres
520 2602 621 2645 esto'‚
653 2612 726 2638 non
757 2603 852 2638 valet
877 2602 1073 2638 institutio:
1106 2601 1283 2647 quaedam

194 2647 287 2683 enim
310 2647 348 2682 in
371 2647 595 2682 testamentis
619 2646 650 2683 si
673 2647 928 2700 exprimantur,
957 2647 1124 2683 effectum
1147 2647 1283 2682 nullum

192 2692 347 2734 habent,
380 2692 543 2737 quando,
577 2691 608 2727 si
640 2693 756 2728 verbis
787 2696 970 2738 tegantur,
1003 2692 1152 2728 eandem
1176 2692 1282 2738 signi-

193 2736 397 2772 ficationem
419 2736 577 2771 habeant
624 2747 707 2772 uam
730 2737 905 2773 haberent
928 2747 1116 2782 expressa,
1149 2740 1186 2772 et
1207 2748 1282 2773 mo-

193 2784 352 2816 mentum
383 2781 527 2826 aliquod
558 2782 606 2816 ha
633 2782 743 2817 ebunt
752 2783 777 2818 ⁴.
834 2782 886 2818 sic
917 2782 1010 2817 euim
1040 2782 1103 2818 filii
1136 2782 1282 2818 exhere-

194 2825 290 2862 datio
316 2836 397 2861 cum
421 2836 462 2861 eo
487 2826 598 2868 valet,
631 2827 662 2862 si
686 2827 764 2873 quis
787 2827 892 2863 heres
916 2827 1063 2863 existat:
1097 2831 1133 2863 et
1161 2831 1283 2863 tamen

194 2881 298 2907 nemo
323 2870 482 2913 dubitat,
515 2871 620 2915 quin,
653 2872 684 2907 si
714 2872 766 2907 ita
796 2871 922 2918 aliquis
953 2871 1069 2908 filium
1089 2873 1282 2908 exhereda-

192 2915 693 2997 Ygffirgigfflherffiem‘
720 2919 837 2997 5(ιιιιιέἰ
838 2917 942 2953 heres
959 2917 1031 2998 eerxilt1
1042 2917 1169 2998 Τξιᾶιιῗι,
1188 2917 1283 2953 filius

513 2971 536 2995 n
589 2971 643 2996 1us
668 2973 808 2998 momen
860 2972 939 2998 esse
1034 2973 1072 2998 er
1117 2973 1139 2998 a
1168 2972 1282 2998 onem.

239 3003 294 3043 70
338 3002 422 3049 (69)
467 2986 675 3042 ’Paowzvs
713 3007 804 3043 libro
845 3007 1003 3043 seeundo
1045 3007 1282 3054 epistularum

195 3049 394 3087 ‘Cornelius
418 3053 454 3085 et
468 3049 643 3092 Maevius,
668 3055 747 3087 uter
771 3062 894 3087 eorum
916 3052 1020 3095 volet,
1045 3052 1147 3088 heres
1171 3053 1280 3088 esto':

193 3098 345 3141 uterque
368 3094 462 3130 vult:
489 3094 679 3131 Trebatius
703 3101 867 3132 neutrum
891 3096 969 3132 fore
991 3097 1169 3140 heredem,
1194 3096 1281 3133 Car-

192 3140 292 3176 tilius
315 3143 524 3185 utrumque:
549 3143 590 3174 tu
615 3141 672 3175 cui
696 3141 933 3177 adsentiaris?
974 3142 1170 3178 Proculus:
1195 3141 1281 3178 Car-

192 3185 270 3221 tilio
294 3184 456 3220 adsentio
481 3188 517 3219 et
539 3184 637 3219 illam
662 3185 895 3222 adiectionem
920 3190 1011 3222 ‘uter
1035 3197 1157 3223 eorum
1176 3187 1281 3223 volet'

193 3239 451 3276 supervacuam
482 3233 589 3275 puto:
627 3229 663 3264 id
699 3231 789 3266 enim
826 3231 931 3267 etiam
966 3241 1009 3267 ea
1038 3243 1111 3268 non
1142 3231 1283 3267 adiecta

191 3275 354 3310 futurum
374 3273 455 3316 fuit,
479 3278 531 3316 ut,
555 3277 636 3309 uter
658 3275 773 3317 vellet,
798 3276 900 3312 heres
924 3281 1028 3320 esset,
1057 3281 1138 3312 uter
1159 3276 1281 3320 nollet,

192 3319 298 3356 heres
321 3329 394 3355 non
418 3322 522 3355 esset.
569 3318 666 3364 quod
699 3320 729 3354 si
759 3320 796 3355 hi
824 3331 866 3355 ex
892 3332 1038 3357 numero
1062 3322 1281 3358 necessario-

192 3375 272 3400 rum
304 3364 476 3400 heredum
507 3367 645 3406 essent,
677 3367 752 3399 tum
784 3365 819 3399 id
851 3377 922 3401 non
945 3366 1081 3402 frustra
1103 3366 1280 3402 adiectum

193 3419 272 3445 esse
304 3413 341 3445 et
370 3419 443 3445 non
474 3408 590 3445 solum
621 3408 789 3453 figuram,
826 3410 888 3445 sed
922 3411 990 3446 vim
1022 3421 1163 3457 quoque
1195 3422 1280 3448 con-

193 3453 343 3490 dicionis
367 3453 568 3490 continere:
600 3453 751 3489 dicerem
783 3458 920 3498 tamen,
952 3457 984 3491 si
1006 3461 1157 3503 uterque
1178 3456 1281 3492 heres

193 3508 273 3534 esse
295 3499 411 3542 vellet,
435 3502 627 3544 utrumque
649 3498 815 3534 heredem
839 3509 927 3535 esse.

926 2061 1097 2105 Quintum
1120 2061 1282 2098 Mucium

192 3613 234 3653 (ι)
260 3613 331 3645 doti
343 3613 378 3646 F
437 3614 481 3655 (2)
499 3612 634 3646 nomine
647 3613 707 3646 ine.
721 3612 783 3653 F’,
797 3613 944 3646 nominis
958 3615 1017 3647 ine.
1031 3614 1083 3648 F'
1144 3618 1187 3656 (3)
1204 3625 1280 3658 per-

193 3657 282 3689 tinet
302 3658 363 3691 del.
457 3660 499 3699 (4)
524 3657 668 3690 habent:
694 3657 723 3690 si
737 3657 848 3691 verbis
861 3661 892 3690 te
918 3662 1028 3698 antur,
1049 3660 1199 3701 quamvis
1212 3670 1240 3693 e.
1253 3670 1280 3693 s.

194 3701 340 3734 habeant
360 3713 391 3745 q.
413 3702 445 3735 h.
468 3712 635 3745 expressa,
654 3706 858 3736 momentum
912 3703 1014 3744 iquod
1028 3704 1199 3737 habebunt
1217 3717 1280 3739 scr.

1261 93 1347 142 386

1501 0 1572 75 ζῆ

1560 75 1569 128 l
2084 111 2146 141 DE
2173 111 2430 147 munusue

1391 216 1451 271 71,
1461 215 1546 272 (79)
1565 218 1812 272 Rufulum
1823 220 1915 257 libro
1929 225 2035 257 sexto
2050 231 2304 268 responsorum
2335 223 2428 271 Cap-

1343 267 1495 299 tatonas
1508 267 1751 301 institutiones
1765 275 1839 301 non
1854 275 1916 301 eas
1931 269 2079 302 senatus
2094 266 2316 313 improbavit,
2336 279 2429 314 quae

1344 308 1476 344 mutuis
1499 308 1747 361 affectionibus
1769 310 1900 346 iudicia
1921 315 2222 356 provocaverunt,
2254 313 2318 349 sed
2363 325 2428 350 ua-

1344 363 1430 434 auffl
1456 353 1616 390 conthcio
1648 354 1831 391 confertur
1860 355 1907 391 ad
1938 359 2114 391 secretum
2143 357 2282 394 alienae
2303 368 2348 395 vo
2363 370 2428 396 un·

1395 440 1450 497 72
1473 440 1556 486 (71)
1580 442 1740 480 Pavwa
1759 444 1850 481 libro
1874 446 1999 492 quinto
2031 446 2082 482 ad
2103 446 2217 493 leyen·
2238 446 2373 483 Iuliam
2395 451 2431 484 et

1348 487 1506 535 Papiam
1560 488 1647 524 Illae
1681 492 1801 525 autem
1834 490 2075 527 institutiones
2108 493 2329 537 captatoriae
2358 503 2430 529 non

1348 536 1452 575 sunt,
1483 533 1592 568 veluti
1622 533 1653 569 si
1681 533 1734 569 ita
1761 534 1926 571 heredem
1957 537 2036 581 quis
2066 536 2246 572 instituat:
2281 540 2363 582 ‘qua
2386 547 2430 573 et

1348 581 1461 622 ‘parte
1481 577 1597 613 Titius
1620 588 1677 614 me
1698 578 1864 615 heredem
1886 580 2050 623 instituit,
2076 591 2120 617 ex
2144 591 2187 617 ea
2208 586 2311 627 parte
2329 582 2430 618 Mae-

1347 623 1437 658 ‘vius
1460 622 1564 658 heres
1589 623 1689 666 esto’‚
1720 624 1806 669 quia
1831 624 1868 659 in
1891 626 2138 670 praeteritum,
2170 637 2243 662 non
2273 627 2310 662 iu
2333 626 2430 662 futu·

1351 671 1389 709 1,
1414 678 1494 702 rum
1516 667 1691 704 institutio
1716 669 1847 704 collata
1870 674 1934 705 est.
1971 670 2040 706 Sed
2058 671 2147 706 illud
2162 671 2286 717 quaeri
2300 675 2431 717 potest,

1348 722 1395 747 an
1418 712 1511 748 idem
1534 713 1747 749 servandum
1769 714 1816 749 sit
1839 714 1934 759 quod
1957 719 2104 752 senatus
2121 717 2270 759 censuit,
2294 716 2432 753 etiamsi

1346 757 1384 792 in
1408 757 1513 810 aliam
1536 767 1725 803 personam
1749 759 1949 805 captionem
1973 759 2157 803 direxerit,
2187 761 2298 797 veluti
2328 762 2358 797 si
2381 761 2432 797 ita

1348 806 1546 848 scripserit:
1588 803 1760 845 “Titius,
1795 804 1826 839 si
1855 804 2034 840 Maevium
2065 805 2197 842 tabulis
2227 807 2432 842 testamenti

1349 847 1416 883 ‘sui
1439 846 1605 882 heredem
1629 858 1651 882 a
1674 858 1714 884 se
1737 849 1908 894 scriptum
1931 849 2127 886 ostenderit
2148 851 2431 897 probaveritque,

1349 893 1463 928 ‘heres
1487 893 1587 935 esto'‚
1616 893 1712 938 quod
1734 894 1771 928 in
1795 894 2007 929 sententiam
2030 898 2177 931 senatus
2200 896 2355 932 consulti
2379 896 2431 931 in·

1350 936 1468 973 cidere
1491 947 1564 972 non
1588 943 1644 973 est
1665 938 1822 973 dubium.

1395 979 1447 1019 73
1466 980 1549 1025 (72)
1569 982 1792 1019 renuimus
1808 983 1987 1020 Casurus
2002 983 2092 1020 libro
2109 988 2240 1031 quarto
2255 984 2305 1020 ad
2320 984 2432 1031 leqem

1348 1026 1481 1062 Iule‘am
1506 1031 1542 1062 et
1563 1027 1719 1074 Papiam
1765 1028 1802 1063 Si
1833 1029 1912 1074 quis
1943 1028 2094 1065 solidum
2125 1030 2172 1065 a⁷
2202 1029 2279 1075 lege
2306 1039 2435 1075 capere

1348 1072 1569 1152 egem}
1584 1078 1638 1153 eil
1666 1074 2339 1155 ffiffiii⁸⁸³31i¹ffs²2ss⁰ffim⁸iefflaffi
2355 1074 2435 1155 3332.

1647 1144 1656 1160 2

1349 1161 1551 1207 respondit:
1574 1162 1645 1208 legi
1668 1163 1760 1198 enim
1783 1163 1902 1199 locum
1925 1174 1997 1199 non
2021 1174 2100 1200 esse
2118 1164 2157 1199 in
2176 1174 2220 1200 ea
2237 1163 2435 1199 hereditate

1350 1217 1449 1289 quffi
1466 1207 1823 1306 ῗῗὲἳῃῗῖἒιῗῐῗςῃίἱῖιῗᾷ
1847 1253 2057 1306 duodecimo
2087 1254 2137 1306 afl
2165 1253 2278 1306 leqem
2300 1252 2434 1306 {aleam

1350 1300 1386 1333 et
1408 1296 1563 1344 Papiam
1612 1298 1686 1333 Sub
1719 1298 1928 1334 condicione
1957 1298 2087 1334 herede
2108 1302 2272 1334 instituto
2297 1309 2327 1334 si
2351 1298 2435 1334 sub-

1348 1342 1550 1385 stituamus,
1574 1343 1643 1378 nisi
1667 1343 1815 1379 eandem
1839 1343 2083 1380 condicionem
2106 1347 2319 1389 repetemus,
2346 1353 2436 1389 pure

1350 1397 1430 1423 eum
1453 1387 1618 1423 heredem
1642 1388 1858 1424 substituere
1879 1388 2123 1434 intellegimur.

1396 1430 1448 1469 75
1475 1430 1557 1476 (74)
1580 1432 1794 1469 Lmuvmvs
1812 1433 1992 1470 Rarmvs
2019 1434 2110 1470 libro
2139 1433 2296 1470 seeundo
2322 1444 2435 1481 requ-

1350 1477 1467 1513 larum
1514 1477 1552 1513 Si
1581 1477 1633 1513 ita
1663 1478 1742 1523 quis
1772 1479 1877 1514 heres
1903 1479 2088 1514 institutus
2111 1478 2239 1514 fueritt
2271 1481 2433 1524 ‘excepto

1350 1522 1493 1565 ‘fundo,
1525 1526 1676 1568 excepto
1700 1533 1770 1559 usu
1792 1522 1914 1559 fructu
1936 1524 2040 1560 heres
2065 1524 2165 1566 esto'‚
2222 1523 2343 1559 erinde
2369 1523 2436 1559 erit

1349 1568 1426 1603 iure
1457 1567 1551 1603 civili
1582 1571 1689 1613 atque
1713 1569 1744 1604 si
1765 1568 1842 1604 sine
1865 1579 1908 1604 ea
1931 1579 1971 1604 re
1993 1569 2097 1604 heres
2119 1569 2305 1604 institutus
2330 1572 2434 1611 esset,

1348 1612 1385 1648 id
1411 1623 1456 1648 ue
1479 1613 1694 1648 auctoritate
1718 1612 1812 1648 Galli
1834 1614 1867 1648 A
1893 1614 1967 1649 uilii
1990 1613 2126 1648 factum
2150 1617 2216 1650 est.

1378 1702 1386 1710 ·
1425 1655 1449 1695 6
1475 1656 1557 1702 (75)
1580 1657 1828 1694 panvinus
1843 1625 1933 1695 ligra
1954 1658 2163 1695 duodecimo
2183 1659 2435 1705 quaestionum

1350 1702 1389 1738 Sl
1408 1702 1502 1739 filius
1522 1703 1760 1739 substituatur
1777 1703 1819 1746 ei,
1844 1713 1867 1739 a
1890 1713 1959 1749 quo
1983 1703 2198 1748 praeteritus
2218 1708 2283 1747 est,
2308 1714 2381 1739 non
2395 1707 2437 1739 ut

1349 1748 1510 1783 intestati
1532 1748 1664 1793 patris,
1697 1748 1762 1784 sed
1784 1758 1829 1784 ex
1850 1751 2064 1784 testamento
2088 1748 2236 1784 habebit
2258 1748 2436 1784 heredita-

1350 1797 1441 1835 tem,
1474 1793 1642 1838 quoniam
1676 1797 1712 1828 et
1735 1793 1892 1838 quolibet
1915 1793 1985 1829 alio
2009 1793 2222 1835 substituto,
2254 1794 2286 1830 si
2310 1793 2438 1829 fuisset

1351 1838 1397 1873 ab
1423 1847 1464 1873 eo
1490 1838 1736 1880 exheredatus,
1768 1838 1851 1874 inde
1880 1841 2134 1874 testamentum
2156 1838 2344 1884 inciperet,
2374 1838 2437 1874 ubi

1350 1883 1444 1918 filius
1469 1886 1564 1918 esset
1586 1883 1833 1918 exheredatus.

1397 1925 1451 1965 77
1483 1925 1565 1971 (76)
1597 1927 1706 1980 ζοΕΜ
1735 1928 1826 1964 libro
1862 1929 1986 1974 quinto
2019 1928 2156 1965 decimo
2187 1929 2436 1975 quaestionum

1352 1973 1480 2008 Servus
1512 1983 1617 2009 uxori
1647 1983 1670 2008 a
1699 1973 1828 2009 marito
1860 1973 1984 2009 mortis
2009 1984 2120 2009 causa
2143 1974 2296 2010 donatus
2320 1973 2435 2011 mariti

1352 2022 1484 2060 manet,
1508 2022 1549 2053 ut
1572 2022 1608 2054 et
1630 2018 1768 2053 Iuliano
1794 2028 1935 2064 quoque
1950 2018 2107 2061 ffidetur.
2147 2018 2265 2054 idem⁸
2287 2019 2319 2054 si
2341 2019 2435 2054 acci·

1375 2063 1429 2098 iat
1450 2063 1651 2099 libertatem
1675 2063 1781 2099 simul
1800 2067 1835 2099 et
1853 2063 2097 2106 hereditatem,
2121 2064 2196 2100 viro
2213 2063 2437 2099 necessarius

1377 2118 1454 2144 eres
1479 2109 1563 2144 erit:
1588 2118 1656 2143 nec
1680 2108 1756 2143 sine
1778 2107 1942 2144 libertate
1965 2108 2098 2154 aliquid
2122 2109 2154 2144 ei
2177 2108 2287 2154 legari
2305 2111 2435 2154 potest.

1398 2150 1451 2191 78
1476 2151 1559 2196 (77)
1582 2154 1691 2189 loru
1716 2153 1807 2189 libro
1837 2154 1987 2200 septimo
2019 2154 2156 2190 decimo
2188 2155 2436 2200 quaestionum

1350 2199 1444 2234 Asse
1477 2202 1554 2234 toto
1589 2208 1662 2234 non
1697 2198 1886 2234 distributo
1921 2199 1973 2233 ita
2007 2199 2178 2244 scriptum
2213 2203 2284 2234 est:
2322 2202 2438 2244 ‘quem

1351 2243 1527 2279 ‘heredem
1551 2243 1721 2279 codicillis
1744 2243 1875 2286 fecero,
1907 2244 2009 2279 heres
2034 2244 2141 2279 esto’:
2175 2243 2308 2279 Titium
2340 2244 2436 2279 codi-

1352 2289 1440 2324 cillis
1464 2288 1631 2324 heredem
1653 2287 1818 2323 instituit.
1866 2288 1943 2324 eius
1973 2288 2116 2341 quidem
2144 2289 2319 2324 institutio
2342 2288 2438 2324 valet

1350 2333 1442 2376 ideo,
1472 2332 1579 2379 quod,
1610 2333 1696 2368 licet
1719 2333 1889 2369 codicillis
1913 2333 1990 2368 dari
2015 2333 2192 2369 hereditas
2217 2343 2288 2369 non
2311 2333 2436 2378 possit,

1351 2382 1471 2414 tamen
1502 2378 1592 2413 haec
1624 2387 1668 2412 ex
1699 2381 1910 2414 testamento
1943 2378 2028 2413 data
2057 2378 2214 2414 videtur:
2249 2377 2312 2414 sed
2341 2378 2437 2413 hoc⁹

1350 2427 1490 2458 tantum
1514 2434 1558 2458 ex
1580 2422 1778 2458 hereditate
1799 2423 1956 2465 habebit,
1981 2427 2153 2469 quantum
2177 2434 2222 2459 ex
2245 2433 2326 2459 asse
2348 2423 2435 2458 resi-

1352 2468 1460 2503 duum
1485 2468 1626 2503 mansit.

1398 2511 1460 2551 79·
1476 2510 1558 2556 (78)
1582 2513 1691 2548 loru
1717 2512 1808 2548 libro
1838 2516 1945 2548 sexto
1971 2523 2226 2559 responsorum
2273 2512 2340 2558 Qui
2363 2523 2436 2548 non

1350 2558 1546 2601 militabat,
1579 2558 1755 2593 bonorum
1778 2561 2039 2601 maternorum,
2071 2568 2163 2603 quae
2189 2559 2226 2594 in
2248 2558 2437 2594 Pannonia

1350 2603 1575 2649 possidebat,
1607 2603 1774 2638 libertum
1803 2603 1968 2638 heredem
1991 2603 2162 2645 instituit,
2193 2607 2434 2655 paternorum,

1351 2659 1444 2694 quae
1466 2648 1624 2684 habebat
1645 2648 1683 2683 in
1707 2647 1820 2694 Syria,
1844 2647 1987 2683 Titium.
2023 2648 2102 2684 iure
2123 2658 2287 2684 semisses
2310 2648 2436 2683 ambos

1350 2693 1484 2729 habere
1508 2693 1678 2735 constitit,
1711 2692 1775 2728 sed
1800 2693 1975 2728 arbitrum
1998 2693 2206 2728 dividendae
2228 2692 2436 2728 hereditatis

1351 2749 1553 2784 supremam
1576 2738 1794 2774 voluntatem
1817 2737 1923 2773 factis
1939 2737 2260 2774 adiudicationibus
2276 2741 2313 2773 et
2325 2738 2434 2773 inter-

1350 2783 1476 2865 {3³33ss
1487 2783 1827 2872 sssfflssssssruzfflffi
1849 2783 2078 2863 ἓιὶῖῇὲιῗὲἒέ
2095 2782 2331 2873 Εᾝέωᾚὲ,
2349 2782 2435 2863 Ῑῖιῗιῖ

1445 2855 1455 2871 9

1355 2877 1367 2908 1
1418 2873 1557 2909 ratione

1351 2918 1445 2954 Titio
1463 2929 1507 2954 ex
1523 2918 1594 2953 dua
1620 2927 1662 2953 us
1681 2917 1855 2963 partibus,
1878 2917 2006 2953 Publio
2022 2917 2160 2953 Maevio
2177 2928 2222 2953 ex
2236 2916 2434 2963 quadrante

1351 2963 1494 3009 scriptis
1524 2962 1715 2999 heredibus
1748 2972 1864 2997 assem
1889 2962 1928 2997 in
1951 2962 2159 2998 dodrantem
2183 2971 2261 2998 esse
2283 2961 2433 2996 divisum

1351 3018 1408 3044 res
1435 3007 1537 3044 omli:
1559 3007 1702 3046 modum
1726 3007 1819 3042 enim
1839 3007 1989 3043 duarum
1998 3007 2158 3060 partium
2175 3016 2219 3042 ex
2234 3006 2434 3052 quadrante

1351 3053 1416 3090 dec
1430 3053 1542 3088 arari:
1583 3052 1679 3105 quod
1708 3056 1844 3088 veteres
1875 3062 2027 3087 nummis
2057 3051 2151 3087 Titio
2174 3051 2299 3096 legatis
2330 3062 2432 3087 num-

1350 3108 1488 3134 morum
1511 3107 1630 3143 specie
1652 3107 1725 3132 non
1748 3097 1992 3132 demonstrata
2014 3100 2212 3132 ceterorum
2235 3096 2433 3142 legatorum

1351 3146 1371 3178 2
1419 3141 1718 3187 contemplatione
1733 3145 1954 3187 receperunt.
1986 3141 2086 3176 Filiis
2106 3141 2294 3177 heredibus
2310 3151 2332 3176 a
2377 3140 2433 3176 uis

1350 3188 1513 3233 partibus
1543 3186 1716 3222 institutis
1747 3197 1791 3222 ac
1814 3190 1940 3232 postea
1962 3184 2082 3222 fi-atris
2107 3186 2178 3222 filio
2203 3197 2268 3232 pro
2291 3185 2364 3222 dua
2389 3195 2433 3221 us

1350 3232 1466 3268 unciis
1490 3242 1600 3267 unum
1624 3242 1739 3267 assem
1761 3231 1855 3267 inter
1873 3240 1995 3267 omues
2013 3230 2123 3266 videri
2142 3231 2278 3267 factum
2295 3230 2433 3277 placuit

1350 3281 1387 3313 et
1416 3287 1460 3313 ex
1489 3287 1531 3312 eo
1563 3276 1686 3312 decem
1716 3276 1843 3312 uncias
1872 3275 1965 3311 filios
1989 3276 2189 3320 accepisse:
2221 3280 2309 3312 tunc
2340 3275 2432 3311 enim

1349 3331 1395 3358 ex
1419 3322 1532 3358 altero
1557 3331 1638 3357 asse
1659 3321 1859 3367 portionem
1881 3320 2035 3365 intellegi
2058 3321 2228 3363 relictam,
2254 3331 2336 3356 cum
2351 3330 2432 3355 asse

1349 3366 1557 3403 nominatim
1589 3366 1673 3402 dato
1697 3366 1752 3402 vel
1775 3365 1961 3402 duodecim
1985 3366 2099 3401 unciis
2122 3365 2320 3402 distributis
2343 3364 2431 3400 resi-

1349 3411 1423 3447 dua
1445 3411 1562 3458 portio
1586 3422 1658 3447 non
1681 3411 1875 3447 invenitur:
1908 3410 1995 3446 nihil
2022 3414 2140 3447 autem
2162 3411 2328 3454 interest,
2359 3419 2430 3455 quo

1348 3456 1429 3492 loco
1453 3456 1530 3492 sine
1553 3456 1717 3502 portione
1739 3455 1817 3501 quis
1841 3455 1944 3491 heres
1967 3455 2191 3499 instituatur,
2223 3465 2293 3508 quo
2319 3454 2431 3499 magis

1349 3503 1369 3537 3
1417 3501 1508 3537 assis
1543 3501 1723 3537 residuum
1758 3500 1940 3546 accepisse
1971 3500 2143 3537 videatur.
2196 3499 2299 3536 Seius
2328 3498 2430 3535 Mae-

1613 2872 1779 2908 uadranti
1805 2872 1990 2908 retinendo
2015 2876 2274 2925 compensetur.
2319 2872 2434 2907 Lucio

1348 3616 1392 3654 (5)
1416 3618 1451 3647 et
1467 3615 1528 3648 ine.
1542 3613 1594 3648 Ρ

1347 3659 1390 3693 Δ.
1404 3659 1512 3693 Hiber

1602 3660 1648 3701 (υ)
1672 3615 1740 3691 ιιὲἶ)
1749 3624 1871 3692 dam.
1885 3614 1921 3647 F

2016 3615 2058 3654 (ι)
2082 3613 2176 3647 adal.
2283 3615 2330 3656 (a)
2353 3611 2430 3646 ideo
