2528 3918
135 117 195 149 DE
224 117 316 147 MAN
324 117 490 149 UuuSs'is
523 117 732 148 VlNDlCTA

133 237 152 268 2
199 235 354 279 putaret.
389 231 510 267 Minor
528 230 650 276 viginti
667 230 770 265 annis
788 229 953 265 dominus
974 240 1041 265 nec
1062 240 1219 266 commu-

132 289 212 314 nem
244 277 387 323 quidem
418 286 558 312 servum
589 276 665 311 sine
690 275 838 310 consilio
870 279 966 310 recte
991 275 1219 310 manumittit.

133 323 187 358 ΡΑ
197 333 291 359 Ubus
311 326 430 358 notat.-
470 320 533 357 sed
564 320 594 357 si
617 320 756 365 pignori
786 320 981 364 obligatum
1014 321 1082 356 sibi
1105 321 1221 356 minor

132 369 251 413 viginti
282 368 383 403 annis
406 365 607 402 manumitti
630 366 799 411 patiatur,
825 371 923 400 recte
946 365 1219 407 manumittitur,

132 415 215 458 quia
247 424 318 449 non
350 417 422 447 tam
460 412 711 446 manumittere
747 411 777 446 is
808 421 914 455 quani
945 422 1018 446 non
1050 410 1220 456 impedire

131 459 434 494 manumittentem
457 456 685 501 intellegitur.

176 503 200 541 5
226 502 417 538 lomim
435 501 558 536 eodem
583 502 697 537 libro¹
745 502 803 536 An
838 501 936 546 apud
967 512 1006 536 se
1029 501 1220 536 manumit—

130 554 204 584 tere
227 548 342 594 possit
363 546 394 582 is
419 547 480 591 qui
509 547 697 582 consilium
720 547 910 591 praebeat,
947 557 1055 592 saepe
1079 545 1220 591 quaesi-

130 597 204 629 tum
228 597 293 628 est.
340 602 416 636 ego,
441 592 524 637 qui²
555 592 792 627 meminissem
815 592 1023 628 Iavolenum
1046 602 1219 637 praecep-

129 643 241 674 torem
271 647 388 672 meum
418 640 456 672 et
485 636 524 672 in
555 637 683 672 Africa
714 640 752 673 et
781 637 818 672 iu
851 637 954 683 Syria
983 648 1104 673 servos
1134 646 1220 672 suos

128 682 407 725 manumississe,
441 693 523 717 cum
560 683 746 718 consilium
777 683 986 727 praeberet,
1019 682 1220 727 exemplum

128 728 202 763 eius
227 731 370 762 secutus
403 730 440 763 et
462 727 500 762 in
531 731 702 772 praetura
726 731 762 763 et
794 728 986 763 consulatu
1008 738 1087 763 meo
1113 738 1219 772 quos-

127 773 207 808 dam
238 783 281 807 ex
311 772 422 808 servis
452 773 539 808 meis
571 773 729 809 vindicta
758 773 908 809 liberavi
939 777 976 809 et
1007 772 1220 819 quibusdam

126 818 352 864 praetoribus
377 818 648 853 consulentibus
671 829 728 854 me
751 818 845 854 idem
869 820 979 854 suasi.

171 860 196 900 6
221 863 328 898 IDEM
353 863 444 898 libro
473 864 631 899 secundo
655 864 706 899 ad
734 863 895 900 Urseium
918 865 1090 900 Ferocem
1138 864 1220 899 Ser-

125 920 188 944 vus
215 908 410 944 communis
432 909 518 953 quin
541 920 564 943 a
580 909 778 945 minoribus
799 909 922 954 viginti
943 909 1046 944 annis
1068 908 1220 944 dominis

125 954 239 999 possit
269 953 366 998 apud
397 954 585 989 consilium
614 955 836 997 manumitti,
873 955 1033 1000 quamvis
1058 965 1151 990 unus
1176 964 1220 989 ex

125 998 232 1034 sociis
258 1010 404 1034 causam
428 999 690 1044 adprobaverit,
715 1000 862 1036 dubium
887 1011 959 1036 non
983 1003 1049 1036 est.

171 1042 194 1080 7
224 1043 347 1080 Gaws
381 1045 472 1080 libro
507 1046 632 1091 primo
664 1056 786 1080 rerum
825 1046 1108 1081 cottidianarum
1144 1046 1220 1080 sive

124 1101 316 1125 aureorum
363 1089 446 1125 Non
479 1095 534 1126 est
573 1091 717 1127 omnino
753 1101 901 1126 necesse
940 1102 1006 1136 pro
1046 1090 1219 1126 tribunali

124 1136 391 1171 manumittere:
416 1135 538 1180 itaque
561 1136 771 1181 plerumque
794 1137 830 1171 iu
855 1136 1009 1172 transitu
1027 1135 1120 1171 servi
1143 1146 1218 1170 ma-

124 1180 267 1215 numitti
298 1180 432 1225 solent,
473 1191 555 1216 cum
594 1185 659 1216 aut
697 1181 840 1217 lavandi
870 1186 935 1217 aut
962 1181 1127 1227 gestandi
1155 1184 1220 1216 aut

124 1226 292 1261 ludorum
314 1227 431 1271 gratia
453 1226 628 1272 prodierit
651 1231 796 1272 praetor
817 1230 881 1262 aut
903 1226 1099 1272 proconsul
1122 1226 1218 1271 lega-

123 1276 224 1307 tusve
249 1271 424 1307 Caesaris.

169 1314 194 1354 8
231 1316 427 1353 ULPIANUS
454 1316 548 1353 libro
604 1317 706 1352 uinco
739 1318 789 1353 ad
818 1317 974 1353 edictum
1025 1317 1105 1362 Ego
1137 1328 1218 1352 cum

122 1363 159 1397 in
182 1362 266 1397 villa
284 1373 366 1397 cum
388 1366 556 1407 praetore
597 1362 738 1406 uissem,
762 1374 892 1408 passus
917 1373 997 1398 sum
1015 1362 1113 1408 apud
1137 1373 1218 1398 eum

122 1407 334 1451 manumitti,
359 1407 427 1443 etsi
450 1407 589 1443 lictoris
613 1408 820 1453 praesentia
843 1419 917 1444 non
942 1412 1048 1444 esset.

168 1452 193 1490 9
226 1452 464 1488 Miaomivos
497 1453 589 1489 libro
629 1454 736 1489 tertio
775 1454 913 1489 decimo
952 1454 1217 1489 institutionum

122 1498 222 1533 Iusta
253 1508 365 1534 causa
394 1497 682 1534 manumissionis
707 1503 778 1541 est,
806 1499 836 1534 si
858 1499 1020 1545 periculo
1045 1499 1139 1534 vitae
1162 1499 1216 1534 in-

124 1547 138 1578 1
189 1543 362 1579 famiaeve
393 1543 575 1579 dominum
607 1554 730 1579 servus
759 1544 975 1580 liberaverit.
1024 1544 1218 1580 Sciendum

120 1593 186 1631 est,
209 1589 480 1634 qualiscumque
501 1599 613 1624 causa
631 1590 788 1634 probata
809 1590 856 1625 sit
875 1594 912 1626 et
929 1594 1087 1635 recepta,
1108 1590 1217 1625 liber-

120 1638 231 1669 tatem
255 1635 413 1670 tribuere
443 1638 629 1680 oportere:
662 1646 745 1670 nam
775 1635 876 1671 divus
899 1635 986 1671 Pius
1011 1635 1218 1680 rescripsit³

121 1690 249 1715 causas
287 1680 460 1725 probatas
498 1679 665 1715 revocari
698 1691 772 1716 non
811 1681 1010 1726 oportere⁴,
1049 1681 1135 1716 dum
1172 1691 1217 1716 ne

121 1725 276 1760 alienum
294 1735 435 1761 servum
460 1725 575 1770 possit
590 1725 671 1770 quis
687 1727 956 1762 manumittere:
983 1737 1066 1761 nam
1083 1736 1217 1762 causae

120 1770 349 1816 probationi⁵
383 1770 722 1815 contradicendum,
755 1782 828 1807 non
861 1772 969 1808 etiam
1001 1782 1112 1808 causa
1145 1772 1216 1807 iam

121 1816 276 1862 probata
299 1816 532 1852 retractanda
555 1819 621 1852 est.

170 1860 220 1899 10
246 1861 352 1896 IDEM
380 1862 471 1897 libro
505 1862 610 1897 tertio
641 1862 854 1908 reqularum
902 1862 1009 1898 Surdi
1039 1863 1095 1898 vel
1127 1863 1218 1897 muti

122 1907 236 1952 patris
266 1906 361 1942 filius
389 1907 493 1943 iussu
523 1906 600 1943 eius
629 1907 881 1943 manumittere
913 1911 1049 1954 potest:
1088 1907 1217 1944 furiosi

120 1963 205 1988 vero
229 1952 323 1988 filius
348 1963 421 1988 non
444 1956 565 1998 potest
588 1953 851 1988 manumittere.

169 1996 215 2034 11
260 1997 455 2033 ULPIAiws
488 1998 580 2034 libro
610 2003 717 2034 sexto
747 1998 792 2033 de
821 1998 948 2044 officio
982 1999 1218 2045 proconsulis

121 2043 160 2078 Si
183 2043 299 2079 minor
329 2043 433 2079 annis
463 2043 588 2088 viginti
611 2043 839 2087 manumittit,
871 2043 1077 2080 huiusmodi
1101 2044 1218 2080 solent

121 2099 252 2124 causae
281 2087 569 2125 manumissionis
601 2089 730 2135 recipi:
767 2089 799 2125 si
830 2089 925 2125 filius
954 2089 1073 2126 filiave
1103 2089 1218 2125 frater

120 2145 267 2170 sororve
291 2134 466 2170 naturalis
490 2134 538 2170 sit

169 2177 220 2216 12
245 2179 353 2215 IDEM
378 2180 471 2216 libro
494 2179 653 2216 secundo
677 2180 728 2215 ad
751 2180 865 2227 leqem
888 2180 1028 2216 Aeliam
1053 2179 1214 2215 Sentiam

120 2225 175 2260 vel
208 2225 238 2261 si
269 2225 444 2270 sanguine
475 2235 557 2260 eum
589 2225 762 2271 contingit
799 2226 967 2269 (habetur
999 2226 1092 2262 enim
1122 2226 1215 2261 ratio

121 2281 140 2306 c
188 2271 373 2312 nationis):
631 2306 636 2316 ,

196 2313 220 2354 3
245 2315 355 2351 IDEM
379 2316 494 2352 libro⁶
523 2316 568 2351 de
600 2316 726 2362 officio
747 2316 980 2362 proconsulis
1025 2315 1058 2351 si
1082 2315 1214 2351 collac-

120 2366 265 2405 taneus,
297 2361 328 2397 si
352 2361 536 2404 educator,
560 2361 591 2397 si
614 2361 844 2407 paedagogus
867 2362 1000 2407 ipsius,
1026 2360 1056 2396 si
1080 2361 1214 2404 nutrix,

120 2407 176 2443 vel
198 2407 293 2442 filius
317 2406 435 2442 filiave
460 2407 561 2442 cuius
586 2417 728 2450 eorum,
753 2407 809 2443 vel
832 2407 1014 2450 alumnus,
1049 2406 1104 2442 vel
1128 2417 1213 2452 cap-

119 2452 237 2488 sarius
262 2452 312 2494 (id
336 2456 391 2487 est
414 2453 476 2497 qui
499 2455 622 2498 portat
644 2453 755 2488 libros
766 2454 805 2496 ⁷),
836 2453 893 2488 vel
924 2452 956 2488 si
984 2452 1022 2487 in
1045 2452 1114 2487 hoc
1138 2462 1214 2487 ma-

119 2497 354 2540 numittatur,
387 2501 427 2532 ut
450 2502 667 2543 procurator
690 2499 755 2540 sit,
788 2497 979 2533 dummodo
1004 2507 1076 2532 non
1099 2498 1217 2532 minor

120 2543 223 2579 annis
248 2543 372 2578 decem
394 2547 432 2578 et
456 2547 538 2579 octo
563 2544 620 2579 sit.
666 2547 854 2588 praeterea
878 2547 914 2579 et
935 2542 1026 2578 illud
1050 2543 1214 2587 exigitur,

122 2593 161 2623 ut
186 2599 258 2624 non
282 2589 406 2633 utique
430 2599 541 2623 unum
565 2599 706 2624 servum
729 2589 873 2631 habeat,
899 2588 961 2633 qui
984 2588 1214 2623 manumittit.

120 2635 204 2669 item
227 2633 258 2669 si
282 2633 499 2669 matrimonii
528 2644 639 2669 causa
667 2634 765 2678 virgo
789 2634 845 2669 vel
868 2634 995 2668 mulier
1023 2634 1215 2668 manumit-

121 2684 236 2721 tatur,
270 2683 397 2714 exacto
422 2679 522 2725 prius
545 2678 796 2723 iureiurando,
828 2683 869 2715 ut
896 2679 992 2714 intra
1024 2689 1087 2714 sex
1115 2689 1213 2714 meii-

121 2735 177 2760 ses
218 2734 363 2759 uxorem
398 2734 478 2760 eam
510 2723 596 2759 duci
627 2728 808 2770 oporteat:
846 2725 898 2759 ita
936 2724 1030 2760 enim
1068 2727 1214 2760 senatus

121 2769 272 2805 censuit.

169 2813 220 2852 14
245 2814 482 2850 MARoJAzws
510 2814 601 2850 libro
626 2819 758 2868 quarto
781 2815 992 2861 reqularum
1038 2815 1214 2850 Alumnos

120 2860 232 2905 magis
257 2860 462 2896 mulieribus
488 2869 700 2895 convemens
725 2864 780 2895 est
798 2860 1066 2896 manumittere:
1092 2860 1155 2895 sed
1180 2865 1216 2895 et

120 2906 157 2941 in
197 2905 280 2941 viris
317 2909 500 2950 receptum
540 2909 595 2940 est
629 2906 789 2951 satisque
821 2906 899 2942 est⁸
937 2906 1096 2950 permitti
1133 2916 1214 2941 eum

120 2951 339 2993 manumitti,
374 2950 412 2986 in
443 2961 514 2995 quo
546 2950 736 2986 nutriendo
765 2951 1033 2997 propensiorem
1057 2952 1214 2987 animum

124 3000 139 3031 1
188 2995 347 3031 fecerint.
397 2996 490 3031 Sunt
528 2995 590 3041 qui
626 3000 755 3040 putant
786 2996 894 3032 etiam
925 2997 1076 3032 feminas
1106 3007 1214 3042 posse

121 3041 336 3076 matrimonii
360 3051 472 3076 causa
495 3041 756 3084 manumittere,
781 3042 844 3077 sed
866 3042 929 3085 ita,
955 3042 985 3077 si
1009 3041 1102 3078 forte
1127 3053 1212 3077 con-

122 3097 243 3122 servus
269 3097 355 3122 suus
384 3086 423 3121 in
445 3087 515 3122 hoc
540 3087 572 3122 ei
595 3087 734 3131 legatus
758 3091 824 3123 est.
872 3092 908 3123 et
937 3088 968 3123 si
993 3087 1106 3132 spado
1130 3087 1214 3123 velit

122 3132 336 3167 matrimonii
361 3142 471 3168 causa
494 3133 756 3175 manumittere,
781 3137 919 3177 potest:
945 3143 1017 3168 non
1041 3132 1135 3168 idem
1159 3138 1215 3168 est

121 3178 158 3212 in
182 3181 350 3213 castrato.

171 3221 220 3259 15
247 3221 405 3257 Panes
426 3223 518 3258 libro
535 3223 661 3268 primo
685 3222 736 3257 ad
758 3221 871 3268 leqem
888 3223 1026 3259 Aeliam
1051 3223 1213 3259 Sentium

121 3267 242 3302 Etiam
282 3267 501 3303 condicionis
537 3267 739 3312 implendae
778 3277 888 3303 causa
925 3268 1055 3304 minori
1091 3268 1214 3313 viginti

122 3313 225 3348 annis
258 3312 507 3348 manumittere
538 3312 816 3358 permittendum
839 3317 910 3355 est,
943 3314 1053 3349 veluti
1078 3314 1109 3349 si
1133 3313 1212 3358 quis

122 3358 174 3393 ita
204 3358 308 3393 heres
338 3357 525 3393 institutus
560 3358 623 3400 sit,
665 3357 718 3393 si⁹
752 3367 893 3393 servum
933 3358 979 3393 ad
1011 3359 1213 3394 libertatem

128 3406 140 3437 1
190 3403 408 3448 perduxerit.
453 3403 513 3438 Ex
531 3403 729 3456 praeterito
752 3407 912 3447 tempore
934 3404 1056 3449 plures
1081 3414 1213 3440 causae

124 3458 201 3483 esse
231 3452 403 3492 possunt,
432 3448 542 3484 veluti
565 3448 661 3493 quod
686 3448 867 3483 dominum
889 3449 926 3483 in
949 3449 1086 3494 proelio
1110 3449 1212 3485 adiu-

122 3494 272 3529 vaverit.
313 3497 438 3528 contra
477 3494 636 3530 latrones
671 3494 784 3528 tuitus
826 3493 892 3535 sit,
934 3494 1030 3538 quod
1067 3504 1213 3539 aegrum

1212 103 1291 149 (515

2156 92 2328 148 xxxx
2358 109 2382 146 2

1289 227 1416 273 exequi
1445 227 1679 269 voluerimus,
1713 230 1797 272 qula
1828 231 1940 265 multa
1969 232 2095 266 merita
2117 231 2275 267 incidere
2298 242 2380 276 pos-

1289 278 1391 315 sunt,
1426 273 1555 317 quibus
1590 273 1780 308 honestum
1812 276 1858 310 sit
1891 275 2091 312 libertatem
2125 287 2207 312 cum
2238 276 2380 312 decreto

1289 323 1489 364 praestare:
1521 329 1611 363 quas
1634 318 1824 354 aestimare
1849 320 1991 356 debebit
2014 322 2061 363 is,
2086 322 2184 366 apud
2208 332 2312 367 quem
2338 322 2381 356 de

1290 368 1309 398 2
1357 374 1401 399 ea
1431 374 1471 399 re
1493 367 1633 409 agatur.
1681 363 1806 399 Plures
1838 366 1994 401 vindicta
2023 368 2158 411 pariter
2181 367 2382 402 manumitti

1289 413 1441 454 possunt
1461 412 1497 445 et
1520 408 1656 444 sufficit
1679 410 1884 454 praesentia
1905 421 2098 454 servorum,
2124 416 2165 447 ut
2189 413 2243 448 vel
2262 413 2383 457 plures

1289 458 1310 490 3
1358 455 1559 490 manumitti
1577 454 1717 499 possint
1727 456 1766 489 ¹⁰.
1802 455 1942 491 Absens
1968 468 2108 502 quoque
2129 469 2275 493 causam
2299 469 2382 502 pro·

1289 503 1312 535 4
1360 501 1447 536 bare
1483 510 1549 545 per
1587 504 1857 544 procuratorem
1897 502 2038 545 poterit.
2087 503 2124 538 Si
2156 503 2226 538 duo
2259 504 2383 537 matri-

1289 545 1399 580 monii
1431 556 1543 580 causa
1574 545 1843 587 manumittent‚
1883 547 1994 590 recipi
2025 558 2136 583 causa
2166 560 2239 583 non
2267 548 2386 584 debet-

1290 594 1308 624 5
1356 590 1404 625 Hi
1428 591 1490 636 qui
1513 591 1550 625 in
1573 590 1678 625 ltalia
1701 590 1756 626 vel
1779 591 1852 626 alia
1875 592 2057 635 provincia
2078 593 2294 629 domicilium
2319 595 2384 628 ha-

1290 636 1393 678 bent,
1434 636 1533 681 apud
1570 635 1716 671 alterius
1750 636 1957 681 provinciae
1996 638 2196 682 praesidem
2234 639 2386 675 consilio

1289 681 1451 716 adhibito
1476 682 1726 717 manumittere
1748 684 1912 726 possunt.

1339 724 1388 764 16
1422 726 1617 762 ULPJANUS
1638 727 1730 762 libro
1753 727 1912 763 secundo
1935 727 1985 762 ad
2008 728 2121 774 leqem
2141 729 2279 765 Aeliam
2296 728 2379 764 Sen-

1289 772 1375 807 tiam
1422 771 1516 806 Illud
1552 772 1590 806 in
1628 772 1747 807 causis
1784 772 1980 818 probandis
2011 773 2211 810 meminisse
2248 774 2383 810 iudices

1289 820 1449 862 oportet,
1483 820 1524 852 ut
1555 828 1628 852 non
1660 828 1705 853 ex
1729 818 1889 861 luxuria,
1922 818 1986 853 sed
2010 828 2055 853 ex
2078 818 2212 854 affectu
2236 820 2383 855 descen-

1289 862 1413 897 dentes
1435 873 1564 898 causas
1583 863 1755 907 probent:
1779 873 1895 908 neque
1917 863 2011 899 enim
2030 863 2177 906 deliciis,
2198 865 2259 900 sed
2280 865 2384 900 iustis

1289 907 1540 943 affectionibus
1565 908 1707 943 dedisse
1730 908 1862 944 iustam
1886 909 2088 944 libertatem
2112 910 2223 954 legem
2246 910 2384 945 Aeliam

1294 956 1306 987 1
1358 953 1517 988 Sentiam
1542 953 1770 988 credendum.
1819 954 1858 989 Si
1882 954 1960 999 quis
1984 954 2112 990 minori
2135 955 2258 999 viginti
2281 956 2385 990 annis

1288 998 1357 1033 hac
1382 999 1459 1043 lege
1483 1009 1625 1034 servum
1649 998 1786 1034 dederit
1817 1003 1881 1034 aut
1911 1000 2026 1044 pretio
2061 1005 2211 1045 accepto
2243 1001 2297 1036 vel
2321 1000 2384 1036 do-

1288 1044 1444 1079 nationis
1479 1054 1610 1087 causa,
1650 1048 1692 1079 ut
1723 1055 1803 1079 eum
1840 1045 1991 1080 liberum
2021 1045 2144 1089 faciat,
2177 1049 2296 1090 potest
2327 1046 2386 1081 ille

1289 1099 1435 1124 causam
1466 1089 1754 1125 manumissionis
1786 1090 1889 1125 istius
1903 1092 1930 1111 ¹¹
1963 1091 2135 1135 probare,
2170 1091 2239 1126 hoc
2268 1091 2386 1136 ipsum

1288 1134 1447 1179 allegans
1480 1135 1594 1180 legem
1626 1134 1767 1177 datam,
1803 1140 1838 1171 et
1862 1136 2060 1180 perducere
2084 1136 2131 1171 ad
2162 1136 2384 1172 libertatem:

1290 1190 1374 1224 ergo
1404 1180 1463 1216 hic
1495 1180 1603 1215 debet
1627 1180 1814 1217 ostendere
1838 1181 1908 1217 hoc
1938 1182 2031 1216 inter
2054 1182 2152 1226 ipsos
2177 1185 2314 1223 actum,
2346 1185 2387 1216 ut

1288 1225 1438 1270 proinde
1462 1225 1518 1261 vel
1541 1235 1586 1261 ex
1609 1225 1687 1271 lege
1712 1226 1916 1262 donationis
1947 1227 2003 1262 vel
2027 1237 2071 1262 ex
2095 1227 2286 1263 affectione
2309 1228 2386 1263 eius

1289 1270 1350 1316 qui
1374 1271 1472 1306 dedit
1495 1281 1554 1307 res
1578 1271 1787 1307 aestimetur
1800 1273 1839 1307 ¹².

1339 1313 1389 1354 17
1403 1316 1460 1352 ΡΑ
1467 1326 1511 1351 Ul.
1519 1326 1563 1352 vs
1580 1317 1672 1352 libro
1686 1318 2013 1364 quinquaqensimo
2026 1317 2077 1353 ad
2092 1318 2247 1354 edictum
2277 1318 2387 1363 Apud

1287 1362 1561 1406 proconsulem,
1585 1367 1776 1408 postquam
1800 1364 1925 1398 urbem
1949 1373 2114 1408 egressus
2139 1367 2204 1406 est,
2229 1363 2386 1399 vindicta

1287 1407 1540 1443 manumittere
1577 1419 1787 1453 possumus:
1827 1408 1891 1445 sed
1924 1412 1961 1444 et
1992 1408 2090 1454 apud
2121 1409 2277 1454 legatum
2310 1410 2385 1444 eius

1287 1453 1536 1489 manumittere
1560 1463 1762 1498 possumus.

1336 1495 1388 1536 18
1412 1498 1522 1533 IDEM
1547 1499 1639 1534 libro
1671 1503 1777 1535 sexto
1810 1499 1947 1535 decimo
1972 1499 2022 1534 ad
2043 1498 2230 1535 Plautium
2277 1500 2385 1545 Apud

1286 1543 1398 1579 filium
1419 1543 1573 1580 familias
1594 1555 1652 1579 ma
1676 1545 1843 1580 istratum
1861 1545 2064 1580 manumitti
2086 1549 2219 1590 potest,
2244 1545 2385 1581 etiamsi

1290 1592 1304 1624 1
1354 1589 1432 1635 ipse
1452 1590 1546 1624 filius
1570 1555 1724 1625 familias
1745 1591 1995 1626 manumittere
2018 1601 2091 1626 non
2110 1594 2241 1635 potest.
2276 1591 2383 1636 Apud

1287 1635 1458 1679 collegam
1503 1646 1607 1670 suum
1653 1639 1800 1680 praetor
1839 1636 2091 1671 manumittere
2138 1647 2212 1671 non
2251 1640 2382 1681 potest.

1286 1682 1306 1714 2
1354 1680 1467 1716 Filius
1502 1691 1645 1725 quoque
1668 1681 1852 1717 voluntate
1884 1681 1998 1726 patris
2023 1681 2121 1726 apud
2144 1686 2283 1726 patrem
2308 1692 2383 1717 ma-

1286 1726 1478 1761 numittere
1501 1726 1643 1771 poterit.

1337 1768 1388 1808 19
1417 1770 1563 1807 Cusas
1592 1772 1683 1807 libro
1714 1773 1904 1808 vicensimo
1944 1783 2040 1807 nono
2073 1772 2293 1825 diqestorum
2344 1773 2381 1808 Si

1286 1816 1403 1852 minor
1426 1817 1531 1852 annis
1561 1816 1659 1862 apud
1684 1817 1871 1852 consilium
1903 1817 2118 1852 matrimonii
2143 1827 2253 1853 causa
2276 1828 2380 1863 prae-

1284 1865 1428 1906 gnatem
1451 1862 1698 1898 manumiserit
1719 1872 1833 1906 eaque
1855 1862 1998 1898 interim
2021 1863 2212 1907 pepererit,
2237 1863 2274 1897 in
2293 1874 2378 1908 pen-

1286 1906 1386 1942 denti
1410 1907 1488 1950 erit,
1513 1918 1636 1943 servus
1661 1918 1709 1942 an
1731 1908 1823 1943 liber
1846 1908 1903 1950 sit,
1929 1918 2035 1953 quem
2059 1918 2102 1943 ea
2125 1909 2275 1953 peperit.

1331 1950 1384 1990 20
1411 1951 1607 1988 Uimzws
1628 1953 1719 1988 libro
1743 1953 1900 1989 secundo
1926 1955 1970 1988 cle
1994 1953 2121 1998 officio
2146 1953 2303 1989 consulis
2345 1954 2383 1989 Si

1284 2002 1433 2043 rogatus
1446 1998 1494 2033 sit
1510 1998 1626 2033 minor
1646 1998 1771 2043 viginti
1789 1999 1946 2044 quinque
1960 1999 1987 2020 ¹³
2010 1999 2114 2034 annis
2135 1999 2383 2035 manumittere

1285 2053 1351 2088 per
1381 2043 1711 2086 fideicommissum,
1744 2044 1998 2079 incunctanter
2021 2043 2128 2079 debet
2159 2044 2191 2079 ei
2215 2044 2382 2088 permitti,

1285 2088 1355 2124 nisi
1386 2089 1417 2124 si
1446 2088 1633 2134 proprium
1663 2099 1805 2124 servum
1837 2093 1983 2133 rogatus
2015 2089 2084 2124 fuit
2114 2089 2381 2125 manumittere:

1285 2133 1345 2170 hic
1368 2134 1463 2170 enim
1488 2134 1704 2170 conferenda
1728 2134 1796 2169 erit
1819 2135 2001 2179 quantitas
2026 2135 2265 2177 emolumenti,
2291 2145 2383 2179 quae

1285 2179 1333 2214 ad
1362 2189 1444 2215 eum
1474 2180 1636 2225 pervenit
1673 2190 1719 2215 ex
1747 2179 1879 2216 iudicio
1911 2180 1987 2215 eius
2018 2180 2079 2225 qui
2109 2180 2265 2225 rogavit,
2302 2191 2382 2216 cum

1288 2228 1303 2259 1
1354 2225 1471 2270 pretio
1495 2235 1618 2261 eorum
1643 2236 1733 2270 quos
1757 2236 1798 2260 ro
1823 2230 1904 2261 atus
1930 2229 1985 2261 est
2006 2226 2267 2261 manumittere.
2312 2225 2382 2260 Sed

1285 2274 1322 2305 et
1345 2270 1377 2306 si
1399 2271 1469 2306 hac
1493 2270 1571 2315 lege
1595 2271 1628 2306 ei
1652 2281 1776 2306 servus
1813 2271 1912 2307 'uerit
1935 2271 2101 2313 donatus,
2126 2275 2166 2305 ut
2190 2271 2380 2305 manumit-

1284 2320 1392 2358 tatur,
1417 2316 1694 2361 permittendum
1717 2316 1786 2351 erit
1809 2316 2075 2359 manumittere,
2101 2326 2146 2351 ne
2173 2316 2381 2351 constitutio

1285 2361 1355 2397 divi
1366 2361 1484 2397 Marci
1502 2362 1758 2415 superveniens
1773 2362 2040 2397 cunctationem
2056 2362 2213 2397 consulis
2226 2361 2379 2396 dirimat.

1286 2410 1304 2441 2
1353 2407 1575 2443 Matrimonii
1599 2417 1709 2442 causa
1733 2408 1982 2442 manumittere
2006 2407 2038 2441 si
2082 2407 2137 2441 uis
2156 2407 2240 2442 velit
2257 2407 2339 2442 etis
2353 2408 2380 2428 ¹⁴

1285 2452 1350 2496 sit,
1384 2453 1445 2497 qui
1469 2463 1542 2488 non
1573 2451 1717 2497 indigne
1748 2452 1953 2487 huiusmodi
1986 2463 2054 2487 con
2080 2452 2206 2487 icionis
2231 2462 2379 2488 uxorem

1285 2502 1305 2533 3
1352 2497 1547 2534 sortiturus
1572 2498 1629 2540 sit,
1655 2498 1723 2533 erit
1747 2498 1779 2533 ei
1804 2497 2081 2533 concedendum.
2122 2497 2267 2532 Mulieri
2292 2508 2379 2541 quo-

1285 2554 1354 2588 que
1372 2543 1504 2579 volenti
1522 2554 1627 2578 suum
1646 2543 1759 2578 filium
1780 2543 1980 2579 naturalem
1999 2543 2054 2578 vel
2075 2553 2180 2587 quem
2206 2553 2250 2578 ex
2269 2553 2380 2587 supra

1284 2588 1428 2633 scriptis
1469 2588 1720 2624 manumittere
1781 2588 2032 2623 ermittendum
2068 2598 2147 2624 esse
2184 2587 2378 2623 Marcellus

1284 2637 1306 2668 4
1353 2634 1489 2669 scribit.
1523 2634 1658 2670 Consul
1670 2600 1779 2678 apud)
1779 2644 1817 2669 se
1829 2638 1950 2678 potest
1959 2633 2221 2676 manumittere,
2242 2633 2378 2670 etiamsi

1284 2680 1451 2720 evenerit,
1477 2683 1518 2715 ut
1541 2680 1656 2714 minor
1680 2679 1783 2714 annis
1807 2679 1930 2724 viginti
1954 2679 2011 2714 sit.

1331 2722 1379 2761 21
1410 2724 1666 2760 Moossmrvs
1695 2725 1786 2760 libro
1813 2726 1936 2770 primo
1954 2724 2224 2771 pandectarum
2270 2724 2378 2770 Apud

1282 2770 1507 2815 praefectum
1537 2770 1690 2816 Aegypti
1719 2780 1866 2814 possum
1896 2779 2037 2805 servum
2060 2770 2310 2806 manumittere
2334 2780 2376 2807 ex

1284 2816 1544 2851 constitutione
1568 2815 1637 2850 divi
1660 2815 1827 2860 Augusti.

1330 2858 1384 2898 22
1415 2860 1471 2896 ΡΑ
1480 2871 1575 2896 Utus
1608 2861 1699 2895 libro
1731 2860 1942 2895 duodecimo
1972 2862 2222 2906 quaestionum
2268 2861 2378 2896 Pater

1283 2917 1327 2941 ex
1350 2907 1535 2952 provincia
1559 2906 1605 2941 ad
1627 2905 1738 2940 filium
1764 2906 1880 2941 sciens
1893 2905 2031 2941 Romae
2100 2911 2219 2942 entem
2243 2907 2375 2951 epistu-

1282 2952 1354 2986 lam
1377 2951 1479 2992 fecit,
1513 2961 1604 2995 quae
1636 2950 1797 2995 permisit
1820 2952 1872 2992 ei,
1905 2961 2008 2996 quem
2039 2961 2080 2987 ve
2108 2955 2146 2987 et
2176 2963 2221 2987 ex
2252 2951 2375 2993 servis,

1283 3007 1373 3042 quos
1396 2997 1434 3032 in
1457 2996 1653 3031 ministerio
1679 3006 1800 3031 secum
1824 2997 1883 3031 hic
1906 2997 2083 3039 habebat,
2107 2997 2265 3032 vindicta
2286 2997 2376 3031 libe-

1282 3053 1378 3077 rare:
1402 3046 1486 3087 post
1510 3052 1617 3087 quam
1639 3041 1734 3076 filius
1755 3042 1915 3077 Stichum
1933 3042 2137 3077 manumisit
2155 3042 2252 3086 apud
2270 3052 2373 3086 prae-

1283 3092 1414 3122 torem:
1447 3097 1590 3132 quaero,
1616 3097 1662 3121 an
1686 3086 1813 3121 fecerit
1836 3087 1999 3123 liberum.
2047 3087 2231 3132 respondi:
2262 3097 2373 3138 quare

1282 3143 1355 3168 non
1383 3133 1452 3167 hoc
1485 3143 1696 3168 concessum
1728 3132 1914 3168 credamus
1951 3133 2064 3177 patri,
2097 3136 2139 3166 ut
2169 3136 2374 3176 permittere

1282 3178 1398 3223 possit
1420 3177 1494 3212 filio
1519 3188 1563 3212 ex
1586 3178 1652 3219 his,
1679 3188 1767 3221 quos
1791 3177 1829 3212 in
1847 3178 2041 3213 ministerio
2062 3178 2221 3219 haberet,
2246 3187 2371 3211 manu-

1282 3223 1445 3258 mittere?
1471 3223 1584 3257 solam
1607 3222 1702 3257 enim
1725 3223 1934 3258 electionem
1959 3223 2030 3257 filio
2057 3222 2251 3264 concessit,
2278 3225 2371 3256 cete-

1281 3279 1360 3303 rum
1384 3269 1461 3313 ipse
1485 3267 1712 3303 manumittit.

1328 3311 1381 3350 23
1400 3313 1746 3348 Hssuoosmmws
1762 3314 1852 3348 libro
1873 3314 1994 3358 primo
2019 3313 2109 3347 iuris
2133 3314 2369 3358 epitomarum

1280 3358 1516 3393 Manumissio
1539 3368 1606 3403 per
1627 3358 1772 3394 lictores
1801 3359 1908 3393 hodie
1932 3358 2071 3392 domino
2097 3361 2238 3392 tacente
2264 3367 2369 3401 expe-

1282 3403 1349 3438 diri
1373 3404 1482 3445 solet,
1506 3407 1543 3439 et
1565 3404 1675 3439 verba
1698 3404 1882 3440 sollemnia
1904 3403 1988 3437 licet
2012 3413 2083 3437 non
2113 3402 2295 3436 dicantur.
2330 3407 2368 3435 ut

1244 3451 1247 3536 1
1282 3448 1380 3483 dicta
1403 3448 1640 3493 accipiuntur.

1328 3491 1383 3530 24
1407 3493 1566 3529 Pacius
1592 3494 1682 3530 libro
1713 3494 1869 3529 secundo
1901 3493 1950 3527 ad
1974 3492 2160 3526 Neratium
2208 3490 2366 3534 Pupillus

123 3539 320 3582 sanaverit,
344 3538 438 3583 quod
461 3538 608 3575 insidias
632 3538 817 3575 detexerit.
866 3542 902 3574 et
923 3539 1068 3584 longum
1091 3544 1157 3584 est,
1181 3540 1212 3576 si
1243 3545 1248 3575 l
1282 3538 1345 3584 qui
1366 3538 1486 3574 infans
1509 3549 1582 3575 non
1613 3543 1668 3575 est
1692 3539 1788 3584 apud
1813 3538 1998 3574 consilium
2022 3541 2120 3571 recte
2143 3535 2362 3570 manumittit.

130 3615 166 3619 -—-
175 3616 187 3618 -
208 3615 1001 3622 ..a—m-

124 3654 164 3692 (1)
191 3652 250 3684 iul.
262 3652 375 3685 eodm
387 3651 476 3685 libro
489 3652 552 3685 del.
566 3653 619 3685 10²

125 3699 167 3735 (8)
197 3696 273 3729 Coa.
296 3698 328 3737 7,
347 3705 373 3739 1,
393 3705 404 3731 1
533 3701 574 3738 (4)
601 3702 715 3739 oporte
733 3699 767 3730 F

126 3746 171 3785 (ὅ)
194 3743 287 3774 sexto
298 3743 359 3776 im.
449 3745 492 3786 (7)
516 3742 552 3775 id
564 3744 615 3776 eat
625 3743 683 3785 qui
695 3747 809 3787 portat
819 3743 922 3778 libros
933 3756 996 3778 non
1010 3751 1057 3778 est
1074 3744 1214 3787 Ulpiani

711 3661 753 3694 (2)
778 3654 838 3695 qui
850 3654 1053 3693 Russardus,
1073 3664 1172 3695 quem
1184 3655 1222 3687 F

889 3699 932 3739 (5)
956 3698 1162 3740 probationis
1184 3699 1221 3732 F

1637 3656 1681 3695 (9)
1705 3654 1733 3684 si
1746 3666 1793 3684 om
1818 3652 1852 3684 F
1928 3655 1985 3691 (10)
2013 3655 2051 3682 ut
2062 3650 2115 3682 vel
2126 3650 2239 3691 plures
2249 3661 2364 3682 mauu-

1686 3699 1740 3739 (11)
1765 3696 1858 3728 illius
1874 3697 1924 3728 F⁰
1937 3703 1966 3728 et
1979 3695 2030 3726 F²
2130 3697 2190 3734 (12)
2215 3696 2367 3728 aestima-

1932 3744 1991 3782 (14)
2015 3741 2044 3773 is
2056 3742 2118 3774 del.
2131 3740 2185 3774 F¹

1281 3655 1326 3694 (8)
1351 3663 1416 3695 que
1427 3656 1477 3686 est
1489 3655 1549 3687 del.

1280 3699 1369 3731 mitti
1382 3698 1511 3740 possint
1523 3700 1586 3732 del.

1281 3747 1337 3777 tur
1349 3743 1400 3777 1³²
1493 3747 1551 3785 (13)
1575 3744 1724 3787 quinque
1738 3742 1800 3775 del.
1813 3742 1842 3775 S
