2528 3918
155 112 272 156 L12

152 234 328 276 voventis,
360 245 430 270 non
454 244 529 270 rem
552 236 668 280 quae¹
692 238 840 270 vovetur
863 235 1007 280 obligat.
1055 245 1113 271 res
1138 235 1240 279 enim,

153 290 244 324 quae
268 284 433 322 vovetur,
461 280 583 315 soluta
606 279 748 325 quidem
770 280 900 316 liberat
922 284 1025 323 vota,
1054 281 1134 325 ipsa
1156 290 1240 316 vero

158 329 170 359 1
220 326 351 360 sacra²
388 335 460 361 non
490 324 656 360 efficitur.
712 325 806 361 Voto
837 329 955 361 autem
985 329 1107 372 patres
1136 324 1240 360 fami-

152 370 281 405 liarum
318 369 522 415 obligantur
556 370 710 415 puberes
747 370 805 406 sui
839 371 968 406 iuris³z
1010 371 1104 406 filius
1147 371 1240 406 enim

151 414 306 451 familias
337 415 392 451 vel
422 425 545 452 servus
578 415 655 451 sine
709 416 798 452 atris
829 416 1002 452 dominive
1026 416 1241 451 auctoritate

153 463 173 495 2
219 464 303 496 voto
328 471 401 496 non
424 460 638 505 obligantur.
711 461 723 496 i
753 461 925 496 decimam
980 461 1035 496 uis
1064 462 1239 497 bonorum

151 505 264 586 {site
283 505 751 587 sse⁰ifflan⁰¹2tpiiu⁸foiisse
774 506 1240 587 iibissssimaiiinvii’viiuiff

153 596 302 632 cesserit
323 562 414 632 {nte
443 596 712 641 sepositionem,
746 563 851 633 hffires
880 597 992 642 ipsius
1023 596 1239 632 hereditario

151 641 293 677 nomine
316 640 475 677 decimae
500 641 694 678 obstrictus
718 646 791 678 est:
822 642 896 678 voti
927 642 1019 678 enim
1050 642 1239 687 obligatio·

151 697 233 722 nem
257 686 303 722 ad
326 686 492 722 heredem
516 687 670 723 transire
693 691 846 724 constat.

198 729 222 769 3
247 731 355 767 loeis
379 732 471 768 libro
503 736 635 778 quarto
666 732 951 779 disputationum
1003 732 1155 768 Pactum
1186 735 1241 768 est

152 776 305 812 duorum
330 786 527 813 consensus
552 780 660 830 atque
684 778 888 819 conventio,
920 777 1132 822 pollicitatio
1157 788 1240 813 vero

152 822 334 858 offerentis
358 822 470 858 solius
493 833 717 868 promissum.
767 823 826 858 ⁴et
856 822 936 858 ideo
962 822 1051 858 illud
1075 826 1131 858 est
1154 833 1238 858 con-

151 867 332 910 stitutum,
358 871 415 910 ut,
440 867 471 903 si
495 868 542 903 ob
566 867 737 904 honorem
761 867 973 913 pollicitatio
997 867 1106 904 fuerit
1130 867 1239 910 facta,

151 913 254 958 quasi
278 912 437 948 debitum
461 913 634 958 exigatur.
683 912 746 948 sed
771 916 806 948 et
830 917 997 958 coeptum
1021 924 1128 958 opus,
1155 913 1241 948 licet

152 969 223 994 non
258 958 305 993 ob
340 958 512 994 honorem
541 958 772 1003 promissum,
812 958 1009 1003 perficere⁵
1045 958 1241 1003 promissor

155 1007 167 1038 i
218 1004 286 1039 eo⁶
316 1007 479 1048 cogetur,
511 1007 548 1039 et
576 1007 631 1039 est
663 1003 908 1038 constitutum.
954 1003 993 1039 Si
1022 1003 1102 1048 quis
1133 1014 1241 1057 quam

150 1059 195 1084 cx
230 1048 487 1094 pollicitatione
521 1048 720 1084 tradiderat
749 1059 824 1083 rein
854 1048 1096 1093 municipibus
1126 1049 1239 1084 vindi-

150 1104 232 1129 care
255 1093 354 1137 velit,
385 1093 611 1139 repellendus
635 1096 691 1129 est
713 1104 736 1128 a
766 1094 955 1138 petitione:
989 1094 1241 1138 aequissimum

150 1142 204 1175 est
228 1138 321 1174 enim
343 1138 570 1175 huiusmodi⁷
598 1138 801 1175 voluntates
830 1139 868 1174 in
898 1138 1059 1175 civitates
1088 1139 1241 1175 collatas

149 1183 371 1230 paenitentia
393 1195 466 1220 non
490 1185 663 1220 revocari.
711 1183 776 1220 sed
805 1187 841 1220 et
872 1184 902 1219 si
932 1183 1103 1220 desierint
1125 1185 1240 1220 muni-

150 1229 248 1310 gipeg
270 1229 471 1275 possidere,
502 1229 692 1265 dicendum
722 1229 791 1265 erit
819 1229 998 1265 actionem
1027 1229 1079 1265 eis
1110 1240 1240 1266 conce-

175 1285 220 1310 en
246 1285 315 1310 am.

194 1318 221 1357 4
245 1319 482 1356 MARGIANUS
510 1319 602 1356 libro
634 1320 740 1355 tertio
773 1320 1037 1355 institutionum
1087 1319 1241 1365 Propter

149 1365 352 1401 incendium
383 1365 439 1400 vel
469 1368 587 1400 terrae
617 1365 779 1400 motum⁸
813 1364 868 1400 vel
897 1365 1054 1409 aliquam
1088 1366 1240 1409 ruinam,

130 1421 241 1456 equae
269 1410 321 1446 rei
349 1410 516 1456 publicae
547 1410 737 1455 contingit,
770 1410 801 1446 si
830 1410 910 1455 quis
938 1410 1153 1456 promiserit,
1186 1415 1240 1447 te-

149 1467 172 1491 ii
194 1459 264 1491 tur.

173 1466 221 1538 e5
253 1500 449 1537 Uimivos
469 1500 561 1536 libro
581 1501 702 1547 primo
720 1511 978 1548 responsorum
1026 1501 1239 1538 Charidemo

149 1546 335 1592 respondit
364 1557 408 1581 ex
438 1546 613 1591 epistula,
645 1556 754 1591 quam
781 1546 939 1582 muneris
969 1546 1095 1582 edendi
1123 1548 1240 1593 gratia

147 1592 278 1627 absens
309 1591 390 1637 quis
419 1591 554 1634 emisit,
587 1591 754 1638 compelli
777 1602 858 1627 eum
881 1592 928 1627 ad
952 1592 1143 1629 editionem
1167 1603 1240 1628 non

174 1647 265 1673 osse.

149 1647 171 1683 p
193 1681 220 1720 6
243 1681 351 1718 Imm
378 1682 470 1719 libro
500 1683 627 1728 quinto
656 1681 701 1718 de
731 1681 859 1728 officio
888 1682 1121 1729 proconsulis
1167 1683 1239 1719 Το-

148 1727 240 1764 tiens
271 1728 392 1763 locum
423 1727 535 1764 habet
564 1727 760 1763 deminutio
790 1727 1060 1773 pollicitationis
1091 1728 1129 1763 in
1158 1739 1238 1773 per-

148 1774 262 1809 sona⁹
284 1773 438 1815 heredis,
463 1773 628 1818 quotiens
652 1783 726 1809 non
749 1777 804 1808 est
825 1773 1036 1819 pollicitatio
1057 1774 1104 1809 ob
1124 1774 1238 1809 hono-

147 1829 223 1854 rem
251 1818 363 1854 facta.
411 1822 570 1854 ceterum
600 1818 632 1854 si
661 1818 708 1854 ob
731 1819 904 1854 honorem
927 1818 1027 1854 facta
1048 1819 1113 1863 sit,
1144 1819 1238 1855 aeris

148 1864 255 1900 alieni
282 1864 363 1900 loco
393 1863 549 1900 habetur
579 1867 616 1899 et
641 1863 679 1898 in
702 1863 874 1899 heredum
925 1874 1054 1900 ersona
1076 1875 1150 1900 non
1172 1864 1237 1900 mi-

152 1913 165 1944 1
215 1909 350 1944 nuitur.
398 1909 437 1944 Si
460 1909 540 1954 quis
563 1909 752 1989 pecuniam
766 1910 794 1931 ¹⁰
825 1910 871 1945 ob
930 1919 1076 1946 onorem
1106 1910 1238 1955 promi-

148 1954 237 1990 serit
266 1954 496 2000 coeperitque
525 1965 566 1990 so
581 1964 681 1998 vere,
714 1965 795 1990 eum
827 1954 958 1991 debere
983 1955 1086 2000 quasi
1110 1966 1174 1991 coe
1200 1959 1238 1991 to

148 2003 169 2035 2
217 2010 327 2045 opere
345 2000 541 2045 imperator
558 2003 682 2036 noster
700 2000 904 2036 Antoninus
924 2001 1119 2045 rescripsit.
1192 2011 1239 2036 on

146 2049 287 2081 tantum
310 2045 502 2087 masculos,
528 2045 592 2081 sed
615 2045 723 2080 etiam
746 2045 910 2088 feminas,
938 2045 969 2081 si
993 2046 1079 2091 quid
1103 2046 1149 2082 ob
1173 2046 1238 2082 ho-

147 2101 254 2127 nores
285 2090 506 2136 pollicitatae
519 2091 545 2112 ¹¹
577 2094 680 2134 sunt,
717 2090 846 2126 debere
875 2091 1024 2136 implere
1055 2091 1240 2127 sciendum

148 2139 220 2172 est:
247 2139 284 2171 et
305 2135 357 2171 ita
380 2136 555 2183 rescripto
578 2135 806 2181 imperatoris
831 2137 946 2172 nostri
973 2140 1010 2172 et
1033 2136 1103 2172 divi
1125 2138 1239 2182 patris

148 2184 168 2216 3
216 2180 293 2216 eius
318 2180 533 2216 continetur.
581 2180 620 2216 Si
650 2180 708 2216 cui
738 2191 796 2217 res
819 2181 967 2227 publica
990 2182 1241 2218 necessitatem

147 2227 356 2271 imposuerit
379 2229 581 2263 statuarum
603 2226 758 2272 principi
781 2226 1048 2272 ponendarum,
1082 2227 1144 2272 qui
1166 2238 1240 2263 non

146 2271 329 2325 promisit,
358 2282 432 2307 non
456 2282 536 2307 esse
559 2271 591 2307 ei
614 2281 762 2307 necesse
785 2272 1033 2317 obtemperare
1056 2272 1240 2318 rescriptis

146 2328 195 2353 im
242 2317 371 2353 ratoris
395 2317 510 2352 nostri
533 2320 570 2352 et
593 2316 664 2352 divi
686 2316 800 2362 patris
824 2316 901 2353 eius
926 2317 1141 2354 continetur.

195 2327 303 2399 gePA
311 2372 406 2398 Ubus
432 2362 523 2398 libro
541 2363 667 2409 primo
691 2362 736 2397 de
758 2362 885 2408 officio
904 2363 1149 2416 proconsulis·
1184 2362 1240 2399 Ob

149 2418 290 2450 casum,

149 2463 188 2489 se
217 2452 304 2499 quid
347 2456 530 2488 acturum:
566 2452 635 2488 etsi
663 2463 737 2488 non
765 2452 1003 2496 inchoaverit,
1035 2453 1238 2490 omnimodo

147 2502 302 2540 tenetur,
326 2502 368 2533 ut
391 2498 494 2534 divus
518 2497 670 2534 Severus
693 2498 803 2534 Dioni
826 2499 1022 2544 rescripsit.

195 2541 232 2596 8·
253 2543 486 2596 Uhe1aiqu¹³
505 2543 610 2596 ’libro’
632 2544 736 2595 tertio
761 2543 807 2596 de
828 2544 956 2597 officio
980 2543 1140 2597 consulis
1185 2543 1240 2596 De

147 2589 495 2670 ἓὲιὲἒῶωὲἓέωᾶῗή
503 2589 1107 2670 ¹¹3..‘e‡{2¹³÷53².15²321⁸.0¹¹33¹⁰132¹230
1120 2600 1241 2670 Ῥὲξῗὲ

147 2679 430 2725 rescripserunt:
456 2678 587 2715 ‘Probe
609 2678 720 2714 faciet
744 2678 882 2715 Statius
903 2678 1069 2723 Rufinus,
1094 2680 1125 2715 si
1148 2690 1239 2724 opus

149 2724 375 2804 :proscaenia
401 2723 507 2804 quodi
526 2734 567 2760 se
591 2723 740 2804 Gabiinis
772 2728 1039 2805 ‘³¹⁸thqu
1065 2725 1239 2777 promisit,

149 2770 483 2851 {tegatisiffinz
505 2779 654 2850 332⁸&
675 2773 828 2851 tssiffio
843 2780 918 2850 3⁶2
930 2774 1240 2868 {utramuis

149 2860 340 2905 ‘relegatus
359 2863 466 2901 esset,
490 2863 610 2895 tamen
629 2860 783 2904 gratiam
801 2871 970 2903 muneris,
995 2860 1091 2905 quod
1111 2863 1240 2906 sponte

150 2904 303 2951 ‘optulit‚
327 2904 488 2940 minuere
511 2915 583 2940 non
607 2904 724 2947 debet,
749 2916 832 2941 cum
855 2909 891 2942 et
914 2906 1045 2941 absens
1091 2915 1132 2941 er
1150 2905 1238 2941 ami-

149 2953 242 2987 ‘cum
265 2949 439 2995 perficere
462 2960 553 2994 opus
577 2949 674 2985 istud
697 2951 823 2995 possit.
872 2951 967 2996 quod
996 2951 1027 2986 si
1075 2954 1238 2993 etrectat‚

149 2998 302 3032 ‘actores
334 2994 535 3038 constituti,
598 2995 635 3029 ui
671 2995 704 3030 le
730 2996 826 3032 'time
859 3007 925 3042 pro
959 2996 1105 3032 civitate
1133 3005 1239 3049 agere

149 3041 317 3086 ‘possint‚
345 3039 489 3076 nomine
510 3040 585 3085 pub
602 3040 655 3075 ‘co
680 3006 759 3075 afflr
1104 3041 1112 3049 '

149 3089 348 3131 ‘poteruntz
382 3084 443 3130 qui
467 3095 549 3120 cum
571 3085 723 3130 primum
745 3087 944 3131 potuerint,
969 3086 1179 3132 priusquam
1201 3086 1239 3121 in

149 3129 607 3211 ἱὲᾐξξωδρτοῦὲἰῗέῗζωὲ,
621 3135 863 3211 ngggnoscetnt
892 3135 943 3212 εξ,
971 3131 1027 3212 3ὲὶ-
1036 3142 1127 3177 opus
1155 3142 1238 3186 per:

149 3223 159 3240 ⁴
186 3185 326 3258 3111110ἓο
350 3186 397 3257 gb)
420 3185 515 3256 ligne
536 3186 906 3274 0011211111.ίῖῗὲῐῖᾳῇιῖ
914 3186 979 3257 13131
996 3187 1239 3267 9301181111)ιὲδέἔέ

148 3266 196 3348 :h'
208 3266 313 3348 ltrahi
341 3265 510 3309 fundum,
551 3275 657 3311 quem
685 3276 722 3302 in
752 3269 932 3304 territorio
963 3266 1197 3304 Gabiniorum
1210 3268 1239 3290 ¹⁶

186 3322 209 3348 a
233 3316 270 3348 et
283 3337 294 3348 .

345 2417 426 2443 uem
451 2407 575 2443 civitas
599 2408 750 2452 passa¹²
772 2410 846 2450 est,
876 2408 908 2443 si
932 2408 1012 2453 quis
1036 2409 1241 2454 promiserit

760 3051 779 3076 e
802 3041 973 3078 adversus
997 3051 1079 3077 eum
1102 3041 1239 3077 iudices

1234 109 1319 157 854

1463 55 1532 93 *fN

1524 94 1530 122 s
1853 129 1916 161 DE
1944 128 2395 164 Ponmcrmwiomssus

1355 232 1380 272 9
1413 234 1668 272 Moossrmos
1702 237 1793 274 libro
1829 241 1961 284 quarto
1993 238 2281 285 differentiarum
2335 241 2394 277 Ex

1308 280 1584 333 pollicitatione,
1629 292 1735 327 quani
1774 283 1854 328 quis
1894 284 1941 320 ob
1975 284 2148 320 honorem
2185 286 2282 332 apud
2316 298 2394 323 rem

1308 325 1488 370 publicam
1515 325 1619 369 fecit,
1650 326 1768 372 ipsum
1791 328 1933 374 quidem
1957 329 2158 366 omnimodo
2181 330 2219 366 in
2241 331 2393 368 solidum

1309 370 1439 423 teneri:
1464 371 1636 423 ,heredem
1660 382 1742 408 vero
1768 373 1843 410 eius
1868 375 1913 410 ob
1936 374 2109 411 honorem
2132 375 2273 420 quidem
2296 376 2394 413 facta

1308 426 1543 467 promissione
1566 416 1604 452 in
1628 417 1790 460 solidum,
1815 419 1861 455 ob
1885 419 1922 455 id
1944 430 2045 463 vero,
2077 420 2173 465 quod
2196 432 2286 467 opus
2308 433 2392 467 pro-

1309 471 1455 496 missum
1485 465 1651 507 coeptum
1682 467 1756 505 est,
1793 464 1824 499 si
1862 464 1957 500 bona
1987 465 2194 501 liberalitati
2223 467 2393 503 solvendo

1310 506 1556 559 nonfuerint,
1588 511 1797 543 extraneum
1820 508 1987 545 heredem
2010 510 2049 546 in
2072 510 2232 556 quintam
2255 516 2394 557 partem

1308 554 1510 608 patrimonii
1539 552 1715 595 defuncti,
1751 553 1882 590 liberos
1914 555 1951 590 in
1980 555 2153 591 decimam
2181 557 2295 592 teneri
2324 557 2394 592 divi

1309 597 1461 631 beverus
1491 601 1527 632 et
1556 597 1760 634 Antoninus
1791 599 2061 645 rescripserunt.
2116 601 2180 637 sed
2212 605 2248 637 et
2277 602 2395 647 ipsum

1309 640 1519 694 donatorem
1549 652 1744 688 pauperem
1772 643 1909 680 factum
1939 655 1984 681 ex
2013 646 2248 691 promissione
2277 658 2298 683 o
2325 647 2394 683 erit

1310 690 1428 739 coepti
1458 691 1618 739 quintam
1649 692 1786 732 partem
1816 690 2019 734 patrimonii
2049 692 2104 727 sui
2134 692 2263 728 debere
2318 692 2394 728 'vus

1309 731 1395 766 Pius
1421 736 1615 768 constituit.

1358 775 1408 814 10
1434 776 1542 812 low
1567 778 1659 814 libro
1677 779 1800 825 primo
1823 789 2079 826 responsorum
2130 781 2287 827 Septicia
2318 791 2395 817 cer-

1308 824 1428 858 tamen
1463 822 1603 867 patrIae
1637 833 1725 859 suae
1755 824 1958 869 pollicendo
1989 825 2056 861 sub
2085 825 2154 862 hac
2186 826 2396 862 condicione

1310 867 1470 912 pollicita
1500 872 1573 912 est,
1614 869 1666 904 uti
1697 879 1776 905 sors
1807 869 1904 914 apud
1933 880 2011 905 eam
2040 875 2223 907 remaneat
2252 875 2289 906 et
2315 872 2396 917 ipsa

1310 923 1438 948 usuras
1458 913 1661 950 semissales
1680 914 1726 949 ad
1768 914 1903 950 raemia
1914 916 1941 936 ¹⁷
1960 915 2173 952 certantium
2190 917 2344 952 resolvat
2357 918 2395 960 ¹⁸,

1309 958 1346 992 in
1378 957 1469 993 haec
1500 959 1627 994 verba:
1666 956 1729 993 “Dc
1752 961 1945 1004 οτιμοῦμαι
1979 963 2039 994 καὶ
2074 961 2238 1008 καθιεροῖ
2271 956 2395 1008 ἀγῶνα

1307 999 1599 1058 ετετροιετηρικὸν
1630 999 1703 1039 ἀπὸ
1733 1003 1924 1050 μυριάδων
1953 1007 2082 1052 τριῶν,
2115 1004 2160 1040 τὸ
2189 1008 2255 1041 τοῦ
2275 1018 2394 1052 κεφα-

1308 1044 1423 1082 “λαίου
1462 1048 1552 1091 αυτὴ
1593 1052 1787 1092 κατέχουσα
1827 1046 1999 1096 ἀργύριον
2033 1053 2093 1084 καὶ
2125 1046 2392 1096 ἇσφαλιζομένη

1307 1091 1420 1139 ξπαρὰ
1451 1098 1527 1129 τοῖς
1559 1091 1805 1139 ὃεκαπρώτοις
1834 1090 2025 1142 ἆξιοχρέως
2053 1098 2113 1131 ἐπὶ
2134 1098 2189 1140 τῷ
2212 1095 2327 1131 τελεῖν
2348 1109 2396 1141 με

1307 1134 1386 1172 <τὸν
1408 1137 1447 1178 ἐξ
1464 1139 1574 1175 ἔθους
1592 1141 1707 1186 τριῶν
1724 1138 1915 1186 μυριάδων
1932 1139 2051 1182 τόκον,
2079 1136 2395 1188 ἀγωνοθετοῦντος

1307 1179 1382 1218 ‘nai
1404 1196 1434 1218 π
1457 1184 1728 1230 οκαθεζομένου
1749 1187 1815 1220 τοῦ
1839 1181 1971 1233 ἀνδρός
1992 1199 2071 1230 μου,
2097 1181 2159 1221 ἐπ’
2185 1182 2333 1223 αἶιθίς1ο
2356 1185 2397 1221 δὲ

1307 1225 1397 1263 (τῶν
1420 1232 1437 1263 ε’
1480 1231 1566 1275 ἐμοῦ
1588 1231 1915 1277 γεννηθησομένων
1940 1234 2087 1267 τέκνων.
2132 1231 2289 1279 χωρήσει
2313 1230 2351 1266 δὲ
2376 1229 2396 1266 ὁ

1307 1270 1426 1310 (τόκος
1459 1276 1506 1310 εἰς
1535 1273 1582 1309 τὰ
1615 1270 1714 1309 ἆθλα
1744 1277 1821 1310 τῶν
1851 1274 2075 1320 θυμελικῶν,
2110 1276 2236 1312 καθώς
2264 1275 2310 1311 ἂν
2332 1273 2395 1323 ἐφ’

1307 1316 1471 1354 “ἑκάστου
1504 1315 1766 1365 ἆθλήματος·ἡ
1797 1319 1909 1365 βουλὴ
1940 1316 2116 1368 ὁρίοῃ’20.
2163 1333 2314 1367 quaero,
2350 1333 2398 1358 an

1308 1369 1463 1417 possunt
1485 1365 1653 1401 iniuriam
1675 1366 1751 1411 pati
1773 1365 1838 1402 filii
1861 1366 1906 1402 Se
1932 1366 2058 1410 ticiae,
2090 1378 2162 1413 quo
2190 1368 2307 1403 minus
2328 1368 2398 1413 ipsi

1309 1410 1557 1455 praesiderent
1581 1411 1767 1446 certamini
1790 1421 1899 1447 secun
1925 1423 1986 1447 um
2004 1412 2114 1449 verba
2134 1413 2396 1449 condicionem-

1309 1466 1379 1501 que
1402 1456 1679 1501 pollicitationis.
1725 1457 1928 1493 Herennius
1951 1457 2176 1494 Modestinus
2199 1458 2403 1504 respondit,-

1309 1511 1381 1546 quo
1411 1511 1499 1537 casu
1523 1501 1727 1538 certaminis
1752 1501 1860 1538 editio
1883 1502 1982 1538 licita
2005 1507 2079 1547 est,
2110 1502 2262 1540 formam
2292 1503 2395 1550 polli-

1310 1545 1473 1582 citationi
1496 1546 1616 1582 datam
1640 1547 1851 1583 servandam
1875 1558 1966 1584 esse.

1359 1589 1406 1628 11
1439 1591 1547 1627 IDEM
1583 1592 1675 1628 libro
1711 1603 1807 1628 nono
1838 1593 2106 1639 pandectarum
2158 1593 2197 1629 Si
2232 1593 2312 1639 quis
2348 1593 2397 1629 ob

1309 1637 1480 1673 honorem
1494 1637 1548 1672 vel
1562 1637 1802 1673 sacerdotium
1816 1638 2005 1684 pecuniam
2022 1638 2225 1684 promiserit
2241 1642 2279 1675 et
2295 1642 2396 1675 ante-

1309 1692 1415 1728 quam
1438 1682 1611 1718 honorem
1633 1683 1689 1718 vel
1713 1683 1959 1728 magistratum
1982 1684 2095 1727 ineat,
2126 1683 2292 1726 decedet,
2324 1694 2398 1719 non

1308 1731 1474 1773 oportere
1498 1727 1648 1763 heredes
1672 1727 1748 1764 eius
1773 1729 1953 1764 conveniri
1982 1729 2020 1764 in
2050 1730 2257 1775 pecuniam,
2290 1739 2398 1783 quam

1307 1773 1338 1809 is
1363 1772 1408 1808 ob
1432 1773 1604 1808 honorem
1635 1773 1692 1808 vel
1722 1774 1969 1818 magistratum
1999 1775 2232 1820 promiserat,
2263 1774 2397 1820 princi·
2449 1810 2451 1814 .

1307 1818 1458 1899 pglspffi,
1474 1818 1788 1898 σξηειίιῶςίοώὺιιε
1803 1823 1969 1873 ο0111101111,
1995 1819 2318 1901 pisi-{ortehabteo
2342 1819 2398 1855 vel

1309 1875 1331 1899 a
1378 1874 1391 1898 1
1479 1874 1499 1899 r
1569 1875 1593 1898 u
1633 1874 1972 1901 icaeovivoous
2038 1876 2088 1901 eri
2127 1875 2345 1901 mcoaum.

1358 1874 1415 1946 15
1433 1875 1653 1945 Inruplibro
1673 1909 1862 1945 undecimo
1875 1876 2143 1956 pgndeoffarum
2189 1910 2232 1946 In
2249 1910 2399 1956 privatis

1309 1954 1478 1999 operibus
1501 1954 1620 1990 invitis
1644 1954 1700 1991 his
1725 1955 1785 1999 qui
1808 1955 1973 1991 fecerunt
1996 1959 2135 1992 statuas
2159 1955 2239 1992 aliis
2264 1965 2398 2009 ponere

1309 2011 1382 2035 non
1413 2010 1624 2044 possumus,
1655 2003 1696 2035 ut
1726 2000 1902 2046 rescripto
1933 2001 2002 2037 divi
2032 2001 2152 2037 Severi
2182 2004 2396 2037 continetur.

1313 2049 1327 2080 1
1379 2045 1468 2080 Cum
1492 2044 1647 2090 quidam,
1671 2055 1716 2081 ne
1740 2045 1937 2081 honoribus
1959 2046 2178 2091 fungeretur,
2202 2057 2294 2091 opus
2313 2057 2397 2091 pro-

1309 2090 1481 2126 misisset:
1514 2090 1669 2126 honores
1697 2091 1818 2126 subire
1848 2091 2045 2136 cogendum
2069 2102 2175 2136 quam
2199 2091 2318 2137 operis
2341 2091 2396 2127 in-

1309 2135 1543 2172 structionem
1567 2135 1669 2171 divus
1692 2136 1898 2172 Antoninus
1921 2137 2117 2183 rescripsit.

1358 2179 1407 2219 13
1441 2181 1636 2217 Papinius
1661 2180 1688 2216 I
1689 2191 1805 2218 vsws
1839 2182 1931 2218 libro
1961 2183 2120 2218 secundo
2150 2182 2196 2217 dc
2226 2183 2398 2218 constitu-

1310 2227 1467 2262 tionibus
1519 2226 1758 2272 Imperatores
1787 2226 1992 2263 Antoninus
2029 2231 2066 2263 et
2096 2227 2213 2263 Verus
2243 2227 2399 2272 Augusti

1309 2272 1571 2316 rescripserunt
1604 2282 1716 2317 opera
1745 2275 1929 2308 exstruere
1960 2272 2090 2309 debere
2119 2283 2202 2315 eos,
2239 2272 2301 2318 qui
2330 2283 2397 2318 pro

1309 2317 1444 2365 honore
1475 2316 1626 2361 polliciti
1656 2321 1756 2361 sunt,
1789 2328 1862 2353 non
1892 2318 2063 2363 pecunias
2095 2329 2162 2364 pro
2185 2317 2242 2353 his
2266 2317 2398 2354 inferre

1314 2367 1326 2397 i
1378 2361 1468 2406 cogi.
1523 2361 1614 2398 Item
1642 2362 1905 2415 rescripserunt
1936 2363 2163 2399 condiciones
2194 2363 2396 2399 donationi-

1308 2408 1377 2443 bus
1402 2407 1604 2453 adpositas,
1637 2418 1729 2452 quae
1750 2418 1789 2442 in
1812 2417 1887 2443 rem
1909 2408 2090 2453 publicam
2113 2408 2221 2452 fiunt,
2252 2408 2305 2443 ita
2335 2408 2396 2444 de·-

1307 2463 1404 2488 mum
1427 2455 1526 2488 ratas
1549 2462 1646 2496 esse,
1671 2453 1703 2488 si
1725 2452 1891 2489 utilitatis
1914 2453 2080 2498 publicae
2102 2453 2269 2489 interest:
2301 2453 2397 2498 quod

1309 2498 1341 2534 si
1364 2498 1559 2534 damnosae
1582 2497 1664 2540 sint,
1690 2498 1872 2534 observari
1894 2508 1967 2534 non
1990 2498 2131 2535 debere.
2167 2502 2205 2534 et
2224 2498 2305 2534 ideo
2324 2509 2396 2534 non

1310 2543 1588 2586 observandum,
1629 2543 1726 2588 quod
1757 2543 1947 2579 defunctus
1979 2547 2078 2580 certa
2108 2553 2248 2580 summa
2277 2543 2398 2588 legata

1309 2588 1421 2625 vetuit
1443 2588 1595 2633 vectigal
1619 2589 1788 2624 exerceri.
1837 2598 1915 2625 esse
1939 2589 2031 2624 enim
2053 2588 2271 2631 tolerabilia,
2304 2599 2396 2634 quae

1309 2638 1410 2670 vetus
1436 2633 1659 2670 consuetudo
1683 2634 1904 2679 comprobat.

1358 2677 1409 2716 14
1435 2678 1664 2714 Poueomvs
1693 2679 1784 2715 libro
1814 2682 1921 2715 sexto
1952 2677 2188 2731 epistularum
2220 2682 2255 2714 et
2277 2679 2396 2714 varia-

1308 2735 1389 2760 rum
1420 2724 1610 2760 lectionum
1663 2723 1702 2760 Si
1737 2724 1815 2770 quis
1849 2724 1907 2760 sui
1935 2724 2084 2759 ahemve
2111 2723 2257 2760 honoris
2287 2734 2397 2760 causa

1310 2780 1400 2815 opus
1431 2769 1613 2805 facturum
1642 2780 1682 2805 se
1710 2770 1747 2805 in
1778 2769 1899 2815 aliqua
1927 2769 2070 2805 civitate
2097 2768 2318 2814 promiserit,
2350 2769 2398 2804 ad

1309 2814 1566 2861 perficiendum
1596 2818 1670 2850 tam
1693 2815 1771 2860 ipse
1795 2824 1901 2860 quam
1924 2814 2027 2850 heres
2051 2813 2128 2850 eius
2152 2824 2197 2850 ex
2220 2814 2395 2851 constitu·

1308 2861 1406 2897 tione
1438 2859 1509 2896 divi
1539 2859 1687 2895 Traiani
1718 2859 1896 2905 obligatus
1928 2863 1993 2895 est.
2041 2859 2106 2895 sed
2134 2859 2165 2895 si
2196 2860 2316 2906 quis²¹
2349 2860 2395 2895 ob

1308 2906 1482 2942 honorem
1504 2916 1595 2950 opus
1614 2905 1796 2941 facturum
1819 2915 1858 2941 se
1882 2904 2025 2941 civitate
2048 2904 2170 2950 aliqua
2191 2904 2397 2951 promiserit

1309 2955 1416 2996 atque
1445 2950 1667 2986 inchoaverit
1694 2954 1732 2986 et
1756 2949 1967 2995 priusquam
1994 2949 2202 2995 perficeret,
2232 2950 2394 2986 decesse-

1308 2997 1356 3031 rit
1364 2997 1413 3031 222
1438 2995 1542 3032 heres
1566 2995 1642 3032 eius
1667 2999 1855 3031 extraneus
1877 2995 2019 3049 quidem
2038 3005 2184 3031 necesse
2203 2995 2314 3031 habet
2331 2998 2396 3030 aut

1307 3041 1481 3087 perficere
1508 3040 1547 3076 id
1576 3044 1641 3076 aut
1669 3044 1809 3086 partem
1844 3044 2004 3086 quintam
2038 3040 2245 3086 patrimonii
2278 3039 2395 3076 relicti

1308 3086 1377 3122 sibi
1407 3087 1454 3122 ab
1485 3096 1546 3129 e0‚
1585 3086 1646 3138 qui
1678 3085 1716 3121 id
1747 3096 1838 3131 opus
1870 3085 1991 3121 facere
2021 3085 2243 3128 instituerat,
2282 3084 2313 3121 si
2343 3085 2396 3120 ita

1307 3131 1445 3174 mallet,
1478 3130 1631 3173 civitati,
1663 3131 1701 3166 in
1733 3141 1804 3184 qua
1833 3131 1871 3167 id
1900 3141 1991 3177 opus
2020 3130 2101 3166 fieri
2130 3133 2297 3176 coeptum
2327 3133 2393 3172 est,

1308 3177 1413 3212 dare:
1451 3175 1484 3212 is
1514 3179 1652 3220 autem,
1693 3187 1755 3221 qui
1783 3187 1828 3212 ex
1859 3185 2007 3212 numero
2036 3175 2229 3212 liberorum
2258 3178 2331 3219 est,
2363 3173 2395 3211 si

1307 3222 1410 3258 heres
1434 3221 1589 3265 exstitit,
1613 3231 1686 3257 non
1709 3221 1854 3267 quintae
1875 3221 2008 3267 partis,
2037 3220 2102 3257 sed
2123 3219 2283 3257 decimae
2306 3230 2393 3256 con-

1308 3266 1489 3303 cedendae
1511 3266 1725 3302 necessitate
1755 3266 1935 3303 adficitur.
1981 3270 2019 3303 et
2039 3266 2131 3303 haec
2153 3265 2254 3302 divus
2277 3266 2391 3302 Anto-

1307 3312 1412 3349 ninus
1438 3311 1634 3348 constituit.

148 3428 191 3468 (1)
216 3435 314 3468 quem
332 3425 369 3459 F

465 3427 509 3468 (2)
533 3424 655 3459 liberat
673 3428 763 3469 voto,
781 3428 858 3460 vota
874 3436 954 3460 vero
972 3427 1045 3470 ipsa
1061 3437 1156 3461 sacra
1172 3440 1235 3462 scr.

150 3473 195 3513 (3)
218 3470 272 3503 sui
282 3470 368 3503 iuris
380 3471 443 3504 del.

532 3473 577 3513 (⁴)
602 3473 717 3505 desunt
728 3473 889 3515 quaedam
970 3474 1013 3514 (ο)
1037 3473 1246 3515 proficereF'

150 3518 195 3557 (6)
220 3526 259 3549 eo
271 3517 334 3549 del.
347 3516 439 3549 edd„-
480 3523 604 3550 unaue
620 3518 739 3551 excidit
751 3516 840 3560 quod
852 3516 962 3562 eoepit
1050 3519 1094 3559 (7)
1118 3518 1236 3551 huius-

150 3560 231 3594 uodi
244 3561 277 3593 F
350 3561 398 3603 (8)
422 3570 461 3594 ve
487 3562 734 3595 terraemotum
746 3575 804 3596 om.
820 3562 871 3596 Γ*
953 3563 999 3604 (9)
1021 3572 1196 3605 personam
1211 3563 1246 3596 Ρ

150 3610 211 3649 (10)
235 3618 304 3641 11011
325 3608 386 3641 im.
526 3609 582 3649 (ii)
605 3607 777 3651 pollicitae
796 3608 870 3642 edd.
1008 3608 1070 3649 (12)
1094 3618 1190 3650 possa
1208 3608 1243 3641 F

149 3654 208 3694 (13)
233 3653 321 3686 idem
339 3653 375 3687 F
379 3653 390 3673 ¹
490 3653 551 3695 (u)
574 3653 758 3686 triennium
778 3654 857 3687 Hal.
951 3653 1008 3694 (it)
1033 3653 1191 3695 perficere
1208 3653 1243 3686 F

150 3700 211 3739 (1ο)
236 3697 444 3731 Gabinorum
456 3697 541 3731 Hal.
638 3699 698 3740 (17)
722 3698 902 3742 praemaF
996 3702 1055 3738 (18)
1080 3696 1235 3741 resolvat]

152 3742 200 3775 rei
210 3741 365 3784 publicae
375 3742 483 3776 solvat
494 3754 556 3775 scr.
620 3743 680 3782 (19)
706 3742 851 3777 ἐσαῦθις
867 3743 1051 3777 Salmasius
1110 3743 1174 3785 (20)
1201 3743 1238 3776 id

1306 3433 1372 3461 ese.-
1403 3425 1572 3459 Polliceor
1602 3427 1636 3459 et
1665 3425 1781 3459 dedico
1809 3427 1976 3459 oei-tamen
2004 3426 2125 3468 quarto
2148 3434 2281 3467 quoque
2303 3434 2392 3458 anno

1305 3471 1537 3506 celebrandum
1561 3470 1601 3504 de
1625 3470 1800 3504 denarium
1822 3471 1964 3513 triginta
1986 3469 2138 3512 milibus,
2170 3472 2292 3503 sortem
2320 3469 2393 3512 ipsa

1304 3517 1452 3550 retinens
1475 3516 1630 3549 cautione
1652 3516 1773 3550 idonea
1796 3516 1907 3550 decem
1929 3515 2046 3559 primis
2073 3515 2223 3549 exhibita
2245 3514 2392 3548 solutum

1304 3562 1350 3596 iri
1372 3572 1412 3595 ex
1434 3571 1525 3595 more
1548 3561 1691 3604 triginta
1713 3560 1845 3594 milium
1868 3571 2000 3603 usuras,
2023 3559 2123 3594 ludo·
2144 3559 2261 3594 edente
2283 3559 2391 3602 iisque

1303 3605 1511 3650 praesidente
1530 3606 1603 3639 viro
1623 3617 1712 3649 meo,
1735 3606 1874 3650 posthac
1892 3607 2003 3639 autem
2019 3604 2136 3639 liberis
2154 3614 2194 3639 ex
2210 3614 2264 3638 me
2282 3604 2390 3638 nasci·

1304 3652 1400 3686 turis.
1422 3651 1603 3695 procedent
1620 3654 1731 3685 autem
1749 3661 1870 3684 usurae
1887 3650 1925 3684 in
1942 3651 2090 3694 praemia
2105 3649 2272 3685 artificum
2289 3649 2337 3683 nie
2353 3650 2391 3682 ut

1304 3697 1344 3731 de
1363 3705 1565 3740 unoquoque
1584 3695 1774 3740 spectaculo
1792 3696 1876 3730 ordo
1892 3698 2026 3731 statuet.
2153 3695 2216 3739 (21)
2238 3704 2308 3728 11011
2327 3695 2388 3728 ins.

1306 3743 1368 3784 (22)
1392 3741 1578 3776 &amerit
1595 3742 1631 3776 F
