2528 3918
204 107 409 151 XXIII2

205 227 362 275 Papiam
408 227 592 262 senatoris
622 226 714 269 filia,
739 237 831 272 quae
855 237 1004 272 corpore
1027 231 1215 279 quaestum
1237 226 1292 262 vel

204 278 316 309 artem
339 271 514 308 ludicram
536 271 662 307 fecerit
691 276 755 307 aut
784 272 914 308 iudicio
945 272 1089 318 pubhco
1122 270 1293 306 damnata

205 318 329 359 fuerit,
361 316 506 362 impune
533 316 699 352 libertino
731 317 851 353 nubit:
893 327 959 352 nec
990 316 1084 352 enim
1113 315 1229 352 honos
1260 315 1292 351 ei

204 366 376 403 servatur,
400 371 492 406 quae
515 371 554 396 se
576 361 614 396 in
635 365 777 397 tantum
799 360 927 397 foedus
940 363 951 383 ¹
975 360 1133 397 deduxit.

251 405 303 444 48
330 406 556 442 Temnum
590 405 770 442 Omma
808 407 899 442 libro
934 409 1060 442 octavo
1095 404 1146 441 ad
1178 404 1291 452 leqem

205 452 337 487 Iuliam
357 455 394 486 et
405 450 560 497 Papiam
593 450 685 487 Filio
700 452 844 496 patroni
866 451 903 486 in
926 451 1090 486 libertam
1103 453 1291 495 paternam

204 496 423 542 eandemque
456 506 603 532 uxorem
635 495 729 532 idem
762 496 867 538 iuris,
900 495 996 541 quod
1033 495 1101 540 ipsi
1165 499 1290 530 atrono

204 542 369 582 daretur,
402 550 447 576 ex
481 540 658 576 sententia
687 540 775 586 legis
800 539 1102 576 accommodatur.
1127 539 1139 574 i
1167 550 1292 586 emque

204 586 394 622 dicendum
418 586 485 621 erit
507 589 544 622 et
566 586 597 622 si
620 585 766 622 alterius
816 585 934 620 atroni
956 584 1052 620 filius
1075 584 1152 620 vivo
1176 585 1289 620 altero

206 635 222 666 1
271 631 434 667 libertam
458 641 580 667 eorum
603 641 751 666 uxorem
801 630 927 665 uxerit.
964 629 1003 665 Si
1021 629 1291 674 ignominiosam

203 676 368 712 libertam
392 685 495 712 suam
517 680 692 722 patronus
712 686 859 711 uxorem
880 675 1032 718 duxerit,
1052 674 1182 720 placet,
1207 674 1292 720 quia

204 725 330 757 contra
352 721 466 767 legem
491 721 642 756 maritus
671 721 728 762 sit,
755 730 829 755 non
851 720 985 755 habere
1009 730 1090 755 eum
1111 719 1182 755 hoc
1204 719 1291 765 legis

203 768 224 801 2
272 765 495 802 beneficium.
520 765 559 801 Si
570 766 632 801 uni
645 775 688 800 ex
699 764 780 800 filiis
799 764 1023 809 adsignatam
1042 764 1132 799 alter
1143 774 1290 799 uxorem

204 811 356 853 duxerit,
380 821 453 846 non
474 810 568 846 idem
590 810 646 845 ius
672 809 767 855 quod
797 810 835 844 in
865 813 1018 854 patrono
1042 809 1289 845 tribuendum:

203 855 291 891 nihil
313 855 407 891 enim
429 856 516 891 iuris
540 855 696 897 habebit,
722 855 806 899 quia
823 859 968 890 senatus
990 864 1094 890 omne
1110 854 1167 889 ius
1182 854 1289 889 liber-

202 905 322 980 toibum
344 900 611 946 adsignaturum
633 900 680 934 ad
705 910 786 934 eum
808 899 1008 942 transtulit,
1042 899 1100 935 cui
1128 899 1165 934 id
1187 903 1292 944 pater

202 946 250 981 tri
274 946 338 981 uit.

248 988 302 1028 49
326 989 567 1026 Maenius
593 990 684 1025 libro
714 989 838 1035 primo
868 988 918 1024 ad
948 988 1061 1035 leqem
1091 988 1226 1024 Iuliam
1256 992 1292 1023 et

203 1034 359 1082 Papiam
407 1034 675 1071 Observandum
699 1037 771 1076 est,
802 1038 844 1069 ut
865 1033 1044 1069 inferioris
1067 1033 1200 1114 gradus
1222 1033 1288 1069 ho-

201 1080 314 1116 mines
346 1079 482 1115 ducant
514 1089 643 1114 uxores
675 1088 755 1121 eas,
788 1089 878 1124 quas
908 1078 947 1113 hi
993 1079 1031 1114 ui
1054 1089 1077 1114 a
1090 1078 1191 1122 tioris
1216 1078 1290 1124 dig-

201 1125 324 1161 nitatis
355 1128 440 1160 sunt
470 1124 599 1159 ducere
629 1123 765 1169 legibus
796 1127 944 1169 propter
1001 1123 1009 1131 ”
1061 1124 1183 1159 'tatem
1205 1133 1289 1169 pro-

201 1169 386 1205 hibentur:
412 1173 450 1204 at
468 1173 593 1205 contra
617 1168 860 1204 antecedentis
875 1168 1008 1214 gradus
1031 1168 1193 1204 homines
1216 1178 1291 1204 non

201 1219 355 1260 possunt
378 1224 439 1249 eas
464 1214 605 1256 ducere,
630 1223 720 1260 quas
743 1213 798 1249 his
822 1213 883 1259 qui
905 1213 1084 1249 inferioris
1108 1213 1290 1259 dignitatis

201 1263 286 1295 sunt
309 1259 439 1294 ducere
462 1269 534 1294 non
556 1259 649 1294 licet.

248 1303 301 1342 50
325 1303 434 1339 IDEM
451 1303 543 1339 libro
567 1304 673 1339 tertio
696 1303 747 1339 ad
776 1303 890 1350 leqem
912 1302 1049 1339 Iuliam
1072 1305 1108 1338 et
1131 1301 1287 1349 Papiam

200 1349 366 1385 Proxime
389 1348 622 1384 constitutum
645 1347 796 1391 dicitur,
827 1352 885 1391 ut,
919 1358 999 1383 cum
1023 1348 1103 1393 quis
1126 1347 1291 1383 libertam

200 1404 303 1430 suain
327 1393 467 1428 duxerit
497 1403 663 1436 uxorem,
696 1403 803 1439 quam
827 1403 871 1428 ex
893 1392 1157 1429 fideicommissi
1179 1402 1291 1428 causa

200 1438 463 1481 manumiserit,
493 1438 601 1474 liceat
629 1438 779 1474 libertae
809 1438 918 1473 invito
951 1448 992 1473 eo
1025 1438 1170 1484 nuptias
1203 1448 1289 1474 con·

198 1484 359 1519 trahere:
402 1487 510 1528 puto,
546 1483 630 1528 quia
663 1494 736 1518 non
771 1486 848 1518 erat
877 1482 1048 1518 ferendus
1085 1482 1117 1518 is
1152 1482 1214 1528 qui
1246 1492 1290 1518 ex

200 1529 414 1563 necessitate
444 1528 666 1570 manumisit,
690 1538 764 1564 non
784 1538 849 1563 suo
878 1527 1044 1564 arbitrio:
1068 1527 1180 1572 magis
1197 1527 1289 1563 enim

200 1573 358 1608 debitam
380 1572 580 1608 libertatem
603 1573 782 1618 praestitit
805 1582 912 1618 quam
934 1572 1047 1608 ullum
1076 1572 1290 1608 beneficium

199 1618 236 1653 in
260 1618 442 1653 mulierem
467 1618 630 1652 contulit.

246 1661 296 1699 51
323 1662 535 1698 Liolivmas
565 1662 746 1698 Rvmws
782 1662 873 1698 libro
909 1662 1035 1716 primo
1077 1661 1289 1709 regularum

199 1707 421 1743 Matrimonii
455 1717 567 1743 causa
607 1707 737 1743 ancilla
770 1717 988 1743 manumissa
1030 1716 1054 1742 a
1086 1707 1183 1742 nullo
1218 1706 1288 1743 alio

199 1762 292 1788 uxor
321 1752 406 1788 duci
434 1755 555 1797 potest
586 1762 693 1797 quam
723 1763 747 1788 a
780 1762 850 1798 quo
881 1752 1101 1787 manumissa
1132 1755 1196 1794 est,
1220 1751 1290 1787 nisi

203 1801 218 1832 1
267 1800 440 1843 patronus
463 1797 689 1833 matrimonio
710 1797 786 1834 eius
805 1797 1072 1833 renuntiaverit.
1109 1796 1147 1832 Si
1170 1800 1289 1832 autem

200 1842 294 1877 filius
316 1841 471 1878 familias
491 1842 706 1878 matrimonii
728 1852 839 1878 causa
862 1842 962 1878 iussu
985 1842 1100 1887 patris
1123 1841 1288 1877 ancillam

201 1887 453 1929 manumiserit,
473 1887 633 1923 Iulianus
652 1891 757 1933 putat
774 1887 920 1932 perinde
941 1897 1019 1922 eam
1037 1886 1164 1922 haberi
1181 1890 1289 1932 atque

200 1932 231 1967 si
254 1941 277 1966 a
299 1935 402 1977 patre
425 1932 500 1968 eius
524 1933 743 1968 manumissa
765 1936 877 1968 esset:
904 1935 940 1967 et
961 1932 1040 1967 ideo
1064 1935 1185 1977 potest
1208 1941 1287 1966 eam

200 1987 347 2012 uxorem
371 1976 504 2012 ducere
514 1977 539 2011 ².

246 2019 301 2058 52
332 2020 473 2057 Paulus
509 2022 601 2058 libro
638 2025 744 2057 sexto
784 2021 835 2057 ad
871 2020 1045 2057 Sabinum
1125 2021 1289 2056 Incestae

199 2066 347 2146 nupttilale
369 2076 485 2146 netqiliie
508 2066 627 2146 (ἐοὲξιιιιι
632 2066 784 2146 ¹²1liabent
808 2070 849 2119 et·
866 2066 946 2102 ideo
944 2076 1068 2145 11(ἕιιιιιῗ
1088 2066 1184 2111 quod
1205 2075 1286 2111 per-

200 2121 241 2147 ce
367 2121 405 2147 es
472 2121 513 2146 ce
612 2122 631 2146 c
673 2121 733 2146 um
756 2120 897 2147 nomine
921 2121 943 2146 a
985 2121 1045 2146 ere
1061 2121 1116 2146 ur.

274 2153 298 2193 3
326 2155 450 2192 Gaios
476 2156 567 2191 libro
598 2155 788 2191 undecimo
812 2155 862 2191 ad
883 2155 1037 2191 edictum
1061 2154 1290 2202 provinciale

199 2199 358 2246 Nuptiae
391 2201 585 2236 consistere
624 2210 697 2235 non
727 2203 880 2246 possunt
908 2201 1002 2236 inter
1032 2210 1094 2235 eas
1115 2209 1289 2245 personas

199 2255 291 2291 quae
313 2245 351 2280 in
374 2255 519 2280 numero
531 2245 733 2291 parentium
745 2245 979 2280 liberorumve
997 2249 1093 2287 sunt,
1113 2244 1186 2280 sive
1204 2255 1288 2290 pro-

201 2290 287 2326 ximi
310 2290 384 2326 sive
407 2290 586 2326 ulterioris
609 2290 740 2335 gradus
764 2290 836 2325 sint
857 2299 973 2336 usque
995 2289 1043 2325 ad
1064 2288 1253 2325 infinitum.

245 2334 300 2372 54
323 2334 529 2371 Scaevoia
569 2334 661 2371 libro
692 2336 815 2381 primo
855 2334 1067 2381 reqularum
1118 2334 1170 2370 Et
1200 2334 1289 2369 nihil

197 2380 356 2424 interest,
381 2390 426 2416 ex
447 2380 551 2416 iustis
575 2379 709 2425 nuptiis
733 2380 897 2425 cognatio
917 2378 1112 2415 descendat
1133 2389 1182 2414 an
1203 2389 1287 2414 vero

198 2436 290 2461 non:
322 2435 407 2461 nam
430 2428 467 2460 et
486 2425 591 2470 vulgo
618 2424 814 2470 quaesitam
846 2433 1004 2461 sororem
1039 2424 1118 2470 quis
1148 2427 1289 2459 vetatur

198 2480 346 2506 uxorem
370 2469 512 2506 ducere.

245 2514 298 2552 55
327 2514 451 2551 Gaias
477 2514 569 2551 libro
602 2514 791 2550 undecimo
815 2514 866 2550 ad
887 2513 1041 2550 edictum
1057 2513 1288 2560 provinciale

231 2560 293 2595 uin
324 2560 430 2595 etiam
461 2559 563 2595 nefas
599 2559 821 2595 existimatur
851 2569 930 2595 eam
963 2569 1105 2604 quoque
1140 2569 1288 2595 uxorem

224 2614 342 2647 ucere,
367 2614 460 2650 quae
482 2615 547 2650 per
569 2604 798 2650 adoptionem
821 2604 896 2639 filia
919 2604 1079 2649 neptisve
1102 2613 1181 2640 esse
1205 2614 1286 2640 coe-

199 2649 302 2693 perit,
321 2649 360 2685 in
379 2653 531 2692 tantum,
552 2653 593 2685 ut
613 2654 659 2692 et,
680 2649 787 2701 siper
807 2649 1125 2694 emancipationem
1140 2647 1286 2694 adoptio

205 2697 218 2728 1
268 2693 442 2730 dissoluta
465 2694 522 2737 sit,
553 2694 646 2729 idem
668 2694 756 2729 iuris
779 2697 934 2729 maneat.
981 2693 1099 2729 Patris
1130 2692 1288 2739 adoptivi

200 2739 270 2773 mei
303 2743 454 2774 matrem
491 2742 555 2774 aut
587 2742 815 2774 materteram
850 2742 914 2774 aut
947 2742 1090 2784 neptem
1136 2748 1181 2774 ex
1214 2737 1286 2774 filio

199 2793 347 2818 uxorem
381 2783 513 2819 ducere
546 2794 619 2819 non
652 2794 800 2829 possum
813 2810 822 2826 ,
858 2783 995 2820 scilicet
1024 2783 1056 2819 si
1085 2783 1123 2818 in
1153 2782 1288 2819 familia

200 2827 277 2863 eius
301 2828 384 2863 sim:
418 2829 575 2873 alioquin
607 2829 637 2864 si
669 2828 913 2874 emancipatus
935 2827 1038 2864 fuero
1063 2828 1109 2863 ab
1133 2838 1186 2871 eo,
1211 2828 1288 2864 sine

200 2871 308 2908 dubio
334 2872 419 2908 nihil
442 2873 588 2918 impedit
611 2874 765 2926 nuptias,
789 2873 926 2909 scilicet
949 2873 1033 2919 quia
1061 2876 1145 2919 post
1167 2882 1286 2909 eman-

201 2917 416 3000 cip5ationem
440 2922 629 2954 extraneus
652 2918 846 2963 intellegor.

276 2959 302 3000 6
333 2961 527 2998 Uzeuivas
549 2963 640 2998 libro
664 2963 769 2999 tertio
793 2963 1077 3009 disputationum
1111 2962 1232 2998 Etiam
1255 2962 1287 2998 si

201 3006 437 3060 concubinam
468 3007 545 3051 quis
576 3008 742 3043 habuerit
772 3008 905 3044 sororis
929 3007 1049 3051 filiam,
1072 3007 1157 3043 licet
1178 3007 1285 3043 liber-

200 3056 324 3095 tinam,
347 3055 522 3087 moestum
545 3053 784 3088 committitur.

246 3093 300 3134 57
324 3094 561 3132 ΜΑΒσΜΝσε
587 3097 677 3133 libro
710 3096 866 3133 secundo
899 3097 1160 3133 institutionum
1217 3096 1286 3141 Qui

199 3141 236 3177 in
260 3140 443 3187 provincia
473 3140 630 3176 officium
666 3141 798 3187 aliquid
819 3142 920 3187 gerit,
944 3141 1155 3187 prohibetur
1178 3141 1285 3177 etiam

201 3186 402 3222 consentire
424 3184 497 3220 filio
522 3195 586 3220 suo
610 3196 757 3221 uxorem
780 3186 933 3222 ducenti.

247 3228 329 3269 57·
369 3229 417 3266 In
448 3229 540 3266 libro
580 3231 737 3266 secundo
776 3231 821 3266 de
851 3231 1041 3267 adulteriis
1072 3230 1288 3266 Parmam

201 3275 437 3313 Masauivvs
467 3278 588 3326 notat:
631 3274 766 3310 Divus³
800 3275 947 3311 Marcus
982 3278 1019 3311 et
1050 3275 1185 3327 Lucius
1218 3275 1284 3310 im-

199 3319 560 3416 332&th
573 3319 770 3416 ᾆῗέἒέἓ
790 3320 1285 3416 saiwam&

200 3413 284 3456 ‘quo
316 3410 440 3455 ignara
470 3418 558 3444 iuris
587 3419 625 3443 in
648 3414 869 3444 matrimonio
894 3409 1060 3445 avunculi
1089 3410 1143 3445 tui
1173 3409 1284 3452 fuisti,

201 3458 250 3490 ‘et
273 3454 369 3501 quod
391 3454 437 3490 ab
461 3453 542 3489 avia
564 3457 627 3489 tua
651 3453 825 3488 collocata
848 3464 896 3496 es,
924 3458 960 3489 et
984 3464 1131 3490 numero
1155 3454 1284 3489 libero-

201 3503 292 3535 ‘rum
314 3502 528 3535 vestrorum:
552 3497 755 3543 idcircoque
774 3508 854 3532 cum
872 3499 962 3534 haec
981 3499 1101 3534 omnia
1118 3498 1156 3534 in
1175 3509 1284 3534 unum

202 3547 443 3586 ‘cononi-runt,
457 3542 707 3579 confirmamus
727 3545 858 3577 statum
879 3543 1070 3579 liberorum
1088 3547 1285 3579 vestrorum

201 3661 241 3695 (ι)
277 3656 405 3697 foedus]
429 3655 572 3689 dedecus
593 3655 740 3689 Kochler

203 3702 247 3742 (3)
273 3701 342 3733 divi
353 3713 414 3734 scr.
510 3701 553 3741 (4)
578 3702 752 3733 excusatus
766 3699 831 3732 erit
842 3711 895 3733 scr

900 3656 943 3697 (2)
975 3655 1061 3689 alius
1084 3666 1182 3688 nemo
1206 3655 1284 3689 add.

986 3702 1027 3741 (5)
1053 3700 1142 3733 fllius
1163 3699 1285 3732 tutoris

1277 101 1359 151 298

1970 121 2032 152 ΒΕ
2061 122 2165 154 m'ru
2191 122 2448 156 nuvium

1360 227 1409 262 ‘in
1443 236 1485 262 eo
1521 228 1744 279 matrimonio
1779 229 2043 275 quaesitorum,
2078 231 2173 275 quod
2216 236 2299 268 ante
2333 243 2447 269 annes

1361 271 1612 352 :qglaggagiinfta
1628 276 1853 352 contractum
1871 278 1937 318 est,
1958 274 2106 320 perinde
2124 279 2232 322 atque
2244 277 2275 312 si
2295 277 2448 322 legitime

1361 358 1414 399 58
1439 327 1786 415 Mpwlffiggnlfflo
1810 367 1941 416 quarto
1963 364 2174 411 reqularum
2219 366 2255 401 A
2278 366 2357 402 divo
2381 367 2447 403 Pio

1360 410 1571 458 rescriptum
1595 410 1660 450 est,
1684 417 1716 443 si
1737 407 1903 444 libertina
1925 412 2126 445 senatorem
2146 409 2326 456 deceperit
2345 412 2448 457 quasi

1359 460 1514 497 ingenua
1533 454 1570 503 et
1588 451 1621 487 ei
1639 455 1756 504 nupta
1772 456 1837 495 est,
1857 452 1906 489 ad
1925 454 2124 500 exemplum
2142 455 2318 501 praetoris
2341 456 2448 492 edicti

1359 495 1514 576 gassdtam
1533 507 1571 531 in
1588 501 1873 578 εᾝοηῖιιειιι,
1893 498 1977 544 quia
1996 509 2040 534 ex
2058 498 2141 534 dote
2159 499 2296 535 nullum
2308 501 2447 537 lucrum

1385 551 1407 576 a
1434 550 1453 575 e
1515 550 1584 576 uae
1607 552 1631 576 n
1729 551 1766 577 es

1406 583 1459 622 59
1516 588 1644 622 Δσισε
1663 585 1755 622 libro
1777 587 1960 634 sinqulari
1987 588 2032 624 dc
2055 588 2309 636 adsignatione
2341 590 2447 627 liber·

1360 635 1476 682 torum
1523 629 1677 666 Senatus
1702 632 1878 676 consulto,
1926 643 1972 668 uo
1998 637 2143 669 cautum
2174 638 2247 677 est,
2280 644 2326 670 ne
2348 638 2448 671 tutor

1358 675 1530 727 pupillam
1525 676 1610 765 gfff}
1630 675 1715 755 filtipr
1727 686 1792 712 suo
1813 677 1866 712 vel
1890 687 1920 712 si
1944 677 1957 712 i
1980 682 2132 723 nuptum
2153 679 2315 722 collocet,
2340 679 2447 716 etiam

1358 729 1404 755 ne
1430 729 1471 755 os
1495 730 1525 755 si
1612 731 1655 755 ca
1716 748 1724 756 .

1433 764 1457 802 0
1484 764 1591 799 low
1616 765 1707 801 libro
1744 766 1800 801 sin
1827 766 1926 801 utari
1961 765 2011 801 ad
2048 767 2245 802 orationem
2276 767 2353 804 divi
2372 770 2442 804 An-

1360 810 1476 862 tonini
1497 813 1532 844 et
1558 809 1741 846 Commodi
1816 810 1829 845 i
1860 811 1939 856 quis
1978 814 2076 847 tutor
2113 811 2254 857 quidem
2285 823 2359 849 non
2388 814 2446 857 sit,

1358 854 1555 907 periculum
1578 858 1698 907 tam-en
1729 855 1861 908 tutelae
1893 855 1939 890 ad
1972 865 2052 890 euin
2074 857 2270 909 pertineat,
2294 867 2343 911 an
2365 868 2447 894 sen-

1358 901 1977 996 {izttuz’tssfffffussssfffiffssaigssi
1998 901 2447 990 ἔιῗὲὲἓωοῗὶυξὲΡὲΠῗηιέξ

1359 999 1398 1024 se
1422 993 1654 1032 excusaverit,
1678 993 1720 1024 ut
1743 1000 1787 1025 ex
1817 1000 1929 1025 sacris
1961 991 2273 1027 constitutionibus
2305 992 2445 1038 pericu-

1358 1034 1431 1069 lum
1454 1033 1501 1068 ad
1525 1043 1605 1069 eum
1627 1034 1828 1080 pertineat?
1860 1038 1896 1069 et
1919 1034 2107 1070 dicendum
2131 1040 2187 1071 est
2216 1037 2282 1072 hos
2307 1047 2447 1083 quoque

1358 1078 1406 1114 ad
1436 1081 1582 1114 senatus
1607 1079 1807 1114 consultum
1837 1079 2031 1124 pertinere:
2064 1090 2148 1115 nam
2177 1085 2214 1116 et
2243 1081 2446 1118 huiusmodi

1358 1123 1555 1169 periculum
1586 1123 1624 1159 in
1655 1134 1841 1159 numerum
1872 1124 1980 1159 trium
2018 1125 2209 1160 tutelarum
2246 1127 2446 1172 computari

1361 1172 1376 1203 1
1428 1168 1696 1221 comprobatum
1728 1173 1791 1204 est.
1848 1168 1919 1204 Sed
1949 1169 1980 1205 si
2010 1174 2156 1215 propter
2187 1171 2332 1207 alterius
2363 1181 2445 1217 per-

1358 1223 1483 1249 sonam
1502 1212 1702 1265 periculum
1725 1214 1772 1248 ad
1790 1224 1870 1249 eum
1890 1214 2059 1259 pervenit,
2079 1214 2260 1251 videamus
2278 1226 2324 1251 ne
2344 1220 2447 1252 extra

1358 1261 1572 1294 sententiam
1595 1261 1741 1294 senatus
1766 1258 1920 1294 consulti
1943 1259 2011 1294 sit:
2036 1259 2145 1294 veluti
2168 1260 2199 1295 si
2216 1261 2444 1306 magistratus

1356 1303 1395 1339 in
1417 1303 1551 1338 tutelae
1573 1303 1769 1348 periculum
1791 1303 1917 1338 incidit
1938 1304 1994 1339 vel
2025 1304 2238 1340 fideiusserit
2268 1306 2347 1351 quis
2377 1316 2443 1352 pro

1357 1351 1476 1384 tutore
1498 1347 1555 1383 vel
1577 1352 1754 1391 curatore,
1775 1349 1859 1394 quia
1877 1358 1944 1384 nec
1963 1349 2000 1383 in
2020 1359 2206 1385 numerum
2225 1350 2333 1385 trium
2351 1353 2444 1386 tute-

1356 1393 1472 1428 larum
1495 1393 1586 1429 haec
1609 1393 1846 1473 hiff'mantur?
1881 1397 1916 1428 et
1949 1404 2168 1446 consequens
2193 1399 2247 1430 est
2269 1395 2338 1430 hoc
2361 1406 2444 1440 pro-

1358 1437 1648 1528 {123⁸}ssoessss
1683 1438 2169 1536 ηῗὲῗιέἒωῗὲἒὲῗῖἕιῖῗῗ
2182 1439 2445 1520 inmtssimd‘mmss

1358 1531 1609 1580 computatur,
1641 1538 1725 1562 num
1749 1527 1811 1563 uid
1841 1527 1933 1563 idem
1964 1529 2035 1563 sit?
2074 1528 2137 1564 sed
2167 1529 2257 1564 ratio
2289 1529 2327 1564 in
2358 1539 2442 1566 con·

1356 1575 1506 1608 tranum
1528 1571 1637 1615 ducit,
1659 1583 1728 1618 quo
1773 1572 1907 1608 dictum
1927 1576 1982 1608 est
2001 1577 2037 1608 et
2047 1573 2279 1609 honorarium
2289 1577 2445 1610 tutorem

1356 1617 1553 1663 periculum
1571 1617 1685 1653 solere
1697 1617 1791 1669 pati,
1815 1617 1846 1652 si
1866 1618 1958 1670 male
1980 1627 2108 1663 passus
2135 1619 2182 1653 sit
2204 1618 2445 1655 administrari

1356 1665 1465 1750 {moti-1,
1480 1688 1599 1742 cessat
1607 1661 2165 1760 inffildmmiiiilsltiqssiolililgjpertineat
2175 1708 2223 1743 ad
2234 1708 2443 1752 orationem,

1357 1761 1431 1788 non
1453 1755 1508 1787 est
1532 1751 1777 1794 dubitandum,
1802 1762 1886 1797 quia
1908 1752 2056 1804 perinde
2086 1756 2228 1788 tenetur
2258 1763 2302 1788 ex
2331 1754 2443 1789 sacris

1357 1799 1378 1831 4
1426 1796 1739 1832 constitutionibus
1763 1799 1871 1842 atque
1894 1807 1926 1832 si
1946 1797 2124 1842 gessisset.
2172 1797 2264 1842 Quid
2294 1808 2376 1844 ergo
2401 1798 2443 1841 si,

1358 1852 1440 1877 cum
1463 1851 1503 1876 se
1525 1841 1629 1877 vellet
1653 1851 1826 1877 excusare
1849 1841 1967 1887 aliquo
1990 1842 2095 1878 titulo
2127 1852 2194 1878 nec
2215 1843 2254 1878 in
2275 1847 2444 1889 promptu

1381 1886 1586 1922 robationes
1629 1886 1796 1928 haberet,
1839 1887 2077 1923 excusationis
2119 1887 2297 1939 negotium
2334 1887 2445 1924 fuerit

1383 1931 1506 1966 ’atum
1530 1935 1565 1966 et
1587 1931 1680 1966 inter
1702 1941 1820 1966 moras
1843 1932 1981 1977 pupilla
2003 1931 2214 1975 adoleverit,
2246 1942 2294 1968 an
2318 1932 2364 1968 ad
2387 1942 2442 1968 se-

1356 1979 1464 2011 natus
1498 1976 1701 2012 consultum
1730 1976 1932 2028 pertineat?
1971 1976 2131 2030 quaestio
2160 1977 2199 2012 in
2217 1987 2272 2029 ‘eo
2304 1981 2369 2021 est,
2388 1987 2443 2029 ‘an

1355 2020 2034 2118 fiaffiffiptssi't‘ff‘fiffmffffssiziffl
2044 2026 2442 2110 ffatim&

1355 2120 1452 2163 pune
1480 2114 1606 2163 potest·
1631 2110 1780 2146 ducere:
1813 2121 1844 2146 si
1866 2121 1947 2146 vero
1980 2121 2053 2163 non
2077 2111 2203 2163 debeat
2225 2111 2348 2164 recipi·
2359 2115 2444 2157 post

1355 2154 2442 2280 ἓὶἓῖῗὼῖῗιὲἒροἒὲἒιζῗὲεᾶἳὲιῗὴηῗξοωᾷἷὲξωᾳοῃθῗ

1356 2248 1807 2342 ξῗξέὲὲῗέιζίἒίῗὲῗῖεῗ
1823 2248 2042 2342 wizzi*
2050 2245 2442 2336 fflffiffl‘iffl

1354 2345 1514 2379 imquum
1538 2344 1630 2369 emin
1654 2338 1709 2370 est
1730 2338 1880 2387 propter
1900 2334 2230 2387 dilationem-quae
2250 2334 2346 2371 forte
2368 2346 2441 2388 non

1356 2379 2260 2476 &stiffisspffiffiffgffiffiaffi
2277 2390 2442 2468 “Qummmff

1355 2478 1408 2504 vis
1430 2469 1546 2504 verbis
1570 2473 1740 2504 orationis
1765 2471 1909 2504 cautum
1931 2473 1989 2512 sit,
2014 2479 2059 2504 ne
2082 2479 2228 2505 uxorem
2250 2472 2350 2505 tutor
2371 2480 2439 2515 pu-

1354 2513 1476 2593 gillam
1516 2524 1618 2549 suam
1664 2513 1790 2556 ducat,
1832 2517 1952 2549 tamen
1993 2513 2266 2560 intellegendum
2307 2517 2363 2550 est
2397 2525 2442 2550 ne

1381 2558 1568 2603 esponderi
1604 2558 1744 2604 quidem
1778 2568 1902 2604 posse:
1946 2568 2029 2593 nam
2073 2569 2154 2595 cum
2188 2568 2260 2604 qua
2293 2559 2441 2611 nuptiae

1356 2603 1519 2639 contrahi
1550 2614 1623 2656 non
1652 2606 1821 2649 possunt,
1852 2604 1942 2639 haec
1978 2603 2200 2656 plerumque·
2218 2614 2265 2640 ne
2321 2603 2441 2640 uidem

1355 2647 1568 2746 *ἐθᾛὲἲέἓῗ
1608 2647 2046 2745 3ξὲεέέῶῗέῧέῇῖῗὲ
2073 2652 2288 2729 qam.
2301 2657 2441 2729 ruffi

1354 2738 1527 2818 Rupiliam
1548 2737 1670 2773 illicite
1691 2741 1888 2783 posteaque
1911 2741 2155 2783 emancipatus
2177 2737 2336 2773 fuer-it‘?
2359 2747 2437 2773 cre-

1381 2782 1511 2818 endum
1541 2786 1596 2819 est
1627 2782 1671 2818 de
1702 2782 1876 2827 adoptivis
1909 2783 2140 2828 emancipatis
2171 2786 2335 2818 senatum
2365 2793 2439 2818 non

1354 2828 1526 2870 sensisse,
1558 2827 1642 2873 quia
1670 2831 1755 2873 post
1789 2827 2106 2872 emancipationem
2127 2827 2164 2863 in
2187 2830 2303 2863 totum
2325 2826 2437 2872 adop-

1355 2875 1373 2925 ?
1421 2872 1515 2908 tivae
1535 2871 1692 2925 familiae
1715 2872 1981 2924 obliviscuntur.
2018 2871 2207 2908 Naturales
2230 2871 2333 2908 liberi
2355 2871 2439 2907 licet

1353 2928 1391 2997 ξ’
1421 2915 2438 3014 tsszffifflquitssettessffitssnasa.⁶335&an

1352 3010 1480 3052 postea
1497 3006 1601 3042 heres
1621 3016 1697 3042 eius
1715 3010 1831 3042 victus
1850 3006 1930 3043 est?
1952 3010 2135 3052 praetenti
2153 3010 2324 3052 temporis
2369 3015 2437 3042 eri-

1355 3051 1474 3087 culum
1495 3053 1680 3097 praestare
1703 3050 1819 3087 debet.
1844 3061 1891 3086 an
1913 3061 1996 3087 vero
2029 3051 2060 3087 si
2089 3050 2182 3086 filius
2204 3051 2307 3086 heres
2372 3050 2438 3086 erit

1355 3099 1391 3131 et
1412 3096 1528 3132 victus
1552 3098 1617 3138 est,
1641 3095 1688 3130 ad
1711 3095 1907 3131 orationem
1930 3096 2133 3141 pertineat?
2156 3099 2192 3131 et
2215 3105 2436 3141 consequens

1354 3143 1409 3176 est
1430 3140 1501 3176 hoc
1522 3139 1688 3186 probare,
1713 3141 1880 3186 quoniam
1902 3140 2078 3176 rationem
2101 3139 2206 3176 debet
2228 3139 2388 3176 reddere.

1399 3182 1449 3223 61
1476 3183 1723 3220 PAPJMAivvs
1738 3185 1829 3221 libro
1854 3185 2060 3232 triqensimo
2082 3184 2239 3236 secundo
2257 3185 2436 3231 quaestio—

1352 3240 1438 3265 num
1500 3228 1596 3265 Dote
1629 3233 1775 3275 propter
1808 3229 1969 3265 illicitum
2003 3229 2263 3265 matrimonium
2298 3229 2437 3265 caduca

1351 3273 1451 3310 facta
1472 3274 1630 3319 exceptis
1660 3273 1828 3320 impensis
1851 3274 2070 3316 necessariis,
2094 3284 2186 3319 quae
2216 3273 2334 3310 dotem
2355 3273 2435 3319 ipso

1351 3319 1429 3355 iure
1450 3318 1608 3354 minuere
1631 3319 1764 3362 solent,
1813 3318 1884 3355 uod
1906 3318 2035 3354 iudicio
2060 3318 2104 3353 de
2127 3318 2211 3354 dote
2231 3318 2435 3355 redditurus

1352 3365 1446 3400 esset
1467 3363 1615 3399 maritus
1638 3363 1775 3399 solvere
1822 3363 1914 3399 ebet.

1397 3405 1452 3446 62
1471 3407 1581 3444 loris
1594 3407 1685 3444 libro
1705 3411 1836 3454 quarto
1855 3417 2110 3455 responsorum
2155 3407 2377 3452 Quamquam
2397 3407 2433 3441 in

1352 3452 1498 3489 arbitrio
1521 3452 1645 3487 matris
1668 3457 1772 3498 pater
1801 3462 1880 3488 esse
1910 3452 2079 3494 voluerit,
2105 3452 2163 3488 cui
2185 3455 2337 3497 nuptum
2358 3450 2434 3486 filia

1352 3497 1547 3534 communis
1578 3496 1832 3540 collocaretur,
1860 3496 1995 3532 frustra
2035 3500 2154 3532 tamen
2192 3496 2238 3532 ab
2270 3505 2314 3532 ea
2334 3498 2432 3531 tutor

1353 3542 1458 3578 datus
1481 3541 1645 3587 eligetur:
1670 3551 1786 3588 neque
1809 3541 1902 3577 enim
1924 3541 2138 3587 intellegitur
2158 3544 2263 3587 pater
2284 3540 2329 3576 de
2350 3549 2429 3587 per-

1356 3653 1573 3698 desponderit
1590 3654 1753 3698 pupillam
1780 3655 1803 3687 i.
1818 3665 1849 3697 p.
1865 3665 1895 3698 q.
1911 3665 1971 3687 eni.
1986 3651 2121 3688 duxerit
2130 3666 2194 3689 σα.

2029 1664 2107 1708 qui,
2139 1673 2221 1698 cum
2253 1663 2357 1699 datus
2388 1667 2446 1700 est
2495 1688 2503 1697 .
