2528 3918
117 116 178 146 DE
199 113 584 145 EXHEREDATIONE
615 113 875 145 LIBERORUM

109 230 129 263 8
177 229 241 264 est.
288 227 376 262 Item
407 227 528 261 mutus
559 227 595 261 et
624 223 755 260 surdus
786 233 859 259 non
890 223 1051 270 semper¹
1075 221 1195 259 facere

108 275 359 309 testamentum
378 274 540 316 possunt.
576 270 699 315 utique
719 272 838 305 autem
850 269 893 305 de
907 279 948 305 eo
960 268 1066 305 surdo
1079 268 1194 314 loqui-

108 330 197 362 mur,
207 318 268 364 qui
278 316 419 354 omnino
429 326 501 352 non
511 316 667 358 exaudit,
676 326 749 351 non
758 314 817 367 qui
824 314 927 351 tarde
936 314 1098 350 exaudit:
1112 324 1195 349 nam

109 368 144 399 et
156 368 274 399 mutus
286 363 316 398 is
336 362 562 407 intellegitur,
582 361 642 406 qui
660 361 777 406 eloqui
793 359 880 395 nihil
896 364 1027 405 potest,
1047 370 1120 395 non
1134 358 1194 404 qui

106 408 209 444 tarde
232 407 400 454 loquitur.
442 417 550 452 saepe
574 411 693 442 autem
711 406 817 441 etiam
833 405 981 441 litterati
1006 409 1042 440 et
1065 404 1194 441 eruditi

106 454 264 490 homines
287 453 393 489 variis
418 452 560 488 casibus
586 455 621 488 et
645 451 812 487 audiendi
837 454 873 486 et
895 450 1062 497 loquendi
1077 450 1192 485 facul-

105 502 215 534 tatem
238 498 423 536 amittunt:
455 498 550 533 unde
574 501 698 533 nostra
730 497 963 532 constitutio²
995 496 1102 532 etiam
1137 495 1193 530 his

105 543 288 587 subvenit,
320 547 361 579 ut
392 543 497 579 certis
524 543 667 578 casibus
693 546 728 578 et
751 541 863 577 modis
889 541 1086 578 secundum
1109 551 1191 576 nor-

105 600 197 625 mam
220 589 297 625 eius
321 589 460 635 possint
483 588 607 624 testari
631 588 772 633 aliaque
789 587 910 623 facere
930 597 1022 633 quae
1042 587 1091 622 eis
1112 596 1192 631 per-

104 635 212 670 missa
235 638 329 670 sunt.
368 634 454 670 ³sed
486 634 516 669 si
550 634 629 679 quis
660 636 744 678 post
774 636 1027 668 testamentum
1056 631 1193 667 factum

104 680 305 716 valetudine
334 683 396 716 aut
427 679 586 725 quolibet
617 679 686 714 alio
720 688 807 714 casu
830 682 950 714 mutus
977 682 1040 713 aut
1063 677 1193 713 surdus

103 736 181 762 esse
205 725 373 771 coeperit,
397 730 516 760 ratum
540 724 650 760 nihilo
674 724 790 759 minus
810 723 884 759 eius
904 726 1064 759 remanet
1082 726 1192 758 testa-

103 775 124 807 4
170 775 340 807 mentum.
390 770 526 806 Caecus
557 774 676 806 autem
701 780 773 805 non
796 772 916 814 potest
939 768 1059 804 facere
1082 772 1192 803 testa-

102 820 259 852 mentum
271 816 339 852 nisi
358 825 422 868 per
441 815 736 858 observationem,
757 825 863 860 quam
882 815 964 850 10114
985 814 1054 849 divi
1066 813 1193 849 Iustini

102 866 122 897 5
169 861 282 908 patris
303 871 372 896 11101
390 861 598 897 introduxit.
643 860 766 903 ¹‘Eius,
791 860 852 905 qui
872 859 970 905 apud
985 860 1106 895 hostes
1128 862 1191 901 est,

101 910 353 943 testamentum
403 907 475 943 uod
498 907 548 942 ibi
571 906 658 942 feeit
682 917 754 942 non
778 905 888 948 valet,
922 904 1080 951 quamvis
1112 904 1191 939 red-

101 953 197 989 ierit:
223 952 286 988 sed
310 963 379 999 quo
430 953 514 988 dum
537 953 573 988 in
599 952 741 987 civitate
759 951 879 986 fuerat
898 951 995 993 fecit,
1020 950 1093 986 sive
1112 949 1191 985 red-

101 999 191 1041 ierit,
216 998 310 1034 valet
332 999 409 1034 iure
433 997 653 1045 postliminii,
678 997 751 1033 sive
773 996 845 1032 illic
870 996 1073 1039 decesserit,
1099 996 1193 1031 valet

101 1054 146 1080 ex
169 1044 244 1089 lege
268 1043 443 1080 Cornelia.

588 1158 707 1198 XIII⁶

245 1238 307 1271 DE
332 1237 732 1271 EXHEREDATIONE
758 1236 1039 1270 LIBERORUM.

146 1316 262 1353 ⁷'Non
295 1319 434 1359 tamen,
470 1319 511 1351 ut
542 1315 744 1352 omnimodo
776 1315 894 1351 valeat
927 1317 1190 1357 testamentum,

102 1362 246 1399 'sufficit
280 1362 371 1398 haec
402 1362 622 1405 observatio,
660 1372 767 1407 quam
803 1371 914 1407 supra
948 1360 1188 1405 exposuimus.

100 1408 173 1445 'sed
221 1408 257 1444 ui
278 1407 390 1443 filium
412 1407 450 1442 in
473 1410 652 1460 potestate
674 1407 800 1449 habet,
838 1416 966 1443 curare
991 1406 1117 1447 debet,
1150 1410 1191 1440 ut

101 1454 189 1490 'eum
239 1453 379 1489 eredem
401 1453 568 1489 inst1tuat
591 1453 645 1488 vel
670 1453 880 1488 exheredem
904 1451 1112 1487 nominatim
1135 1450 1189 1486 fa-

101 1499 200 1535 ’ciat2
234 1499 391 1544 alioquin
423 1499 454 1534 si
478 1509 557 1534 eum
582 1499 720 1534 silentio
745 1497 986 1543 praeterierit,
1018 1496 1191 1532 inutiliter

100 1545 310 1587 ’testabitur,
335 1544 425 1580 adeo
447 1544 588 1590 quidem
608 1547 658 1587 ut,
684 1545 750 1580 etsi
771 1544 848 1579 vivo
868 1546 971 1588 patre
989 1542 1083 1577 filius
1096 1553 1188 1578 mor-

100 1591 191 1626 'tuus
216 1590 280 1633 sit,
304 1599 408 1626 nemo
434 1600 477 1625 ex
502 1600 542 1625 eo
568 1593 780 1625 testamento
806 1589 908 1624 heres
933 1588 1082 1623 existere
1105 1598 1188 1632 pos-

100 1636 172 1678 ’sit,
205 1636 289 1682 quia
320 1635 457 1671 scilicet
480 1635 526 1670 ab
550 1635 650 1671 initio
676 1646 749 1671 non
773 1634 972 1670 constiterit
995 1636 1187 1668 testamen-

100 1682 205 1717 ’tum.⁴
242 1681 305 1717 sed
329 1692 401 1717 non
425 1681 476 1716 ita
500 1680 569 1716 de⁸
592 1681 733 1716 filiabus
764 1680 820 1716 vel
850 1679 928 1715 aliis
960 1689 1024 1725 per
1055 1678 1188 1714 virilem

98 1737 222 1763 sexum
246 1726 543 1763 descendentibus
567 1726 687 1762 liberis
711 1726 898 1771 utriusque
930 1735 1037 1761 sexus
1068 1723 1190 1759 fuerat

98 1772 302 1818 antiquitati
333 1772 576 1808 observatum:
610 1771 673 1807 sed
702 1772 732 1807 si
763 1782 835 1807 non
866 1771 1010 1806 fuerant
1039 1770 1188 1805 heredes

99 1817 223 1864 scripti
247 1818 444 1870 scriptaeve
462 1818 518 1853 vel
536 1817 741 1853 exheredati
762 1817 1052 1858 exheredataeve,
1078 1819 1187 1851 testa-

98 1867 255 1900 mentum
279 1863 418 1908 quidem
442 1874 515 1898 non
538 1863 805 1905 infirmabatur,
837 1863 893 1898 ius
917 1865 1037 1897 autem
1062 1861 1187 1897 adcre-

99 1909 221 1958 scendi
245 1908 296 1944 eis
321 1908 367 1944 ad
398 1912 531 1944 certam
563 1909 786 1954 portionem⁹
817 1907 1080 1954 praestabatur.
1126 1907 1189 1942 sed

99 1965 165 1991 nec
195 1954 403 1991 nominatim
436 1963 495 1989 eas
527 1964 699 1999 personas
731 1953 947 1989 exheredare
978 1952 1188 1998 parentibus

98 2010 245 2036 necesse
269 2003 355 2043 erat,
381 1999 444 2035 sed
467 1999 600 2035 licebat
625 2003 660 2034 et
683 1999 776 2034 inter
801 2003 938 2034 ceteros
963 1999 1033 2034 hoc
1057 1997 1186 2033 facere.

102 2050 115 2081 1
172 2047 198 2066 ¹⁰
208 2045 433 2081 'Nominatim
458 2049 578 2080 autem
602 2044 811 2080 exheredari
836 2044 915 2090 quis
939 2044 1090 2086 videtur,
1117 2044 1189 2079 sive

99 2091 159 2128 'ita
182 2090 416 2127 exheredetur
441 2091 568 2126 ‘Titius
589 2090 683 2126 filius
704 2100 803 2125 meus
824 2090 971 2126 exheres
991 2090 1091 2132 esto',
1117 2089 1189 2124 sive

100 2136 160 2172 'ita
183 2136 297 2172 ‘filius
321 2146 422 2172 meus
456 2136 603 2171 exheres
636 2136 731 2171 esto’
765 2147 838 2172 non
871 2135 1010 2171 adiecto
1042 2135 1187 2179 proprio

99 2182 269 2225 'nomine⁴,
295 2182 430 2217 scilicet
455 2182 484 2217 si
508 2182 599 2216 alius
624 2181 717 2216 filius
743 2192 815 2217 non
840 2184 946 2216 extet.
989 2181 1188 2226 ¹¹'p0stumi

99 2229 249 2273 ’,uoque
272 2227 373 2263 liberi
395 2227 450 2263 vel
474 2226 623 2263 heredes
647 2226 785 2262 institui
811 2226 941 2261 debent
964 2226 1018 2262 vel
1042 2226 1187 2261 exhere-

100 2239 198 2308 ¹dari.
236 2276 271 2309 et
294 2273 331 2308 in
357 2283 397 2308 eo
422 2283 489 2318 par
513 2272 668 2308 omnium
694 2272 855 2308 condicio
882 2275 946 2314 est,
972 2270 1067 2316 quod
1093 2275 1129 2306 et
1151 2271 1188 2306 in

100 2317 179 2354 'filio
212 2322 376 2371 postumo
409 2322 445 2353 et
474 2318 511 2353 in
543 2318 702 2363 quolibet
734 2328 777 2354 ex
808 2317 932 2353 ceteris
964 2317 1084 2352 liberis
1116 2317 1189 2352 sive

100 2363 265 2399 'feminmi
289 2374 394 2399 sexus
419 2363 492 2399 sive
515 2363 702 2399 masculini
725 2363 918 2408 praeterito
933 2363 960 2383 ¹²
984 2362 1079 2398 valet
1110 2363 1187 2407 qui-

99 2406 186 2445 'dem
222 2412 494 2451 testamentum,
529 2409 592 2445 sed
625 2412 751 2454 postea
787 2408 1001 2454 adgnatione
1032 2409 1188 2461 postumi

99 2453 180 2491 'sive
204 2458 391 2498 postumae
414 2455 592 2499 rumpitur
615 2458 651 2490 et
675 2464 717 2490 ea
741 2454 879 2490 ratione
899 2457 1013 2490 totum
1030 2453 1187 2489 infirma-

99 2501 183 2535 ’turz
205 2500 357 2545 ideoque
377 2500 407 2535 si
426 2500 563 2542 mulier,
584 2510 628 2535 ex
649 2510 720 2545 qua
739 2503 926 2545 postumus
947 2503 1011 2535 aut
1021 2502 1189 2544 postuma

99 2546 332 2591 'sperabatur‚
355 2545 522 2580 abortum
546 2545 693 2588 fecerit,
726 2545 816 2580 nihil
848 2544 1101 2589 impedimento
1136 2548 1189 2580 est

99 2590 248 2636 'scriptis
260 2591 449 2626 heredibus
462 2590 509 2626 ad
519 2590 753 2626 hereditatem
765 2590 978 2626 adeundam.
1011 2590 1074 2626 sed
1084 2589 1186 2625 femi-

100 2636 181 2672 'nini
205 2636 346 2682 quidem
370 2646 477 2672 sexus
501 2646 676 2681 personae
698 2636 754 2672 vel
776 2636 984 2672 nominatim
1007 2635 1062 2671 vel
1093 2635 1188 2671 inter

98 2681 245 2718 'ceteros
269 2681 477 2717 exheredari
502 2682 676 2724 solebant,
702 2681 785 2716 dum
808 2685 939 2723 tamen,
964 2681 994 2717 si
1017 2681 1110 2716 inter
1130 2692 1186 2716 ce-

96 2727 202 2763 'teros
228 2726 497 2769 exheredentur,
523 2727 655 2772 aliquid
680 2727 730 2762 eis
754 2727 907 2772 legetur,
934 2737 978 2762 ne
1001 2726 1188 2762 videantur

99 2774 171 2817 'per
183 2772 394 2808 oblivionem
438 2773 629 2808 raeteritae
649 2782 736 2815 esse,
762 2772 940 2807 masculos
961 2782 1043 2807 vero
1062 2775 1186 2817 postu-

99 2819 200 2860 'mos,
232 2817 269 2852 id
300 2821 354 2853 est
385 2817 496 2852 fi‘um
528 2821 564 2853 et
595 2818 780 2863 deinceps,
815 2817 951 2862 placuit
981 2828 1053 2852 non
1086 2817 1188 2853 aliter

100 2864 205 2898 'reete
229 2862 456 2906 exheredari,
481 2863 550 2898 nisi
573 2863 781 2899 nominatim
807 2862 1085 2904 exheredentur,
1117 2863 1188 2898 hoc

101 2906 245 2944 'scilicet
268 2908 391 2943 modo:
418 2909 652 2954 ‘quicumque
675 2909 762 2944 mihi
785 2908 879 2944 filius
903 2907 1043 2953 genitus
1066 2907 1186 2950 fuerit,

99 2956 117 2987 2
167 2954 323 2989 *exheres
349 2954 449 2989 esto’.
497 2954 750 2990 Postumorum
782 2957 901 2989 autem
932 2953 1012 2989 loco
1045 2956 1130 2988 sunt
1152 2956 1188 2987 et

98 2999 159 3043 ‘hi,
178 2998 240 3044 qui
260 2999 298 3034 in
318 2999 376 3034 sui
395 2998 536 3034 heredis
555 2999 675 3033 locum
691 2999 912 3034 succedendo
931 2999 1034 3044 quasi
1053 2998 1186 3044 adgna-

100 3045 239 3080 'scendo
263 3043 356 3079 fiunt
379 3043 589 3089 parentibus
614 3044 670 3080 sui
692 3044 852 3080 heredes.
889 3046 931 3079 ut
955 3054 1038 3079 ecce
1059 3043 1088 3079 si
1132 3043 1186 3079 uis

102 3089 219 3125 'filium
250 3092 286 3125 et
317 3099 359 3124 ex
391 3099 432 3125 eo
464 3093 629 3135 nepotem
653 3093 837 3135 neptemve
859 3089 897 3124 in
920 3092 1098 3134 potestate
1108 3055 1186 3124 qha-

101 3134 210 3177 'beat,
236 3134 319 3180 quia
342 3134 436 3170 filius
459 3135 572 3179 gradu
594 3135 795 3180 praecedit,
827 3135 858 3171 is
891 3135 988 3171 solus
1019 3135 1100 3170 iura
1131 3134 1187 3170 sui

100 3180 245 3231 'heredis
269 3180 390 3223 habet,
414 3180 573 3225 quamvis
597 3190 709 3226 nepos
729 3191 871 3261 (1110Ὲο
891 3184 926 3216 et
945 3180 1060 3226 neptis
1081 3191 1125 3215 ex
1145 3190 1186 3216 eo

99 3225 145 3260 ’111
168 3225 291 3261 eadem
314 3229 494 3270 potestate
517 3229 618 3261 sunt:
652 3226 715 3262 sed
747 3226 777 3262 si
849 3226 902 3261 'us
933 3226 1010 3262 eius
1042 3225 1119 3262 vivo
1145 3236 1186 3261 eo

99 3270 280 3306 'moriatur
303 3273 366 3307 aut
389 3271 548 3316 qualibet
571 3271 641 3307 alia
664 3272 802 3307 ratione
827 3274 930 3307 exeat
949 3271 992 3307 de
1010 3274 1188 3316 potestate

99 3433 139 3471 (1)
162 3433 306 3474 semper]
323 3431 423 3472 ΤΟΘ,
437 3441 497 3473 per
508 3442 543 3463 se
557 3431 591 3464 B
681 3435 722 3471 (2)
753 3431 830 3464 C'od.
844 3433 875 3471 6,
890 3438 935 3473 22,
950 3438 984 3464 10
1067 3433 1108 3471 (3)
1138 3434 1153 3469 ξ
1169 3437 1185 3463 3

94 3478 159 3519 fin.
172 3489 211 3510 ez:
223 3478 304 3521 Diy.
318 3477 372 3517 28,
386 3484 411 3517 1,
426 3483 454 3517 6,
468 3483 481 3510 1
496 3476 589 3518 (Gai.
605 3476 624 3509 l.
639 3483 669 3510 17
685 3477 731 3510 ad
742 3477 791 3510 ed.
802 3477 910 3519 prov.)
1035 3477 1078 3518 (4)
1107 3476 1184 3510 Cod.

101 3523 132 3562 6,
147 3529 193 3561 22,
208 3529 225 3556 8
319 3522 361 3564 (5)
389 3526 405 3562 ᾗ
421 3530 437 3556 5
451 3523 496 3556 in.
511 3534 550 3555 ex
561 3522 643 3566 Diq.
659 3523 782 3566 28,1,s
796 3534 848 3565 pr.
865 3521 958 3559 (Gai.
974 3521 994 3555 l.
1008 3522 1049 3563 c.)

146 3569 188 3606 (e)
206 3567 255 3609 Cf.
270 3566 523 3607 Gai.2,123..143
548 3567 628 3611 Diq.
641 3568 695 3606 28,
706 3574 731 3601 2.
743 3574 759 3601 3
788 3567 865 3600 Cod.
877 3568 908 3607 6,
919 3574 965 3601 28.
977 3573 1013 3601 29
1048 3567 1091 3608 (7)
1109 3566 1185 3600 Gai.

102 3612 132 3651 2,
147 3619 204 3645 115.
219 3618 270 3645 123
363 3615 406 3653 (8)
433 3612 487 3653 (10]
501 3613 547 3654 Β,
561 3615 594 3645 et
608 3612 647 3645 de
664 3613 724 3646 TC
823 3616 866 3651 (9)
892 3613 940 3645 sic
955 3612 1023 3652 TC,
1037 3611 1085 3644 eis
1099 3613 1187 3644 certe

101 3656 313 3698 portionisB
395 3658 454 3698 (10)
484 3657 560 3691 Gai.
576 3658 607 3699 2,
620 3664 671 3691 127
756 3659 810 3697 (11)
839 3656 916 3690 Gai.
930 3658 1038 3697 2,130.
1050 3663 1097 3691 131
1111 3662 1185 3689 rest.

105 3709 154 3735 134
168 3708 238 3734 rest.
262 3713 300 3733 ex
321 3702 399 3744 Diy.
416 3702 472 3742 28,
491 3709 518 3742 3,
538 3708 569 3735 13
651 3701 709 3743 (12)
734 3700 928 3742 praeterito]
955 3700 1014 3734 ΤΟ
1027 3700 1115 3739 Gai„
1136 3709 1186 3741 pr.

104 3749 255 3788 postumo
270 3746 304 3778 Β
372 3746 433 3788 (13)
455 3745 541 3778 iulia
559 3746 635 3779 0³0)
705 3746 765 3787 (14)
794 3744 870 3778 Gai.
887 3746 918 3786 2,
935 3751 983 3777 135
1057 3745 1116 3786 (15)
1141 3745 1187 3777 sic

1209 95 1256 143 19

1938 101 2084 144 INST.
2117 103 2170 157 11,
2189 106 2270 156 ‚12.
2296 108 2345 147 13

1263 222 1368 266 *eIus,
1391 222 1464 259 inci
1490 223 1517 258 it
1541 233 1652 268 nepos
1677 225 1836 271 neptisve
1859 225 1896 261 in
1921 225 1996 261 eius
2019 225 2138 261 locum
2163 225 2355 262 succedere

1264 269 1308 304 'et
1332 279 1377 321 eq
1398 279 1455 304 mo
1483 279 1504 304 o
1528 268 1609 304 iura
1632 280 1779 306 suorum
1802 271 1972 307 heredum
2004 270 2107 316 quasi
2139 271 2354 316 adgnatione

1263 314 1540 366 'nanciscuntur
1577 324 1623 367 ne
1648 325 1728 360 ergo
1755 326 1796 351 eo
1817 317 1921 353 modo
1941 320 2128 362 rumpatur
2149 316 2224 352 eius
2243 320 2352 352 testa-

1263 360 1447 412 'mentum3
1482 363 1575 412 sicut
1605 371 1617 394 1
1643 370 1722 395 sum
1753 361 1864 396 filium
1895 362 1951 398 vel
1980 362 2145 398 heredem
2168 362 2355 398 instituere

1263 405 1326 440 'vel
1345 409 1554 441 nominatim
1575 415 1593 440 e
1645 405 1792 441 eredare
1812 407 1918 443 debet
1937 411 2099 450 testator,
2120 418 2165 443 ne
2185 418 2256 443 11011
2278 408 2354 443 iure

1263 450 1384 486 'faciat
1407 454 1670 493 testamentum,
1695 451 1746 486 ita
1771 455 1805 486 et
1830 457 1993 497 nepotem
2013 457 2198 498 neptemve
2218 463 2261 488 ex
2282 453 2353 488 filio

1262 496 1417 532 'necesse
1441 499 1495 532 est
1519 497 1550 531 ei
1573 496 1627 532 vel
1652 496 1818 532 heredem
1843 498 2027 534 instituere
2051 499 2104 534 vel
2125 498 2352 541 exheredare,

1262 542 1316 576 'ne
1339 541 1432 577 forte
1455 542 1532 577 vivo
1558 551 1599 577 eo
1625 542 1697 577 filio
1723 546 1883 585 mortuo,
1917 543 2141 579 succedendo
2173 544 2211 579 in
2234 544 2354 580 locum

1261 587 1346 622 *eius
1370 597 1481 633 nepos
1506 587 1665 633 neptisve
1689 588 1792 633 quasi
1815 588 2028 633 adgnatione
2052 593 2220 635 rumpant
2242 593 2353 625 testa-

1262 634 1439 668 ’mentum.
1491 633 1597 676 idque
1629 635 1706 676 lege
1737 634 1881 666 lunia¹³
1905 633 2040 668 Velleia
2073 635 2253 677 provisum
2285 639 2349 676 est,

1264 678 1311 714 'in
1330 688 1403 724 qua
1421 677 1528 714 simul
1545 677 1832 713 exheredationis
1853 676 1996 712 modus‘
2018 678 2063 712 ad
2085 677 2350 713 similitudinem

1262 726 1281 758 3
1329 726 1576 768 Postumorum
1589 724 1863 759 demonstratur.
1906 722 2352 768 ΜἘ1110110111010811110108

1263 768 1349 804 'iure
1373 769 1466 804 civili
1490 780 1605 814 neque
1628 768 1777 805 heredes
1797 769 1984 804 instituere
2003 779 2118 813 neque
2138 769 2353 804 exheredare

1263 815 1418 850 'necesse
1443 819 1508 857 est,
1535 815 1618 860 quia
1641 825 1713 850 non
1737 818 1821 850 sunt
1843 814 1900 849 sui
1924 813 2083 849 heredes.
2121 814 2184 849 sed
2209 819 2346 866 praetor

1263 860 1393 895 'omnes
1417 863 1491 895 tam
1515 860 1674 895 feminini
1697 868 1805 901 quam
1830 857 2020 892 masculini
2042 867 2166 902 sexuS,
2190 870 2220 894 81
2249 860 2350 895 11010-

1262 905 1334 941 'des
1359 916 1431 940 non
1454 906 1704 948 instituantur,
1737 903 1946 941 exheredari
1969 905 2081 947 iubet,
2114 904 2220 939 virilis
2246 915 2352 940 sexus

1262 951 1497 994 'nominatim,
1537 951 1696 986 feminini
1727 962 1809 986 vero
1844 954 1879 986 et
1909 951 2002 985 inter
2034 954 2182 986 ceteros.
2228 950 2352 995 quodsi

1263 997 1387 1041 'neque
1410 996 1559 1032 heredes
1583 997 1736 1031 instituti
1767 996 1901 1031 fuerint
1925 1005 2039 1048 neque
2063 996 2114 1031 ita
2136 999 2178 1030 ut
2202 995 2351 1030 diximus

1262 1042 1477 1077 *exheredati
1491 1044 1535 1084 ¹⁵,
1571 1042 1747 1087 promittit
1781 1045 1926 1087 praetor
1961 1052 2010 1076 018
2048 1044 2175 1076 contra
2210 1041 2351 1076 tabulas

1261 1091 1281 1122 4
1330 1088 1730 1123 'testamentibonorum
1744 1087 2026 1132 possessiouem.⁴
2062 1085 2230 1131 Adoptivi
2252 1086 2353 1121 liberi

1261 1133 1429 1179 quamdiu
1453 1137 1538 1169 sunt
1561 1134 1598 1168 in
1630 1137 1808 1178 potestate
1839 1133 1952 1178 patris
1984 1131 2161 1177 adoptivi,
2196 1131 2352 1167 eiusdem

1260 1179 1347 1214 iuris
1371 1179 1561 1221 habentur,
1587 1179 1688 1214 cuius
1708 1182 1792 1213 sunt
1810 1178 1914 1213 iustis
1936 1177 2068 1222 nuptiis
2090 1177 2259 1223 quaesiti:
2285 1176 2352 1211 ita-

1284 1235 1330 1260 ue
1352 1224 1502 1260 heredes
1526 1224 1735 1259 instituendi
1760 1224 1814 1259 vel
1839 1223 2077 1259 exheredandi
2109 1226 2194 1258 sunt
2224 1233 2351 1258 secun-

1285 1280 1342 1305 am
1369 1281 1411 1306 ea
1436 1281 1528 1315 quae
1553 1270 1596 1306 de
1621 1270 1845 1305 naturalibus
1871 1268 2117 1314 exposuimus:
2149 1268 2352 1303 16’011101101-

1262 1316 1344 1360 'pati
1369 1327 1452 1351 vero
1478 1327 1500 1351 a
1523 1319 1626 1361 patre
1658 1315 1825 1360 adoptivo
1857 1325 1972 1359 neque
2002 1314 2081 1349 iure
2113 1313 2205 1349 civili
2237 1323 2353 1358 neque

1261 1361 1365 1406 'quod
1389 1361 1436 1397 ad
1460 1361 1615 1396 edictum
1639 1361 1816 1406 praetoris
1841 1361 1969 1395 attinet
1999 1359 2092 1395 inter
2122 1359 2254 1395 liberos
2286 1370 2351 1394 nu-

1261 1408 1463 1442 merantur.
1501 1417 1571 1452 qua
1594 1407 1734 1442 ratione
1758 1405 1905 1448 accidit,
1939 1409 1979 1440 ut
2011 1415 2054 1440 ex
2087 1404 2224 1440 diverso
2260 1404 2353 1450 quod

1260 1452 1315 1487 'ad
1341 1453 1540 1487 naturalem
1560 1456 1745 1498 parentem
1766 1452 1905 1494 attinet,
1931 1450 2100 1497 quamdiu
2122 1450 2263 1496 quidem
2284 1450 2354 1485 sint

1260 1499 1303 1539 'in
1327 1498 1496 1543 adoptiva
1513 1499 1660 1540 familia,
1681 1502 1934 1533 extraneorum
1956 1506 2102 1531 numero
2124 1496 2348 1536 habeantur,

1264 1547 1303 1578 ut
1334 1553 1396 1579 eos
1432 1553 1547 1588 neque
1580 1543 1728 1579 heredes
1764 1543 1951 1578 instituere
1987 1551 2101 1586 neque
2134 1540 2352 1576 exheredare

1263 1598 1410 1624 necesse
1435 1588 1498 1624 sit:
1533 1590 1624 1624 ’cum
1654 1599 1738 1624 vero
1771 1587 1987 1632 emancipati
2010 1586 2145 1621 fuerint
2168 1586 2214 1621 ab
2239 1585 2349 1630 adop-

1259 1634 1610 1715 ›ffifinpagsfssgmmii
1634 1631 2354 1724 {¹513}ssssisstfissafia‘ssffirgssizassssissffl

1540 1705 1548 1722 2

1259 1728 1277 1760 5
1327 1724 1510 1760 'fuissent‘
1558 1724 1629 1759 Sed
1648 1724 1738 1760 haee
1758 1726 1918 1759 vetustas
1936 1722 2201 1758 introducebat.
2226 1725 2353 1758 nostra

1258 1781 1339 1806 vero
1366 1769 1572 1806 constitutio
1588 1771 1614 1791 ¹⁷
1646 1770 1738 1805 inter
1769 1768 1949 1804 masculos
1982 1772 2018 1804 et
2047 1767 2199 1803 feminas
2222 1767 2260 1802 in
2283 1767 2353 1803 hoc

1258 1817 1335 1852 iure
1347 1816 1435 1851 nihil
1453 1816 1625 1851 interesse
1646 1815 1862 1856 existimans,
1883 1813 1967 1860 quia
1985 1816 2139 1859 utraque
2184 1822 2313 1849 ersona
2326 1813 2352 1834 ¹⁸

1258 1862 1293 1897 in
1309 1861 1491 1897 hominum
1507 1860 1755 1906 procreatione
1772 1859 1934 1895 similiter
1954 1863 2106 1894 naturae
2129 1869 2148 1893 0
2166 1858 2248 1894 ficio
2270 1858 2350 1893 fun-

1257 1907 1351 1987 [lg-itur
1363 1910 1399 1942 et
1418 1907 1495 1952 lege
1514 1907 1664 1952 antiqua
1683 1905 1869 1941 duodecim
1889 1905 2093 1940 tabularum
2114 1914 2236 1940 omnes
2256 1903 2351 1940 simi-

1270 1953 1338 1988 iter
1361 1952 1408 1988 ad
1432 1952 1679 1988 successiones
1704 1952 1750 1987 ab
1775 1951 1946 1986 intestato
1980 1950 2224 1992 vocabantur,
2257 1949 2353 1995 quod

1259 2002 1294 2034 et
1317 2001 1499 2043 praetores
1524 2001 1650 2043 postea
1674 1997 1789 2033 secuti
1813 2006 1892 2032 esse
1916 1995 2097 2038 videntur,
2121 1995 2201 2031 ideo
2216 1996 2245 2016 ¹⁹
2268 1995 2351 2031 sim-

1258 2044 1340 2090 plex
1364 2054 1407 2079 ac
1431 2043 1543 2079 simile
1567 2043 1622 2079 ius
1647 2046 1683 2079 et
1705 2043 1743 2078 in
1766 2042 1848 2078 filiis
1873 2045 1909 2077 et
1931 2041 1968 2076 in
1992 2041 2134 2076 filiabus
2160 2044 2196 2076 et
2225 2040 2263 2076 in
2294 2051 2349 2076 ce-

1258 2089 1342 2124 teris
1379 2088 1678 2125 descendentibus
1689 2088 1720 2109 ²⁰
1752 2098 1818 2133 per
1852 2087 1987 2123 virilem
2023 2097 2148 2122 sexum
2189 2085 2353 2132 personis

1257 2146 1330 2170 non
1353 2135 1469 2170 solum
1492 2134 1597 2177 natis,
1623 2133 1687 2170 sed
1712 2134 1818 2169 etiam
1843 2132 2017 2178 postumis
2037 2132 2287 2175 introduxit2¹‚
2312 2135 2361 2167 ut·

1257 2190 1390 2223 omnes,
1416 2180 1489 2215 sive
1514 2180 1570 2215 sui
1594 2180 1667 2215 sive
1687 2178 1902 2224 emancipati
1922 2181 2017 2221 sunt,
2043 2178 2118 2213 et²²
2143 2177 2352 2213 nominatim

1257 2226 1517 2262 exheredentur
1530 2228 1566 2260 et
1586 2225 1736 2260 eundem
1755 2224 1915 2259 habeant
1936 2223 2102 2259 effectum
2124 2223 2221 2259 circa
2240 2226 2351 2259 testa-

1257 2275 1376 2307 menta
1431 2274 1594 2306 arentum
1627 2281 1773 2306 suorum
1805 2269 2019 2305 infirmanda
2050 2272 2086 2304 et
2118 2268 2352 2304 hereditatem

1256 2283 1499 2359 auferenfiam,
1524 2327 1629 2361 quem
1649 2316 1712 2351 filii
1730 2316 1786 2351 sui
1805 2315 1860 2351 vel
1881 2315 2093 2360 emancipati
2113 2314 2259 2357 habent,
2279 2314 2351 2349 sive

1255 2363 1326 2398 iam
1351 2362 1426 2398 nati
1450 2366 1535 2398 sunt
1558 2362 1631 2397 sive
1656 2361 1774 2397 adhue
1805 2361 1841 2396 in
1874 2364 1975 2397 utero
2009 2360 2195 2396 constituti
2225 2363 2351 2405 postea

1257 2408 1331 2443 nati
1356 2412 1451 2443 sunt.
1489 2408 1586 2443 circa
1610 2407 1797 2452 adoptivos
1830 2409 1949 2442 autem
1982 2409 2116 2441 certam
2147 2405 2351 2441 induximus

1258 2453 1475 2496 divisionem,
1501 2463 1593 2498 quae
1618 2451 1865 2488 constitutioni
1888 2454 2034 2487 nostrae
2043 2451 2086 2494 2³,
2111 2461 2218 2496 quam
2243 2461 2351 2496 super

1258 2502 1277 2535 6
1325 2499 1502 2544 adoptivis
1526 2499 1684 2541 tulimus,
1711 2497 1925 2533 continetur.
1975 2496 2045 2531 Sed
2070 2495 2101 2531 si
2125 2495 2350 2541 expeditione

1256 2548 1456 2590 occupatus
1489 2544 1587 2579 miles
1619 2546 1874 2578 testamentum
1905 2541 2017 2577 faciat
2048 2545 2084 2576 et
2107 2541 2239 2577 liberos
2264 2551 2349 2578 suos

1254 2590 1327 2625 iam
1346 2593 1450 2625 natos
1470 2590 1524 2624 vel
1544 2592 1729 2634 postumos
1749 2587 1957 2623 nominatim
1977 2597 2049 2622 non
2070 2586 2349 2630 exheredaverit,

1256 2635 1319 2671 sed
1343 2635 1482 2671 silentio
1503 2633 1726 2679 praeterierit
1745 2643 1818 2668 non
1837 2633 2018 2678 ignorans,
2043 2642 2089 2667 an
2109 2632 2243 2668 habeat
2262 2632 2348 2668 libe-

1255 2691 1326 2724 ros,
1348 2680 1525 2716 silentium
1545 2680 1620 2715 eius
1640 2689 1705 2725 pro
1726 2678 2002 2714 exheredatione
2022 2677 2232 2713 nominatim
2251 2677 2349 2714 facta

1257 2730 1274 2760 7
1323 2726 1440 2762 valere
1450 2724 1764 2760 constitutionibus
1773 2724 1973 2769 principum
1983 2726 2129 2759 cautum
2138 2727 2203 2759 est.
2229 2723 2349 2759 Mater

1256 2771 1310 2807 vel
1342 2782 1429 2807 avus
1461 2774 1643 2806 maternus
1675 2779 1821 2805 necesse
1852 2780 1925 2805 non
1948 2769 2084 2805 habent
2106 2769 2239 2804 liberos
2263 2779 2348 2805 suos

1256 2820 1319 2852 aut
1342 2816 1492 2852 heredes
1516 2815 1703 2851 instituere
1734 2818 1799 2850 aut
1830 2814 2065 2857 exheredare,
2099 2814 2163 2850 sed
2194 2818 2349 2860 possunt

1256 2873 1316 2898 eos
1350 2862 1522 2898 omittere.
1560 2871 1643 2896 nam
1674 2859 1853 2896 silentium
1884 2860 2007 2896 matris
2031 2863 2095 2895 aut
2119 2860 2175 2895 avi
2198 2860 2349 2896 materni

1256 2911 1523 2952 ceterorumque
1546 2916 1610 2951 per
1633 2909 1783 2942 matrem
1803 2905 2070 2942 ascendentium
2091 2908 2229 2941 tantum
2248 2904 2348 2948 facit,

1255 2956 1427 3032 guantum
1452 2951 1678 2987 exheredatio
1702 2951 1827 2997 patris.
1865 2961 1980 2997 neque
2000 2951 2093 2986 enim
2111 2950 2218 2986 matri
2237 2950 2347 2986 filium

1281 2998 1407 3033 liamve
1441 3006 1556 3042 neque
1591 3007 1655 3033 avo
1688 3000 1850 3033 materno
1883 2999 2049 3042 nepotem
2084 2999 2269 3042 neptemve
2305 3006 2348 3031 ex

1255 3043 1346 3086 filia,
1378 3043 1409 3078 si
1433 3053 1513 3078 eum
1539 3052 1660 3078 eamve
1683 3042 1849 3079 heredem
1880 3053 1954 3078 non
1984 3042 2167 3085 instituat,
2200 3042 2346 3078 exhere-

1255 3088 1342 3124 dare
1364 3098 1510 3124 necesse
1534 3091 1605 3131 est,
1631 3088 1704 3124 sive
1728 3087 1772 3124 de
1795 3088 1872 3123 iure
1897 3087 1990 3124 civili
2013 3097 2245 3133 quaeramus,
2276 3087 2349 3123 sive

1256 3134 1300 3169 de
1324 3134 1440 3170 edicto
1464 3133 1658 3179 praetoris,
1691 3144 1761 3179 quo
1772 3134 1804 3155 2⁴
1834 3132 2035 3179 praeteritis
2067 3132 2188 3169 liberis
2221 3136 2349 3169 contra

1254 3179 1397 3215 tabulas
1430 3180 1604 3215 bonorum
1633 3178 1897 3225 possessionem
1928 3178 2114 3225 promittit.
2151 3178 2216 3214 sed
2249 3178 2347 3214 aliud

1255 3225 1305 3260 eis
1330 3224 1582 3260 adminiculum
1612 3228 1793 3269 servatur,
1825 3223 1922 3271 quod
1952 3224 2062 3271 paulo
2092 3227 2176 3270 post
2184 3224 2216 3246 2⁵
2246 3224 2346 3260 vobis

1254 3270 1482 3306 manifestum
1505 3269 1581 3306 fiat.

1262 3428 1335 3464 CtE
1353 3442 1422 3463 cum
1446 3430 1568 3471 Gaze,
1589 3431 1817 3463 instituantur
1836 3441 1944 3473 neque
1965 3430 1988 3463 i.
2003 3441 2036 3463 u.
2051 3429 2081 3463 d.
2103 3428 2345 3461 exheredentur

1257 3475 1373 3509 BTCv
1523 3477 1582 3518 (16)
1612 3476 1688 3510 Gai.
1703 3477 1810 3516 2,136.
1827 3483 1875 3510 137
2040 3475 2097 3516 (17)
2128 3474 2204 3506 Cod.
2220 3474 2250 3510 6,
2266 3480 2313 3512 28,
2329 3480 2343 3505 4

1257 3521 1316 3560 (18)
1342 3521 1390 3553 sic
1406 3521 1473 3561 OE,
1492 3524 1653 3564 utraeque
1666 3532 1828 3564 personae
1842 3521 1888 3560 B,
1911 3521 1947 3553 in
1969 3523 2144 3560 utramque
2167 3527 2341 3558 personam

1260 3564 1313 3605 Τῡ,
1329 3566 1394 3599 1110.
1412 3566 1458 3599 qu
1551 3568 1609 3607 (19)
1635 3566 1724 3607 ideo]
1741 3567 1784 3607 B,
1798 3569 1832 3599 et
1845 3566 1866 3600 i.
1885 3567 1918 3599 T
2005 3567 2067 3606 (20)
2093 3565 2140 3597 sic
2158 3563 2193 3602 T,
2208 3562 2343 3594 deseen-

1256 3610 1408 3643 dentium
1422 3612 1457 3644 B
1597 3613 1654 3649 (21)
1680 3612 1930 3644 introduximus
1950 3611 1982 3643 T
2116 3610 2178 3649 (22)
2205 3609 2251 3648 et]
2266 3607 2342 3647 Bc,

1256 3658 1315 3688 aut
1333 3656 1469 3689 heredes
1482 3657 1709 3689 instituantur
1721 3659 1780 3689 aut
1797 3655 1839 3690 T⁶
1852 3657 1930 3695 WE,
1947 3657 2005 3688 inc.
2025 3655 2081 3694 7³¹,
2105 3660 2138 3686 ut
2158 3659 2262 3685 tamen
2285 3665 2344 3696 ap-

1252 3708 1374 3745 pareat
1385 3704 1485 3735 verba
1498 3705 1556 3734 aut
1568 3702 1636 3733 ber.
1652 3702 1730 3734 inst.
1746 3714 1809 3735 non
1822 3703 1935 3734 adesse
2014 3701 2073 3737 (23)
2093 3698 2170 3731 God.
2183 3699 2213 3735 8,
2224 3699 2342 3735 47013),

1256 3754 1290 3780 10
1384 3750 1446 3787 (24)
1471 3749 1552 3789 quo]
1565 3748 1600 3780 Β
1606 3748 1636 3780 T
1634 3746 1660 3785 ὁ,
1674 3747 1762 3789 quod
1779 3747 1823 3780 T'¹
1910 3748 1972 3785 (25)
1999 3745 2087 3786 post]
2111 3744 2158 3783 W,
2173 3755 2232 3775 om.
2246 3743 2348 3776 BTG
