2528 3918
209 116 382 159 XXIIII
399 119 417 156 1

210 238 408 291 perfectam
432 236 679 280 donationem,
715 237 786 273 hoc
817 240 872 273 est
903 241 987 273 ante
1010 237 1165 283 nuptias,
1191 241 1299 284 atque

209 283 289 319 ideo
331 282 489 327 quamvis
530 281 724 318 contractis
765 282 898 327 nuptiis
939 283 1054 317 Titius
1102 282 1297 326 tradiderit,

213 332 226 362 1
279 326 506 362 donationem
528 326 657 362 valere.
706 326 744 362 Si
766 327 916 363 maritus
941 327 1031 362 duos
1063 337 1143 363 reos
1167 327 1299 363 habeat

209 372 343 407 Titium
355 375 390 406 et
403 372 584 406 mulierem
597 375 634 407 et
645 371 784 407 mulieri
797 375 947 417 accepto
961 371 1082 406 tulerit
1094 371 1298 408 donationis

210 426 331 459 causa,
355 420 481 452 neuter
503 415 692 459 liberatur,
725 417 808 462 quia
840 416 1064 461 acceptilatio
1088 427 1160 452 non
1183 417 1296 453 valet:

210 465 245 497 et
275 461 365 498 haec
394 460 553 496 Iulianus
585 461 675 497 libro
715 462 864 507 septimo
906 461 1042 498 decimo
1082 461 1299 507 digestorum

208 505 343 542 scribit.
394 506 475 541 lane
499 506 530 541 si
553 506 637 542 mihi
660 517 841 552 proponas
866 506 959 541 Titio
991 511 1140 559 accepto
1173 507 1297 550 latum,

207 551 284 596 ipse
308 517 448 596 quigem
467 551 687 594 liberabitur,
708 552 833 587 mulier
853 561 934 586 vero
955 551 1112 586 manebit
1132 551 1298 596 obligata.

209 599 229 631 2
278 595 502 631 Generaliter
533 596 726 632 tenendum
758 601 831 638 est,
866 595 962 650 quod
991 596 1084 631 inter
1114 596 1211 642 ipsos
1236 601 1299 632 aut

208 641 269 721 3111
299 640 346 676 811
387 651 447 676 808
478 641 657 686 pertinent
690 645 753 677 aut
788 651 851 686 per
874 641 1102 686 interpositas
1125 651 1298 687 personas

233 685 410 721 onationis
435 693 546 722 causa
577 690 721 731 agatur,
753 696 824 721 non
855 686 990 721 valere:
1023 686 1118 731 quod
1150 687 1180 722 si
1210 687 1298 722 alia-

207 742 286 766 rum
321 730 541 767 extrinsecus
575 741 693 766 rerum
735 741 1012 776 personarumve
1055 741 1166 767 881188
1202 741 1297 767 com·

206 775 320 811 mixta
343 775 400 818 sit,
436 776 468 812 si
501 776 662 821 separari
696 787 768 811 non
802 779 940 821 potest,
974 786 1040 812 nec
1071 776 1298 812 donationem

207 820 452 901 1Ρὲἓὲἐέηέ
472 822 681 901 εἳῗῆῗέἓήη
697 821 1298 912 ἕῖέἥ11031ῖὲ1οὲ181ὲὲυέἕὲ

207 914 228 945 4
275 910 375 946 iussu
410 911 528 947 mariti
562 912 664 946 uxori
700 910 920 956 promiserit,
956 911 1043 946 nihil
1076 911 1202 956 agitur.
1261 911 1299 947 Si

207 965 299 992 uxor
328 956 393 991 viri
432 956 599 991 creditori
640 956 841 991 donationis
883 966 992 991 881188
1056 957 1233 992 romiserit
1264 961 1299 992 et

206 999 451 1037 fideiussorem
497 1000 650 1043 dederit,
691 1010 806 1053 neque
850 1001 963 1036 virum
1002 1001 1027 1036 li
1054 1001 1146 1037 erari
1184 1012 1299 1047 neque

206 1045 388 1082 mulierem
412 1046 560 1091 obligari
590 1046 645 1080 vel
668 1045 912 1082 fideiussorem
948 1046 1022 1081 eius
1046 1047 1204 1082 Iulianus
1237 1046 1296 1090 ait,

207 1093 228 1126 5
275 1091 494 1171 8811888888
515 1091 639 1126 11811811
664 1101 707 1126 88
730 1091 762 1126 si
783 1091 871 1126 nihil
927 1091 1131 1127 remisisset.
1194 1091 1298 1127 Circa

205 1145 274 1171 ven
301 1136 444 1171 ‘tionem
476 1146 616 1180 quoque
639 1135 798 1171 Iulianus
830 1136 889 1181 qui
916 1147 970 1172 em
993 1137 1139 1172 minoris
1162 1136 1297 1172 1881881

205 1181 443 1216 venditionem
463 1181 593 1216 nullius
616 1190 694 1216 esse
713 1181 882 1216 1110818811
890 1182 958 1216 ait:
982 1181 1152 1216 Neratius
1178 1186 1297 1217 881818

209 1226 323 1267 (811188
337 1226 538 1271 opinionem
546 1226 763 1270 Pomponius
776 1236 848 1261 non
859 1226 1049 1271 improbat)
1061 1227 1297 1262 venditionem

206 1271 408 1306 donationis
423 1281 533 1306 causa
551 1271 644 1305 inter
663 1271 776 1306 virum
789 1274 826 1306 et
843 1281 991 1307 uxorem
1010 1270 1145 1307 factam
1165 1272 1296 1308 nullius

207 1326 286 1352 esse
317 1316 504 1357 momenti,
539 1316 569 1351 si
599 1315 721 1358 modo,
747 1326 829 1351 cum
859 1316 1016 1352 animum
1039 1317 1187 1352 maritus
1211 1327 1294 1352 ven-

206 1361 313 1396 dendi
335 1371 408 1396 non
437 1361 603 1403 haberet,
639 1360 772 1397 idcirco
806 1361 1044 1397 venditionem
1076 1366 1296 1398 commentus

206 1406 253 1442 sit
266 1407 287 1448 ¹,
312 1410 352 1440 ut
376 1405 543 1441 donaret:
569 1406 745 1442 enimvero
770 1406 811 1448 si,
837 1417 917 1442 cum
941 1406 1098 1442 animum
1121 1407 1296 1443 vendendi

205 1451 371 1493 haberet,
407 1460 452 1485 ex
482 1451 597 1502 pretio
633 1451 665 1486 ei
696 1451 848 1494 remisit,
880 1451 1119 1487 venditionem
1153 1452 1295 1497 quidem

205 1496 334 1538 valere,
358 1496 601 1531 remissionem
625 1500 745 1531 autem
768 1496 943 1532 hactenus
967 1507 1039 1532 non
1056 1497 1185 1540 valere,
1207 1507 1294 1543 qua-

204 1544 309 1576 tenus
331 1539 432 1576 facta
455 1544 510 1576 est
532 1541 760 1586 locupletior:
793 1541 915 1586 itaque
945 1541 976 1577 si
1006 1552 1064 1577 res
1096 1542 1296 1588 quindecim

204 1586 300 1620 venit
323 1585 496 1631 quinque,
529 1597 625 1621 nunc
656 1588 775 1621 autem
808 1586 856 1622 sit
878 1586 1011 1629 decem,
1036 1587 1192 1632 quinque
1214 1591 1294 1623 tan-

205 1635 280 1666 tum
303 1630 523 1676 praestanda
545 1636 640 1674 sunt,
665 1631 749 1676 quia
771 1631 809 1666 in
827 1632 897 1667 hoc
921 1632 1134 1677 locupletior
1157 1632 1297 1668 videtur

205 1679 226 1711 6
271 1675 382 1710 facta.
431 1675 469 1710 Si
493 1675 695 1712 donationis
721 1686 833 1712 causa
855 1676 908 1712 vir
930 1677 986 1712 vel
1009 1688 1101 1713 uxor
1124 1678 1295 1714 servitute

205 1731 278 1756 non
300 1724 433 1763 utatur,
483 1725 545 1756 uto
570 1721 683 1756 amitti
704 1721 920 1765 servitutem,
938 1732 1060 1757 verum
1078 1726 1162 1767 post
1178 1722 1294 1758 divor-

206 1769 224 1800 7
272 1766 361 1800 11881
379 1776 446 1801 808
475 1766 519 1801 ’81
535 1776 651 1811 posse.
686 1765 724 1801 Si
738 1777 830 1802 uxor
845 1767 902 1802 vel
920 1767 1068 1802 maritus
1088 1768 1295 1813 exceptione

205 1810 359 1856 quadam
383 1810 585 1846 donationis
613 1821 724 1846 causa
747 1812 958 1847 summoveri
981 1812 1168 1855 voluerint,
1196 1812 1296 1848 facta

204 1866 227 1891 a
257 1855 375 1890 iudice
410 1856 632 1891 absolutione
662 1857 796 1892 valebit
829 1857 970 1902 quidem
1001 1857 1200 1900 sententia,
1233 1858 1296 1894 sed

205 1903 225 1936 8
274 1900 481 1936 condicetur
504 1902 548 1943 ei,
574 1901 631 1936 8111
655 1901 826 1937 1108811181
849 1905 914 1938 est.
948 1901 1128 1938 Concessa
1149 1902 1294 1939 donatio

205 1949 260 1981 est
283 1946 487 1990 sepulturae
519 1956 647 1981 causa:
680 1957 764 1982 nam
795 1947 1002 1992 sepulturae
1033 1958 1144 1983 causa
1174 1948 1294 1984 locum

204 1991 331 2026 marito
357 1991 402 2025 ab
427 2002 539 2026 uxore
562 1991 617 2027 vel
650 1995 776 2027 contra
832 2002 913 2027 osse
945 1992 1072 2028 donari
1095 1996 1238 2028 constat
1260 1997 1296 2029 et

204 2036 235 2071 si
266 2035 406 2080 quidem
443 2036 619 2079 intulerit,
659 2036 770 2072 188181
821 2047 925 2072 ocum
963 2037 1178 2083 religiosum.
1225 2039 1295 2074 hoc

204 2085 324 2116 autem
356 2091 400 2116 ex
431 2090 472 2116 eo
503 2081 618 2123 venit,
651 2081 746 2126 quod
778 2081 916 2117 definiri
940 2082 1030 2117 solet
1053 2092 1132 2118 eam
1156 2082 1295 2118 demum

204 2125 434 2162 donationem
455 2125 617 2171 impediri
640 2126 772 2168 solere,
805 2136 896 2171 quae
930 2130 966 2162 et
989 2126 1181 2163 donantem
1204 2138 1294 2173 pau-

230 2170 378 2206 eriorem
407 2174 443 2206 et
475 2171 706 2249 accffientem
729 2171 839 2206 faciet
870 2171 1154 2216 locupletiorem:
1187 2183 1293 2224 porro

231 2215 264 2251 ‘c
283 2226 356 2250 non
375 2215 517 2251 videtur
565 2215 615 2251 eri
634 2215 895 2261 locupletiorin
907 2227 950 2251 88
964 2227 1004 2252 18
1016 2227 1123 2262 quam
1135 2217 1295 2270 rehgioni

204 2260 344 2296 dicavit.
378 2270 446 2296 nec
477 2260 586 2295 movit
616 2271 846 2306 quemquam,
879 2261 976 2306 quod
1008 2266 1157 2304 emeret,
1181 2263 1249 2298 msi
1273 2273 1295 2298 a

203 2306 331 2340 marito
356 2305 570 2357 accepisset:
603 2316 687 2341 nam
711 2305 778 2341 etsi
800 2307 992 2351 pauperior
1016 2316 1059 2342 ea
1080 2306 1201 2350 fieret,
1225 2308 1294 2344 nisi

204 2350 351 2385 maritus
376 2350 541 2393 dedisset,
574 2361 646 2386 non
681 2355 800 2386 tamen
834 2350 967 2387 idcirco
999 2351 1041 2386 fit
1070 2352 1293 2397 locupletior,

204 2398 224 2430 9
273 2395 368 2440 quod
392 2406 465 2430 non
490 2396 667 2441 expendit.
726 2396 827 2431 Haec
849 2405 906 2431 res
931 2399 967 2431 et
989 2396 1077 2432 illud
1102 2397 1239 2440 suadet,
1264 2397 1294 2433 si

204 2440 307 2475 uxori
330 2441 479 2476 maritus
511 2441 717 2486 sepulturae
740 2449 851 2476 causa
867 2441 1063 2484 donaverit,
1079 2441 1130 2477 ita
1153 2442 1294 2478 demum

203 2485 322 2520 locum
345 2485 423 2520 fieri
444 2485 600 2530 intellegi
630 2486 806 2528 mulieris,
839 2497 921 2522 cum
953 2497 1083 2532 corpus
1106 2487 1292 2523 humatur:

205 2534 362 2565 ceterum
402 2534 593 2576 antequam
631 2530 694 2566 fiet
723 2531 926 2576 religiosus,
960 2531 1127 2567 donantis
1160 2536 1292 2568 manet.

203 2575 353 2619 proinde
377 2575 407 2610 si
431 2575 634 2611 distraxerit
658 2576 802 2618 mulier,
826 2579 947 2612 manet
968 2576 1070 2612 locus
1096 2577 1291 2614 donatoris.

208 2622 248 2654 10
285 2619 487 2655 Secundum
503 2621 593 2656 11888
609 2621 641 2655 81
658 2621 762 2656 uxori
779 2631 866 2656 suae
882 2625 1148 2657 monumentum
1164 2633 1294 2675 purum

204 2664 353 2700 maritus
385 2666 503 2711 magni
536 2666 641 2711 pretii
671 2665 872 2709 donaverit,
905 2666 1037 2702 valebit
1059 2666 1217 2710 donatio,
1242 2668 1294 2703 sic

207 2712 245 2743 11
296 2714 426 2752 tamen,
450 2715 502 2753 ut,
528 2721 607 2746 cum
630 2711 673 2745 fit
695 2711 890 2756 religiosus,
915 2712 1044 2747 valeat.
1102 2712 1173 2747 Sed
1203 2716 1240 2748 et
1263 2713 1293 2748 si

204 2754 284 2798 ipsa
314 2754 422 2789 1118111
454 2756 513 2790 1110
546 2756 663 2798 111818,
698 2756 783 2791 11881
814 2760 927 2791 810118
959 2757 1035 2792 81118
1069 2756 1208 2792 finitum
1239 2762 1294 2794 est

205 2799 478 2843 matrimonium,
502 2800 744 2836 favorabiliter
775 2805 895 2836 tamen
927 2801 1065 2837 dicetur
1095 2802 1214 2837 locum
1236 2813 1292 2838 re-

209 2846 248 2878 12
295 2844 458 2888 ligiosum
476 2845 563 2880 fieri.
597 2845 751 2881 Proinde
764 2850 800 2880 et
815 2846 846 2882 si
857 2847 1007 2882 maritus
1020 2846 1066 2881 ad
1079 2847 1293 2883 oblationem

206 2887 264 2923 dei
286 2889 388 2923 uxori
413 2889 567 2933 donavit,
592 2891 647 2926 vel
670 2890 805 2933 locum,
839 2891 877 2926 in
925 2902 971 2927 uo
996 2902 1087 2937 opus
1111 2892 1293 2937 publicum

229 2932 302 2985 uod
325 2934 536 2978 promiserat
566 2935 704 2978 facere,
736 2936 832 2971 velut
866 2946 909 2972 ae
935 2946 990 2971 em
1013 2936 1205 2982 publicam,
1231 2937 1292 2973 de·

243 2983 364 3020 caret,
396 2979 457 3013 fiet
487 2980 586 3015 locus
618 2991 730 3016 sacer.
772 2980 835 3016 sed
868 2985 903 3017 et
933 2981 964 3018 si
987 2982 1072 3026 quid
1103 2982 1135 3017 ei
1159 2982 1229 3026 det,
1253 2986 1294 3018 ut

206 3022 339 3058 donum
370 3022 436 3058 deo
469 3024 571 3059 detur
600 3026 655 3060 vel
688 3029 934 3069 consecretur,
959 3026 1106 3062 dubium
1129 3037 1202 3063 808
1227 3030 1291 3070 881,

207 3068 292 3113 quin
323 3067 452 3103 debeat
483 3070 617 3105 valere:
658 3080 769 3115 quare
799 3074 836 3106 et
866 3071 896 3106 si
928 3071 1045 3106 oleum
1101 3082 1141 3107 ro
1175 3082 1218 3108 ea
1255 3072 1293 3107 18

209 3115 249 3148 13
297 3112 386 3148 88118
416 3123 520 3148 88818
551 3116 726 3158 posuerit,
760 3115 855 3151 valet
878 3115 1034 3151 donatio.
1109 3117 1120 3151 i
1143 3117 1292 3152 maritus

206 3158 310 3193 lieres
326 3157 510 3193 institutus
522 3159 685 3210 repudiet
702 3160 934 3196 hereditatem
947 3161 1149 3197 donationis
1170 3172 1291 3205 causa,

206 3202 366 3238 Iulianus
390 3202 460 3238 scri
486 3203 533 3238 sit
555 3204 645 3239 libro
670 3205 818 3250 septimo
840 3205 976 3241 decimo
998 3205 1212 3251 digestorum
1228 3206 1291 3242 do-

206 3247 387 3300 nationem
409 3214 554 3300 vassreg
578 3259 691 3293 neque
716 3251 807 3285 88118
827 3251 1021 3303 pauperior
1051 3250 1110 3293 fit,
1159 3251 1197 3287 ui
1220 3262 1292 3287 non

206 3292 382 3344 adquirat,
408 3292 471 3328 sed
494 3303 556 3338 qui
580 3293 623 3327 118
646 3295 859 3337 patrimonio
880 3306 945 3331 suo
966 3295 1129 3341 deposuit
1153 3323 1160 3331 .
1185 3306 1291 3341 repu-

207 3337 316 3373 diatio
342 3341 461 3373 autem
483 3338 602 3373 mariti
625 3338 761 3373 mulieri
786 3340 941 3384 prodest,
967 3341 997 3376 si
1019 3341 1073 3375 vel
1098 3341 1293 3376 substituta

210 3385 249 3416 14
297 3382 344 3417 sit
355 3382 480 3418 mulier
495 3382 551 3418 vel
564 3382 668 3418 etiam
683 3383 727 3417 ab
748 3384 915 3420 intestato
935 3385 1039 3420 118188
1057 3385 1188 3421 futura.
1237 3386 1291 3421 Si-

207 3427 280 3462 mili
303 3427 409 3463 810ᾱο
434 3432 470 3463 81
492 3427 523 3463 81
546 3427 700 3473 legatum
724 3429 895 3473 repudiet,
914 3430 1033 3475 placet
1049 3431 1152 3466 nobis
1175 3431 1293 3466 valere

206 3471 452 3515 donationem,
484 3472 515 3508 si
544 3472 671 3508 mulier
701 3472 893 3509 substituta
928 3475 975 3510 sit
1011 3475 1050 3510 in
1086 3475 1203 3521 legato
1238 3475 1293 3510 vel

208 3588 248 3624 (1)
273 3585 322 3617 sic
341 3586 375 3618 F

207 3630 250 3671 (Δ)
275 3629 477 3663 donassetF

208 3676 252 3716 (7)
276 3675 364 3707 valet
377 3675 439 3709 del.
452 3675 534 3708 Hal.

207 3719 353 3752 seeundo
367 3720 440 3752 Hal

529 3587 574 3628 (2)
605 3585 814 3629 deprompsit
832 3599 894 3620 scr.

609 3632 651 3671 (5)
677 3634 786 3663 tamen
800 3631 862 3664 del.

651 3676 695 3717 (8)
719 3678 892 3708 revocatus
903 3676 937 3708 F

1000 3634 1043 3673 (ο)
1069 3635 1203 3665 secutus
1215 3633 1290 3666 date.

1272 114 1356 163 312

1056 3591 1098 3629 (³)
1130 3587 1244 3620 uxoris
1263 3587 1300 3620 F

2020 129 2081 161 DE
2109 129 2451 164 Donauomnus

1371 241 1410 274 15
1458 239 1565 274 etiam
1596 249 1627 275 si
1657 249 1838 284 proponas
1869 248 1947 274 eam
1970 239 2135 276 heredem
2157 239 2367 276 institutam.
2414 240 2453 277 Si

1368 283 1446 329 quis
1474 287 1621 330 rogatus
1653 284 1701 319 sit
1734 288 1928 329 praecepta
1968 287 2066 319 certa
2096 285 2294 330 quantitate
2324 285 2454 321 uxori³

1367 338 1454 364 suae
1488 328 1719 364 hereditatem
1754 328 1941 364 restituere
1983 332 2018 364 et
2056 329 2087 364 is
2128 329 2204 365 sine
2241 329 2454 366 deductione

1367 373 1582 415 restituerit,
1616 372 1739 408 Celsus
1770 372 1861 409 libro
1895 373 2029 410 decimo
2062 373 2277 419 digestorum
2311 375 2454 420 scripsit

1367 418 1478 463 magis
1518 418 1675 464 pleniore
1721 417 1840 454 officio
1881 418 1964 454 fidei
2010 419 2250 464 praestandae
2291 418 2453 455 functum

1367 463 1532 498 maritum
1557 473 1663 508 quam
1687 462 1863 498 donasse⁴
1893 463 2019 499 videri:
2052 467 2087 498 et
2117 467 2251 499 rectam
2281 464 2453 500 rationem

1366 508 1450 543 111118
1474 508 1671 543 8881881188
1695 506 1819 543 0818118
1843 507 1991 551 81118811,
2024 508 2119 553 quod
2150 508 2308 554 plerique
2342 510 2454 554 magis

1366 551 1473 588 fidem
1498 552 1683 588 exsolvunt
1705 552 1742 587 in
1764 551 1861 588 hunc
1885 562 2006 588 casum
2030 563 2137 598 quam
2161 553 2296 589 donant
2319 563 2385 589 nec
2409 554 2454 589 de

1367 607 1432 633 suo
1451 601 1581 643 putant
1599 596 1788 643 proficisci,
1803 597 1898 642 quod
1918 597 1962 632 de
1981 597 2096 633 alieno
2109 598 2248 643 plenius
2260 598 2455 634 restituunt

1366 643 1585 678 voluntatem
1610 641 1768 677 defuncti
1791 642 1925 678 secuti:
1959 652 2025 678 nec
2048 643 2219 678 immerito
2245 653 2352 688 saepe
2376 653 2453 679 cre-

1368 687 1483 723 dimus
1507 687 1640 732 aliquid
1664 686 1869 723 defunctum
1903 686 2057 722 voluisse
2089 691 2125 723 et
2157 691 2276 723 tamen
2300 698 2372 723 non
2394 699 2454 724 ro-

1366 742 1480 778 gasse.
1521 742 1613 778 quae
1643 732 1820 767 sententia
1851 732 1960 767 habet
1989 731 2163 767 rationem
2197 732 2308 778 magis
2338 732 2376 768 in
2399 743 2453 776 eo,

1368 777 1427 822 qui
1459 788 1532 813 non
1564 779 1641 812 erat
1671 776 1826 812 deducta
1861 780 1989 822 quarta
2022 780 2167 822 rogatus
2200 778 2386 813 restituere
2418 781 2455 814 81

1367 824 1509 858 tamen-'²
1531 822 1703 867 integram
1726 821 1831 857 fidem
1854 822 2034 867 praestitit
2052 822 2182 858 omisso
2201 826 2348 858 senatus
2369 833 2453 858 con·

1367 867 1452 903 sulti
1476 866 1682 903 commodo:
1713 866 1772 902 hic
1797 867 1889 902 enim
1912 876 1994 902 vere
2016 866 2119 902 fidem
2156 867 2306 903 exsolvit
2328 867 2454 903 volun·

1366 916 1476 948 tatem
1499 912 1682 948 testatoris
1706 912 1898 947 obsecutus
1908 913 1933 946 ⁶.
1970 911 2039 947 hoc
2061 912 2123 954 ita,
2148 912 2179 947 si
2212 923 2285 948 non
2309 922 2375 957 per
2398 922 2453 948 er-

1366 968 1483 993 rorem
1515 957 1644 993 calculi
1674 956 1782 992 fecit:
1824 962 1981 992 ceterum
2014 956 2163 992 indebiti
2193 956 2457 993 fideicommissi

1371 1006 1410 1038 16
1458 1012 1536 1038 8888
1558 1002 1804 1047 repetitionem
1827 1001 1925 1036 nulla
1948 1000 2122 1037 dubitatio
2148 1005 2211 1037 est.
2245 1001 2333 1037 Cum
2348 1002 2455 1047 igitur

1366 1048 1453 1083 nihil
1485 1047 1530 1083 de
1562 1047 1666 1083 bonis
1698 1050 1882 1092 erogatur,
1913 1050 2010 1082 recte
2041 1046 2172 1082 dicitur
2201 1046 2319 1082 valere
2342 1046 2453 1082 dona-

1366 1092 1508 1128 tionem.
1534 1092 1749 1137 ubicumque
1772 1091 1880 1136 igitur
1903 1102 1976 1127 non
1999 1091 2172 1126 deminuit
2204 1091 2249 1127 de
2271 1091 2454 1127 facultati·

1366 1138 1434 1173 bus
1457 1137 1531 1173 suis
1556 1137 1615 1183 qui
1639 1136 1803 1179 donavit,
1828 1136 1922 1171 valet
1932 1137 1957 1179 ⁷,
1981 1136 2052 1178 vel,
2090 1137 2226 1172 etiamsi
2259 1136 2455 1180 deminuat,

1365 1183 1448 1219 locu
1474 1182 1577 1218 letior
1599 1186 1719 1217 tamen
1742 1192 1814 1217 non
1837 1181 1879 1216 fit
1913 1181 1972 1226 qui
2005 1182 2154 1226 accepit,
2179 1181 2324 1217 donatio
2348 1182 2453 1218 valet.

1369 1230 1408 1263 17
1498 1228 1651 1263 arcellus
1675 1227 1766 1262 libro
1803 1226 1953 1278 septimo
1985 1226 2200 1271 digestorum
2232 1227 2391 1272 quaerit,
2423 1227 2455 1262 si

1366 1273 1493 1308 mulier
1516 1277 1701 1318 acceptam
1718 1282 1740 1306 8
1760 1275 1887 1307 1881110
1911 1272 2100 1316 pecuniam
2122 1271 2158 1306 in
2183 1272 2364 1316 sportulas
2388 1282 2455 1318 pro

1366 1322 1517 1363 cognato
1543 1328 1607 1354 suo
1632 1316 1747 1353 ordini
1770 1316 1981 1362 erogaverit,
2006 1326 2053 1351 an
2077 1316 2219 1352 donatio
2243 1317 2384 1352 valeat?
2419 1320 2455 1352 et

1365 1363 1417 1398 ait
1438 1364 1555 1399 valere
1578 1372 1645 1398 nec
1675 1362 1785 1397 videri
1815 1361 2079 1407 locupletiorem
2102 1361 2283 1397 mulierem
2306 1361 2453 1404 factam,

1366 1408 1524 1453 quamvis
1555 1411 1716 1443 mutuam
1753 1407 1941 1452 pecuniam
1973 1410 2068 1442 esset
2097 1410 2288 1451 acceptura
2321 1410 2357 1442 et
2386 1417 2455 1452 pro

1368 1455 1409 1488 18
1456 1452 1575 1488 adfine
1607 1455 1805 1497 erogatura.
1868 1452 1911 1486 In
1942 1451 2192 1487 donationibus
2224 1455 2343 1487 autem
2374 1451 2451 1488 iure

1366 1498 1458 1534 civili
1480 1498 1657 1550 impeditis
1681 1497 1856 1533 hactenus
1878 1497 2092 1532 revocatur⁸
2115 1496 2247 1532 donum
2270 1497 2316 1532 ab
2341 1506 2382 1532 eo
2407 1497 2455 1532 811

1366 1553 1452 1579 eave
1475 1554 1533 1579 8111
1557 1542 1727 1578 1108811181
1751 1546 1815 1585 881,
1841 1545 1891 1584 111,
1917 1542 1947 1577 81
1971 1541 2111 1587 quidem
2143 1545 2258 1577 exstet
2280 1552 2349 1584 res,
2374 1541 2450 1577 vin-

1366 1588 1514 1630 dicetur,
1539 1588 1569 1623 si
1593 1591 1806 1633 consumpta
1835 1587 1900 1629 sit,
1925 1586 2134 1622 condicatur
2155 1586 2340 1629 hactenus,
2365 1596 2453 1633 qua·

1366 1637 1470 1669 tenus
1494 1633 1707 1678 locupletior
1731 1632 1810 1678 quis
1834 1642 1956 1667 eorum
1978 1631 2097 1667 factus
2122 1635 2195 1667 est:

1412 1676 1436 1716 6
1465 1678 1589 1714 6Α1σ8
1619 1677 1710 1714 libro
1742 1677 1929 1712 undecimo
1961 1676 2010 1711 ad
2047 1677 2200 1712 edictum
2226 1676 2454 1722 provinciale

1366 1723 1450 1769 quia
1473 1723 1570 1768 quod
1602 1733 1646 1758 ex
1678 1733 1752 1758 non
1785 1731 1957 1758 concessa
1988 1721 2179 1757 donatione
2210 1721 2392 1773 retinetur,
2416 1720 2453 1757 id

1366 1772 1429 1804 aut
1452 1769 1529 1804 sine
1552 1777 1663 1803 causa
1687 1770 1751 1803 aut
1773 1777 1818 1802 ex
1840 1767 1974 1802 iniusta
2005 1777 2116 1802 causa
2138 1766 2282 1801 retineri
2316 1765 2453 1802 intelle-

1363 1814 1480 1858 gitur:
1518 1823 1562 1848 ex
1586 1813 1714 1858 quibus
1739 1812 1855 1848 causis
1880 1811 2056 1847 condictio
2081 1811 2182 1846 nasci
2204 1811 2304 1846 solet.

1413 1856 1436 1895 7
1469 1854 1664 1894 ULPJANUS
1691 1857 1782 1893 libro
1815 1857 1998 1903 triqesimo
2025 1857 2170 1902 primo⁹
2200 1855 2250 1891 ad
2278 1854 2452 1892 Sabinum

1366 1903 1470 1948 Quod
1493 1906 1613 1938 autem
1636 1905 1818 1948 spectetur
1848 1906 2006 1946 tempus,
2038 1911 2085 1936 an
2107 1901 2358 1945 locupletiores
2382 1900 2455 1936 sint

1364 1948 1464 1991 facti,
1489 1952 1609 1983 utrum
1628 1951 1768 1992 tempus
1786 1946 1859 1982 litis
1880 1950 2101 1982 contestatae
2120 1955 2167 1981 an
2178 1946 2230 1981 rei
2249 1945 2454 1997 iudicatae?

1366 1997 1401 2029 et
1423 2004 1546 2029 verum
1571 1996 1626 2028 est
1648 1992 1719 2027 litis
1745 1995 1965 2027 contestatae
1996 1995 2136 2036 tempus
2167 1994 2324 2036 spectari
2347 2000 2453 2036 opor-

1364 2042 1441 2074 tere
1471 2037 1579 2083 idque
1608 2038 1803 2083 imperator
1833 2039 1957 2072 noster
1996 2047 2077 2071 cum
2115 2039 2218 2081 patre
2256 2035 2367 2071 rescri
2393 2035 2451 2071 sit.

1367 2087 1383 2118 1
1434 2083 1472 2119 Si
1495 2083 1654 2126 ,maritus
1685 2081 1874 2128 pecuniam
1905 2081 2009 2117 uxori
2038 2081 2075 2116 in
2106 2083 2287 2125 unguenta
2317 2080 2342 2116 d
2388 2080 2455 2116 erit

1365 2138 1478 2174 eaque
1501 2138 1580 2163 eam
1602 2127 1790 2173 pecuniam
1814 2126 1982 2162 creditori
2011 2136 2076 2162 suo
2108 2125 2270 2168 solverit,
2303 2135 2387 2161 mox
2411 2134 2455 2161 ea

1365 2173 1410 2209 de
1441 2183 1508 2208 sua
1538 2173 1691 2218 pecunia
1723 2175 1904 2217 unguenta
1934 2171 2075 2214 emerit,
2107 2181 2181 2206 non
2210 2169 2320 2206 videri
2352 2170 2452 2206 locu·

1363 2218 1549 2263 pletiorem
1571 2217 1706 2253 factam
1729 2217 1923 2252 Marcellus
1946 2217 2036 2252 libro
2061 2215 2211 2261 septimo
2235 2214 2453 2260 digestorum

1364 2263 1498 2298 scribit.
1524 2262 1686 2307 idemque
1710 2265 1746 2297 et
1776 2261 1806 2297 si
1829 2261 1968 2296 lancem
1999 2261 2044 2296 ob
2077 2260 2226 2296 eandem
2250 2270 2396 2296 causam
2420 2259 2454 2296 ei

1365 2307 1502 2343 dederit
1533 2317 1646 2352 eaque
1675 2307 1814 2342 lancem
1838 2306 2041 2348 retinuerit,
2074 2305 2119 2340 de
2149 2315 2216 2341 sua
2246 2309 2366 2340 autem
2389 2315 2451 2350 pe-

1365 2353 1472 2388 cunia
1501 2363 1551 2387 un
1600 2355 1683 2388 enta
1715 2351 1855 2394 emerit,
1886 2350 2160 2386 vindicationem
2191 2359 2343 2392 cessare,
2369 2350 2454 2395 quia

1363 2407 1437 2433 non
1469 2400 1523 2432 est
1567 2396 1783 2442 ocupletior,
1816 2406 1907 2441 quae
1936 2395 2145 2430 tantundem
2175 2394 2212 2430 in
2242 2404 2281 2430 re
2311 2398 2453 2430 mortua

1363 2445 1383 2478 2
1430 2442 1613 2494 impendit.
1662 2441 1700 2477 Si
1722 2441 1775 2476 vir
1798 2445 1834 2476 et
1855 2451 1947 2476 uxor
1966 2440 2079 2492 ,quina
2107 2439 2257 2475 invicem
2288 2439 2357 2475 sibi
2388 2439 2450 2492 110-

1362 2491 1525 2523 naverint
1555 2490 1591 2522 et
1621 2487 1768 2522 maritus
1799 2490 2011 2528 servaverit,
2049 2495 2141 2520 uxor
2179 2488 2451 2530 consumpserit,

1362 2536 1459 2568 recte
1493 2532 1629 2578 placuit
1664 2530 1988 2576 compensationem
2028 2529 2106 2565 fieri
2149 2529 2382 2565 donationum
2416 2533 2453 2565 et

1362 2580 1383 2613 3
1430 2578 1500 2613 1108
1520 2577 1621 2612 divus
1633 2576 1838 2612 Hadrianus
1858 2575 2054 2611 constituit.
2096 2574 2321 2610 ¹⁰Aestimari
2344 2584 2450 2627 opor-

1361 2626 1448 2665 tere,
1471 2622 1510 2658 in
1534 2626 1707 2667 quantum
1725 2621 1808 2657 10811
1834 2621 1938 2656 181101
1957 2619 2056 2656 18818
2074 2620 2121 2655 811
2141 2619 2277 2655 81111181.
2302 2619 2451 2665 proinde

1362 2670 1398 2703 81
1421 2667 1452 2703 81
1500 2667 1624 2703 1881118
1645 2666 1751 2703 1101118
1774 2632 1939 2701 1188811110
1962 2670 2056 2707 8881,
2077 2668 2335 2717 consequenter
2354 2664 2449 2700 dice-

1361 2722 1452 2754 mus,
1492 2712 1548 2748 ’tis
1581 2715 1803 2748 contestatae
1833 2715 1992 2756 tempore
2024 2713 2303 2745 aestimationem
2328 2719 2450 2745 eorum

1362 2757 1606 2803 spectandam.
1641 2757 1748 2802 plane
1791 2756 1822 2791 si
1863 2756 1980 2800 magni
2022 2755 2127 2800 pretii
2193 2753 2314 2790 taedia
2353 2758 2449 2797 sunt,

1362 2813 1500 2838 sumina
1522 2806 1663 2837 tantum
1686 2804 1872 2836 numerata
1895 2801 1963 2836 erit
1985 2799 2158 2835 restituen
2183 2809 2224 2842 a,
2247 2809 2319 2835 non
2343 2799 2449 2835 etiam

1362 2851 1383 2883 4
1413 2857 1562 2900 ‘usur-ae
1591 2846 1707 2898 pretiiz
1763 2845 1956 2899 Eleganter
1986 2844 2217 2897 tractabitur,
2256 2844 2287 2879 si
2325 2844 2450 2879 mulier

1361 2891 1733 2978 ἓῖἓᾶῗέζέἑῗὲἓξ
1757 2894 1953 2972 81ῗὲἚηὶ
1961 2893 2108 2980 ωιῗὲἶῖξ
2132 2892 2448 2986 ἵῖἓιὲῗᾚᾞῐ

1362 2982 1503 3025 decem,
1534 2992 1625 3017 uxor
1655 2980 1698 3016 de
1729 2991 1794 3016 suo
1818 2981 1992 3026 quinque,
2025 2978 2151 3015 deinde
2180 2978 2271 3014 haec
2301 2978 2449 3024 praedia

1361 3027 1504 3063 valeant
1526 3036 1622 3062 nunc
1645 3025 1786 3068 decem,
1811 3025 1960 3061 maritus
1993 3028 2166 3070 quantum
2197 3033 2304 3060 conse
2328 3027 2446 3058 881111.

1362 3076 1398 3108 81
1420 3071 1532 3117 magis
1556 3074 1619 3113 est,
1644 3074 1686 3106 ut
1709 3070 1878 3123 consequi
1902 3070 2032 3105 debeat
2054 3069 2143 3105 duas
2166 3072 2289 3114 partes
2337 3077 2446 3111 ecem,

1361 3121 1402 3152 ut
1425 3116 1519 3162 quod
1542 3116 1648 3161 periit
1678 3126 1723 3151 ex
1745 3119 1873 3160 pretio,
1908 3114 2048 3160 utrique
2078 3113 2223 3159 perierit
2253 3117 2289 3149 et
2318 3113 2445 3149 marito

1362 3165 1381 3197 5
1430 3165 1466 3197 et
1487 3161 1601 3196 uxori.
1650 3159 1687 3195 Si
1719 3160 1866 3195 maritus
1898 3159 2177 3195 aestimationem
2207 3168 2324 3194 rerum
2355 3167 2446 3210 quas

1360 3206 1396 3242 in
1422 3206 1540 3241 dotem
1563 3205 1703 3250 accepit
1726 3205 1822 3240 dicat
1853 3215 1893 3240 se
1924 3203 2125 3239 donationis
2158 3213 2268 3238 causa
2291 3212 2444 3245 auxisse,

1360 3250 1553 3287 remedium
1594 3250 1802 3302 monstravit
1842 3250 2035 3302 imperator
2077 3252 2200 3284 noster
2239 3258 2320 3283 cum
2364 3247 2444 3283 divo

1360 3299 1574 3376 Ρέἑὲἓᾱῖἑῗε
1591 3293 2060 3385 zfftflpsszfiffiuztssffi
2071 3294 2319 3383 111ἓὲἒῖῗὼ
2337 3291 2445 3372 ‚33⁰3

1362 3387 1417 3421 ‘ea
1439 3395 1478 3420 re
1502 3384 1707 3429 cogniturus
1732 3384 1809 3426 erit,
1834 3384 1865 3419 si
1887 3383 2060 3428 pecuniae
2083 3382 2226 3418 modum
2248 3392 2374 3417 recusa
2400 3382 2442 3424 is,

1361 3430 1452 3475 ‘ipsa
1491 3430 1638 3482 praedia
1678 3428 1818 3465 restitui
1859 3428 1987 3464 debere
2028 3432 2232 3480 sumptuum
2282 3426 2443 3479 deductis

1362 3474 1572 3510 ‘ratiombus
1585 3475 1611 3496 ¹¹
1644 3473 1898 3510 arbitrabitur’.
1938 3473 1974 3508 iu
2005 3473 2151 3508 arbitrio
2185 3473 2292 3517 igitur
2325 3475 2442 3506 mariti

1360 3587 1495 3620 emisset
1508 3598 1591 3620 uxor
1607 3591 1641 3620 et
1660 3588 1801 3620 maritus
1820 3587 2013 3620 donationis
2033 3597 2132 3620 causa
2154 3596 2216 3629 pro
2236 3595 2274 3618 ea
2294 3584 2440 3628 pretium

1358 3632 1611 3674 numeravisset,
1625 3633 1713 3665 idem
1734 3632 1775 3674 (ἲ)
1796 3632 1975 3664 8088111811
2111 3631 2166 3673 (11)
2179 3632 2371 3672 sumptuum
2384 3629 2440 3661 de·

1047 3678 1090 3717 (8)
1116 3677 1290 3719 trigesimo
1358 3677 1470 3710 ductis
1502 3676 1705 3718 rationibus]
1738 3680 1930 3720 sumptuum
1971 3675 2088 3709 habita
2126 3675 2256 3708 ratione
2287 3674 2440 3708 deductis

564 3723 623 3762 (10)
649 3721 835 3754 exciderunt
846 3721 928 3754 talia
939 3722 1030 3762 fere:
1055 3721 1138 3754 Cum
1150 3721 1289 3763 praedia
1356 3722 1522 3755 fructibus
1533 3735 1595 3756 scr.
