2528 3918
159 119 407 164 XXXXIs

161 252 389 290 possessore:
413 241 478 277 sed
502 241 532 276 si
555 242 711 278 eundem
733 252 756 278 a
779 241 922 278 domino
945 242 1079 284 emerit,
1103 242 1250 287 incipiet

160 300 225 335 pro
250 292 411 333 emptore
433 285 635 332 possidere,
666 297 734 323 nec
755 287 933 324 videbitur
963 287 1030 322 sibi
1061 286 1139 340 ipse
1162 297 1248 322 cau-

161 344 238 370 sam
261 331 499 378 possessionis
521 335 691 368 mutasse.
738 331 906 377 idemque,
926 331 1016 368 iuris
1040 335 1108 367 erit
1131 332 1248 375 etiam,

160 379 191 414 si
214 388 238 414 a
259 388 333 414 non
355 376 498 413 domino
522 376 658 420 emerit,
683 388 765 413 cum
788 378 1009 414 existimaret
1031 387 1112 413 eum
1137 377 1248 412 domi-

160 434 246 459 num
280 432 372 459 esse.
419 421 514 457 idem
544 422 605 458 1110
634 422 666 458 01
695 433 718 458 0
748 422 890 459 1101111110
930 423 1033 458 110100
1064 422 1249 458 1001110108

160 468 271 504 fuerit
291 467 348 503 vel
371 467 549 503 bonorum
577 467 656 504 eius
706 469 942 504 ossessionem
965 467 1161 513 acceperit,
1195 467 1249 502 in-

161 513 272 560 cipiet
298 512 451 548 fundum
484 522 552 557 pro
582 513 646 548 her
692 524 712 549 0
748 513 943 558 possidere.
999 513 1068 548 hoc
1097 512 1249 557 amplius

161 559 192 595 si
214 558 346 594 iustam
378 567 526 593 causam
555 558 724 594 habuerit
754 557 981 594 existimandi
1011 568 1050 593 se
1083 557 1250 593 heredem

161 604 217 639 vel
239 603 415 639 bonorum
445 612 689 648 possessorem
714 603 856 639 domino
887 602 1065 645 extitisse,
1099 602 1250 638 fundum

160 659 226 695 pro
258 647 389 684 herede
419 647 618 701 possidebit
646 659 713 684 nec
746 657 892 683 causam
922 647 1158 692 possessionis
1182 647 1250 683 sibi

160 697 301 730 mutare
319 692 506 730 videbitur.
544 703 625 728 cum
644 694 735 728 haec
755 693 863 737 igitur
882 693 1102 737 recipiantur
1120 693 1158 727 in
1174 693 1250 728 eius

161 748 317 784 persona
328 739 350 780 ¹,
383 737 444 791 qui
473 739 736 783 possessionem
760 738 888 781 habet,
921 741 1056 783 quanto
1079 738 1191 782 magis
1214 738 1251 772 in

162 784 290 820 colono
325 783 532 829 recipienda
566 787 661 825 sunt,
697 783 759 828 qui
793 793 860 818 nec
893 783 972 819 vivo
1007 793 1074 819 nec
1108 787 1249 818 mortuo

162 829 304 865 domino
328 828 439 864 ullam
462 828 725 874 possessionem
747 828 882 864 habet?
911 832 947 863 et
978 832 1075 864 certe
1098 829 1129 864 si
1153 828 1250 863 colo-

160 885 230 910 nus
252 874 394 911 mortuo
418 873 561 909 domino
586 873 709 908 emerit
731 873 882 909 fundum
905 874 950 908 ab
975 883 1029 915 eo,
1055 873 1118 918 qui
1130 873 1250 909 existi-

160 919 285 955 mabat
317 928 357 955 se
391 918 559 954 heredem
590 919 667 954 eius
698 919 753 954 vel
776 919 975 954 bonorum²
1006 929 1251 964 possessorem

162 967 183 1000 2
228 974 319 1008 esse,
342 963 492 1009 incipiet
513 974 580 1008 pro
604 966 764 1009 emptore
787 964 981 1009 possidere.
1026 964 1065 999 Si
1088 963 1251 999 dominus

160 1009 265 1045 fundi
294 1009 456 1045 homines
485 1012 641 1044 armatos
673 1009 854 1045 venientes
886 1008 1163 1045 existimaverit³
1196 1013 1250 1043 at-

161 1065 231 1101 que
252 1055 305 1090 ita
353 1053 541 1099 refugerit,
567 1053 726 1107 quamvis
749 1064 853 1090 nemo
879 1064 1003 1090 eorum
1025 1054 1174 1089 fundum
1197 1054 1250 1088 in-

159 1110 305 1154 gressus
345 1100 455 1142 uerit,
479 1099 514 1134 vi
537 1098 696 1134 deiectus
720 1099 877 1134 videtur:
913 1100 975 1135 sed
998 1099 1108 1135 nihilo
1134 1099 1251 1134 minus

159 1145 199 1181 id
221 1144 426 1190 praedium,
461 1144 570 1180 etiam
601 1147 793 1189 antequam
829 1144 868 1179 in
901 1148 1081 1189 potestate
1120 1144 1252 1180 domini

160 1189 294 1233 redeat,
319 1200 342 1225 a
364 1190 481 1226 bonae
504 1189 587 1225 fidei
609 1199 818 1234 possessore
840 1190 1062 1235 usucapitur,
1088 1190 1171 1234 quia
1194 1190 1253 1225 lex

160 1235 306 1272 Plautia
333 1238 371 1271 et
390 1234 484 1270 Iulia
508 1244 550 1269 ea
574 1234 715 1270 demum
749 1234 862 1270 vetuit
894 1235 1001 1288 longa
1023 1235 1252 1280 possessione

162 1280 253 1327 capi,
278 1290 372 1326 quae
394 1281 428 1315 vi
451 1290 620 1333 possessa
643 1279 806 1322 fuissent,
831 1291 906 1315 non
922 1283 1029 1316 etiam
1053 1290 1098 1315 ex
1122 1280 1251 1325 quibus

162 1329 182 1362 3
229 1326 265 1361 vi
297 1324 377 1371 quis
407 1324 567 1361 deiectus
596 1324 735 1361 fuisset.
785 1325 822 1360 Si
850 1325 938 1360 mihi
961 1325 1095 1368 Titius,
1127 1335 1150 1360 a
1181 1336 1251 1370 quo

161 1370 313 1407 fundum
342 1374 465 1416 petere
493 1370 676 1419 volebam,
707 1370 936 1415 possessione
967 1371 1132 1415 cesserit,
1165 1381 1251 1406 usu-

163 1415 325 1463 capio-nis
356 1425 502 1451 causam
532 1415 665 1451 iustam
694 1415 848 1451 habebo.
897 1415 962 1451 sed
993 1419 1031 1451 et
1053 1415 1101 1458 is,
1133 1426 1156 1451 a
1179 1426 1251 1461 quo

161 1472 207 1498 ex
236 1460 411 1506 stipulatu
441 1459 594 1496 fundum
625 1463 746 1506 petere
777 1461 958 1503 volebam,
985 1460 1142 1497 cedendo
1166 1461 1252 1496 mihi

161 1505 407 1553 possessione,
442 1505 475 1541 si
506 1505 667 1542 solvendi
701 1515 812 1541 causa
842 1505 879 1541 id
914 1505 1059 1548 fecerit,
1099 1516 1139 1542 eo
1171 1507 1184 1541 i
1211 1517 1251 1541 so

161 1555 182 1587 4
229 1550 377 1593 efficiet,
409 1554 452 1586 ut
479 1550 630 1587 fundum
660 1550 766 1596 longo
798 1554 959 1596 tempore
983 1551 1135 1596 capiam.
1216 1551 1252 1585 ui

160 1596 299 1643 pignori
321 1605 398 1632 rem
421 1595 501 1639 dat,
530 1596 716 1641 usucapit‚
742 1596 911 1641 quamdiu
934 1607 991 1632 res
1016 1597 1113 1642 apud
1137 1596 1251 1631 credi-

159 1647 275 1677 torem
298 1645 371 1677 est:
412 1641 442 1677 si
473 1641 630 1677 creditor
661 1641 737 1677 eius
760 1642 1024 1687 possessionem
1056 1641 1118 1677 alii
1140 1641 1251 1676 tradi-

161 1687 269 1730 derit,
300 1686 588 1731 interpellabitur
611 1687 801 1732 usucapio:
840 1691 877 1722 et
900 1691 1073 1732 quantum
1097 1686 1143 1722 ad
1165 1697 1251 1723 usu-

161 1733 348 1779 capionem
371 1732 510 1775 attinet,
535 1731 660 1767 similis
683 1736 739 1768 est
764 1731 796 1767 ei
820 1732 881 1776 qui
904 1732 990 1777 quid
1014 1732 1180 1778 deposuit
1196 1732 1253 1767 vel

162 1777 416 1820 commodavit,
472 1787 539 1812 uos
562 1777 682 1822 palam
707 1780 761 1813 est
785 1777 946 1813 desinere
970 1787 1187 1822 usucapere,
1221 1777 1252 1813 si

162 1822 387 1859 commodata
408 1833 451 1858 ve
488 1822 653 1868 deposita
675 1832 733 1859 res
758 1822 819 1857 alii
840 1822 976 1858 tradita
998 1822 1108 1858 fuerit
1130 1823 1176 1858 ab
1196 1832 1250 1865 eo,

161 1868 223 1914 qui
253 1867 518 1904 commodatum
556 1868 612 1903 vel
653 1867 855 1913 depositum
886 1868 1038 1913 accepit.
1084 1868 1191 1913 plane
1223 1868 1253 1904 si

162 1913 320 1950 creditor
349 1912 448 1948 nuda
479 1912 714 1949 conventione
749 1913 988 1959 hypothecam
1021 1914 1252 1956 contraxerit,

162 1962 181 1994 5
228 1968 428 2004 usucapere
466 1957 607 1994 debitor
644 1958 897 2003 perseverabit.
953 1958 992 1994 Si
1028 1969 1103 1994 rem
1141 1963 1252 2001 tuam,

162 2014 244 2040 011111
256 2004 352 2040 bona
368 2003 440 2039 fide
463 2003 695 2048 possiderem,
720 2003 860 2049 pignori
882 2004 948 2040 tibi
973 2004 1051 2039 dem
1074 2004 1254 2049 ignoranti

160 2053 261 2086 tuam
293 2059 390 2092 esse,
423 2047 547 2085 desino
577 2059 798 2094 usucapere,
829 2049 914 2094 quia
936 2060 1010 2085 non
1031 2050 1252 2094 intellegitur

161 2094 242 2141 quis
271 2103 360 2130 suae
388 2094 441 2129 rei
471 2094 600 2139 pignus
634 2095 857 2130 contrahere.
905 2097 944 2129 at
974 2094 1006 2130 si
1037 2094 1135 2130 nuda
1167 2106 1252 2131 con-

160 2139 327 2177 ventione
349 2138 478 2186 pignus
503 2142 727 2175 contractum
749 2139 867 2183 fuerit,
892 2139 1001 2175 nihilo
1026 2141 1143 2176 minus
1167 2151 1252 2176 usu-

161 2185 321 2231 capiam,
353 2184 439 2230 quia
461 2184 532 2220 hoc
555 2195 698 2231 quoque
720 2184 827 2221 modo
851 2185 988 2220 nullum
1012 2185 1142 2231 pignus
1166 2196 1252 2221 con-

161 2233 182 2266 6
228 2233 383 2266 tractum
406 2229 558 2265 videtur.
600 2229 639 2265 Si
661 2239 737 2265 rem
759 2229 899 2275 pignori
922 2230 1044 2265 datam
1067 2230 1252 2266 creditoris

161 2285 286 2312 servus
316 2274 554 2320 subripuerit,
591 2285 673 2310 cum
710 2277 811 2311 eam⁴
850 2275 1006 2311 creditor
1041 2276 1252 2321 possideret,

160 2331 233 2357 non
256 2320 544 2366 interpellabitur
578 2320 753 2365 usucapio
789 2320 977 2363 debitoris,
1015 2321 1099 2366 quia
1129 2331 1251 2357 servus

161 2365 345 2402 dominum
367 2375 473 2401 suum
496 2365 724 2411 possessione
747 2376 819 2402 non
843 2365 1029 2401 subvertit.
1073 2366 1138 2402 sed
1161 2369 1198 2402 et
1221 2366 1252 2402 si

161 2410 332 2447 debitoris
364 2421 488 2447 servus
519 2410 755 2456 subripuerit,
790 2411 950 2456 quamvis
983 2410 1140 2447 creditor
1166 2422 1250 2457 pos-

161 2456 278 2492 sidere
300 2456 458 2498 desinat,
493 2459 615 2492 tamen
644 2452 798 2492 debitori
822 2456 995 2501 usucapio
1020 2456 1146 2498 durat,
1178 2467 1252 2493 non

161 2512 267 2538 secus
297 2511 341 2537 ac
371 2501 401 2536 si
432 2511 511 2536 eam
544 2500 700 2537 creditor
734 2501 888 2537 debitori
910 2501 1135 2538 tradidisset:
1168 2513 1251 2538 nam

160 2550 333 2592 quantum
362 2546 410 2582 ad
440 2547 680 2592 usucapiones
713 2547 856 2591 attinet,
889 2547 982 2582 servi
1005 2547 1251 2584 subtrahendo

159 2601 219 2629 res
241 2602 316 2628 non
338 2591 478 2627 faciunt
501 2591 713 2628 deteriorem
744 2591 970 2628 dominorum
994 2592 1250 2629 condicionem.

160 2637 302 2674 facilius
336 2636 576 2682 optinebitur,
609 2637 639 2672 si
661 2637 827 2683 precario
861 2637 1067 2682 possidente
1091 2638 1251 2674 debitore

161 2692 283 2719 servus
312 2682 388 2718 eius
419 2682 650 2728 subripuerit.
696 2693 780 2718 nam
810 2682 1004 2719 conductio
1028 2682 1123 2719 idem
1144 2682 1250 2729 pr'ae-

161 2730 252 2770 stat,
308 2727 381 2763 uod
403 2727 459 2763 si³
489 2727 588 2773 apud
618 2727 831 2764 creditorem
861 2738 919 2764 res
942 2731 1055 2764 esset:
1091 2728 1251 2773 possidet

160 2772 255 2809 enim
313 2782 357 2808 00
390 2782 479 2808 00011
507 2772 676 2809 creditor.
724 2773 788 2809 sed
811 2776 847 2808 et
870 2773 902 2808 si
924 2776 1116 2819 utrumque
1139 2774 1249 2810 inter-

161 2817 309 2854 cesserit
332 2820 368 2852 et
389 2817 545 2863 precarii
568 2817 706 2863 rogatio
731 2822 767 2853 et
791 2817 1002 2861 conductio,
1032 2819 1252 2865 intellegitur

159 2862 317 2899 creditor
351 2862 537 2909 possidere
566 2867 604 2899 et
637 2864 793 2909 precarii
829 2863 968 2909 rogatio
999 2874 1072 2900 non
1110 2864 1149 2900 in
1179 2865 1249 2901 hoc

162 2907 415 2954 interponitur,
439 2911 481 2943 ut
503 2907 644 2945 debitor
665 2909 929 2955 possessionem
951 2909 1097 2953 habeat,
1123 2909 1186 2946 sed
1209 2913 1250 2946 ut

162 2954 196 2990 ei
217 2956 340 2989 tenere
362 2962 438 2988 rem
460 2953 580 2989 liceat.

208 2995 263 3037 34
298 2998 483 3035 Arnum
518 2998 640 3035 ἤπυε
678 2999 770 3037 libro
806 3000 929 3047 primo
965 2999 1186 3046 diqestorum
1227 3011 1251 3035 a

161 3043 281 3080 Paulo
315 3043 593 3090 epitomatorum
658 3044 698 3080 Si
733 3054 856 3081 servus
898 3044 1073 3082 insciente
1107 3044 1249 3082 domino

161 3099 238 3125 rem
274 3087 492 3135 peculiarem
530 3088 766 3134 vendidisset,
813 3093 1010 3135 emptorem
1050 3100 1250 3137 usucapere

161 3143 280 3180 posse.

207 3176 261 3217 35
285 3177 313 3215 I
314 3187 479 3215 numm
499 3178 589 3215 libro
614 3180 718 3216 tertio
743 3180 793 3216 ad
822 3179 981 3217 Urseium
1005 3181 1176 3217 Ferocem
1211 3179 1250 3216 Si

161 3224 287 3267 homo,
319 3224 423 3260 ouius
451 3233 539 3261 usus
568 3223 709 3260 fructus
739 3225 878 3271 legatus
910 3228 1007 3269 erat,
1040 3226 1087 3262 ab
1117 3226 1249 3262 herede

162 3279 356 3315 numquam
377 3279 566 3315 possessus
590 3269 780 3316 subreptus
804 3270 942 3314 fuisset,
968 3271 1169 3317 quaesitum
1180 3274 1247 3314 est,

162 3314 247 3360 quia
276 3314 380 3350 heres
410 3314 500 3350 furti
531 3314 709 3351 actionem
731 3326 804 3351 non
827 3316 992 3360 haberet,
1026 3327 1073 3352 00
1096 3316 1248 3362 usucapi

161 3359 288 3405 possit.
335 3359 490 3397 Sabinus
513 3359 700 3414 respondit
722 3361 855 3396 nullam
879 3361 955 3398 eius
978 3362 1032 3398 rei
1054 3362 1246 3407 usucapio-

161 3414 243 3441 nem
260 3413 349 3447 esse,
374 3404 477 3441 0111118
495 3414 638 3441 nomine
658 3404 748 3440 furti
771 3406 826 3451 agi
850 3408 975 3451 possit,
1045 3417 1104 3443 ere
1127 3410 1247 3443 autem

162 3449 250 3486 furti
271 3459 371 3494 eum,
403 3450 464 3496 qui
486 3449 559 3487 frui
581 3449 745 3494 deberet,
775 3461 894 3497 posse.
941 3462 1012 3497 quo
1067 3452 1123 3488 si⁰
1149 3451 1247 3488 acci-

161 3566 200 3606 (1)
225 3574 398 3608 personam
411 3564 446 3597 F
498 3566 540 3607 (2)
565 3564 724 3598 bonorem
735 3563 771 3598 F
819 3565 862 3606 (3)
887 3564 1078 3598 extimuerit
1093 3565 1247 3600 euinctus

162 3612 205 3653 (4)
229 3619 269 3643 ea
281 3609 317 3643 F
392 3610 437 3652 (s)
461 3609 551 3652 quod
563 3609 604 3652 si}
617 3610 713 3652 quasi
726 3609 756 3643 S
834 3611 877 3651 (6)
902 3609 950 3642 010
963 3611 1037 3643 den.
1120 3611 1165 3652 (7)
1185 3621 1246 3653 po·

161 3654 265 3687 tuerit
277 3654 449 3699 Selmltiny
519 3660 563 3691 (8)
588 3665 720 3688 oausam
733 3656 806 3689 edd.
874 3655 920 3695 (9)
948 3658 963 3694 5
979 3662 1016 3689 50
1092 3659 1152 3696 (10)
1176 3655 1204 3688 si
1217 3655 1245 3688 is

160 3698 204 3732 ad
215 3709 313 3742 quem
324 3698 465 3733 ancillae
478 3710 558 3733 usus
570 3699 699 3733 fructus
710 3700 868 3743 pertinet,
885 3702 1019 3743 partum
1037 3700 1136 3732 etiam
1147 3711 1245 3732 suum

161 3753 229 3778 0000
241 3744 376 3779 eredens
388 3744 577 3778 vendiderit
591 3747 651 3779 aut
663 3745 847 3789 donaverit,
864 3745 992 3779 furtum
1009 3755 1076 3778 non
1095 3746 1244 3778 commit-
1314 3743 1387 3778 redi
1399 3745 1432 3777 F

1243 116 1327 166 66⁰
1549 119 1588 138 “N

1478 0 1487 32 l

1488 28 1549 107 Ὗ

1638 134 1700 165 DE
1729 132 2020 166 USURPATIOR.
2051 133 2107 163 ΕΤ
2134 133 2396 165 USUGAPION.

1317 240 1484 286 piendum
1508 244 1582 285 est,
1614 246 1655 278 ut
1678 243 1896 279 fructuarius
1945 244 2073 279 oterit⁷
2097 244 2150 279 uti
2173 243 2262 280 frui:
2295 244 2399 280 aliter

1316 286 1412 321 enim
1428 286 1534 323 homo
1554 287 1591 322 in
1611 289 1745 324 causa⁸
1764 300 1837 324 non
1853 299 1918 333 per
1943 292 2118 324 uceretur.
2153 290 2216 326 sed
2235 290 2266 325 si
2286 290 2398 326 utenti

1315 330 1387 366 iam
1405 334 1443 367 et
1460 331 1593 367 fruenti
1611 333 1787 370 abductus
1806 334 1912 369 homo
1933 333 2052 378 fuerit,
2082 344 2153 369 non
2171 334 2286 370 solum
2311 335 2399 380 ipse,

1317 375 1381 412 sed
1404 376 1512 412 etiam
1534 377 1637 413 heres
1660 378 1749 414 furti
1771 389 1877 423 agere
1899 378 2043 424 poterit.

1363 418 1417 459 36
1445 421 1568 458 Gaws
1588 422 1678 459 libro
1701 424 1858 461 secundo
1880 435 2001 459 rerum
2025 424 2304 460 cottidianarum
2326 424 2401 459 sive

1317 477 1511 519 aureorum
1558 466 1683 504 Potest
1710 469 1873 514 pluribus
1902 469 2015 504 modis
2040 468 2218 512 accidere,
2249 472 2291 504 ut
2321 469 2400 514 quis

1317 522 1392 546 rem
1421 511 1574 547 ahenam
1605 513 1724 559 aliquo
1748 525 1869 550 errore
1902 514 1988 550 dece
2015 519 2072 550 tus
2095 518 2277 559 tamquam
2299 524 2401 550 suam

1317 556 1449 592 vendat
1476 557 1570 592 forte
1601 562 1665 593 aut
1693 559 1801 595 donet
1829 563 1865 595 et
1888 560 1935 595 ob
1958 560 1969 594 i
2018 570 2041 594 a
2064 560 2180 595 bonae
2211 558 2295 595 fidei
2316 569 2400 605 pos-

1319 611 1459 637 sessore
1488 612 1546 638 res
1574 604 1725 648 usucapi
1754 604 1888 649 possit:
1925 605 2033 640 veluti
2056 604 2087 639 si
2115 604 2218 640 heres
2241 614 2317 639 rem
2339 604 2400 639 de-

1319 646 1443 699 functo
1472 648 1733 699 commodatam
1761 653 1825 684 aut
1854 649 2009 685 locatam
2033 649 2087 685 vel
2111 648 2207 694 apud
2236 659 2318 684 eum
2340 648 2398 684 de-

1318 696 1472 737 positam
1519 693 1723 729 existimans
1767 694 2018 730 hereditariam
2060 704 2140 730 esse
2184 694 2398 730 alienaverit,

1322 741 1335 771 1
1386 736 1475 772 Item
1499 738 1530 773 si
1553 738 1632 782 quis
1662 738 1783 784 aliqua
1805 739 2063 775 existimatione
2094 740 2181 775 dece
2205 742 2264 774 tus
2288 738 2402 775 credi-

1319 781 1412 834 derit
1435 782 1481 817 ad
1505 792 1544 818 se
1567 783 1800 820 hereditatem
1822 784 2016 829 pertinere,
2041 795 2133 830 quae
2156 795 2179 819 a
2226 794 2308 819 eum
2331 795 2403 819 non

1319 830 1514 872 pertineat,
1539 831 1576 863 et
1597 838 1673 864 rem
1695 829 1947 865 hereditariam
1970 829 2195 872 alienaverit,
2220 833 2284 864 aut
2306 829 2337 865 si
2359 829 2401 871 is,

1321 872 1368 907 ad
1392 883 1496 917 quem
1520 883 1607 909 usus
1630 873 1770 910 fructus
1794 875 1946 910 ancillae
1967 875 2133 920 pertinet,
2158 879 2303 920 partum
2325 874 2403 910 eius

1319 917 1526 954 existimans
1559 929 1662 954 suum
1701 930 1795 962 esse,
1834 920 1918 964 quia
1947 925 1984 955 et
2018 920 2112 956 fetus
2150 919 2328 965 pecudum
2357 919 2404 955 ad

1320 963 1554 999 fructuarium
1605 965 1743 1008 ertinet‚
1768 964 1985 1007 alienaverit,

1366 1005 1419 1045 37
1444 1007 1549 1043 Imm
1583 1010 1660 1044 ibro
1685 1010 1865 1045 secundo⁹
1888 1011 2149 1046 institutionum
2185 1009 2320 1046 furtum
2334 1021 2405 1046 000

1321 1053 1508 1088 committit
1518 1056 1565 1089 ¹⁰:
1601 1054 1735 1089 furtum
1766 1055 1859 1090 enim
1894 1055 1970 1090 sine
2000 1055 2132 1091 affectu
2161 1054 2306 1091 furandi
2333 1066 2405 1091 non

1324 1102 1337 1132 1
1388 1099 1619 1135 committitur
1632 1101 1670 1135 ¹¹.
1716 1099 1837 1135 Fundi
1868 1111 2009 1145 quoque
2044 1100 2149 1136 alieni
2185 1104 2305 1147 potest
2339 1100 2404 1136 ali-

1320 1143 1398 1188 quis
1431 1144 1508 1179 sine
1541 1144 1576 1179 vi
1606 1144 1766 1181 nancisci
1799 1146 2060 1191 possessionem
2075 1147 2112 1188 ¹²,
2148 1156 2241 1191 quae
2277 1146 2331 1181 vel
2361 1156 2405 1181 ex

1321 1189 1544 1234 neglegentia
1568 1189 1700 1226 domini
1723 1194 1826 1226 vacet
1848 1191 1901 1225 vel
1926 1190 2009 1236 quia
2038 1191 2200 1227 dominus
2224 1191 2301 1226 sine
2322 1201 2404 1227 0110-

1321 1244 1462 1270 0000010
1486 1234 1679 1270 decesserit
1702 1236 1757 1271 vel
1779 1236 1885 1281 longo
1910 1240 2069 1281 tempore
2093 1235 2235 1271 afuerit.

1366 1277 1420 1317 38
1436 1281 1463 1302 ²³
1486 1279 1594 1315 IDEM
1613 1281 1704 1316 libro
1727 1282 1885 1317 secundo
1899 1292 2019 1316 rerum
2038 1282 2315 1317 cottidianarum
2332 1282 2407 1316 sive

1320 1335 1513 1360 aureorum
1559 1325 1672 1370 Quam
1700 1336 1775 1361 rem
1804 1326 1818 1360 i
1844 1336 1881 1361 se
1913 1325 2054 1371 quidem
2077 1336 2149 1362 non
2179 1329 2300 1372 potest
2320 1336 2405 1361 usu-

1321 1379 1468 1415 capere,
1493 1371 1576 1415 quia
1598 1371 1771 1415 intellegit
1794 1381 1816 1406 a
1832 1371 1949 1406 'enum
1973 1381 2011 1407 se
2034 1371 2217 1417 possidere
2240 1375 2277 1407 01
2299 1371 2347 1407 ob
2370 1372 2407 1406 id

1320 1415 1417 1450 mala
1446 1415 1517 1450 fide
1546 1416 1716 1461 possidet.
1764 1416 1827 1451 sed
1859 1416 1891 1452 si
1919 1417 1982 1452 alii
2004 1417 2100 1452 bona
2122 1416 2194 1452 fide
2216 1416 2407 1470 accipienti

1320 1459 1525 1502 tradiderit,
1561 1462 1694 1506 poterit
1716 1462 1746 1497 is
1770 1472 1986 1507 usucapere,
2020 1462 2104 1507 quia
2128 1472 2244 1507 neque
2266 1472 2301 1497 vi
2322 1472 2403 1507 pos-

1320 1515 1458 1541 sessum
1487 1516 1603 1551 neque
1637 1506 1806 1542 furtivum
1841 1507 2017 1552 possidet:
2053 1507 2188 1543 abolita
2225 1511 2279 1542 est
2314 1507 2407 1542 enim

1345 1550 1546 1586 uorundam
1583 1555 1741 1587 veterum
1779 1552 1955 1588 sententia
1993 1551 2270 1588 existimantium
2299 1552 2406 1588 etiam

1336 1595 1423 1630 undi
1444 1595 1558 1632 locive
1581 1596 1717 1632 furtum
1739 1596 1828 1633 fieri.

1366 1638 1420 1678 39
1445 1641 1681 1677 MARGJANUS
1702 1642 1792 1678 libro
1818 1643 1920 1678 tertio
1940 1642 2202 1677 institutionum
2238 1642 2276 1677 Si
2292 1642 2407 1677 solum

1320 1687 1472 1732 usucapi
1494 1697 1568 1722 non
1590 1687 1733 1732 poterit,
1758 1697 1826 1722 nec
1850 1687 2057 1732 superficies
2081 1688 2324 1734 usucapiatur.

1367 1730 1420 1769 40
1454 1731 1661 1767 Nfflurms
1693 1732 1784 1768 libro
1824 1734 1950 1779 quinto
1980 1733 2190 1779 reqularum
2237 1732 2309 1769 Coe
2334 1736 2407 1768 tam

1321 1777 1578 1822 usucapionem
1602 1788 1624 1813 a
1648 1777 1828 1820 defuncto¹
1850 1788 1957 1823 posse
1981 1781 2017 1813 et
2040 1781 2124 1814 ante
2146 1777 2282 1814 aditam
2331 1788 2406 1814 ere-

1322 1822 1470 1858 ditatem
1493 1822 1632 1868 impleri
1656 1823 1889 1858 constitutum
1912 1827 1977 1859 est.

1367 1866 1417 1904 41
1451 1867 1560 1902 IDEM
1594 1868 1685 1904 libro
1725 1869 1875 1914 septimo
1915 1869 2204 1905 membranarum
2260 1868 2297 1904 Si
2333 1879 2408 1905 rem

1321 1913 1528 1966 subreptam
1551 1913 1637 1948 mihi
1660 1917 1874 1958 procurator
1896 1923 1997 1950 meus
2016 1913 2260 1960 adprehendit,
2285 1924 2407 1959 quam-

1321 1969 1374 1994 vis
1407 1969 1472 2004 per
1501 1964 1770 2004 procuratorem
1799 1959 2062 2004 possessionem
2092 1959 2205 2005 apisci
2244 1970 2310 1996 nos
2337 1960 2408 1995 iam

1321 2003 1398 2039 fere
1411 2003 1610 2046 conveniat,
1635 2004 1745 2040 nihilo
1767 2004 1880 2050 magis
1901 2015 1979 2040 eam
2001 2004 2037 2039 in
2060 2008 2275 2050 potestatem
2292 2015 2408 2041 meam

1321 2049 1458 2085 redisse
1482 2059 1620 2101 usuque
1645 2049 1727 2103 capi
1758 2059 1864 2095 posse
1888 2049 2161 2086 existimandum
2185 2051 2291 2095 08114,
2324 2050 2408 2096 qiiia

1322 2098 1450 2130 contra
1472 2098 1582 2129 statui
1606 2098 1807 2141 captiosum
1832 2096 1909 2131 erit.

1368 2137 1422 2177 42
1448 2139 1694 2176 PAPJNJANUS
1714 2140 1805 2176 libro
1830 2141 1934 2176 tertio
1959 2141 2208 2187 quaestionum
2243 2140 2332 2177 Cum
2355 2141 2408 2176 vir

1347 2185 1510 2221 taedium
1542 2185 1661 2220 dotale
1689 2185 1848 2222 vendidit
1878 2185 2006 2222 scienti
2035 2185 2092 2221 vel
2128 2186 2140 2220 i
2189 2186 2304 2221 oranti
2332 2196 2408 2222 rem

1322 2197 1415 2266 gotis
1440 2240 1529 2273 esse,
1553 2230 1710 2267 venditio
1733 2242 1806 2267 non
1817 2231 1924 2266 valet.
1960 2241 2067 2277 quam
2090 2230 2134 2266 de
2202 2234 2261 2266 cta
2282 2235 2408 2284 postea

1320 2276 1468 2321 muliere
1496 2276 1534 2311 in
1563 2275 1790 2312 matrimonio
1821 2275 2024 2312 confirmari
2056 2276 2240 2319 convenit,
2269 2287 2302 2313 01
2330 2280 2409 2312 tota

1322 2321 1386 2357 dos
1409 2321 1511 2356 lucro
1536 2320 1655 2356 mariti
1678 2322 1798 2357 cessit.
1845 2321 1939 2357 idem
1961 2322 2049 2357 iuris
2073 2325 2146 2363 est,
2178 2332 2259 2357 01110
2280 2321 2324 2364 10,
2348 2322 2408 2366 qui

1320 2376 1396 2402 rem
1419 2366 1585 2402 furtivam
1610 2366 1784 2409 vendidit,
1817 2371 1944 2412 postea
1967 2366 2108 2402 domino
2132 2367 2237 2403 heres
2260 2367 2406 2403 exstitit.

1366 2408 1419 2449 43
1450 2411 1555 2447 lom
1593 2411 1685 2448 libro
1726 2412 1917 2448 vicensimo
1960 2411 2118 2448 secundo
2158 2413 2407 2458 quaestionum

1319 2456 1434 2492 Heres
1458 2456 1544 2499 eius,
1570 2456 1631 2502 qui
1653 2457 1750 2492 bona
1772 2456 1842 2493 fide
1865 2467 1939 2492 rem
1963 2457 2066 2500 emit,
2101 2467 2171 2492 usu
2193 2467 2267 2493 non
2291 2457 2408 2503 capiet

1320 2501 1437 2538 sciens
1468 2502 1642 2546 alienum,
1678 2502 1710 2538 si
1737 2502 1844 2538 modo
1874 2502 1944 2582 iplsi
1973 2502 2152 2547 possessio
2182 2502 2318 2538 tradita
2341 2503 2406 2538 sit:

1321 2547 1541 2583 continuatio
1573 2558 1656 2583 vero
1685 2557 1758 2583 non
1787 2548 1882 2593 impe
1909 2547 2001 2583 'etur
2031 2547 2173 2583 heredis
2186 2549 2214 2570 ¹⁵
2246 2548 2406 2583 scientia.

1323 2596 1337 2626 1
1387 2592 1533 2628 Patrem
1545 2603 1614 2628 usu
1625 2603 1698 2628 non
1711 2597 1911 2638 capturum,
1931 2592 2027 2638 quod
2045 2592 2140 2628 filius
2153 2593 2248 2636 emit,
2259 2598 2409 2639 propter

1320 2647 1422 2673 suam
1445 2638 1501 2673 vel
1524 2638 1587 2672 filii
1610 2637 1797 2674 scientiam
1820 2642 1956 2673 certum
1981 2642 2046 2674 est.

1365 2681 1419 2720 44
1444 2682 1551 2718 IDEM
1570 2683 1661 2719 libro
1679 2684 1871 2719 vicensimo
1895 2684 1998 2718 tertio
2022 2683 2271 2729 quaestionum
2307 2682 2407 2719 Iusto

1320 2738 1441 2764 errore
1471 2728 1601 2764 ductus
1633 2728 1768 2763 Titium
1801 2728 1914 2764 filium
1950 2739 2067 2763 meum
2099 2731 2136 2764 et
2163 2727 2202 2763 in
2231 2738 2312 2764 mea
2339 2738 2405 2780 po-

1320 2777 1449 2809 testate
1474 2783 1552 2809 esse
1575 2773 1789 2816 existimavi,
1825 2785 1905 2809 cum
1936 2773 2119 2819 adrogatio
2149 2783 2223 2809 non
2251 2773 2329 2809 iure
2350 2784 2405 2809 in-

1318 2819 1545 2855 tervenisset:
1578 2829 1659 2855 eum
1683 2829 1727 2854 ex
1750 2829 1790 2854 re
1812 2829 1892 2854 mea
1915 2828 2087 2864 quaerere
2108 2818 2195 2854 mihi
2217 2828 2290 2854 non
2313 2818 2407 2854 exis-

1318 2864 1417 2900 timo.
1464 2875 1538 2899 non
1574 2864 1668 2899 enim
1701 2864 1935 2899 constitutum
1969 2868 2025 2899 est
2054 2864 2092 2898 in
2120 2864 2206 2906 hoc,
2242 2863 2339 2908 quod
2368 2863 2407 2899 111

1318 2909 1459 2945 1101111110
1481 2909 1593 2945 libero
1614 2909 1675 2954 qui
1694 2909 1790 2944 bona
1806 2908 1878 2945 fide
1897 2909 2006 2945 servit
2020 2908 2173 2954 placuit:
2198 2908 2248 2943 ibi
2259 2912 2407 2955 propter

1319 2954 1505 2990 adside
1540 2957 1577 2989 et
1613 2954 1845 2990 cottidianam
1886 2954 2188 3000 comparationem
2223 2959 2407 2990 servorum

1317 3000 1369 3035 ita
1393 2999 1563 3044 constitui
1586 2998 1730 3044 publice
1751 2999 1930 3042 interfuit,
1962 3010 2045 3034 nam
2075 2999 2283 3044 frequenter
2303 2999 2405 3044 igno-

1317 3045 1436 3080 rantia
1467 3045 1599 3080 liberos
1630 3044 1798 3087 emimus,
1834 3055 1907 3080 non
1937 3048 2056 3080 autem
2087 3047 2163 3079 tam
2193 3043 2310 3080 facilis
2332 3044 2405 3080 fre-

1322 3094 1335 3125 1
1386 3100 1498 3136 quens
1512 3090 1540 3111 ¹⁰
1564 3088 1632 3125 ado
1659 3090 1711 3126 tio
1735 3090 1790 3125 vel
1814 3089 1999 3135 adrogatio
2024 3089 2179 3125 filiorum
2202 3092 2269 3125 est.
2312 3089 2405 3125 Con-

1318 3138 1410 3179 stat,
1449 3135 1480 3171 si
1508 3144 1584 3170 rem
1657 3135 1772 3171 'enam
1810 3135 1935 3181 scienti
1971 3134 2057 3170 mihi
2091 3133 2243 3179 vendas,
2280 3134 2404 3170 tradas

1318 3184 1438 3216 autem
1460 3189 1503 3216 eo
1527 3182 1698 3226 tempore,
1723 3190 1792 3234 quo
1818 3179 1982 3215 dominus
2005 3182 2123 3215 ratum
2145 3179 2266 3224 habet,
2290 3179 2403 3214 tradi-

1317 3226 1424 3261 tionis
1468 3227 1610 3270 tempus
1656 3224 1917 3271 inspiciendum
1962 3234 2107 3270 remque
2152 3234 2268 3260 meam
2313 3224 2402 3260 fieri.

1318 3273 1338 3306 2
1384 3269 1467 3306 Etsi
1488 3270 1737 3315 possessionis,
1760 3281 1835 3306 non
1858 3273 2063 3306 contractus
2086 3269 2242 3314 initium,
2267 3268 2364 3316 quod
2374 3270 2401 3291 ¹⁷

1317 3315 1364 3352 ad
1376 3315 1632 3367 usucapionem
1652 3315 1818 3362 pertinet,
1839 3314 1968 3361 inspici
1981 3315 2111 3367 placet,
2136 3324 2402 3368 nonnumquam

1316 3365 1436 3397 tamen
1459 3363 1585 3403 evenit,
1609 3363 1653 3396 ut
1674 3371 1747 3397 non
1769 3360 1910 3396 initium
1930 3365 2130 3405 praesentis
2154 3369 2401 3406 possessionis,

1317 3406 1380 3443 sed
1420 3415 1566 3441 causam
1603 3406 1840 3459 antiquiorem
1877 3405 2098 3447 traditionis,
2138 3414 2231 3451 quae
2269 3404 2401 3441 bonam

1316 3451 1424 3487 fidem
1446 3450 1584 3494 habuit,
1608 3451 1856 3498 inspiciamus,
1891 3450 2002 3487 veluti
2031 3450 2128 3487 circa
2157 3454 2302 3496 partum
2323 3449 2400 3486 eius

1315 3564 1360 3597 tit
1375 3563 1481 3598 Gaius
1556 3566 1610 3606 (11)
1635 3562 1711 3596 aliis
1723 3572 1856 3606 quoque
1866 3563 1973 3596 modis
1984 3562 2133 3596 accidere
2143 3564 2262 3606 potest,
2274 3564 2314 3596 01
2325 3563 2400 3606 quis

1314 3609 1386 3643 siue
1396 3608 1481 3642 vitio
1492 3609 1577 3642 furti
1588 3619 1658 3643 rem
1668 3607 1811 3642 alienam
1823 3608 1866 3641 ad
1876 3607 2023 3650 aliquem
2035 3609 2211 3641 transferat
2223 3611 2256 3641 et
2268 3608 2401 3650 efficiat,

1315 3656 1354 3687 ut
1365 3665 1385 3687 a
1395 3664 1577 3697 possessore
1591 3653 1807 3698 usucapiatur
1819 3655 1879 3687 ins.
1897 3653 2003 3688 Gaius
2084 3655 2142 3695 (12)
2165 3654 2401 3696 possessionem

1628 3701 1686 3740 (is)
1711 3699 1752 3742 cst
1769 3699 1847 3732 Inst.
1862 3699 1894 3741 2,
1907 3705 1988 3786 0.(1)
2037 3698 2096 3740 (14)
2095 3700 2153 3777 Fet
2164 3700 2200 3732 F
2259 3700 2318 3742 (is)
2341 3699 2400 3732 he-

1943 3750 1974 3777 11
2014 3752 2081 3785 quo

1315 3699 1463 3732 nancisei
1479 3700 1555 3734 Gai.

1520 3745 1580 3789 (16)
1605 3745 1760 3787 frequens
1773 3744 1833 3777 del.
