2528 3918
140 128 197 158 ΕΤ
226 124 585 156 FIDEICOMMISSIS

139 240 225 272 tunc
250 245 330 270 cum
354 236 607 269 testamentum
623 233 733 268 fiebat
756 232 902 267 tabulae
917 231 1160 267 interciderint
1183 242 1230 267 an

140 284 160 316 8
208 283 335 325 postea
357 279 412 314 vel
436 282 576 314 mortuo
600 282 783 313 testatore.
850 276 888 311 Si
912 277 1006 312 Titio
1032 282 1066 313 et
1089 277 1229 313 Maevio

139 327 276 378 legatus
299 324 408 358 fuerit
432 323 596 365 Stichus,
629 324 689 368 qui
714 322 799 358 Titii
823 325 910 364 erat,
936 322 1122 358 debebitur
1145 332 1229 368 pars

138 370 252 406 Stichi
275 369 435 404 Maevio:
464 379 547 404 nam
571 369 698 410 Titius,
723 367 883 413 quamvis
907 366 954 402 ad
976 368 1133 412 legatum
1157 378 1230 403 non

138 419 159 451 9
206 414 427 456 admittatur,
451 418 591 459 partem
615 413 734 449 faciet.
783 412 956 447 ‘Stichum
981 417 1045 448 aut
1060 413 1229 458 Pamphi-

136 461 235 502 ⁴lum,
260 462 379 494 utrum
403 459 507 494 heres
522 469 622 494 meus
641 459 746 500 volet,
766 458 860 493 Titio
885 458 994 493 dato'.
1043 459 1074 494 si
1102 458 1231 494 dixerit

137 506 240 541 heres
255 504 416 539 Stichum
441 514 479 539 se
490 504 579 539 velle
597 504 693 546 dare,
708 503 830 538 Sticho
852 507 993 538 mortuo
1007 504 1229 539 liberabitur.

136 560 218 586 cum
232 554 349 585 autem
361 550 467 585 semel
481 549 609 584 dixerit
620 549 736 590 heres,
753 552 873 583 utrum
887 548 972 583 dare
984 549 1077 590 velit,
1092 552 1231 583 mutare

140 599 181 630 10
217 595 429 630 sententiam
442 605 514 630 non
526 595 667 640 poterit.
703 594 878 638 Legatum
891 598 945 628 est
969 594 1037 629 ita:
1053 594 1231 629 ‘Fundum

137 640 400 676 ‘Cornelianum
414 643 449 675 et
461 640 649 684 mancipia,
673 639 812 684 quaein
824 649 865 674 eo
877 638 989 674 fundo
1004 650 1085 674 cum
1097 639 1230 674 moriar

137 689 227 721 ‘mea
243 689 359 728 erunt,
381 686 483 720 heres
496 695 595 720 meus
609 685 702 719 Titio
717 684 825 719 dato'.
862 684 1003 727 ancilla,
1022 695 1115 729 quae
1133 684 1171 719 in
1188 694 1230 720 eo

138 731 247 767 fundo
273 740 351 765 esse
376 734 620 773 consueverat,
652 730 775 765 mortis
799 733 960 774 tempore
985 741 1065 765 cum
1088 730 1125 764 in
1147 729 1233 774 fuga

136 779 241 818 esset,
267 776 372 810 enixa
397 779 469 811 est:
503 785 648 821 quaero,
674 785 721 810 an
744 775 800 810 vel
822 774 902 820 ipsa
925 775 981 810 vel
1005 779 1130 820 partus
1155 775 1231 810 eius

136 822 253 866 legato
280 821 393 856 cedat.
441 821 629 866 respondi:
663 820 794 855 ancilla
818 821 979 865 quamvis
1003 822 1041 855 in
1063 820 1150 865 fuga
1174 819 1231 862 sit,

136 867 254 912 legata
275 866 414 901 videtur
437 870 482 908 et,
508 867 591 901 licet
614 865 763 911 fugitiva
786 869 874 908 erat,
906 865 1055 911 perinde
1077 866 1233 900 habetur

135 922 180 947 ac
205 912 236 947 si
270 912 308 946 in
340 922 381 946 eo
413 911 525 946 fundo
559 911 687 947 fuisset
718 911 891 946 moriente
925 915 1029 956 patre
1058 910 1231 946 familias:

136 957 220 993 huic
245 967 466 1001 consequens
492 961 564 999 est,
596 960 638 991 ut
660 960 785 1001 partus
818 967 960 1001 quoque
992 960 1143 992 matrem
1176 965 1231 991 se-

136 1005 269 1048 quatur
293 1006 328 1037 et
350 1002 498 1047 perinde
521 1002 638 1047 legato
664 1001 779 1044 cedat,
806 1012 849 1036 ac
874 1002 904 1036 si
922 1002 959 1036 in
983 1001 1096 1037 fundo
1115 1001 1231 1037 editus

140 1051 173 1083 1¹
228 1047 366 1082 fuisset.
415 1047 453 1082 Si
477 1048 571 1082 Titio
597 1047 741 1082 Stichus
767 1050 830 1082 aut
853 1046 1074 1092 Pamphilus,
1111 1051 1232 1082 utrum

136 1103 260 1128 eorum
284 1093 401 1135 malet,
426 1092 563 1138 legatus
588 1097 653 1135 est,
678 1092 806 1127 deinde
829 1092 1055 1137 Pamphilum
1079 1095 1232 1127 testator

142 1141 180 1173 12
218 1138 313 1173 Titio
328 1138 484 1180 donavit,
498 1138 641 1173 Stichus
654 1138 690 1172 in
704 1137 921 1182 obligatione
933 1141 1104 1173 remanet.
1146 1136 1231 1182 Qui-

137 1184 206 1219 bus
231 1183 282 1218 ita
305 1183 460 1228 legatum
478 1183 604 1219 fuerit:
631 1183 738 1218 ‘Titio
763 1187 799 1218 et
815 1182 950 1218 Maevio
976 1183 1134 1228 singulos
1158 1192 1231 1217 ser-

137 1232 212 1264 ⁴vos
237 1228 282 1263 do
307 1228 410 1273 lego',
436 1233 579 1264 constat
597 1239 657 1264 eos
674 1239 746 1264 non
764 1238 1003 1264 concursuros
1020 1229 1058 1263 in
1081 1227 1232 1263 eundem

139 1284 299 1316 servum,
343 1274 451 1309 sicuti
487 1285 559 1309 non
595 1277 834 1316 concurrunt,
871 1284 952 1309 cum
987 1274 1039 1308 ita
1071 1273 1230 1318 legatur:

137 1319 246 1354 ‘Titio
278 1329 418 1354 servum
442 1319 487 1355 do
519 1320 617 1363 lego:
650 1319 790 1354 Maevio
824 1319 975 1354 alterum
1014 1329 1153 1354 servum
1186 1317 1231 1353 do

140 1367 180 1399 13
229 1364 343 1408 ‘lego’.
391 1364 429 1399 Si
458 1364 488 1399 is
515 1365 572 1399 cui
595 1365 752 1409 legatum
780 1364 899 1399 fuerat
930 1367 1121 1409 antequam
1146 1374 1231 1399 con-

136 1409 313 1452 stitueret,
363 1419 409 1444 ua
434 1409 577 1445 actione
600 1411 654 1444 uti
677 1410 800 1451 vellet,
826 1409 980 1444 decessit
1005 1409 1147 1445 duobus
1169 1409 1232 1444 he-

135 1454 280 1489 redibus
311 1464 350 1489 re
367 1454 463 1497 ‘ctis,
498 1455 653 1499 legatum
697 1455 862 1499 accipere
898 1454 1002 1490 simu]
1040 1454 1232 1496 venientes,

136 1499 203 1534 nisi
229 1500 486 1542 consenserint,
515 1510 589 1535 non
610 1503 782 1545 possunt:
809 1510 920 1544 quare
947 1500 1117 1545 quamdiu
1142 1500 1234 1535 alter

135 1555 209 1580 rem
235 1544 415 1580 vindicare
431 1545 517 1587 vult,
542 1545 636 1581 alter
658 1546 695 1580 in
719 1555 910 1590 personam
933 1555 1039 1589 agere
1062 1556 1135 1581 non
1166 1555 1231 1590 po-

135 1593 217 1625 test.
267 1589 330 1625 sed
343 1590 373 1625 si
399 1591 655 1633 consenserint,
680 1600 755 1625 rem
769 1591 1005 1625 communiter
1027 1590 1230 1625 habebunt:

134 1635 338 1671 consentire
378 1639 496 1671 autem
526 1636 582 1671 vel
614 1646 681 1672 sua
713 1639 841 1680 sponte
873 1635 1005 1671 debent
1035 1636 1091 1671 vel
1115 1635 1233 1671 iudice

136 1680 354 1716 imminente.

183 1723 234 1763 85
263 1725 319 1760 ΡΑ
328 1735 423 1761 ULUs
444 1725 536 1761 libro
561 1726 750 1761 undecimo
775 1726 824 1761 ad
847 1726 1032 1762 Plautium
1079 1725 1232 1762 Duobus

134 1771 357 1807 coniunctim
381 1771 515 1806 fundus
541 1775 619 1806 erat
649 1772 808 1816 legatus:
846 1771 937 1806 alter
971 1781 1015 1807 ex
1039 1771 1094 1806 his
1118 1771 1232 1816 partis

134 1816 420 1852 aestimationem
463 1826 527 1861 per
570 1817 748 1852 actionem
802 1816 1028 1861 personalem
1072 1817 1231 1852 abstulit.

133 1863 228 1897 alter
252 1862 282 1897 si
305 1861 457 1896 fundum
482 1865 598 1897 totum
614 1862 796 1896 vindicare
812 1862 906 1903 velit,
933 1861 1143 1907 exceptione
1161 1861 1233 1897 doli

136 1918 201 1953 pro
225 1911 328 1952 parte
352 1907 498 1942 dimidia
521 1907 716 1951 repellitur,
742 1907 826 1952 quia
843 1907 1033 1942 defunctus
1053 1907 1162 1942 semel
1186 1907 1233 1942 ad

136 1963 198 1988 eos
222 1953 377 1997 legatum
400 1952 585 1997 pervenire
608 1952 730 1987 voluit.

183 1995 235 2035 86
260 1997 455 2033 IULIANUS
483 1997 576 2033 libro
617 1998 800 2043 trigesimo
837 2001 970 2043 quarto
1010 1997 1232 2044 diqestorum

134 2043 174 2078 Si
197 2042 263 2078 tibi
285 2043 405 2085 homo,
431 2053 535 2088 quem
559 2043 698 2087 pignori
723 2042 892 2086 dederas,
928 2044 1066 2088 legatus
1091 2043 1137 2078 ab
1162 2043 1230 2078 alio

135 2088 256 2131 fuerit,
281 2088 459 2124 actionem
484 2098 528 2123 ex
552 2092 766 2124 testamento
798 2088 948 2124 habebis
974 2088 1144 2124 adversus
1167 2088 1231 2124 he-

139 2137 153 2168 1
203 2133 345 2176 redem,
378 2137 419 2168 ut
441 2134 570 2178 pignus
606 2133 735 2168 luatur.
786 2133 824 2168 Si
847 2137 1062 2169 testamento
1087 2133 1231 2169 Stichus

133 2179 181 2214 ab
205 2189 278 2214 uno
302 2178 433 2214 herede
456 2179 595 2223 legatus
627 2178 738 2213 fuerit
760 2179 901 2214 Maevio
935 2182 971 2214 et
994 2179 1109 2214 eidem
1133 2178 1230 2214 codi-

135 2225 226 2259 cillis
251 2224 343 2259 idem
361 2223 504 2259 Stichus
526 2225 571 2259 ab
592 2224 757 2259 omnibus
773 2224 966 2259 heredibus
991 2228 1026 2260 et
1040 2227 1232 2269 antequam

135 2269 294 2305 codicilli
318 2269 543 2314 aperirentur
560 2269 723 2304 Maevius
746 2269 819 2304 litis
837 2269 1120 2305 aestimationem
1145 2280 1231 2305 con-

137 2318 283 2350 secutus
307 2314 435 2357 fuerit,
458 2315 536 2360 ipso
561 2314 638 2349 iure
668 2314 841 2350 vindicari
874 2325 918 2350 ex
951 2315 1120 2350 codicillis
1156 2325 1229 2349 non

137 2363 268 2405 potest,
294 2360 377 2404 quia
400 2363 553 2395 testator
578 2359 686 2395 semel
701 2360 855 2405 legatum
880 2360 927 2395 ad
953 2370 1033 2395 eum
1048 2360 1233 2405 pervenire

138 2409 157 2440 2
205 2405 327 2440 voluit.
377 2404 465 2440 Cum
489 2415 611 2440 servus
634 2405 786 2450 legatur,
813 2409 848 2440 et
870 2406 983 2450 ipsius
1001 2405 1092 2441 servi
1116 2409 1231 2441 status

138 2454 174 2486 et
197 2450 371 2494 omnium,
406 2460 497 2495 quae
528 2460 720 2495 personam
752 2451 827 2485 eius
852 2451 1051 2496 attingunt,
1083 2451 1121 2486 in
1153 2461 1231 2486 sus-

137 2506 249 2541 penso
275 2498 340 2530 est.
387 2506 470 2530 nam
502 2496 533 2531 si
562 2496 756 2540 legatarius
788 2496 986 2541 reppulerit
1017 2506 1039 2531 a
1073 2506 1113 2532 se
1135 2496 1231 2541 lega-

137 2545 225 2583 tum,
250 2551 444 2620 numquam
470 2541 545 2576 eius
568 2540 680 2576 fuisse
703 2541 897 2576 videbitur:
932 2542 962 2576 si
995 2552 1069 2577 non
1099 2552 1231 2587 reppu-

137 2586 237 2627 lerit,
271 2596 314 2621 ex
361 2586 394 2621 ie
417 2586 536 2621 aditae
559 2586 766 2621 hereditatis
792 2587 866 2622 eius
891 2586 1127 2632 intellegetur.
1176 2597 1231 2622 se-

136 2631 294 2667 cundum
318 2631 412 2666 hanc
436 2632 593 2676 regulam
627 2635 663 2666 et
698 2631 742 2666 de
765 2631 842 2667 iure
875 2642 1017 2675 eorum,
1052 2642 1144 2677 quae
1169 2642 1233 2677 per

136 2676 365 2712 traditionem
402 2687 525 2712 servus
561 2676 742 2721 acceperit
784 2680 849 2711 aut
887 2677 1078 2721 stipulatus
1112 2677 1231 2721 fuerit,

138 2721 252 2767 deque
275 2721 340 2760 his,
391 2732 459 2757 uae
483 2722 600 2766 legata
624 2722 657 2757 ei
680 2722 734 2757 vel
759 2721 893 2757 donata
911 2722 1069 2765 fuerunt,
1095 2726 1232 2758 statue-

138 2770 208 2810 tur,
234 2770 275 2801 ut
297 2767 352 2801 vel
402 2767 515 2802 eredis
534 2767 589 2802 vel
606 2767 767 2812 legatarii
784 2777 907 2802 servus
925 2767 1064 2812 singula
1079 2768 1234 2812 gessisse

140 2815 160 2847 3
209 2812 438 2847 existimetur.
487 2812 523 2847 Si
547 2811 681 2847 fundus
706 2812 751 2847 ab
777 2812 941 2848 omnibus
965 2813 1158 2848 heredibus
1182 2813 1232 2848 le-

138 2861 243 2936 gatus
268 2857 325 2899 sit,
358 2858 419 2902 qui
442 2858 548 2892 unius
579 2857 721 2893 heredis
746 2861 858 2897 esset,
889 2858 920 2893 is
956 2858 1098 2903 quidem
1131 2859 1232 2894 cuius

156 2903 270 2937 undus
296 2907 390 2938 esset
420 2913 492 2938 non
517 2903 667 2947 amplius
700 2913 807 2948 quam
838 2906 977 2948 partem
1002 2913 1103 2938 suam
1126 2914 1232 2949 prae-

140 2950 161 2982 4
208 2947 336 2990 stabit,
371 2949 479 2983 ceteri
502 2948 540 2982 in
563 2948 718 2993 reliquas
742 2952 863 2993 partes
887 2949 1116 2984 tenebuntur.
1160 2949 1232 2984 Va-

139 2992 188 3027 let
221 2993 394 3036 legatum,
430 2993 459 3028 si
495 3004 537 3028 su
565 2993 701 3029 erficies
732 2994 851 3038 legata
887 2993 933 3029 sit
969 2994 1020 3036 ei,
1057 2994 1160 3030 cuius
1195 2994 1233 3029 in

140 3037 215 3072 solo
239 3038 357 3080 fuerit,
382 3038 466 3073 licet
483 3038 513 3074 is
539 3004 701 3074 dominus
726 3039 794 3074 soli
818 3039 881 3074 sit:
907 3041 1012 3074 nam¹
1038 3050 1232 3085 conseque-

139 3086 217 3162 ἕατ’,
249 3087 290 3117 ut
313 3084 382 3118 hac
406 3084 575 3119 servitute
606 3084 777 3119 liberetur
809 3087 845 3119 et
868 3084 1093 3130 superficiem
1123 3085 1232 3120 lucri-

157 3131 263 3162 aciat.

189 3169 241 3209 87
267 3172 515 3209 mevfflws
542 3173 634 3209 libro
658 3177 784 3209 octavo
820 3174 957 3210 decimo
982 3175 1233 3221 quaestionum

142 3216 233 3252 Filio
257 3222 377 3261 pater,
413 3228 517 3263 quem
539 3219 577 3253 in
600 3222 779 3263 potestate
810 3219 978 3263 retinuit,
1013 3220 1136 3256 heredi
1165 3230 1232 3272 pro

142 3265 245 3306 parte
268 3262 430 3298 instituto
454 3264 611 3308 legatum
643 3275 786 3308 quoque
818 3265 996 3310 relinquit.
1044 3265 1234 3301 durissima

143 3307 320 3341 sententia
355 3311 408 3343 est
455 3309 732 3344 existimantium
777 3309 1021 3354 denegandam
1058 3311 1091 3346 ei
1125 3310 1234 3356 legati

143 3351 361 3403 petitionem,
386 3353 415 3404 si
464 3354 550 3389 atris
575 3354 788 3389 abstinuerit
811 3355 1026 3391 hereditate:
1052 3367 1124 3392 non
1141 3356 1234 3391 enim

143 3399 372 3439 1mpugnatur
393 3408 430 3432 ιιι
458 3398 562 3433 'cium
586 3400 632 3434 ab
657 3409 711 3442 eo,
737 3399 798 3444 qui
820 3400 923 3435 iustis
946 3401 1144 3437 rationibus
1168 3411 1233 3436 no·

144 3440 212 3476 luit
234 3441 383 3484 negotiis
406 3443 626 3479 hereditariis
650 3445 835 3489 implicari.

192 3482 244 3523 88
270 3485 504 3523 MARGIANUS
532 3489 623 3525 libro
655 3494 760 3525 sexto
792 3490 1054 3525 institutionum
1109 3490 1180 3525 Sed
1203 3490 1234 3525 si

146 3541 219 3582 non
243 3531 331 3565 alias
354 3531 465 3566 voluit
487 3537 589 3577 pater
612 3534 745 3569 habere
769 3545 848 3570 eum
872 3535 1043 3579 legatum,
1079 3536 1147 3570 nisi
1170 3535 1234 3571 he-

145 3575 333 3610 reditatem
365 3577 526 3619 retineat,
558 3581 643 3613 tunc
675 3590 790 3624 neque
821 3580 990 3615 adversus
1024 3580 1234 3616 coheredem

149 3688 186 3728 (1)
209 3687 303 3719 cuius
316 3688 352 3720 in
368 3688 438 3721 solo
462 3688 579 3722 fuerit:
600 3700 675 3722 nam
695 3690 777 3724 licet
796 3693 825 3725 is
846 3693 1000 3725 dominus
1023 3693 1086 3726 soli
1107 3694 1152 3726 sit
1163 3707 1225 3727 scr.

146 3734 192 3775 (2)
217 3731 328 3774 legata
342 3734 376 3765 F
481 3735 523 3775 (3)
549 3736 711 3778 expressit
722 3737 775 3768 F'2
888 3740 928 3778 (4)
955 3738 1044 3770 inter
1057 3749 1112 3771 eos
1170 3749 1227 3771 vo-

1218 107 1299 154 425

1297 3693 1440 3726 luntatis
1452 3694 1482 3728 S
1493 3707 1561 3728 cum
1574 3695 1619 3734 Β,
1635 3706 1692 3727 om.
1708 3694 1741 3725 F

1299 3740 1361 3772 ins.
1374 3738 1426 3771 F2

2265 111 2395 154 XXX

1300 231 1456 267 dandam
1497 231 1529 267 ei
1560 230 1692 276 legati²
1730 231 1936 276 petitionem
1983 231 2180 268 secundum
2214 231 2395 268 Aristonis

1300 278 1513 313 sententiam
1538 280 1691 319 constat,
1725 287 1805 311 cum
1829 277 1897 322 ipsi
1920 277 1992 313 filio
2017 288 2090 314 non
2111 277 2293 314 videretur
2317 288 2396 314 esse

1299 322 1469 359 solvendo
1494 321 1691 358 hereditas:
1718 325 1754 356 et
1776 322 1846 357 hoc
1862 323 1913 357 ita
1929 326 1994 365 est,
2018 323 2102 359 licet
2122 334 2195 359 non
2212 322 2394 359 condicio-

1299 368 1437 449 ”gntess
1446 366 1680 413 expressisset
1691 367 1716 409 ³,
1740 366 1956 403 intellexisse
1972 372 2093 404 tamen
2108 367 2396 405 manifestissime

1300 424 1321 448 a
1372 424 1411 449 ro
1441 418 1530 449 etur.

1347 424 1400 497 89
1425 458 1451 494 I
1454 467 1620 494 UMANUs
1660 456 1751 492 libro
1795 457 1977 503 triqesimo
2020 462 2126 494 sexto
2172 458 2395 505 diqestorum

1299 503 1394 540 Nam
1418 513 1485 539 nec
1510 501 1756 547 emancipatus
1791 501 1989 537 hereditate
2013 503 2146 539 omissa
2168 504 2325 549 legatum
2349 504 2394 539 ab

1299 549 1430 585 herede
1453 551 1575 594 petere
1597 547 1819 592 prohibetur.
1865 550 2013 592 praetor
2037 549 2129 584 enim
2153 549 2394 594 permittendo

1299 595 1367 637 his,
1393 594 1455 639 qui
1477 594 1515 628 in
1538 596 1718 639 potestate
1740 591 1884 635 fuerint,
1917 593 2097 629 abstinere
2128 604 2167 630 se
2196 595 2396 630 hereditate

1300 643 1452 684 paterna
1483 638 1712 674 manifestum
1742 636 1830 673 facit
1860 637 1916 672 ius
1948 648 1987 672 se
2017 638 2055 673 in
2085 649 2240 684 persona
2272 650 2396 676 eorum

1300 685 1477 726 tribuere,
1512 683 1608 729 quod
1631 683 1793 718 futurum
1817 686 1929 724 esset,
1966 683 1996 718 si
2027 684 2177 720 liberum
2208 685 2396 721 arbitrium

1302 729 1490 765 adeundae
1513 728 1724 764 hereditatis
1748 727 1967 763 habuissent.

1349 773 1401 813 90
1428 774 1676 810 Papmmzws
1697 773 1788 809 libro
1813 777 1939 809 octavo
1975 773 2111 809 decimo
2145 776 2396 820 quaestionum

1302 820 1398 865 Quid
1422 830 1503 864 ergo
1540 819 1571 855 si
1601 819 1654 854 ita
1676 818 1847 863 legaverit
1880 819 1961 854 ‘hoc
1993 819 2146 864 amplius
2181 819 2254 856 filio
2279 821 2397 857 meo’?

1302 877 1375 901 non
1398 865 1507 900 dubie
1529 863 1723 900 voluntatis
1755 863 1898 909 quidem
1934 865 2095 909 quaestio
2121 864 2205 908 erit,
2238 866 2301 901 sed
2324 876 2397 902 non

1303 910 1475 946 absimilis
1508 913 1563 945 est
1593 909 1722 954 prioris
1759 919 1865 944 casus
1902 909 1999 944 circa
2029 909 2092 944 filii
2127 911 2398 955 providentiam,

1301 956 1370 992 nisi
1417 955 1560 991 evidens
1607 955 1772 990 voluntas
1826 955 2008 990 contraria
2052 955 2166 1000 patris
2214 956 2397 1001 probetur.

1304 1005 1316 1036 1
1368 1001 1482 1036 Plane
1505 1001 1536 1036 si
1559 999 1722 1045 pluribus
1753 999 1834 1035 filiis
1858 999 2030 1035 institutis
2062 1000 2154 1036 inter
2186 1011 2247 1036 eos
2282 1002 2399 1038 verbis

1299 1047 1497 1091 legatorum
1532 1046 1630 1081 bona
1665 1045 1840 1088 diviserit,
1873 1045 2093 1081 voluntatis⁴
2124 1045 2265 1082 ratione
2299 1047 2397 1092 lega-

1300 1097 1419 1128 torum
1443 1091 1537 1127 actio
1563 1090 1796 1135 denegabitur
1821 1090 1871 1132 ei,
1906 1091 1967 1135 qui
1991 1101 2064 1126 non
2088 1092 2272 1136 agnoverit
2294 1092 2398 1127 here-

1302 1138 1460 1173 ditatem.

1348 1180 1398 1220 91
1427 1182 1623 1218 IULIANUS
1662 1181 1754 1216 libro
1798 1181 1984 1227 triqesimo
2028 1185 2134 1217 sexto
2178 1181 2400 1228 diqestorum

1302 1228 1510 1273 Quaesitum
1534 1230 1600 1269 est,
1625 1226 1657 1262 si
1679 1226 1775 1262 filius
1798 1226 1972 1269 familias,
2010 1227 2071 1272 qui
2094 1226 2206 1262 filium
2229 1227 2400 1271 habebat,

1301 1274 1405 1309 heres
1424 1273 1610 1308 institutus
1628 1271 1767 1314 fuisset,
1794 1282 1875 1307 cum
1891 1275 1986 1307 esset
2001 1276 2151 1317 uterque
2167 1272 2205 1307 in
2220 1275 2401 1318 potestate

1302 1320 1438 1361 aliena,
1471 1328 1518 1353 an
1549 1318 1595 1353 ab
1631 1327 1671 1352 eo
1696 1316 1770 1352 filio
1803 1317 1879 1352 eius
1909 1317 2022 1362 legari
2045 1317 2171 1362 possit.
2218 1318 2399 1363 respondi,

1303 1375 1384 1400 cum
1412 1363 1528 1410 possit
1551 1373 1574 1398 a
1596 1362 1670 1398 filio
1692 1362 1788 1407 patri
1804 1362 1925 1407 legari,
1951 1373 2174 1408 consequens
2200 1366 2265 1406 est,
2289 1366 2331 1398 ut
2345 1364 2402 1399 vel

1301 1409 1406 1445 fratri
1428 1409 1541 1454 ipsius
1564 1408 1621 1443 vel
1644 1407 1716 1442 filio
1740 1408 1796 1443 vel
1828 1408 1934 1443 etiam
1958 1418 2059 1444 servo
2085 1408 2199 1453 patris
2224 1408 2281 1444 sui
2305 1409 2400 1454 lege-

1305 1459 1321 1490 1
1370 1460 1441 1490 tur.
1502 1453 1688 1489 Praesenti
1720 1453 1863 1498 quidem
1895 1453 1952 1488 die
1983 1453 2069 1489 data
2099 1453 2266 1490 libertate
2298 1464 2399 1490 servo

1301 1500 1413 1545 legari
1435 1499 1491 1535 vel
1540 1508 1605 1534 ure
1627 1498 1683 1533 vel
1708 1498 1775 1533 sub
1800 1498 2011 1534 condicione
2034 1499 2186 1544 poterit:
2213 1510 2294 1534 cum
2315 1510 2399 1536 vero

1301 1546 1450 1581 libertas
1475 1554 1517 1580 su
1560 1543 1771 1579 condicione
1789 1543 1874 1579 data
1889 1543 2009 1586 fuerit,
2035 1544 2123 1579 alias
2139 1544 2284 1587 utiliter,
2311 1545 2400 1581 alias

1301 1591 1475 1626 inutiliter
1508 1599 1599 1634 pure
1629 1588 1814 1633 legabitur.
1870 1599 1954 1624 nam
1978 1590 2008 1625 si
2040 1599 2082 1625 ea
2107 1589 2268 1625 condicio
2293 1590 2400 1625 liber-

1302 1636 1387 1672 tatis
1412 1635 1539 1677 fuerit,
1571 1638 1612 1670 ut
1634 1638 1738 1679 patre
1760 1634 1913 1669 familias
1940 1634 2062 1670 statim
2094 1637 2262 1670 mortuo⁵
2284 1635 2400 1680 possit

1302 1685 1387 1717 ante
1411 1680 1546 1716 aditam
1570 1679 1804 1714 hereditatem
1842 1680 2012 1715 exsistere
2049 1680 2232 1722 condicio,
2269 1681 2398 1716 veluti:

1303 1726 1460 1762 ‘Stichus
1485 1725 1516 1760 si
1540 1725 1662 1760 decem
1679 1724 1774 1760 Titio
1800 1724 1948 1760 dederit'
1974 1725 2042 1766 (vel
2067 1726 2093 1746 ‘⁶
2102 1725 2317 1770 Capitolium
2341 1736 2399 1761 as-

1303 1772 1511 1814 ‘cenderit’),
1536 1771 1638 1805 ‘liber
1662 1770 1762 1809 esto’‚
1794 1770 1882 1805 utile
1905 1770 2063 1815 legatum
2087 1774 2162 1805 est:
2196 1770 2402 1806 huiusmodi

1302 1820 1423 1852 autem
1460 1815 1707 1851 condiciones:
1746 1815 1788 1850 ‘si
1831 1815 1954 1850 heredi
1994 1815 2116 1851 decem
2152 1815 2321 1859 dederit',
2359 1816 2402 1851 ‘si

1303 1866 1398 1907 ‘post
1422 1861 1557 1897 aditam
1580 1860 1816 1896 hereditatem
1833 1861 2074 1906 ⁶Capitolium
2099 1860 2321 1904 ascenderit’,
2345 1862 2400 1896 in-

1302 1908 1388 1942 utile
1411 1907 1568 1952 legatum
1592 1905 1757 1941 efficient.
1805 1906 2007 1942 necessario
2032 1909 2153 1941 autem
2172 1916 2216 1941 ex
2240 1917 2321 1942 asse
2337 1907 2400 1942 he-

1301 1953 1386 1988 rede
1411 1952 1545 1997 scripto
1571 1951 1678 1986 etiam
1701 1951 1771 1986 hae
1788 1951 2028 1994 condiciones,
2055 1961 2147 1996 quae
2164 1955 2249 1987 ante
2265 1951 2402 1989 aditam

1301 1998 1536 2034 hereditatem
1559 1996 1698 2041 impleri
1721 2000 1884 2041 possunt,
1908 1996 2034 2032 inutile
2057 1997 2214 2042 legatum
2233 1996 2399 2032 efficient.

1302 2046 1322 2078 2
1370 2043 1523 2079 Duobus
1548 2041 1739 2077 heredibus
1771 2042 1945 2077 institutis
1980 2042 2084 2077 alteri
2109 2042 2272 2078 Stichum
2303 2043 2399 2087 lega-

1301 2092 1402 2124 verat
1426 2092 1461 2124 et
1485 2087 1599 2123 eidem
1623 2086 1745 2122 Sticho
1772 2086 1906 2122 decem.
1954 2098 2035 2123 cum
2060 2087 2205 2123 Stichus
2224 2088 2302 2124 vivo
2327 2092 2399 2123 tes-

1301 2137 1419 2170 tatore
1442 2133 1490 2168 ad
1524 2133 1726 2168 libertatem
1759 2132 1997 2177 pervenisset,
2033 2136 2149 2168 totum
2180 2133 2336 2178 legatum
2370 2133 2400 2173 ei

1302 2179 1511 2214 debebitur:
1547 2189 1632 2213 nam
1655 2178 1692 2212 in
1718 2177 1870 2213 solidum
1895 2178 2098 2214 constitisse
2123 2188 2270 2214 causam
2293 2179 2401 2223 legati

1301 2225 1338 2259 in
1363 2225 1440 2260 eius
1463 2233 1620 2269 persona
1642 2223 1712 2259 hoc
1738 2233 1878 2268 quoque
1903 2227 2112 2268 argumento
2138 2227 2203 2266 est,
2228 2224 2336 2269 quod,
2370 2223 2401 2259 si

1301 2270 1423 2312 hereS‚
1457 2269 1516 2305 cui
1547 2270 1685 2314 legatus
1718 2267 1855 2310 fuerat,
1892 2269 2127 2304 hereditatem
2158 2280 2232 2304 non
2255 2269 2399 2312 adisset,

1303 2318 1322 2350 3
1370 2314 1524 2350 solidum
1548 2314 1593 2349 ab
1620 2314 1731 2349 altero
1756 2313 1887 2349 herede
1920 2314 2092 2359 consequi
2116 2315 2241 2359 possit.
2290 2314 2399 2350 Servo

1301 2361 1417 2406 legato
1450 2360 1606 2404 legatum
1640 2359 1764 2394 datum
1802 2362 1873 2395 est:
1910 2359 1940 2394 si
1972 2359 2149 2394 alienatus
2182 2370 2204 2394 a
2226 2363 2400 2395 testatore

1301 2409 1323 2440 4
1369 2406 1517 2448 fuisset,
1553 2405 1710 2450 legatum
1743 2404 1790 2440 ad
1823 2407 2018 2450 emptorem
2076 2405 2252 2440 ertinebit.
2310 2404 2400 2440 Cum

1302 2461 1426 2486 servus
1451 2451 1545 2486 Titio
1571 2454 1607 2485 et
1629 2450 1742 2485 eidem
1767 2460 1869 2485 servo
1895 2450 1942 2484 ali
1967 2449 2028 2485 uid
2059 2454 2193 2494 egatur,
2217 2450 2398 2486 fideicom-

1302 2497 1394 2531 mitti
1418 2499 1558 2541 potest,
1591 2498 1632 2530 ut
1664 2499 1728 2530 aut
1761 2505 1901 2531 servum
1934 2505 1955 2530 a
1969 2495 2042 2530 icui
2076 2495 2244 2530 restituat
2277 2495 2334 2531 vel
2358 2505 2401 2531 ea

1302 2552 1395 2587 quae
1419 2552 1521 2576 servo
1546 2542 1664 2585 legata
1682 2544 1783 2575 sunt:
1808 2541 1878 2575 hoc
1899 2541 2051 2585 amplius
2077 2540 2183 2575 etiam
2198 2540 2268 2585 ipsi
2285 2551 2398 2584 servo,

1304 2598 1385 2622 cum
1408 2587 1499 2621 liber
1524 2587 1609 2628 erit,
1642 2585 1955 2621 fideicommissum
1986 2595 2008 2620 a
2032 2585 2126 2621 Titio
2164 2585 2243 2620 dari
2266 2589 2397 2631 potest.

1302 2637 1321 2667 5
1372 2632 1411 2667 Si
1436 2632 1513 2677 quis
1532 2631 1694 2667 Stichum
1710 2631 1880 2676 legaverit
1896 2634 1931 2665 et
1952 2630 2103 2665 eundem
2119 2631 2327 2666 alienaverit
2343 2631 2400 2667 vel

1301 2677 1558 2719 manumiserit,
1584 2676 1711 2712 deinde
1736 2676 1907 2711 codicillis
1928 2675 2042 2711 eidem
2065 2676 2221 2721 legatum
2250 2676 2398 2719 dederit,

1303 2727 1322 2759 6
1370 2723 1526 2768 legatum
1549 2722 1605 2757 vel
1628 2721 1846 2756 manumisso
1867 2720 1923 2756 vel
1946 2721 2097 2766 emptori
2113 2721 2312 2757 debebitur.
2361 2722 2400 2757 Si

1302 2768 1388 2803 mihi
1411 2778 1533 2803 servus
1558 2778 1580 2802 a
1596 2771 1632 2802 te
1650 2766 1804 2802 herede⁷
1828 2766 1967 2811 legatus
1987 2766 2097 2802 fuerit
2114 2770 2150 2802 et
2166 2767 2279 2803 eidem
2295 2777 2398 2803 servo

1302 2813 1430 2858 aliquis
1454 2812 1623 2857 legaverit
1647 2816 1683 2847 et
1705 2812 1782 2847 vivo
1809 2821 1850 2847 eo
1876 2811 1937 2856 qui
1952 2812 2039 2847 mihi
2063 2822 2204 2848 servum
2219 2813 2400 2858 legaverat

1303 2859 1376 2894 dies
1400 2858 1508 2903 legati
1532 2868 1632 2893 servo
1658 2857 1733 2892 dati
1757 2857 1922 2899 cesserit,
1956 2857 2145 2893 confestim
2176 2857 2213 2893 id
2242 2858 2398 2903 legatum

1302 2903 1517 2938 hereditati⁸
1541 2902 1758 2947 adquiritur:
1785 2905 1821 2937 et
1843 2902 1934 2945 ideo,
1960 2903 2120 2948 quamvis
2144 2906 2274 2948 postea
2289 2904 2397 2939 mori-

1301 2952 1362 2984 tur
1377 2949 1408 2983 is
1429 2950 1489 2993 qui
1505 2959 1646 2983 servum
1663 2947 1749 2982 mihi
1768 2947 1957 2992 legaverat,
1983 2948 2030 2983 ad
2045 2959 2101 2983 me
2121 2948 2158 2983 id
2182 2948 2279 2994 quod
2296 2959 2397 2984 servo

1304 2997 1321 3028 7
1370 2994 1527 3038 legatum
1551 2997 1606 3028 est
1630 3004 1702 3028 non
1726 2993 1929 3038 pertinebit.
1979 2993 2068 3028 Cum
2091 2994 2199 3029 homo
2218 3004 2262 3029 ex
2285 2997 2395 3029 testa-

1303 3042 1421 3074 mento
1446 3039 1579 3084 petitus
1604 3042 1669 3081 est,
1695 3048 1806 3073 causa
1830 3038 1904 3074 eius
1928 3039 2109 3084 temporis,
2147 3050 2216 3084 quo
2241 3039 2285 3074 lis
2311 3049 2396 3074 con-

1303 3084 1515 3127 testabatur,
1540 3083 1804 3128 repraesentari
1828 3084 1934 3119 debet
1949 3085 2063 3120 actori
2088 3088 2133 3126 et,
2159 3085 2254 3119 sicut
2268 3087 2395 3128 partus

1303 3129 1524 3170 ancillarum,
1563 3130 1657 3164 sicut
1680 3128 1819 3164 fructus
1843 3128 2037 3165 fundorum
2071 3129 2212 3164 interim
2235 3128 2397 3173 percepti

1302 3174 1339 3210 in
1363 3175 1432 3209 hoc
1456 3174 1626 3209 iudicium
1643 3174 1880 3217 deducuntur,
1903 3175 1955 3210 ita
1970 3175 2066 3220 quod
2084 3185 2189 3210 servo
2199 3175 2396 3218 legatorum

1302 3220 1358 3255 vel
1381 3219 1588 3255 hereditatis
1612 3219 1755 3255 nomine
1777 3220 1918 3255 interim
1943 3220 2126 3256 obvenerit
2140 3218 2396 3264 praestandum

1303 3269 1358 3301 est
1408 3265 1537 3300 etitori.

1350 3307 1374 3347 9
1428 3310 1622 3345 IULIANUS
1642 3310 1733 3346 libro
1758 3311 1942 3357 triqesimo
1967 3321 2063 3345 nono
2088 3310 2309 3355 dissestorum
2357 3307 2395 3343 Si

1301 3355 1452 3391 fundum
1476 3365 1540 3399 per
1563 3355 1874 3391 fideicommissum
1894 3356 2055 3390 relictum
2079 3365 2171 3389 unus
2191 3364 2234 3388 ex
2257 3353 2395 3388 heredi-

1302 3401 1391 3443 bus,
1429 3411 1579 3436 excusso
1611 3401 1727 3446 pretio
1760 3400 1956 3436 secundum
1987 3400 2139 3434 reditum
2172 3399 2246 3433 eius
2278 3398 2393 3440 fundi,

1303 3449 1482 3481 mercatus
1507 3446 1554 3480 sit
1576 3449 1725 3491 propter
1747 3456 1808 3481 aes
1834 3446 1987 3480 alienum
2011 3444 2264 3479 hereditarium
2288 3453 2393 3488 prae-

1303 3495 1404 3526 sente
1429 3494 1464 3526 et
1480 3490 1689 3536 adsignante
1706 3502 1758 3530 eo,
1784 3491 1842 3526 cui
1857 3490 2166 3525 fideicommissum
2184 3488 2394 3530 debebatur,

1303 3536 1422 3580 placet
1444 3546 1516 3571 non
1541 3536 1703 3579 fundum,
1737 3537 1800 3571 sed
1823 3535 1975 3580 pretium
2000 3535 2074 3568 eius
2099 3533 2236 3568 restitui
2261 3533 2393 3569 deberi.

1303 3580 1544 3617 MARCELLVS
1562 3585 1684 3617 notat:
1716 3582 1747 3617 si
1770 3581 1920 3616 fundum
1943 3580 2130 3614 restituere
2154 3578 2253 3612 malit
2275 3578 2393 3621 heres,

1814 3695 1854 3731 (5)
1881 3695 2011 3724 mortuo
2024 3691 2139 3722 statim
2151 3702 2211 3723 scr.

1955 3737 1998 3778 (8)
2023 3735 2205 3769 hereditati
2219 3736 2282 3769 del.

2140 3795 2182 3823 54

1519 3742 1560 3780 (7)
1586 3742 1650 3771 ate
1664 3738 1784 3770 herede
1798 3738 1859 3770 (132,
2286 3694 2327 3731 (6)
2355 3701 2391 3722 m
