2528 3918
114 129 322 164 DEPOSITI
351 133 438 164 VEL
468 130 648 164 CONTRA

113 243 208 289 quod
240 253 283 279 ex
315 243 604 289 compensatione
636 253 718 278 reus
750 242 903 278 retinere
933 247 1071 289 potest:
1109 245 1202 280 sicut

112 288 214 330 enim,
240 299 320 324 cum
343 292 457 324 totum
479 292 562 333 peto
587 298 610 323 a
632 298 713 330 rec,
738 288 830 323 male
853 292 955 333 peto,
979 290 1031 325 ita
1056 294 1091 326 et
1114 290 1200 326 fide-

110 334 228 369 iussor
250 345 322 370 non
345 337 486 369 tenetur
508 334 587 378 ipso
610 333 687 368 iure
710 333 748 368 in
771 334 939 369 maiorem
965 336 1201 380 quantitatem

111 389 217 424 quam
240 390 322 414 reus
346 378 575 414 condemnari
598 382 728 424 potest.

157 423 180 460 5
218 424 341 460 Gams
368 423 458 459 libro
490 435 585 459 nono
622 424 672 459 ad
705 424 859 459 edictum
886 426 1116 470 provinciale
1162 426 1200 462 Si

134 469 193 504 uid
219 479 241 504 a
264 468 471 504 fideiussore
494 472 637 515 petetur
653 470 674 512 ¹,
700 479 742 504 ae
768 469 952 505 uissimum
986 475 1040 507 est
1072 472 1200 517 eligere

108 481 367 557 gdeiussorem,
400 514 495 560 quod
518 515 586 560 ipsi
610 525 656 550 an
681 525 750 560 quo
806 525 867 551 reo
900 516 1066 560 debetur,
1102 528 1198 553 com·

107 570 258 605 pensare
281 559 398 594 malit:
431 559 495 595 sed
520 564 555 595 et
579 560 609 596 si
632 564 823 606 utrumque
845 561 930 596 velit
955 572 1196 608 compensare,

108 604 302 640 audiendus
327 608 391 640 est.

154 647 179 688 6
210 649 406 686 Uipsanas
433 650 523 686 libro
549 651 758 697 triqensimo
783 651 833 686 ad
855 651 1030 687 Sabinum
1076 652 1196 688 Etiam

107 695 201 741 quod
224 699 354 731 natura
379 696 540 740 debetur,
563 696 660 731 venit
682 697 720 731 in
745 698 1081 742 compensationem.

153 739 176 777 7
200 740 308 776 IDEM
335 742 426 777 libro
452 742 643 777 vicensimo
668 746 792 777 octavo
818 742 867 777 ad
890 744 1045 779 edietum
1093 744 1196 788 Quod

106 786 141 821 in
167 786 257 821 diem
281 786 450 829 debetur,
476 798 547 823 non
572 788 880 833 compensabitur,
907 792 1098 834 antequam
1122 789 1196 824 dies

108 836 122 866 1
171 832 265 867 venit
274 832 300 875 ²,
321 843 535 877 quamquam
549 832 625 867 dari
638 836 813 877 oporteat.
864 834 900 868 Si
912 835 1087 870 rationem
1101 846 1196 870 com-

105 877 323 922 pensationis
348 878 455 912 iudex
479 889 550 913 non
573 878 757 921 habuerit,
784 879 883 914 salva
906 884 1028 915 manet
1049 880 1194 925 petitio:

105 932 170 957 nec
202 923 294 958 enim
325 923 377 958 rei
409 923 588 958 iudicatae
620 924 781 969 exceptio
815 924 908 960 obici
931 929 1061 970 potest.
1099 925 1196 960 aliud

104 968 230 1011 dicam,
255 969 284 1003 si
307 969 512 1014 reprobavit
535 970 781 1014 pensationem
805 970 908 1016 quasi
932 982 1004 1006 non
1025 971 1196 1006 existente

104 1013 240 1049 debito:
286 1017 374 1050 tunc
409 1014 500 1049 enim
536 1015 588 1050 rei
621 1015 801 1051 iudicatae
834 1016 920 1050 mihi
955 1017 1100 1052 nocebit
1134 1027 1195 1052 ex-

104 1070 143 1095 ce
169 1059 229 1095 tio.

201 1104 324 1141 GAJUS
355 1105 446 1141 libro
482 1117 577 1141 nono
614 1105 664 1141 ad
695 1105 850 1142 edictum
875 1106 1106 1153 provinciale
1151 1107 1194 1141 In

105 1151 427 1195 compensationem
452 1151 557 1186 etiam
581 1151 617 1186 id
637 1151 835 1194 deducitur,
861 1163 930 1197 quo
950 1152 1092 1188 nomine
1113 1163 1194 1187 cum

102 1199 222 1231 actore
246 1196 288 1231 lis
314 1200 517 1232 contestata
542 1200 615 1239 est,
648 1206 694 1232 110
726 1197 925 1242 diligentior
956 1198 1106 1243 quisque
1131 1198 1192 1233 de·

102 1241 240 1277 terioris
266 1242 483 1278 condicionis
507 1243 702 1285 habeatur,
735 1243 766 1278 si
799 1244 1042 1289 compensatio
1076 1243 1109 1279 ei
1133 1243 1192 1279 de·

101 1299 144 1323 ne
169 1291 258 1322 etur.

145 1297 170 1371 fg)
203 1333 363 1369 PAULUS
394 1333 486 1369 libro
523 1334 730 1379 triqensimo
766 1334 923 1370 secundo
957 1335 1007 1369 ad
1037 1334 1192 1370 edictum

106 1378 142 1414 Si
167 1390 246 1415 cum
269 1379 341 1414 fflio
365 1378 519 1414 familias
544 1382 607 1413 aut
630 1389 730 1415 servo
758 1383 945 1414 contracta
969 1379 1015 1414 sit
1039 1380 1192 1415 societas

100 1428 136 1460 et
159 1428 242 1470 agat
266 1424 428 1460 dominus
452 1425 508 1460 vel
530 1428 643 1469 pater,
670 1425 821 1460 solidum
844 1436 909 1470 per
930 1425 1191 1470 compensatio-

100 1481 179 1506 nem
203 1480 403 1513 servamus,
430 1470 609 1515 quamvis,
643 1471 673 1506 si
697 1481 901 1515 ageremus,
936 1471 1125 1506 dumtaxat
1149 1470 1192 1506 de

102 1519 116 1550 1
166 1516 304 1561 peculio
340 1519 593 1561 praestaretur.
643 1515 713 1551 Sed
749 1516 779 1551 si
814 1527 895 1552 cum
930 1516 1003 1552 filio
1038 1516 1191 1552 familias

100 1566 245 1606 agatur,
278 1571 324 1596 an
356 1571 447 1606 quae
478 1561 572 1607 patri
603 1561 802 1597 debeantur
832 1562 926 1597 filius
960 1573 1192 1607 compensare

98 1607 229 1652 possit,
262 1608 463 1652 quaeritur:
501 1610 537 1642 et
567 1607 677 1652 magis
712 1611 766 1642 est
797 1607 1074 1650 admittendum,
1108 1608 1192 1653 quia

98 1663 190 1687 unus
217 1656 423 1687 contractus
449 1656 522 1696 est,
548 1652 610 1688 sed
635 1664 716 1688 cum
741 1653 970 1695 condicione,
1002 1656 1043 1688 ut
1067 1657 1191 1688 caveat

98 1701 235 1743 patrem
257 1708 362 1733 suum
380 1701 499 1733 ratum
518 1698 735 1741 habiturum,
756 1698 793 1734 id
813 1702 867 1734 est
887 1709 959 1734 non
980 1702 1190 1734 exacturum

98 1743 192 1788 quod
215 1744 245 1778 is
271 1743 563 1788 compensaverit.

146 1787 195 1826 10
228 1788 423 1824 ULPJANUS
443 1789 534 1824 libro
559 1789 812 1836 sexaqensimo
838 1790 942 1825 tertio
967 1789 1018 1825 acl
1036 1789 1190 1825 edictum

98 1833 134 1869 Si
158 1834 263 1869 ambo
289 1835 375 1869 socii
399 1845 522 1879 parem
546 1835 803 1879 neglegentiam
828 1835 991 1871 societati
1024 1835 1189 1870 adhibui-

97 1890 193 1922 mus,
227 1880 415 1915 dicendum
449 1883 502 1915 est
534 1880 694 1916 desinere
725 1891 790 1915 nos
823 1881 972 1915 invicem
997 1891 1076 1916 esse
1100 1881 1189 1916 obli-

95 1928 196 1970 gatos
219 1925 296 1970 ipso
321 1925 396 1960 iure
421 1926 710 1971 compensatione
735 1926 974 1971 neglegentiae
997 1926 1107 1961 facta.
1142 1926 1189 1961 si-

95 1971 167 2005 mili
194 1971 299 2006 modo
324 1971 516 2016 probatur,
550 1972 579 2006 si
604 1971 693 2006 alter
719 1982 762 2006 ex
786 1982 824 2006 re
849 1972 1027 2007 communi
1052 1972 1189 2017 aliquid

95 2016 253 2061 percepit
265 2017 289 2059 ³,
319 2017 408 2051 alter
431 2020 569 2051 tantam
590 2017 847 2062 neglegentiam
869 2017 1079 2059 exhibuerit,
1099 2027 1189 2062 quae

96 2061 217 2096 eadem
243 2062 442 2106 quantitate
463 2063 683 2105 aestimatur,
710 2062 1036 2107 compensationem
1055 2062 1189 2098 factam

97 2110 111 2141 1
162 2107 273 2142 videri
297 2111 332 2142 et
355 2107 434 2152 ipso
458 2108 534 2142 iure
557 2108 708 2142 invicem
732 2108 990 2143 liberationem.
1040 2108 1077 2143 Si
1110 2109 1188 2153 quis

94 2152 200 2197 igitur
225 2163 455 2197 compensare
478 2156 606 2198 potens
639 2154 801 2196 solverit,
836 2153 1024 2189 condicere
1056 2154 1189 2198 poterit

95 2200 114 2232 2
164 2198 266 2243 quasi
290 2198 446 2233 indebito
473 2199 601 2233 soluto.
651 2198 823 2243 Quotiens
850 2209 893 2234 ex
917 2199 1091 2234 maleficio
1117 2199 1187 2235 ori-

94 2246 154 2278 tur
188 2244 301 2286 actio,
337 2247 379 2278 ut
412 2247 502 2289 puta
535 2254 578 2279 ex
610 2255 721 2279 causa
752 2244 886 2279 furtiva
918 2248 1189 2290 ceterorumque

93 2289 363 2332 maleficiorum,
397 2290 427 2324 si
452 2289 495 2325 de
520 2291 584 2324 ea⁴
616 2290 821 2334 pecuniarie
851 2290 986 2334 agitur,
1021 2301 1187 2336 compen-

94 2334 183 2369 satio
204 2334 322 2369 locum
340 2335 467 2370 habet:
493 2335 585 2370 idem
609 2338 664 2370 est
684 2338 720 2370 et
740 2335 770 2369 si
790 2335 1001 2370 condicatur
1022 2346 1188 2371 excausa

94 2379 237 2415 furtiva.
276 2380 338 2414 sed
364 2384 400 2415 et
424 2381 483 2425 qui
515 2381 635 2415 noxali
665 2380 796 2415 iudicio
830 2381 1057 2423 convenitur,
1091 2392 1186 2416 com-

97 2428 115 2460 3
164 2425 408 2470 pensationem
433 2436 614 2470 opponere
645 2430 774 2471 potest.
822 2426 864 2460 In
896 2426 1186 2471 stipulationibus

97 2481 239 2515 quoque
263 2481 354 2515 quae
377 2471 489 2506 instar
513 2471 695 2507 actionum
718 2472 872 2514 habent,
904 2471 941 2506 id
966 2475 1020 2507 est
1043 2476 1185 2517 praeto·

92 2516 165 2558 riis,
191 2516 432 2561 compensatio
453 2516 571 2551 locum
591 2517 711 2559 habet,
737 2520 772 2551 et
794 2517 988 2552 secundum
1010 2518 1187 2553 Iulianum

92 2565 166 2596 tam
189 2561 226 2596 in
249 2562 327 2606 ipsa
351 2562 580 2606 stipulatione
600 2573 707 2607 quam
727 2562 763 2596 in
785 2572 828 2597 ex
849 2562 1023 2607 stipulatu
1045 2563 1187 2598 actione

95 2606 228 2651 poterit
251 2607 343 2642 obici
369 2607 621 2652 compensatio.

141 2650 188 2688 11
225 2652 333 2687 IDEM
363 2652 453 2688 libro
487 2653 694 2698 triqensimo
731 2652 912 2688 seeundo⁵
949 2653 999 2688 ad
1033 2653 1185 2690 edictum

94 2697 182 2732 Cum
206 2697 295 2732 alter
318 2698 419 2732 alteri
443 2698 630 2742 pecuniam
655 2699 730 2733 sine
761 2698 900 2740 usuris,
934 2699 1025 2734 alter
1056 2710 1184 2735 usura-

93 2743 180 2777 riam
212 2743 334 2784 debet,
369 2743 601 2778 constitutum
635 2747 689 2778 est
720 2754 742 2778 a
773 2744 852 2779 divo
878 2743 1007 2779 Severo
1033 2756 1184 2780 concur-

93 2788 202 2823 rentis
237 2788 333 2833 apud
367 2792 556 2833 utrumque
592 2789 802 2834 quantitatis
837 2800 966 2825 usuras
1002 2801 1073 2825 non
1107 2801 1185 2826 esse

93 2833 337 2878 praestandas.

143 2876 194 2915 12
230 2878 337 2913 IDEM
367 2879 457 2914 libro
493 2880 745 2924 sexaqensimo
781 2883 911 2925 quarto
948 2880 998 2914 ad
1031 2880 1183 2916 edietum

92 2923 189 2959 Idem
213 2924 300 2959 iuris
325 2927 378 2959 est
402 2934 473 2958 non
497 2925 612 2959 solum
635 2925 672 2959 in
691 2925 851 2970 privatis,
877 2935 998 2960 verum
1020 2926 1126 2961 etiam
1146 2926 1184 2961 in

95 2979 203 3004 causa
226 2969 303 3004 fisci
328 2969 570 3004 constitutum.
617 2970 678 3004 sed
702 2973 738 3005 et
761 2970 790 3005 si
813 2970 963 3005 invicem
988 2970 1035 3005 sit
1057 2982 1183 3007 usura-

93 3014 146 3049 ria
169 3015 332 3059 pecunia,
359 3015 517 3049 diversae
541 3018 660 3050 tamen
681 3015 752 3050 sint
771 3026 913 3058 usurae,
939 3017 1182 3061 compensatio

93 3059 201 3094 nihilo
226 3060 340 3095 minus
365 3061 482 3094 locum
506 3060 615 3095 habet
637 3060 711 3095 eius
733 3061 829 3106 quod
849 3061 998 3096 invicem
1022 3062 1182 3097 debetur.

142 3102 191 3142 13
212 3105 319 3140 IDEM
338 3106 428 3140 libro
449 3107 701 3157 seoeaqensimo
714 3110 819 3141 sexto
834 3107 883 3141 acl
892 3106 1045 3142 edictum
1082 3108 1184 3151 Quod

93 3149 215 3185 Labeo
241 3151 311 3193 ait,
346 3161 417 3185 11011
443 3154 497 3185 est
520 3161 596 3185 sine
619 3151 776 3194 ratione,
801 3155 858 3194 ut,
884 3152 914 3186 si
938 3153 994 3186 cui
1018 3153 1183 3197 petitioni

94 3195 294 3240 specialiter
317 3195 494 3230 destinata
519 3199 573 3231 est
596 3196 857 3241 compensatio,
890 3197 927 3231 in
961 3198 1087 3232 ceteris
1111 3209 1183 3233 non

94 3240 280 3276 obiciatur.

141 3284 191 3322 14
210 3285 256 3320 IA
265 3295 435 3321 VOLENUS
444 3286 536 3321 libro
550 3286 676 3331 quinto
689 3286 824 3322 decimo
838 3298 887 3322 ex
905 3286 1027 3323 Cassio
1065 3287 1180 3332 Quae·

94 3340 243 3375 cumque
267 3342 330 3376 per
351 3331 594 3375 exceptionem
613 3332 746 3376 peremi
764 3335 927 3377 possunt,
951 3332 988 3367 in
1014 3344 1181 3378 compen-

94 3375 265 3410 sationem
288 3387 359 3411 non
384 3377 538 3411 veniunt.

142 3418 191 3456 15
213 3420 319 3455 IDEM
328 3422 417 3456 libro
430 3422 586 3457 seeundo
600 3422 837 3467 epistularum
873 3422 1067 3457 Pecuniam
1082 3427 1179 3459 certo

93 3464 172 3500 loco
199 3475 219 3499 a
243 3465 336 3500 Titio
362 3466 440 3500 dari
464 3467 652 3511 stipulatus
678 3477 773 3501 sum:
799 3467 830 3501 is
850 3467 939 3512 petit
959 3478 980 3502 a
998 3479 1053 3503 me
1075 3479 1180 3513 quam

94 3510 125 3544 ei
149 3510 260 3545 debeo
284 3511 490 3555 pecuniam:
517 3522 669 3557 quaero,
695 3522 742 3546 an
765 3512 834 3547 hoc
859 3523 1001 3557 quoque
1025 3524 1179 3558 pensan-

95 3623 133 3662 (ι)
158 3625 293 3666 potatur
305 3623 358 3656 F2

94 3669 136 3708 (4)
161 3678 196 3700 re
209 3669 267 3701 ins.
283 3670 353 3702 edd.

95 3712 174 3744 datu
187 3713 231 3745 iri
244 3714 319 3747 Ant.
330 3714 533 3757 Auyustinus

95 3757 170 3798 (del.
185 3770 222 3790 m.
238 3760 263 3795 1)
358 3760 402 3801 (9)
428 3759 522 3791 dedit
534 3761 568 3792 F

496 3626 539 3667 (2)
564 3626 678 3659 veniat
690 3626 742 3659 F2

444 3688 446 3691 ·
490 3672 532 3711 (5)
557 3672 702 3704 secundo
716 3685 773 3705 om.
789 3672 832 3704 F¹

625 3718 667 3758 (ἵ)
692 3717 721 3748 si
735 3727 810 3749 cum
823 3717 876 3749 F2

654 3762 714 3803 (lo)
741 3772 760 3793 a
773 3773 838 3804 quo
851 3775 915 3795 scr.

857 3629 898 3670 (3)
924 3628 1115 3671 perceperit
1127 3627 1180 3659 F2

960 3674 1003 3714 (6)
1029 3673 1110 3704 datu
1123 3672 1177 3712 F¹,

957 3719 1000 3759 (8)
1026 3717 1179 3749 11111111ῐῖι

1189 116 1272 167 209

2150 124 2251 172 XVI
2283 129 2362 174 2.3

1272 245 1356 280 dum
1388 245 1452 288 sit,
1485 247 1610 291 quanti
1640 257 1720 282 mea
1750 249 1913 285 interfuit
1943 254 2040 287 certo
2071 251 2152 288 loco
2185 252 2273 287 dari.
2308 264 2365 289 re-

1271 290 1434 335 spondit:
1461 291 1491 326 si
1512 291 1750 344 Titiuspetit,
1777 305 1854 330 eam
1874 307 2015 342 quoque
2033 297 2232 342 pecuniam,
2258 309 2365 344 quam

1271 339 1368 371 certo
1393 336 1473 372 loco
1498 337 1672 381 promisit,
1697 338 1733 372 in
1758 343 2084 385 compensationem
2108 343 2238 379 deduci
2257 354 2364 389 opor-

1273 384 1286 415 1
1338 384 1400 424 tet,
1426 381 1489 417 sed
1514 393 1595 417 cum
1619 393 1685 417 sua
1710 394 1833 427 causa,
1857 386 1894 421 id
1919 391 1974 422 est
1996 391 2037 423 ut
2060 388 2151 425 ratio
2174 389 2364 433 habeatur,

1270 427 1410 506 quantid
1419 427 1505 494 ’111-111
1528 427 1731 463 interfuerit
1755 439 1795 465 eo
1820 431 1899 466 loco
1925 443 1994 477 quo
2020 434 2224 470 convenerit
2254 446 2364 480 pecu-

1268 482 1364 506 mam
1414 483 1468 507 arl
1493 500 1501 507 .

1318 515 1369 554 16
1402 517 1651 554 PAPJNJANUS
1688 519 1780 555 libro
1815 522 1920 556 tertio
1954 525 2204 567 quaestionum
2252 524 2364 561 Cum⁷

1268 562 1370 597 militi
1407 564 1643 599 castrensium
1677 565 1854 600 bonorum
1889 567 2000 610 alius,
2038 573 2236 606 ceterorum
2272 571 2363 606 alius

1267 608 1370 643 heres
1396 609 1535 644 exstitit
1559 613 1595 645 et
1619 609 1759 645 debitor
1778 611 1881 646 alteri
1900 612 2070 648 heredum
2090 615 2267 661 obligatus
2287 616 2364 652 vult

1268 664 1347 688 com
1376 664 1502 690 ensare
1538 655 1634 700 quod
1668 656 1713 691 ab
1750 656 1819 691 alio
1856 656 2023 701 debetur,
2068 671 2140 695 non
2185 661 2361 697 audietur.

1271 701 1285 733 1
1367 711 1425 734 um
1457 701 1554 735 intra
1586 701 1679 736 diem
1712 701 1759 736 ad
1781 702 1930 738 iudicati
1954 706 2215 741 exsecutionem
2240 707 2363 742 datum

1266 744 1444 796 iudicatus
1469 746 1563 781 Titio
1597 747 1670 791 agit
1701 758 1783 782 cum
1815 747 1941 783 eodem
1976 749 2088 793 Titio,
2123 752 2183 796 qui
2218 755 2254 787 et
2286 752 2363 798 ipse

1265 790 1402 835 pridem
1437 791 1487 825 illi
1522 791 1701 827 iudicatus
1742 796 1814 835 est,
1851 795 2095 838 compensatio
2132 796 2357 833 admittetur:

1266 835 1364 870 aliud
1388 839 1443 871 est
1466 837 1559 871 enim
1584 837 1676 872 diem
1710 838 1937 884 obligationis
1969 850 2042 875 non
2073 842 2232 885 venisse,
2265 843 2362 879 aliud

1265 881 1498 917 humanitatis
1522 883 1638 927 gratia
1661 886 1802 928 tempus
1825 884 2000 929 indulgeri
2023 886 2220 922 solutionis.

1315 924 1365 963 17
1390 926 1499 962 IDEM
1518 928 1609 963 libro
1626 930 1751 974 primo
1775 940 2032 976 responsorum
2078 931 2163 968 Ideo
2195 933 2360 969 condem-

1265 975 1391 1015 natus,
1428 973 1524 1018 quod
1559 974 1727 1009 artiorem
1759 985 1940 1010 annonam
1975 976 2166 1012 aedilitatis
2202 981 2362 1024 tempore

1263 1018 1448 1098 praebuit,
1483 1018 1740 1054 frumentariae
1774 1021 1949 1065 pecuniae
1984 1021 2123 1058 debitor
2157 1033 2231 1059 non
2265 1024 2360 1060 vide-

1288 1063 1371 1105 itur,
1398 1067 1434 1099 et
1456 1064 1535 1099 ideo
1562 1066 1890 1110 compensationem
1913 1067 2071 1103 habebit.

1313 1106 1363 1146 18
1388 1109 1497 1144 IDEM
1516 1110 1607 1146 libro
1639 1111 1744 1146 tertio
1777 1122 2032 1157 responsorum
2079 1114 2122 1148 In
2153 1124 2228 1150 rem
2259 1125 2361 1151 suam

1263 1158 1477 1198 procurator
1512 1155 1618 1191 datus
1650 1160 1734 1201 post
1764 1157 1836 1192 litis
1870 1158 2185 1202 contestationem,
2224 1160 2255 1195 si
2285 1161 2361 1196 vice

1263 1204 1388 1235 mutua
1413 1201 1663 1244 conveniatur,
1697 1202 1878 1247 aequitate
1902 1205 2203 1249 compensationis
2227 1209 2360 1241 utetur.

1267 1248 1280 1279 1
1332 1245 1497 1282 Creditor
1529 1257 1763 1292 compensare
1787 1259 1860 1283 non
1885 1259 1926 1284 co
1955 1249 2024 1284 'tur
2049 1251 2145 1302 quod
2170 1251 2230 1286 alii
2255 1262 2361 1296 quam

1262 1290 1416 1327 debitori
1439 1302 1504 1327 suo
1531 1292 1647 1335 debet,
1673 1293 1833 1338 quamvis
1859 1305 1918 1329 cre
1944 1294 2015 1330 itor
2039 1306 2113 1331 01110
2133 1307 2199 1342 pro
2221 1307 2275 1340 eo,
2301 1297 2361 1343 qui

1263 1337 1473 1372 convenitur
1497 1338 1542 1373 ob
1568 1338 1726 1374 debitum
1750 1339 1946 1384 proprium,
1971 1341 2056 1376 velit
2080 1352 2323 1387 compensare.

1311 1380 1362 1419 19
1399 1382 1508 1418 IDEM
1546 1384 1637 1419 libro
1673 1384 1862 1420 undecimo
1898 1396 2155 1432 respon-sorum
2210 1387 2360 1424 Debitor

1261 1428 1450 1472 pecuniam
1485 1429 1665 1474 publicam
1702 1440 1804 1465 servo
1838 1431 1983 1476 publico
2021 1433 2111 1467 citra
2141 1432 2360 1468 voluntatem

1262 1483 1385 1508 eorum
1409 1474 1524 1517 solvit,
1550 1475 1680 1520 quibus
1704 1475 1862 1511 debitum
1882 1480 1981 1512 recte
2001 1477 2091 1513 solvi
2107 1478 2243 1523 potuit:
2270 1479 2358 1514 obli-

1260 1519 1355 1563 gatio
1380 1520 1532 1564 pristina
1563 1521 1742 1564 manebit,
1778 1521 1841 1557 sed
1873 1521 2018 1558 dabitur
2049 1523 2082 1559 ei
2114 1525 2358 1569 compensatio

1260 1565 1390 1609 peculii
1413 1565 1487 1608 fini,
1513 1566 1609 1611 quod
1633 1576 1755 1602 servus
1779 1567 1945 1612 publicus
1969 1569 2126 1604 habebit.

1307 1608 1359 1648 20
1385 1610 1494 1646 IDEM
1513 1612 1604 1647 libro
1630 1613 1735 1647 tertio
1757 1612 1894 1648 decimo
1912 1624 2170 1660 responsorum
2218 1614 2272 1650 Ob
2294 1626 2357 1650 ne-

1259 1656 1395 1700 gotium
1421 1657 1605 1702 copiarum
1631 1657 1865 1702 expeditionis
1885 1661 2046 1704 tempore
2065 1660 2274 1695 mandatum
2294 1671 2356 1696 cu-

1259 1706 1414 1736 ratorem
1439 1702 1716 1738 condemnatum
1740 1704 1930 1749 pecuniam
1953 1705 2030 1740 iure
2055 1706 2356 1751 compensationis

1259 1747 1413 1783 retinere
1436 1758 1509 1783 non
1532 1748 1686 1793 placuit,
1711 1749 1879 1794 quoniam
1904 1759 1946 1785 ea
1970 1761 2043 1786 non
2067 1755 2355 1796 compensantur.

1307 1790 1356 1829 21
1385 1793 1546 1829 Panos
1567 1793 1657 1829 libro
1676 1795 1797 1840 primo
1816 1796 2068 1840 quaestionum
2115 1797 2356 1842 Posteaquam

1259 1838 1397 1883 placuit
1428 1839 1522 1874 inter
1554 1850 1677 1874 omnes
1710 1839 1747 1874 id
1781 1840 1876 1885 quod
1907 1840 2059 1877 invicem
2095 1842 2245 1877 debetur
2276 1842 2355 1887 ipso

1258 1884 1336 1918 iure
1361 1885 1602 1929 compensari,
1636 1885 1666 1919 si
1690 1889 1906 1929 procurator
1929 1886 2086 1922 absentis
2112 1887 2355 1930 conveniatur,

1259 1940 1332 1964 non
1365 1929 1509 1965 debebit
1540 1930 1583 1965 de
1614 1933 1693 1965 rato
1720 1941 1863 1973 cavere,
1897 1931 1980 1976 quia
2012 1932 2101 1967 nihil
2134 1936 2354 1978 compensat,

1259 1975 1321 2010 sed
1346 1975 1391 2010 ab
1416 1975 1516 2010 initio
1541 1975 1658 2011 minus
1683 1976 1729 2011 ab
1755 1987 1796 2011 eo
1821 1976 1966 2021 petitur.

1304 2018 1358 2057 22
1383 2019 1588 2056 SOAEVOLA
1621 2021 1712 2057 libro
1743 2022 1901 2057 secundo
1926 2024 2178 2068 quaestionum
2227 2023 2265 2059 Si
2291 2023 2351 2059 de-

1257 2066 1343 2101 beas
1370 2066 1517 2101 decem⁸
1541 2069 1605 2101 aut
1628 2066 1825 2109 hominem,
1851 2070 1972 2102 utrum
1996 2068 2223 2104 adversarius
2247 2069 2354 2112 volet,

1256 2111 1308 2146 ita
1333 2112 1577 2156 compensatio
1602 2112 1708 2147 huius
1734 2112 1844 2147 debiti
1871 2112 2090 2158 admittitur,
2124 2114 2154 2150 si
2187 2114 2353 2150 adversa-

1257 2157 1332 2191 rius
1356 2158 1476 2202 palam
1501 2157 1660 2200 dixisset,
1685 2161 1806 2192 utrum
1831 2158 2013 2194 voluisset.

1305 2200 1357 2239 23
1384 2202 1545 2238 PAULUS
1564 2203 1655 2239 libro
1680 2214 1775 2239 nono
1800 2214 2058 2250 responsorum
2105 2205 2146 2240 Id
2171 2205 2266 2250 quod
2286 2216 2352 2250 pu-

1257 2248 1424 2293 pillorum
1448 2248 1592 2283 nomine
1616 2248 1768 2283 debetur
1801 2249 1832 2283 si
1864 2253 1962 2284 tutor
1993 2253 2112 2295 petat,
2144 2261 2217 2286 non
2248 2261 2354 2295 posse

1258 2294 1586 2338 compensationem
1610 2294 1705 2329 obici
1729 2294 1804 2329 eius
1828 2295 2023 2339 pecuniae,
2058 2306 2164 2341 quam
2195 2296 2272 2341 ipse
2295 2300 2352 2331 tu-

1256 2342 1315 2374 tor
1339 2349 1402 2374 suo
1428 2339 1570 2374 nomine
1595 2339 1798 2375 adversario
1825 2341 1929 2375 debet
1939 2341 1963 2375 ⁹.

1303 2382 1356 2421 24
1383 2384 1490 2419 IDEM
1509 2385 1601 2420 libro
1627 2386 1731 2420 tertio
1756 2385 1981 2421 decretorum
2029 2386 2138 2421 Iussit
2155 2386 2353 2431 imperator

1257 2429 1372 2464 audiri
1396 2430 1658 2475 adprobantem
1682 2430 1750 2466 sibi
1775 2441 1797 2466 a
1820 2430 1907 2466 fisco
1942 2431 2081 2475 deberi,
2114 2431 2211 2477 quod
2224 2433 2253 2453 ¹⁰
2275 2432 2353 2477 ipse

1257 2475 1476 2511 convenitur.

1747 2593 1806 2632 111
1818 2593 1858 2633 ¹¹.

1529 2670 1743 2702 DEPOSITI
1768 2670 1860 2703 VEL
1887 2669 2076 2704 CONTRA.

1305 2744 1323 2782 1
1360 2745 1556 2782 [amm
1585 2747 1677 2783 libro
1711 2748 1922 2794 triqensimo
1955 2747 2005 2784 ad
2027 2748 2182 2784 edictum
2228 2748 2283 2784 De
2310 2760 2348 2785 o·

1254 2791 1361 2827 situm
1387 2795 1451 2835 est,
1477 2792 1571 2837 quod
1596 2792 1868 2828 custodiendum
1893 2793 2001 2829 alicui
2025 2794 2150 2829 datum
2175 2797 2248 2837 est,
2298 2795 2347 2830 ic-

1253 2840 1329 2871 tum
1354 2847 1398 2871 ex
1422 2847 1463 2872 00
1489 2837 1584 2882 quod
1607 2838 1770 2882 poniturt
1804 2839 2023 2884 praepositio
2058 2839 2150 2875 enim
2175 2839 2219 2875 de
2243 2843 2349 2885 auget

1254 2881 1453 2927 depositum
1467 2883 1505 2925 ¹2,
1530 2886 1571 2918 ut
1590 2883 1756 2918 ostendat
1776 2887 1891 2919 totum
1911 2884 1995 2919 fidei
2014 2885 2090 2920 eius
2110 2885 2347 2928 commissum,

1256 2930 1270 2961 1
1323 2927 1418 2971 quod
1454 2928 1501 2962 ad
1537 2928 1737 2963 custodiam
1773 2929 1825 2964 rei
1859 2929 2023 2975 pertinet.
2083 2931 2234 2967 Praetor
2277 2930 2345 2965 ait:

1255 2972 1367 3016 ‘Quod
1399 2983 1514 3018 neque
1544 2973 1718 3008 tumultus
1750 2985 1865 3020 neque
1895 2975 2050 3010 incendii
2082 2985 2198 3021 neque
2222 2976 2347 3011 ruinae

1254 3020 1379 3063 ‘neque
1411 3017 1588 3063 naufragii
1623 3029 1733 3053 causa
1765 3019 1965 3065 depositum
1997 3021 2062 3064 sit,
2099 3021 2136 3056 in
2169 3021 2344 3066 simplum,

1254 3064 1298 3084 ‘¹³
1308 3073 1429 3098 earum
1463 3067 1582 3099 autem
1618 3074 1756 3106 rerum,
1793 3075 1885 3110 quae
1920 3076 2031 3111 supra
2068 3067 2346 3119 comprehensae

1254 3111 1367 3151 ‘sunt,
1401 3109 1437 3143 in
1461 3109 1578 3153 ipsum
1602 3109 1639 3144 in
1664 3109 1829 3154 duplum,
1862 3110 1899 3145 in
1923 3111 2090 3146 heredem
2122 3122 2216 3154 01110,
2249 3110 2345 3156 quod

1253 3154 1346 3189 ‘dolo
1371 3154 1464 3188 malo
1492 3155 1566 3189 eius
1590 3154 1727 3189 factum
1751 3165 1829 3191 esse
1853 3156 1992 3191 dicetur
2016 3156 2077 3202 qui
2100 3160 2261 3192 mortuus
2286 3156 2342 3197 sit,

1252 3199 1300 3234 ‘in
1325 3199 1500 3243 simplum,
1527 3199 1622 3244 quod
1644 3199 1775 3245 ipsius,
1800 3201 1836 3235 in
1862 3201 2009 3246 duplum
2031 3201 2200 3237 iudicium
2225 3200 2342 3236 dabo.’

1252 3247 1271 3278 2
1319 3245 1448 3280 Merito
1480 3244 1547 3279 has
1580 3255 1708 3280 causas
1741 3245 1940 3291 deponendi
1975 3247 2154 3292 separavit
2186 3248 2341 3291 praetor,

1253 3299 1344 3334 quae
1369 3289 1552 3324 continent
1574 3289 1760 3325 fortuitam
1785 3302 1931 3327 causam
1957 3292 2186 3337 depositionis
2212 3302 2255 3326 ex
2278 3300 2341 3325 ne-

1253 3334 1418 3369 cessitate
1442 3334 1723 3378 descendentem,
1748 3347 1821 3371 non
1846 3347 1890 3372 ex
1910 3337 2091 3372 voluntate
2111 3335 2339 3386 proficiscen-3

1252 3382 1271 3413 3
1319 3382 1400 3414 tem.
1449 3379 1544 3414 Eum
1567 3383 1687 3415 tamen
1711 3381 1890 3426 deponere
1915 3382 2084 3417 tumultus
2108 3381 2163 3416 vel
2186 3379 2340 3414 incendii

1250 3424 1304 3459 vel
1329 3428 1528 3459 ceterarum
1553 3435 1743 3461 causarum
1762 3428 1879 3472 gratia
1895 3426 2167 3471 intellegendum
2190 3428 2254 3466 est,
2279 3423 2339 3475 qui

1250 3469 1383 3503 nullam
1415 3469 1521 3504 aliam
1553 3481 1698 3506 causam
1731 3472 1931 3517 deponendi
1963 3472 2072 3506 habet
2096 3480 2200 3514 quam
2224 3469 2336 3503 immi-

1249 3517 1270 3548 4
1317 3524 1404 3549 nens
1436 3525 1479 3550 ex
1511 3516 1629 3551 causis
1662 3527 1773 3562 supra
1804 3517 1944 3562 scriptis
1977 3515 2183 3561 periculum.
2238 3514 2338 3549 Haec

1295 3628 1349 3669 (11)
1376 3627 1547 3663 Sab.1...3.
1563 3638 1589 3663 5.
1606 3637 1769 3669 7.1o...18;
1791 3630 1857 3663 Ed.
1872 3636 1898 3662 4.
1913 3636 1940 3662 s.
1956 3636 1982 3662 9.
1998 3635 2115 3661 19...23.
2131 3634 2184 3666 323
2207 3627 2292 3670 Pap.
2307 3635 2336 3661 s.

1249 3679 1372 3711 24...31;
1386 3674 1474 3717 App.
1489 3681 1534 3708 33.
1548 3682 1594 3709 34.
1608 3694 1654 3699 —
1665 3676 1749 3707 Bas.
1767 3676 1818 3715 13,
1833 3682 1858 3707 2.
1872 3692 1917 3698 —
1933 3674 1982 3716 Cf.
2001 3673 2079 3706 Cod.
2092 3673 2123 3712 4,
2138 3679 2173 3705 31
2276 3672 2336 3716 (12)

1248 3716 1437 3760 depositum
1453 3719 1514 3752 del.
1640 3721 1696 3762 (13)
1722 3730 1761 3751 ex
1775 3721 1834 3752 ins.
1848 3719 1883 3750 F

2019 3819 2063 3852 27
