2528 3918
172 82 401 126 XXXVIII
433 85 484 125 10

173 204 221 247 (id
244 208 300 241 est
323 204 428 239 abavi
449 202 563 238 frater
586 205 623 238 et
645 204 777 246 soror),
808 202 1054 238 abavunculus
1086 201 1264 237 abmater-

172 254 250 285 tera
286 249 337 291 (id
374 252 431 285 est
462 247 611 283 abaviae
640 245 754 283 frater
783 250 820 283 et
850 254 984 290 soron:
1021 246 1109 282 item
1145 246 1265 291 patrui

172 294 291 340 magni
329 293 460 329 amitae
494 301 663 338 magnae,
704 292 871 328 avunculi
900 291 1018 336 magni
1048 294 1264 327 materterae

172 349 322 384 magnae
353 348 465 385 nepos
496 337 630 383 neptis:
661 336 747 373 item
777 336 900 373 fratris
916 335 1107 382 patruelis
1131 336 1264 372 sororis

173 383 366 430 patruelis,
402 381 609 419 consobrini
639 382 895 425 consobrinae,
927 380 1068 416 amitini
1098 381 1264 417 amitinae

174 439 285 475 nepos
310 428 445 474 neptis:
469 438 535 473 pro
563 426 659 463 atrui
680 428 895 474 proamitae,
945 426 1157 462 roavunculi
1179 436 1263 471 pro-

172 478 387 510 materterae
407 473 501 509 filius
522 438 607 509 fflis.
642 472 752 508 item¹
777 472 838 518 qui
862 482 906 507 ex
938 471 1098 506 ratribus
1118 474 1263 516 patrue-

172 520 266 555 libus
302 522 367 554 aut
403 517 627 554 consobrinis
661 521 728 553 ant
763 516 917 552 amitinis
953 515 1141 561 undique2
1179 526 1263 562 pro-

178 569 190 600 1
240 567 438 610 pagantur‚
474 564 590 609 quae⁸
626 573 693 608 pro
720 562 772 598 rie
811 561 946 598 sobrini
979 564 1167 597 vocantur.
1221 561 1265 596 In

174 610 325 655 septimo
354 608 468 654 gradu
498 618 605 654 quam
634 618 671 643 m
711 612 770 643 tae
800 617 878 643 esse
906 606 1050 652 possint
1102 616 1263 648 ersonae,

174 658 194 690 2
241 665 286 690 ex
317 654 373 689 his
402 664 495 700 quae
527 652 680 689 diximus
710 652 799 688 satis
829 655 991 697 apparet.
1039 652 1074 687 A
1135 651 1265 687 onendi

173 704 291 736 tamen
314 710 437 735 sumus
460 698 663 746 parentium
686 698 948 743 liberorumque
970 706 1144 742 personas
1172 706 1264 732 sem-

174 755 239 791 per
267 744 428 790 duplariz
467 754 572 780 avum
610 743 704 779 enim
744 746 781 779 et
816 742 931 778 aviam
967 746 1043 778 tam
1082 745 1264 778 maternos

174 800 282 836 quam
304 794 476 836 paternos
499 789 763 834 intellegemus,
787 788 872 823 item
896 790 1046 833 nepotes
1069 791 1265 833 neptesque

174 840 247 871 tam
279 845 324 871 ex
351 835 426 871 filio
458 844 566 887 quam
596 844 642 870 ex
669 832 762 869 filia:
794 842 902 879 quam
929 833 1106 868 rationem
1129 832 1266 868 scilicet

173 882 211 916 in
235 880 400 917 omnibus
424 879 591 925 deinceps
615 877 787 924 gradibus
811 888 922 924 supra
944 877 1110 924 infraque
1139 887 1264 923 seque·

174 937 264 962 mur.

221 971 245 1009 4
270 970 527 1007 Moossmvos
543 970 635 1006 libro
652 968 863 1005 duodecimo
875 967 1142 1014 pandectarum
1182 966 1265 1003 Non

174 1016 280 1053 facile
303 1020 441 1058 autem,
473 1014 568 1068 quod
591 1014 639 1050 ad
661 1017 825 1050 nostrum
847 1013 904 1049 ius
928 1012 1073 1055 attinet,
1107 1022 1189 1047 cum
1221 1011 1266 1047 de

175 1061 330 1098 naturali
354 1064 566 1106 cognanone
591 1059 785 1105 quaeritur,
809 1069 849 1095 se
874 1059 999 1094 timum
1016 1057 1167 1103 gradum
1186 1057 1264 1103 quis

174 1107 333 1150 excedit,
377 1111 554 1152 quatenus
595 1105 690 1140 ultra
727 1114 808 1140 eum
862 1114 922 1139 ere
957 1103 1107 1148 gradum
1146 1113 1266 1138 rerum

174 1157 304 1189 natura
337 1155 573 1196 cognatorum
603 1150 736 1186 vitam⁴
775 1149 970 1185 consistere
1006 1159 1079 1184 non
1115 1149 1263 1193 patitur.

179 1202 191 1233 1
243 1197 393 1243 Cognati
413 1197 459 1232 ab
480 1206 522 1231 00
542 1195 613 1231 11101
630 1198 813 1241 putantur,
838 1193 935 1239 quod
954 1193 1058 1239 quasi
1077 1203 1150 1228 una
1169 1203 1265 1229 com-

174 1243 372 1279 muniterve
402 1240 479 1277 nati
507 1241 562 1276 vel
590 1241 637 1276 ab
672 1240 796 1276 eodem
827 1239 897 1275 orti
931 1238 1150 1285 progenitive
1182 1238 1264 1274 sint.

176 1292 195 1324 2
244 1287 474 1332 cognationis
514 1285 716 1321 substantia
751 1284 919 1321 bifariam
953 1283 1052 1330 apud
1082 1283 1266 1319 Romanos

174 1332 408 1378 intellegitur:
446 1341 530 1366 nam
570 1330 746 1376 quaedam
783 1329 1015 1374 cognationes
1050 1328 1129 1364 iure
1161 1328 1266 1372 civili,

175 1378 349 1424 quaedam
379 1375 537 1412 naturali
561 1378 799 1412 conectuntur
809 1376 835 1418 ⁵,
867 1384 1134 1427 nonnumquam
1165 1378 1265 1410 utro·

175 1434 244 1469 que
275 1423 354 1458 iure
387 1425 622 1458 concurrente
654 1425 690 1456 et
714 1420 871 1456 naturali
895 1424 932 1456 et
955 1420 1051 1455 civili
1075 1419 1267 1465 copulatur

176 1468 340 1514 cognatio
351 1469 388 1502 θ’.
425 1470 461 1503 01
484 1466 626 1512 quidem
649 1466 824 1502 naturalis
850 1465 1014 1511 cognatio
1038 1475 1105 1511 per
1128 1474 1167 1500 00
1191 1464 1266 1501 0100

175 1514 269 1550 civili
299 1512 510 1558 cognatione
540 1511 760 1557 intellegitur
783 1521 875 1556 quae
897 1521 963 1556 per
984 1509 1161 1546 feminas⁶
1185 1509 1266 1546 des·

175 1558 305 1602 cendit,
330 1568 422 1604 quae
445 1557 548 1602 volgo
571 1556 706 1593 liberos
756 1556 879 1609 eperit.
921 1555 1035 1592 civilis
1059 1558 1179 1591 autem
1201 1565 1267 1600 per

175 1615 230 1648 se,
263 1614 356 1650 quae
386 1602 494 1639 etiam
524 1601 682 1647 legitima
750 1606 860 1645 cltur,
893 1601 971 1638 sine
1000 1600 1080 1636 iure
1110 1599 1268 1636 naturali

175 1650 339 1695 cognatio
364 1647 530 1685 consistit
551 1657 617 1693 per
639 1646 879 1692 adoptionem.
916 1651 1069 1691 utroque
1086 1645 1164 1681 iure
1179 1656 1265 1681 con-

175 1695 270 1731 sistit
293 1693 476 1739 cognatio,
507 1703 588 1728 cum
610 1692 713 1728 iustis
738 1691 874 1738 nuptiis
898 1691 1094 1727 contractis
1119 1690 1266 1736 copula-

174 1745 245 1776 tur.
284 1740 348 1775 sed
372 1737 547 1774 naturalis
572 1737 714 1783 quidem
739 1737 904 1782 cognatio
927 1737 997 1773 1100
1019 1736 1098 1782 ipso
1125 1735 1268 1772 nomine

176 1785 397 1832 appellatur:
431 1783 542 1819 civilis
573 1787 693 1819 autem
723 1782 888 1829 cognatio
917 1782 1002 1818 licet
1022 1782 1103 1828 ipsa
1126 1791 1268 1828 quoque

175 1841 241 1877 per
264 1840 303 1865 se
326 1829 529 1875 plenissime
551 1828 623 1864 hoc
640 1828 784 1864 nomine
798 1832 957 1870 vocetur,
983 1827 1129 1873 proprie
1146 1830 1268 1862 tamen

176 1875 344 1922 adgnatio
366 1878 526 1917 vocatur,
550 1873 716 1909 videlicet
740 1883 831 1927 01100
852 1883 919 1926 per
940 1883 1057 1908 mares
1082 1871 1267 1917 contingit.

178 1925 198 1957 3
247 1920 317 1956 Sed
348 1920 517 1966 quoniam
573 1918 724 1954 uaedam
747 1929 828 1954 iura
850 1923 944 1954 mter
967 1917 1102 1953 adfines
1151 1927 1268 1963 noque

177 1969 380 2008 versantur,
413 1966 509 2000 non⁷
539 1964 696 2000 a'enum
727 1968 784 2000 est
810 1964 881 2000 hoc
909 1964 990 1999 loco
1021 1962 1065 1999 de
1089 1962 1135 1998 ad
1188 1963 1267 1999 ‘bus

177 2021 320 2059 quoque
343 2011 499 2046 breviter
521 2009 709 2046 disserere.
745 2008 881 2045 adfines
906 2012 991 2044 sunt
1009 2008 1076 2044 viri
1091 2012 1129 2045 et
1144 2008 1267 2044 uxoris

177 2056 336 2102 cognati,
369 2055 457 2091 dicti
488 2055 534 2091 ab
564 2065 625 2098 οο,
656 2054 752 2100 quod
775 2055 867 2090 duae
891 2053 1142 2100 cognationes,
1175 2063 1268 2099 quae

177 2102 337 2138 diversae
371 2101 467 2136 inter
499 2110 539 2136 se
571 2104 674 2145 sunt,
713 2110 779 2146 per
808 2100 953 2145 nuptias
986 2110 1028 2135 co
1056 2099 1201 2134 111001111-
1233 2102 1269 2134 01

177 2148 291 2183 altera
315 2146 362 2182 ad
385 2145 533 2181 alterius
559 2146 781 2190 cognationis
804 2144 913 2180 finem
932 2155 1019 2181 acce
1047 2144 1090 2180 ‘tt
1114 2155 1197 2179 nam
1222 2153 1268 2179 ue

177 2197 198 2229 4
246 2190 515 2237 coniungendae
538 2190 736 2227 adfinitatis
760 2200 870 2226 causa
888 2189 930 2224 fit
949 2200 994 2226 ex
1010 2190 1156 2236 nuptiis.
1228 2200 1267 2225 o-

177 2238 273 2274 mina
303 2247 388 2273 vero
421 2246 544 2272 eorum
574 2236 665 2272 haec
698 2240 801 2272 sunt:
841 2245 944 2271 socer
977 2245 1120 2278 socrus,
1159 2245 1268 2280 gener

177 2288 196 2319 5
243 2293 368 2326 nurus,
392 2291 549 2318 noverca
570 2281 730 2324 vitricus,
779 2281 938 2326 rivignus
986 2280 1133 2326 rivigna.
1175 2279 1266 2315 Gra-

178 2332 198 2365 6
245 2329 311 2364 dus
336 2331 456 2363 autem
480 2325 684 2362 adfinitati⁸
706 2338 731 2362 n
786 2326 794 2334 ⁶
820 2329 914 2362 sunt.
996 2330 1012 2360 t
1036 2325 1177 2371 quidem
1199 2325 1268 2360 viri

176 2377 281 2421 pater
311 2372 505 2418 uxorisque
535 2381 638 2408 socer
690 2375 806 2408 mater
836 2375 957 2407 autem
987 2381 1110 2407 eorum
1141 2381 1267 2407 socrus

177 2420 399 2466 appellatur,
441 2428 523 2453 cum
564 2399 661 2464 apud
689 2417 848 2470 Graecos
886 2416 1031 2462 proprie
1067 2415 1135 2451 viri
1164 2419 1269 2461 pater

178 2463 312 2510 ἑκυρόε,
351 2467 468 2499 mater
502 2473 587 2499 vero
624 2463 730 2510 ἑκυρα
760 2462 954 2506 vocitetur,
993 2461 1116 2498 uxoris
1148 2465 1268 2497 autem

177 2514 282 2556 pater
317 2507 496 2555 πενθερὸς
537 2512 573 2544 01
610 2512 726 2544 mater
763 2506 927 2553 πενθερὰ
964 2510 1115 2543 vocatur
1125 2507 1151 2542 ⁹,
1203 2505 1268 2542 filii

178 2559 296 2591 autem
319 2564 412 2590 uxor
433 2564 564 2596 nurus,
595 2552 692 2589 filiae
722 2563 807 2589 vero
839 2552 893 2587 vir
920 2562 1030 2598 gener
1052 2551 1266 2598 appellatur.

178 2611 269 2636 uxor
304 2599 426 2635 liberis
463 2609 508 2635 ex
544 2599 616 2634 alia
652 2608 766 2634 uxore
801 2597 897 2633 natis
935 2607 1090 2633 noverca
1126 2597 1267 2640 dicitur,

179 2645 302 2681 matris
341 2645 394 2680 vir
431 2653 476 2679 ex
512 2643 582 2679 alio
619 2643 696 2679 viro
732 2643 826 2679 natis
863 2643 1010 2678 vitricus
1047 2642 1266 2695 appellatur:

179 2701 301 2727 eorum
330 2695 481 2735 uterque
512 2694 617 2725 natos
647 2688 792 2724 aliunde
812 2688 994 2741 privignos
1019 2697 1268 2733 privignaeque

179 2739 318 2772 vocant.
365 2739 485 2780 potest
507 2734 615 2771 etiam
638 2734 691 2770 sic
715 2733 864 2770 definiri.
901 2743 1004 2769 socer
1027 2736 1084 2768 est
1094 2734 1122 2754 ¹⁰
1146 2733 1268 2768 uxoris

179 2790 279 2816 meae
300 2784 421 2825 pater,
443 2790 509 2825 ego
534 2779 630 2815 illius
655 2790 734 2815 sum
756 2789 883 2824 gener:
915 2788 1018 2815 socer
1040 2788 1191 2823 magnus
1215 2777 1266 2813 di-

179 2826 273 2862 citur
295 2825 417 2861 uxoris
441 2834 540 2860 meae
565 2835 670 2868 avus,
695 2834 760 2870 ego
782 2824 879 2860 illius
903 2833 982 2859 sum
1005 2833 1198 2869 progener:
1233 2827 1269 2858 et

180 2875 276 2907 retro
307 2874 412 2916 pater
442 2880 541 2906 meus
572 2870 695 2906 uxoris
724 2879 825 2905 meae
855 2879 960 2906 socer
990 2872 1060 2911 est,
1095 2868 1186 2904 11000
1216 2868 1269 2904 1111

179 2926 309 2952 nurus:
345 2922 382 2951 et
412 2925 499 2950 avus
528 2925 629 2951 meus
658 2915 781 2951 uxoris
813 2915 953 2950 meae¹¹
984 2924 1088 2950 socer
1117 2923 1269 2959 magnus

179 2965 246 3004 est,
269 2961 332 2996 illa
353 2960 406 2996 illi
429 2970 621 3005 pronurus.
667 2960 752 2996 item
767 2960 794 2982 ¹²
819 2969 1013 3005 prosocrus
1036 2959 1122 2994 mihi
1145 2958 1268 2995 uxoris

180 3016 280 3043 meae
310 3005 391 3041 avia
421 3009 492 3048 est,
532 3015 597 3050 ego
632 3005 728 3041 illius
762 3015 841 3041 sum
871 3014 1064 3058 progener:
1105 3008 1142 3040 et
1171 3008 1267 3040 retro

180 3055 295 3087 mater
315 3060 396 3087 mea
418 3050 541 3086 uxoris
565 3060 666 3086 meae
688 3060 814 3086 socrus
838 3054 912 3093 est,
944 3050 1006 3085 illa
1028 3050 1112 3085 huic
1137 3059 1267 3085 nurus:

180 3102 217 3133 et
238 3096 319 3133 avia
341 3105 421 3131 mea
443 3095 566 3131 uxoris
589 3105 689 3131 meae
702 3097 729 3118 ¹³
752 3106 879 3131 socrus
903 3105 1032 3141 magna
1055 3098 1112 3131 est
1127 3098 1163 3130 et
1177 3104 1269 3130 uxor

181 3152 259 3178 mea
282 3141 333 3178 illi
346 3142 373 3162 ¹⁴
403 3150 581 3193 pronurus
606 3144 672 3176 est.
719 3141 809 3186 privi
860 3151 903 3177 us
933 3144 989 3176 est
1016 3139 1139 3176 uxoris
1167 3149 1269 3175 meae

181 3187 275 3223 filius
299 3196 345 3222 ex
366 3185 438 3222 alio
460 3185 536 3221 viro
559 3189 683 3227 natus,
716 3196 781 3231 ego
854 3185 862 3193 '
893 3186 1013 3221 sum¹³
1033 3184 1199 3221 vitricus:
1234 3188 1270 3220 et

179 3233 218 3269 in
241 3231 461 3269 contrarium
482 3240 574 3267 uxor
596 3240 675 3266 mea
698 3231 840 3274 liberis,
871 3241 961 3284 quos
990 3240 1034 3266 ex
1063 3230 1135 3265 alia
1157 3239 1270 3265 uxore

181 3278 317 3321 habeo,
340 3285 497 3312 noverca
518 3274 669 3318 dicitur,
699 3276 801 3311 liberi
824 3286 895 3311 mei
917 3274 970 3311 illi
991 3275 1083 3321 prIvi
1133 3275 1155 3310 ⁸.
1201 3275 1269 3310 viri

182 3323 294 3359 frater
322 3322 419 3358 levir.
471 3321 502 3357 is
534 3319 632 3367 apud
660 3320 817 3357 Graecos
852 3319 943 3367 δαὴρ
975 3330 1046 3367 app
1117 3324 1197 3364 tur,
1227 3323 1270 3355 ut

181 3438 224 3479 (1)
249 3436 330 3470 item
342 3436 406 3470 del.
465 3437 508 3478 (2)
532 3435 702 3477 utrimque
713 3447 776 3468 scr.
834 3436 879 3476 (3)
904 3445 988 3477 quae
1002 3435 1062 3469 del.
1124 3435 1168 3476 (4)
1192 3434 1267 3467 vin·

182 3481 296 3515 culum
313 3493 375 3515 scr.
505 3485 547 3519 (5)
572 3482 812 3514 connectentur
834 3479 870 3513 F

182 3529 229 3569 (6)
254 3526 295 3560 de
311 3526 436 3560 femina
451 3539 513 3559 scr.
634 3527 676 3566 (τ)
702 3535 782 3558 num
802 3525 835 3557 F

183 3575 227 3613 (0)
252 3574 391 3605 vocatur
410 3571 469 3604 del.
588 3573 648 3611 (10)
673 3569 732 3612 est]
747 3570 807 3612 F‘,
826 3570 890 3603 del.
906 3570 953 3602 ΡΞ
1075 3572 1129 3609 (11)
1155 3568 1268 3602 uxoris

182 3627 273 3650 meae
285 3629 344 3650 om.
359 3616 395 3650 F
481 3618 539 3656 (12)
563 3614 899 3649 socrusmihiuxoris
909 3624 999 3647 meae
1011 3618 1117 3648 mater
1128 3617 1186 3655 est,
1206 3623 1268 3656 ego

183 3660 275 3693 illius
285 3671 359 3694 sum
369 3671 472 3703 genu·
486 3662 543 3693 ῐηε.

185 3710 241 3745 (15)
267 3704 319 3738 illi
342 3705 426 3748 sum]
457 3706 507 3740 vir
537 3706 649 3739 doctus
673 3706 765 3749 apud
787 3704 1043 3748 Schulli‘nqium,
1073 3703 1209 3736 illorum
1239 3703 1273 3736 F

948 3527 990 3566 18)
1016 3524 1197 3558 adfinitatis
1216 3523 1268 3558 Γ*

1248 76 1330 124 580
1551 68 1597 135 εχ

989 3481 1045 3522 (5⁸)
1069 3479 1218 3523 cognitio
1241 3479 1276 3512 Γ

608 3659 666 3702 (13)
691 3660 909 3693 uxorismeae
921 3672 978 3693 om.
994 3659 1027 3691 F
1086 3661 1142 3700 (14)
1167 3658 1274 3691 111οΡ

1492 0 1562 64 Ἣ

1746 94 1807 125 DE
1837 93 2061 126 GBADIBUS
2089 94 2147 126 ΕΤ
2172 94 2413 126 ADFnuBus

1333 201 1524 283 fficssssg,
1542 201 1774 282 {ligiiitierumffi
1801 202 1970 239 relatum:
2001 203 2054 238 sic
2083 202 2176 238 enim
2202 202 2340 239 Helena
2367 203 2414 239 ad

1424 311 1510 359 δᾶερ
1533 315 1629 359 ἐμεῖο
1654 312 1755 350 κυνὸς
1778 312 2029 359 κακομηχάνου
2053 309 2261 361 ὀκρυοέσσης
2274 316 2311 348 ¹⁷.

1332 381 1399 417 viri
1421 391 1525 417 soror
1546 380 1623 426 glos
1647 380 1788 425 dicitur,
1811 379 1909 462 apud
1925 380 2083 417 Graecos
2101 379 2229 429 γᾶλως.
2265 381 2415 419 duorum

1332 426 1484 462 fratrum
1498 436 1628 462 uxores
1641 426 1822 463 ianitrices
1860 427 2014 470 icantur,
2030 426 2127 472 apud
2142 426 2301 464 Graecos
2317 427 2414 462 εἰνά-

1331 484 1438 520 τερεσ.
1476 470 1573 517 quod
1595 481 1667 507 uno
1691 482 1795 507 versu
1809 472 1837 493 ¹⁸
1860 471 1952 508 idem
1974 471 2152 509 Homerus
2164 472 2194 494 ¹⁹
2221 472 2414 519 significat:

1434 533 1477 581 ἦέ
1495 550 1590 574 τινες
1600 539 1631 560 ²⁰
1653 537 1798 585 γαλόων
1820 538 1843 581 ἢ
1867 540 2060 586 εἰνατέρων
2083 534 2315 575 εὐπέπλωνῆ

1334 610 1352 640 7
1400 605 1476 658 Hos
1515 605 1635 659 itaque
1670 605 1765 642 inter
1797 616 1854 650 se,
1895 606 1992 653 quod
2000 607 2033 629 ²²
2072 606 2266 643 adfinitatis
2307 617 2414 649 causa

1332 655 1535 698 parentium
1562 651 1828 696 hberorumque
1855 651 1936 687 loco
1965 652 2161 698 habentur,
2191 653 2415 689 matrimonio

1335 701 1354 732 8
1402 696 1566 742 copulari
1593 695 1695 732 nefas
1724 700 1790 732 est.
1838 695 2028 733 Sciendum
2057 702 2112 733 est
2141 708 2256 751 neque
2287 708 2417 744 cogna-

1333 741 1466 778 tionem
1503 751 1619 786 neque
1647 740 1866 777 adfinitatem
1897 751 1976 778 esse
2004 752 2128 788 posse,
2166 743 2236 779 nisi
2271 744 2418 789 nuptiae

1334 797 1407 823 non
1428 786 1639 822 interdictae
1662 786 1745 830 sint,
1769 797 1814 822 ex
1838 786 1968 831 quibus
1991 786 2157 824 adfinitas
2182 788 2418 834 coniungitur.

1334 835 1354 867 9
1401 831 1578 868 Libertini
1607 831 1866 877 libertinaeque
1896 832 1990 867 inter
2011 842 2050 868 se
2073 832 2210 870 adfines
2234 843 2312 870 esse
2334 845 2417 879 pos·

1336 880 1377 912 10
1424 880 1519 913 sunt.
1550 876 1594 911 In
1611 875 1838 922 adoptionem
1855 876 1960 912 datus
1974 880 2038 912 aut
2051 878 2295 931 emancipatus
2311 889 2419 924 quas-

1335 932 1486 967 cumque
1523 921 1751 967 cognationes
1788 921 2062 968 adfinitatesque
2093 922 2238 966 110111111,
2276 924 2419 966 retinet,

1334 967 1560 1013 adgnationis
1589 966 1670 1002 iura
1696 967 1826 1012 perdit.
1880 967 1942 1003 sed
1970 967 2008 1002 in
2039 976 2117 1003 eam
2146 967 2333 1012 familiam,
2373 969 2418 1005 ad

1334 1023 1440 1059 quam
1462 1022 1529 1059 per
1551 1011 1780 1058 adoptionem
1803 1012 1915 1055 venit,
1946 1022 2050 1048 nemo
2081 1016 2137 1049 est
2165 1013 2217 1049 illi
2248 1019 2419 1059 cognatus

1333 1061 1478 1105 praeter
1507 1060 1647 1104 patrem
1681 1067 1802 1109 eosve,
1839 1057 1968 1103 quibus
2004 1057 2251 1103 adgnascitur:
2293 1059 2419 1095 adfinis

1338 1107 1374 1139 11
1424 1106 1546 1139 autem
1568 1102 1602 1139 ei
1624 1112 1765 1139 ommno
1788 1102 1826 1138 in
1851 1113 1894 1137 ea
1915 1102 2051 1138 familia
2073 1113 2176 1139 nemo
2200 1108 2265 1140 est.
2301 1104 2337 1140 Is
2362 1106 2419 1140 cui

1335 1147 2008 1230 ffififfsgneitiiffffissssuffieffitssif
2022 1148 2420 1231 thas-’afflasti

1334 1243 1407 1282 ret,
1438 1242 1476 1275 et
1504 1219 1734 1292 cognation’es
1759 1242 1795 1274 et
1818 1237 2021 1275 adfinitates
2046 1249 2187 1283 omnes,
2219 1250 2308 1285 quas
2338 1244 2420 1275 ante

1333 1284 1472 1328 habuit,
1497 1283 1640 1319 amittit.

1381 1329 1404 1367 5
1430 1328 1589 1365 Panos
1610 1329 1701 1366 libro
1723 1331 1830 1364 sexto
1855 1329 1905 1364 ad
1926 1328 2111 1365 Plautium
2159 1330 2196 1365 Si
2221 1329 2332 1365 filium
2356 1341 2417 1366 na·

1333 1374 1487 1410 turalem
1510 1374 1780 1420 emancipavero
1804 1377 1840 1410 et
1863 1373 1972 1410 alium
1995 1374 2224 1427 adoptavero‚
2249 1385 2321 1411 non
2342 1386 2421 1412 esse

1334 1431 1396 1456 eos
1419 1419 1568 1455 fratres:
1603 1419 1635 1455 si
1665 1419 1738 1455 filio
1765 1429 1844 1455 meo
1868 1424 2010 1456 mortuo
2035 1419 2169 1455 Titium
2192 1420 2420 1467 adoptavero‚

1334 1465 1444 1502 videri
1467 1475 1549 1501 eum
1573 1464 1733 1500 defuncti
1756 1463 1906 1500 fratrem
1929 1464 2041 1501 fuisse
2062 1465 2237 1502 Arrianus
2261 1466 2323 1501 ait.

1380 1508 1406 1549 6
1437 1509 1631 1546 Uzmws
1652 1508 1742 1546 libro
1768 1510 1894 1556 quinto
1925 1510 1975 1546 ad
1997 1510 2111 1556 leqem
2133 1510 2267 1546 Iuliam
2291 1515 2327 1546 et
2350 1510 2420 1547 Pa·

1329 1556 1434 1604 piam
1482 1555 1605 1591 Labeo
1636 1555 1761 1591 scribit
1788 1555 1929 1600 nepotis
1962 1566 2005 1591 ex
2035 1555 2110 1591 filia
2131 1566 2212 1592 mea
2234 1556 2308 1592 nati
2331 1568 2420 1592 uxo·

1338 1605 1353 1637 1
1402 1611 1479 1637 rem
1500 1611 1631 1636 nurum
1653 1600 1740 1636 mihi
1763 1610 1853 1636 esse.
1901 1599 2033 1637 Generi
2063 1605 2099 1636 et
2127 1611 2239 1637 nurus
2265 1602 2421 1647 appella-

1333 1646 1431 1682 tione
1463 1655 1617 1691 sponsus
1651 1655 1793 1691 quoque
1832 1649 1869 1681 et
1903 1655 2038 1691 sponsa
2077 1646 2298 1683 continetur:
2337 1647 2421 1683 item

1335 1691 1430 1728 socri
1462 1696 1498 1727 et
1527 1701 1652 1727 socrus
1689 1690 1929 1736 appellatione
1965 1702 2179 1737 sponsorum
2214 1696 2381 1738 parentes
2391 1694 2422 1714 ²³

1336 1736 1511 1773 contineri
1533 1735 1710 1772 videntur.

1381 1780 1406 1819 7
1439 1781 1643 1817 SGAEVOLA
1679 1781 1770 1817 libro
1806 1785 1937 1828 quarto
1972 1781 2181 1828 reqularum
2235 1782 2421 1828 Privignus

1336 1827 1443 1863 etiam
1470 1827 1502 1863 is
1534 1829 1607 1870 001,
1641 1827 1703 1880 qui
1732 1826 1836 1872 volgo
1869 1830 2066 1873 conceptus
2096 1837 2140 1862 ex
2170 1837 2214 1863 ea
2236 1831 2343 1863 natus
2368 1833 2423 1864 est

1336 1883 1427 1919 quae
1451 1876 1586 1954 postea
1615 1871 1701 1907 mhi
1730 1872 1872 1925 nupsit²
1902 1882 2016 1918 aeque
2045 1875 2081 1908 et
2107 1872 2139 1908 is
2171 1873 2250 1919 qni,
2282 1883 2363 1909 cum
2385 1874 2422 1908 in

1337 1929 1452 1954 concu
1477 1917 1579 1953 inatu
1603 1921 1681 1953 erat
1701 1920 1818 1953 mater
1841 1927 1936 1961 ems,
1967 1921 2073 1953 natus
2098 1927 2142 1953 ex
2166 1928 2209 1953 ea
2232 1921 2288 1954 est
2310 1928 2422 1965 eaque

1334 1967 1462 2010 postea
1486 1963 1547 1998 alii
1569 1966 1684 2008 nupta
1706 1963 1765 1998 sit.

1382 2005 1407 2047 8
1431 2007 1662 2044 Pom’omvs
1682 2008 1773 2043 libro
1782 2008 1905 2055 primo
1922 2006 2115 2044 enchiridii
2158 2007 2302 2044 Servius
2325 2013 2422 2044 recte

1336 2054 1480 2090 dicebat
1509 2053 1605 2089 socri
1633 2056 1669 2089 et
1699 2063 1826 2089 socrus
1857 2056 1892 2088 et
1919 2053 2040 2098 generi
2068 2056 2105 2089 et
2126 2064 2238 2090 nurus
2263 2054 2420 2100 appella-

1335 2100 1470 2135 tionem
1492 2098 1601 2134 etiam
1624 2108 1670 2134 ex
1692 2098 1921 2144 sponsalibus
1944 2098 2096 2144 adquiri.
2358 2091 2371 2101 “

1382 2142 1407 2183 9
1438 2143 1495 2180 ΡΑ
1503 2153 1598 2179 vsvs
1626 2143 1717 2179 libro
1750 2148 1881 2189 quarto
1916 2145 2173 2180 sententiarum
2225 2146 2422 2189 Στέμματα

1337 2189 1589 2235 cognationum
1613 2188 1748 2225 directo
1772 2188 1882 2224 limite
1904 2189 1942 2224 in
1958 2188 2048 2225 duas
2065 2189 2179 2225 lineas
2197 2193 2420 2235 separantur,

1336 2246 1487 2281 quarum
1511 2235 1626 2270 altera
1649 2234 1824 2279 superior,
1848 2234 1964 2269 altera
1985 2234 2151 2270 inferior:
2177 2244 2222 2270 ex
2241 2235 2421 2280 superiore

1336 2285 1456 2317 autem
1479 2283 1518 2315 et
1540 2279 1698 2315 secundo
1721 2278 1835 2324 gradu
1862 2283 2089 2316 transversae
2116 2279 2232 2315 lineae
2254 2280 2420 2326 pendent,

1336 2336 1425 2371 quas
1450 2335 1572 2360 omnes
1596 2324 1723 2360 latiore
1746 2328 1903 2360 tractatu
1925 2325 2050 2361 habito
2080 2325 2118 2360 in
2147 2324 2278 2360 librum
2302 2325 2421 2371 singu-

1335 2371 1446 2407 larem
1472 2370 1692 2406 conteximus
1701 2370 1744 2405 ²⁴.

1385 2415 1436 2454 10
1460 2415 1567 2451 Ins-u
1586 2415 1677 2451 libro
1700 2414 1883 2462 sinqulari
1914 2413 1958 2449 de
1985 2413 2161 2460 qradibus
2183 2421 2219 2450 ec
2241 2415 2421 2462 adfinibus

1335 2465 1371 2498 et
1408 2460 1614 2497 nominibus
1651 2470 1774 2495 eorum
1832 2459 1927 2495 Iuris
1966 2459 2151 2496 consultus
2189 2470 2233 2496 co
2303 2465 2421 2497 torum

1378 2506 1467 2542 adus
1491 2509 1528 2541 et
1536 2506 1567 2527 ²⁵
1590 2505 1762 2541 adfinium
1783 2515 1890 2541 nosse
1913 2503 2031 2547 debet,
2056 2503 2141 2549 quia
2162 2504 2232 2551 legi
2257 2516 2301 2542 us
2319 2505 2420 2542 here-

1362 2552 1468 2588 'tates
1498 2555 1535 2587 et
1563 2550 1697 2586 tutelae
1728 2549 1774 2586 ad
1827 2550 2003 2586 roximum
2031 2560 2206 2596 quemque
2229 2550 2420 2596 adgnatum

1336 2597 1453 2633 redire
1489 2599 1727 2632 consuerunt:
1765 2606 1804 2632 se
1865 2598 1902 2631 et
1934 2594 2051 2631 edicto
2082 2599 2229 2640 praetor
2259 2596 2419 2642 proximo

1337 2642 1465 2687 cuique
1494 2645 1655 2694 cognato·
1677 2641 1741 2676 dat
1770 2641 1946 2677 bonorum
1967 2640 2245 2685 possessionem:
2303 2646 2419 2678 taete-

1335 2698 1398 2724 rea
1433 2688 1511 2733 lege
1548 2686 1760 2723 iudiciorum
1797 2686 2022 2732 publicorum
2058 2690 2184 2721 contra
2218 2696 2240 2721 a
2317 2697 2355 2723 es
2385 2691 2421 2723 et

1337 2736 1508 2779 cognatos
1518 2733 1549 2754 2⁶
1578 2731 1820 2768 testimonium
1856 2730 1957 2766 inviti
1994 2729 2111 2766 dicere
2146 2741 2218 2767 non
2250 2742 2291 2767 co
2318 2731 2326 2739 ⁶
2365 2743 2418 2768 ur.

1339 2782 1354 2814 1
1404 2777 1544 2814 Nomen
1568 2776 1789 2822 cognationis
1807 2786 1830 2812 a
1850 2775 1991 2812 Graeca
2006 2785 2095 2812 voce
2112 2775 2246 2812 dictum
2263 2777 2296 2812 vi
2322 2781 2417 2813 etur:

1338 2837 1401 2871 συγ
1424 2827 1510 2859 avete
1533 2822 1626 2858 enim
1647 2822 1702 2857 illi
1722 2825 1870 2865 vocant,
1900 2831 1989 2867 quos
2012 2831 2079 2856 nos
2101 2826 2273 2866 cognatos
2296 2832 2342 2868 ap
2369 2822 2418 2858 el-

1337 2871 1357 2904 2
1418 2878 1532 2905 amus.
1580 2867 1731 2912 Cognati
1762 2871 1847 2902 sunt
1876 2870 1912 2902 et
1964 2876 2029 2902 uos
2052 2865 2226 2911 adgnatos
2250 2866 2307 2903 lex
2331 2834 2400 2903 (iiio

1337 2913 1452 2950 decim
1473 2912 1680 2949 tabularum
1703 2912 1878 2992 ⁸¹1PP⁸J¹⁸¹¹²⁹
1910 2922 1928 2947 s
1993 2910 2043 2964 ‘hi
2072 2915 2157 2947 sunt
2186 2922 2252 2957 per
2307 2916 2419 2948 atrem

1338 2958 1481 3004 cognati
1504 2968 1548 2993 ex
1572 2956 1695 2993 eadem
1734 2957 1853 2993 0101110
1862 2958 1910 2991 ²⁷:
1944 2967 2006 3002 qm
2034 2959 2153 2991 autem
2182 2967 2247 3002 per
2286 2957 2419 2993 eminas

1338 3008 1356 3039 3
1405 3004 1677 3048 coniunguntur,
1702 3002 1845 3055 cognati
1862 3005 2002 3037 tantum
2017 3001 2256 3037 nominantur.
2292 3002 2417 3038 Proxi-

1337 3053 1357 3085 4
1404 3049 1533 3085 miores
1557 3057 1601 3083 ex
1624 3048 1787 3092 adgnatis
1811 3047 1867 3083 sui
1891 3046 2067 3082 dicuntur,
2115 3046 2214 3082 Inter
2243 3046 2417 3093 adgnatos

1335 3094 1445 3140 igitur
1476 3097 1512 3129 et
1542 3097 1713 3138 cognatos
1744 3093 1815 3128 hoc
1843 3092 1994 3128 interest
2016 3090 2112 3136 quod
2133 3091 2226 3127 inter
2247 3102 2360 3138 genus
2383 3097 2418 3128 et

1336 3139 1508 3185 speciem:
1534 3147 1617 3174 0010
1640 3138 1701 3183 001
1724 3142 1781 3174 001
1802 3137 1987 3183 adgnatus,
2010 3140 2049 3173 et
2067 3141 2239 3182 cognatus
2256 3142 2321 3182 est,
2345 3148 2417 3174 non

1336 3185 1460 3230 utique
1495 3186 1615 3219 autem
1651 3183 1714 3237 qui
1750 3187 1922 3228 cognatus
1960 3184 2031 3223 est,
2070 3185 2106 3217 et
2137 3181 2313 3228 adgnatus
2345 3187 2414 3219 est:

1336 3229 1487 3266 alterum
1522 3228 1614 3264 enim
1650 3228 1770 3271 civile,
1805 3228 1957 3263 alterum
1990 3226 2154 3263 naturale
2188 3237 2316 3263 nomen
2350 3232 2413 3264 est.

1337 3278 1356 3310 5
1402 3273 1487 3310 Non
1508 3272 1689 3320 parcimus
1712 3273 1767 3308 his
1791 3271 2010 3314 nomiffibus,
2034 3271 2071 3307 id
2094 3275 2149 3308 est
2173 3282 2214 3308 co
2286 3276 2413 3314 torum,

1335 3319 1443 3357 etiam
1471 3318 1510 3354 in
1540 3318 1669 3355 servis:
1701 3318 1823 3363 itaque
1852 3320 2019 3364 parentes
2042 3320 2079 3352 01
2100 3316 2193 3353 filios
2271 3321 2415 3362 tresque

1334 3435 1394 3475 (16)
1419 3432 1521 3466 Iliad.
1535 3434 1568 3474 6,
1580 3438 1634 3466 344
1726 3432 1784 3472 (17)
1809 3440 2003 3474 οκρυοασης
2020 3430 2056 3463 F.
2081 3430 2118 3464 id
2132 3436 2198 3463 eet.-
2221 3429 2307 3463 levir
2324 3439 2416 3463 meus

1333 3477 1426 3511 canis
1437 3478 1556 3510 noxiae
1568 3480 1601 3510 et
1612 3475 1797 3509 horrendae
1853 3475 1914 3515 (18)
1938 3484 2031 3507 verso
2045 3474 2079 3507 F
2127 3477 2186 3514 (19)
2207 3474 2309 3508 Iliad.
2317 3477 2412 3516 6,:37s

1334 3524 1399 3566 (20)
1422 3522 1526 3565 τινες]
1539 3533 1588 3567 πῃ
1602 3522 1636 3556 ἐς
1649 3522 1728 3555 libri
1738 3520 1874 3554 Homeri
1975 3521 2034 3561 (21)
2059 3521 2095 3552 id
2104 3527 2170 3553 est.-
2193 3530 2237 3552 an
2248 3519 2362 3561 aliquo
2373 3519 2415 3551 ad

1335 3567 1450 3600 domus
1468 3566 1600 3609 glorum
1619 3565 1878 3607 ianitricumque
1896 3563 2090 3598 stolatarum
2199 3566 2259 3604 (22)
2285 3574 2367 3606 quos
2389 3564 2422 3597 F

1336 3616 1396 3652 (23)
1421 3622 1489 3645 non
1503 3613 1562 3646 ins.
1578 3609 1628 3645 Pb
1698 3610 1761 3653 (24)
1796 3609 2026 3643 contexuimus
2037 3609 2118 3643 Hal.
2204 3610 2266 3650 (25)
2291 3608 2414 3641 adfines

1335 3660 1367 3690 ct
1386 3657 1522 3690 nomina
1542 3658 1759 3699 cognatorum
1777 3657 1810 3687 et
1829 3656 1888 3688 ins.
2019 3654 2084 3695 (20)
2108 3654 2156 3687 nie.-
2171 3666 2233 3687 σεο.
2258 3653 2412 3694 Graecos,

1335 3705 1471 3745 agnatos
1483 3701 1516 3734 F
1606 3704 1666 3740 (27)
1693 3698 1826 3733 ramalia
1838 3700 1871 3732 F

2515 3681 2516 3684 Α
2516 3526 2528 3630 cam—fi.
2518 3445 2528 3524 *tte-mx
2511 3402 2513 3407 ⁵
2517 3367 2520 3368 ¹
