<?xml version="1.0" encoding="UTF-8"?>
<!DOCTYPE html PUBLIC "-//W3C//DTD XHTML 1.0 Transitional//EN"
    "http://www.w3.org/TR/xhtml1/DTD/xhtml1-transitional.dtd">
<html xmlns="http://www.w3.org/1999/xhtml" xml:lang="en" lang="en">
 <head>
  <title>
</title>
<meta http-equiv="Content-Type" content="text/html;charset=utf-8" />
  <meta name='ocr-system' content='tesseract 3.04.00' />
  <meta name='ocr-capabilities' content='ocr_page ocr_carea ocr_par ocr_line ocrx_word'/>
</head>
<body>
  <div class='ocr_page' id='page_1' title='image "./corpusjuriscivil01krueuoft_0850.png"; bbox 0 0 2528 3918; ppageno 0'>
   <div class='ocr_carea' id='block_1_1' title="bbox 155 114 483 156">
    <p class='ocr_par' dir='ltr' id='par_1_1' title="bbox 155 114 483 156">
     <span class='ocr_line' id='line_1_1' title="bbox 155 114 483 156; baseline -0.003 0"><span class='ocrx_word' id='word_1_1' title='bbox 155 114 364 156; x_wconf 88' lang='lat' dir='ltr'>XXXXV</span> <span class='ocrx_word' id='word_1_2' title='bbox 399 117 433 156; x_wconf 88' lang='lat' dir='ltr'><strong>l.</strong></span> <span class='ocrx_word' id='word_1_3' title='bbox 457 116 483 155; x_wconf 86' lang='lat'><strong>2</strong></span> 
     </span>
    </p>
   </div>
   <div class='ocr_carea' id='block_1_2' title="bbox 153 235 1248 3578">
    <p class='ocr_par' dir='ltr' id='par_1_2' title="bbox 153 235 1247 2273">
     <span class='ocr_line' id='line_1_2' title="bbox 155 235 1247 281; baseline -0.001 -8"><span class='ocrx_word' id='word_1_4' title='bbox 155 242 309 281; x_wconf 88' lang='lat' dir='ltr'><strong>actoque</strong></span> <span class='ocrx_word' id='word_1_5' title='bbox 332 240 508 280; x_wconf 89' lang='lat' dir='ltr'><strong>tempore,</strong></span> <span class='ocrx_word' id='word_1_6' title='bbox 564 245 609 271; x_wconf 93' lang='lat' dir='ltr'><strong>uo</strong></span> <span class='ocrx_word' id='word_1_7' title='bbox 633 235 786 271; x_wconf 85' lang='lat' dir='ltr'><strong>insulam</strong></span> <span class='ocrx_word' id='word_1_8' title='bbox 809 246 1054 272; x_wconf 85' lang='lat' dir='ltr'><strong>consummare</strong></span> <span class='ocrx_word' id='word_1_9' title='bbox 1077 239 1247 281; x_wconf 85' lang='lat' dir='ltr'><strong>oportue-</strong></span> 
     </span>
     <span class='ocr_line' id='line_1_3' title="bbox 156 246 1246 327; baseline -0.002 -8"><span class='ocrx_word' id='word_1_10' title='bbox 156 283 221 324; x_wconf 92' lang='lat' dir='ltr'><strong>rit,</strong></span> <span class='ocrx_word' id='word_1_11' title='bbox 253 281 286 317; x_wconf 91' lang='lat' dir='ltr'><strong>si</strong></span> <span class='ocrx_word' id='word_1_12' title='bbox 307 285 435 327; x_wconf 88' lang='lat' dir='ltr'><strong>postea</strong></span> <span class='ocrx_word' id='word_1_13' title='bbox 458 246 683 323; x_wconf 47' lang='lat' dir='ltr'><strong>aedificetur,</strong></span> <span class='ocrx_word' id='word_1_14' title='bbox 714 280 887 317; x_wconf 82' lang='lat' dir='ltr'>liberetur</span> <span class='ocrx_word' id='word_1_15' title='bbox 909 291 993 316; x_wconf 88' lang='lat' dir='ltr'><strong>reus</strong></span> <span class='ocrx_word' id='word_1_16' title='bbox 1042 280 1136 317; x_wconf 91' lang='lat' dir='ltr'><strong>sicut</strong></span> <span class='ocrx_word' id='word_1_17' title='bbox 1158 280 1246 317; x_wconf 88' lang='lat' dir='ltr'><strong>libe-</strong></span> 
     </span>
     <span class='ocr_line' id='line_1_4' title="bbox 156 307 1244 371; baseline -0.001 -9"><span class='ocrx_word' id='word_1_18' title='bbox 156 332 267 370; x_wconf 88' lang='lat' dir='ltr'><strong>ratur,</strong></span> <span class='ocrx_word' id='word_1_19' title='bbox 317 327 351 362; x_wconf 88' lang='lat' dir='ltr'><strong>ui</strong></span> <span class='ocrx_word' id='word_1_20' title='bbox 371 337 410 362; x_wconf 89' lang='lat' dir='ltr'><strong>se</strong></span> <span class='ocrx_word' id='word_1_21' title='bbox 423 325 592 361; x_wconf 84' lang='lat' dir='ltr'><strong>daturum</strong></span> <span class='ocrx_word' id='word_1_22' title='bbox 613 325 817 371; x_wconf 82' lang='lat' dir='ltr'><strong>spopondit,</strong></span> <span class='ocrx_word' id='word_1_23' title='bbox 842 326 873 362; x_wconf 90' lang='lat' dir='ltr'><strong>si</strong></span> <span class='ocrx_word' id='word_1_24' title='bbox 892 307 1106 371; x_wconf 69' lang='lat' dir='ltr'><strong>quandoque</strong></span> <span class='ocrx_word' id='word_1_25' title='bbox 1123 325 1244 362; x_wconf 88' lang='lat' dir='ltr'><strong>tradit.</strong></span> 
     </span>
     <span class='ocr_line' id='line_1_5' title="bbox 157 370 1246 417; baseline -0.001 -10"><span class='ocrx_word' id='word_1_26' title='bbox 157 377 175 407; x_wconf 76' lang='lat'>4</span> <span class='ocrx_word' id='word_1_27' title='bbox 223 371 293 407; x_wconf 91' lang='lat' dir='ltr'><strong>Illu</strong></span> <span class='ocrx_word' id='word_1_28' title='bbox 342 370 603 417; x_wconf 89' lang='lat' dir='ltr'><strong>inspiciendum</strong></span> <span class='ocrx_word' id='word_1_29' title='bbox 625 375 700 414; x_wconf 91' lang='lat' dir='ltr'><strong>est,</strong></span> <span class='ocrx_word' id='word_1_30' title='bbox 730 381 778 407; x_wconf 89' lang='lat' dir='ltr'><strong>an</strong></span> <span class='ocrx_word' id='word_1_31' title='bbox 801 371 862 417; x_wconf 84' lang='lat' dir='ltr'><strong>qui</strong></span> <span class='ocrx_word' id='word_1_32' title='bbox 894 375 1037 407; x_wconf 88' lang='lat' dir='ltr'><strong>centum</strong></span> <span class='ocrx_word' id='word_1_33' title='bbox 1061 370 1138 406; x_wconf 88' lang='lat' dir='ltr'><strong>dari</strong></span> <span class='ocrx_word' id='word_1_34' title='bbox 1162 381 1246 416; x_wconf 92' lang='lat' dir='ltr'><strong>pro-</strong></span> 
     </span>
     <span class='ocr_line' id='line_1_6' title="bbox 156 416 1245 461; baseline -0.001 -9"><span class='ocrx_word' id='word_1_35' title='bbox 156 417 252 453; x_wconf 83' lang='lat' dir='ltr'><strong>misit</strong></span> <span class='ocrx_word' id='word_1_36' title='bbox 282 416 471 452; x_wconf 76' lang='lat' dir='ltr'><strong>confestim</strong></span> <span class='ocrx_word' id='word_1_37' title='bbox 507 419 674 452; x_wconf 76' lang='lat' dir='ltr'><strong>teneatur</strong></span> <span class='ocrx_word' id='word_1_38' title='bbox 711 426 759 452; x_wconf 79' lang='lat' dir='ltr'><strong>an</strong></span> <span class='ocrx_word' id='word_1_39' title='bbox 791 427 873 452; x_wconf 90' lang='lat' dir='ltr'><strong>vero</strong></span> <span class='ocrx_word' id='word_1_40' title='bbox 913 420 1029 452; x_wconf 81' lang='lat' dir='ltr'><strong>cesset</strong></span> <span class='ocrx_word' id='word_1_41' title='bbox 1064 416 1245 461; x_wconf 81' lang='lat' dir='ltr'><strong>obligatio,</strong></span> 
     </span>
     <span class='ocr_line' id='line_1_7' title="bbox 156 460 1247 507; baseline -0.001 -9"><span class='ocrx_word' id='word_1_42' title='bbox 156 463 270 498; x_wconf 90' lang='lat' dir='ltr'><strong>donec</strong></span> <span class='ocrx_word' id='word_1_43' title='bbox 332 461 496 497; x_wconf 88' lang='lat' dir='ltr'><strong>ecuniam</strong></span> <span class='ocrx_word' id='word_1_44' title='bbox 533 460 697 498; x_wconf 86' lang='lat' dir='ltr'><strong>conferre</strong></span> <span class='ocrx_word' id='word_1_45' title='bbox 710 463 720 483; x_wconf 88' lang='lat'><strong>¹</strong></span> <span class='ocrx_word' id='word_1_46' title='bbox 761 462 886 507; x_wconf 85' lang='lat' dir='ltr'><strong>possit.</strong></span> <span class='ocrx_word' id='word_1_47' title='bbox 942 460 1027 506; x_wconf 91' lang='lat' dir='ltr'><strong>quid</strong></span> <span class='ocrx_word' id='word_1_48' title='bbox 1068 471 1171 506; x_wconf 86' lang='lat' dir='ltr'><strong>ergo,</strong></span> <span class='ocrx_word' id='word_1_49' title='bbox 1216 461 1247 497; x_wconf 85' lang='lat' dir='ltr'><strong>si</strong></span> 
     </span>
     <span class='ocr_line' id='line_1_8' title="bbox 155 506 1247 553; baseline -0.001 -10"><span class='ocrx_word' id='word_1_50' title='bbox 155 517 271 553; x_wconf 89' lang='lat' dir='ltr'><strong>neque</strong></span> <span class='ocrx_word' id='word_1_51' title='bbox 333 506 405 542; x_wconf 91' lang='lat' dir='ltr'><strong>omi</strong></span> <span class='ocrx_word' id='word_1_52' title='bbox 434 506 544 542; x_wconf 88' lang='lat' dir='ltr'><strong>habet</strong></span> <span class='ocrx_word' id='word_1_53' title='bbox 574 516 620 543; x_wconf 87' lang='lat' dir='ltr'><strong>ne</strong></span> <span class='ocrx_word' id='word_1_54' title='bbox 645 517 690 543; x_wconf 92' lang='lat' dir='ltr'><strong>ue</strong></span> <span class='ocrx_word' id='word_1_55' title='bbox 720 506 877 543; x_wconf 87' lang='lat' dir='ltr'><strong>inveniat</strong></span> <span class='ocrx_word' id='word_1_56' title='bbox 908 506 1147 542; x_wconf 80' lang='lat' dir='ltr'><strong>creditorem?</strong></span> <span class='ocrx_word' id='word_1_57' title='bbox 1183 506 1247 542; x_wconf 91' lang='lat' dir='ltr'><strong>sed</strong></span> 
     </span>
     <span class='ocr_line' id='line_1_9' title="bbox 155 551 1247 598; baseline -0.003 -9"><span class='ocrx_word' id='word_1_58' title='bbox 155 553 245 589; x_wconf 87' lang='lat' dir='ltr'><strong>haec</strong></span> <span class='ocrx_word' id='word_1_59' title='bbox 268 552 443 589; x_wconf 88' lang='lat' dir='ltr'><strong>recedunt</strong></span> <span class='ocrx_word' id='word_1_60' title='bbox 465 552 511 587; x_wconf 92' lang='lat' dir='ltr'><strong>ab</strong></span> <span class='ocrx_word' id='word_1_61' title='bbox 535 551 628 598; x_wconf 85' lang='lat' dir='ltr'><strong>impe</strong></span> <span class='ocrx_word' id='word_1_62' title='bbox 656 551 665 560; x_wconf 83' lang='lat'><em>⁰</em></span> <span class='ocrx_word' id='word_1_63' title='bbox 703 556 786 588; x_wconf 90' lang='lat' dir='ltr'><strong>ento</strong></span> <span class='ocrx_word' id='word_1_64' title='bbox 810 551 968 587; x_wconf 91' lang='lat' dir='ltr'><strong>naturali</strong></span> <span class='ocrx_word' id='word_1_65' title='bbox 991 555 1027 587; x_wconf 91' lang='lat' dir='ltr'><strong>et</strong></span> <span class='ocrx_word' id='word_1_66' title='bbox 1049 551 1247 597; x_wconf 86' lang='lat' dir='ltr'><strong>respiciunt</strong></span> 
     </span>
     <span class='ocr_line' id='line_1_10' title="bbox 155 596 1247 643; baseline -0.002 -9"><span class='ocrx_word' id='word_1_67' title='bbox 155 598 203 634; x_wconf 92' lang='lat' dir='ltr'><strong>ad</strong></span> <span class='ocrx_word' id='word_1_68' title='bbox 230 597 440 633; x_wconf 78' lang='lat' dir='ltr'><strong>facultatem</strong></span> <span class='ocrx_word' id='word_1_69' title='bbox 472 596 593 633; x_wconf 88' lang='lat' dir='ltr'><strong>dandi.</strong></span> <span class='ocrx_word' id='word_1_70' title='bbox 642 601 697 634; x_wconf 88' lang='lat' dir='ltr'><strong>est</strong></span> <span class='ocrx_word' id='word_1_71' title='bbox 726 602 847 633; x_wconf 88' lang='lat' dir='ltr'><strong>autem</strong></span> <span class='ocrx_word' id='word_1_72' title='bbox 877 596 1033 632; x_wconf 79' lang='lat' dir='ltr'><strong>facultas</strong></span> <span class='ocrx_word' id='word_1_73' title='bbox 1071 607 1247 643; x_wconf 86' lang='lat' dir='ltr'><strong>personae</strong></span> 
     </span>
     <span class='ocr_line' id='line_1_11' title="bbox 156 642 1245 694; baseline -0.001 -15"><span class='ocrx_word' id='word_1_74' title='bbox 156 642 382 679; x_wconf 89' lang='lat' dir='ltr'><strong>commodum</strong></span> <span class='ocrx_word' id='word_1_75' title='bbox 411 642 761 689; x_wconf 87' lang='lat' dir='ltr'><strong>incommodumque,</strong></span> <span class='ocrx_word' id='word_1_76' title='bbox 796 652 869 678; x_wconf 92' lang='lat' dir='ltr'><strong>non</strong></span> <span class='ocrx_word' id='word_1_77' title='bbox 892 652 1012 677; x_wconf 90' lang='lat' dir='ltr'><strong>rerum</strong></span> <span class='ocrx_word' id='word_1_78' title='bbox 1041 652 1134 694; x_wconf 84' lang='lat' dir='ltr'><strong>quae</strong></span> <span class='ocrx_word' id='word_1_79' title='bbox 1161 652 1245 687; x_wconf 88' lang='lat' dir='ltr'><strong>pro—</strong></span> 
     </span>
     <span class='ocr_line' id='line_1_12' title="bbox 155 686 1245 768; baseline -0.002 -44"><span class='ocrx_word' id='word_1_80' title='bbox 155 689 355 724; x_wconf 88' lang='lat' dir='ltr'><strong>mittuntur.</strong></span> <span class='ocrx_word' id='word_1_81' title='bbox 398 692 435 723; x_wconf 88' lang='lat' dir='ltr'><strong>et</strong></span> <span class='ocrx_word' id='word_1_82' title='bbox 458 687 617 733; x_wconf 86' lang='lat' dir='ltr'><strong>alioquin</strong></span> <span class='ocrx_word' id='word_1_83' title='bbox 641 688 672 724; x_wconf 90' lang='lat' dir='ltr'><strong>si</strong></span> <span class='ocrx_word' id='word_1_84' title='bbox 696 688 774 768; x_wconf 58' lang='lat' dir='ltr'><strong>(giis</strong></span> <span class='ocrx_word' id='word_1_85' title='bbox 799 687 961 723; x_wconf 86' lang='lat' dir='ltr'><strong>Stichum</strong></span> <span class='ocrx_word' id='word_1_86' title='bbox 986 686 1064 722; x_wconf 87' lang='lat' dir='ltr'><strong>dari</strong></span> <span class='ocrx_word' id='word_1_87' title='bbox 1088 698 1245 733; x_wconf 90' lang='lat' dir='ltr'><strong>spopon-</strong></span> 
     </span>
     <span class='ocr_line' id='line_1_13' title="bbox 155 732 1245 778; baseline -0.002 -8"><span class='ocrx_word' id='word_1_88' title='bbox 155 734 256 778; x_wconf 80' lang='lat' dir='ltr'><strong>derit,</strong></span> <span class='ocrx_word' id='word_1_89' title='bbox 305 743 511 776; x_wconf 87' lang='lat' dir='ltr'><strong>uaeremus‚</strong></span> <span class='ocrx_word' id='word_1_90' title='bbox 536 733 598 769; x_wconf 90' lang='lat' dir='ltr'><strong>ubi</strong></span> <span class='ocrx_word' id='word_1_91' title='bbox 629 733 676 768; x_wconf 86' lang='lat' dir='ltr'><strong>sit</strong></span> <span class='ocrx_word' id='word_1_92' title='bbox 725 733 861 768; x_wconf 84' lang='lat' dir='ltr'><strong>tichus:</strong></span> <span class='ocrx_word' id='word_1_93' title='bbox 895 737 959 767; x_wconf 89' lang='lat' dir='ltr'><strong>aut</strong></span> <span class='ocrx_word' id='word_1_94' title='bbox 981 732 1038 768; x_wconf 81' lang='lat' dir='ltr'><strong>si2</strong></span> <span class='ocrx_word' id='word_1_95' title='bbox 1059 742 1133 768; x_wconf 91' lang='lat' dir='ltr'><strong>non</strong></span> <span class='ocrx_word' id='word_1_96' title='bbox 1156 732 1245 768; x_wconf 93' lang='lat' dir='ltr'><strong>mul-</strong></span> 
     </span>
     <span class='ocr_line' id='line_1_14' title="bbox 155 777 1247 823; baseline -0.001 -8"><span class='ocrx_word' id='word_1_97' title='bbox 155 785 232 815; x_wconf 89' lang='lat' dir='ltr'><strong>tum</strong></span> <span class='ocrx_word' id='word_1_98' title='bbox 255 789 294 815; x_wconf 89' lang='lat' dir='ltr'><strong>re</strong></span> <span class='ocrx_word' id='word_1_99' title='bbox 311 788 391 814; x_wconf 90' lang='lat' dir='ltr'><strong>erre</strong></span> <span class='ocrx_word' id='word_1_100' title='bbox 416 778 577 814; x_wconf 85' lang='lat' dir='ltr'><strong>videatur</strong></span> <span class='ocrx_word' id='word_1_101' title='bbox 600 778 748 823; x_wconf 81' lang='lat' dir='ltr'><strong>‘Ephesi</strong></span> <span class='ocrx_word' id='word_1_102' title='bbox 772 777 940 813; x_wconf 88' lang='lat' dir='ltr'><strong>daturum</strong></span> <span class='ocrx_word' id='word_1_103' title='bbox 963 777 1024 821; x_wconf 86' lang='lat' dir='ltr'><strong>se’,</strong></span> <span class='ocrx_word' id='word_1_104' title='bbox 1049 788 1114 820; x_wconf 83' lang='lat' dir='ltr'><strong>an,</strong></span> <span class='ocrx_word' id='word_1_105' title='bbox 1152 777 1247 823; x_wconf 91' lang='lat' dir='ltr'><strong>quod</strong></span> 
     </span>
     <span class='ocr_line' id='line_1_15' title="bbox 155 822 1246 871; baseline -0.001 -12"><span class='ocrx_word' id='word_1_106' title='bbox 155 823 292 871; x_wconf 87' lang='lat' dir='ltr'><strong>Ephesi</strong></span> <span class='ocrx_word' id='word_1_107' title='bbox 315 823 372 866; x_wconf 89' lang='lat' dir='ltr'><strong>sit,</strong></span> <span class='ocrx_word' id='word_1_108' title='bbox 397 833 479 859; x_wconf 91' lang='lat' dir='ltr'><strong>cum</strong></span> <span class='ocrx_word' id='word_1_109' title='bbox 501 823 579 869; x_wconf 89' lang='lat' dir='ltr'><strong>ipse</strong></span> <span class='ocrx_word' id='word_1_110' title='bbox 592 823 727 859; x_wconf 89' lang='lat' dir='ltr'><strong>Romae</strong></span> <span class='ocrx_word' id='word_1_111' title='bbox 751 823 807 865; x_wconf 89' lang='lat' dir='ltr'><strong>sit,</strong></span> <span class='ocrx_word' id='word_1_112' title='bbox 834 822 920 859; x_wconf 92' lang='lat' dir='ltr'><strong>dare</strong></span> <span class='ocrx_word' id='word_1_113' title='bbox 943 822 1137 868; x_wconf 81' lang='lat' dir='ltr'><strong>spondeat:</strong></span> <span class='ocrx_word' id='word_1_114' title='bbox 1163 834 1246 858; x_wconf 91' lang='lat' dir='ltr'><strong>nam</strong></span> 
     </span>
     <span class='ocr_line' id='line_1_16' title="bbox 154 868 1247 915; baseline -0.002 -10"><span class='ocrx_word' id='word_1_115' title='bbox 154 872 225 905; x_wconf 88' lang='lat' dir='ltr'><strong>hoc</strong></span> <span class='ocrx_word' id='word_1_116' title='bbox 255 879 396 915; x_wconf 90' lang='lat' dir='ltr'><strong>quoque</strong></span> <span class='ocrx_word' id='word_1_117' title='bbox 427 868 473 904; x_wconf 89' lang='lat' dir='ltr'><strong>ad</strong></span> <span class='ocrx_word' id='word_1_118' title='bbox 497 868 706 904; x_wconf 82' lang='lat' dir='ltr'><strong>facultatem</strong></span> <span class='ocrx_word' id='word_1_119' title='bbox 730 868 839 903; x_wconf 90' lang='lat' dir='ltr'><strong>dandi</strong></span> <span class='ocrx_word' id='word_1_120' title='bbox 862 868 1035 913; x_wconf 87' lang='lat' dir='ltr'><strong>pertinet,</strong></span> <span class='ocrx_word' id='word_1_121' title='bbox 1072 868 1179 913; x_wconf 79' lang='lat' dir='ltr'><strong>quia³</strong></span> <span class='ocrx_word' id='word_1_122' title='bbox 1208 868 1247 903; x_wconf 88' lang='lat' dir='ltr'><strong>in</strong></span> 
     </span>
     <span class='ocr_line' id='line_1_17' title="bbox 155 913 1245 962; baseline -0.001 -12"><span class='ocrx_word' id='word_1_123' title='bbox 155 915 309 962; x_wconf 90' lang='lat' dir='ltr'><strong>pecunia</strong></span> <span class='ocrx_word' id='word_1_124' title='bbox 338 919 382 951; x_wconf 78' lang='lat' dir='ltr'><strong>et·</strong></span> <span class='ocrx_word' id='word_1_125' title='bbox 402 913 440 949; x_wconf 87' lang='lat' dir='ltr'><strong>in</strong></span> <span class='ocrx_word' id='word_1_126' title='bbox 470 913 592 949; x_wconf 85' lang='lat' dir='ltr'><strong>Sticho</strong></span> <span class='ocrx_word' id='word_1_127' title='bbox 623 913 711 948; x_wconf 91' lang='lat' dir='ltr'><strong>illud</strong></span> <span class='ocrx_word' id='word_1_128' title='bbox 736 924 922 949; x_wconf 91' lang='lat' dir='ltr'><strong>commune</strong></span> <span class='ocrx_word' id='word_1_129' title='bbox 945 917 1018 955; x_wconf 88' lang='lat' dir='ltr'><strong>est,</strong></span> <span class='ocrx_word' id='word_1_130' title='bbox 1043 913 1139 958; x_wconf 91' lang='lat' dir='ltr'><strong>quod</strong></span> <span class='ocrx_word' id='word_1_131' title='bbox 1162 924 1245 958; x_wconf 91' lang='lat' dir='ltr'><strong>pro-</strong></span> 
     </span>
     <span class='ocr_line' id='line_1_18' title="bbox 154 958 1247 1005; baseline -0.002 -9"><span class='ocrx_word' id='word_1_132' title='bbox 154 960 285 996; x_wconf 85' lang='lat' dir='ltr'><strong>missor</strong></span> <span class='ocrx_word' id='word_1_133' title='bbox 306 959 345 995; x_wconf 89' lang='lat' dir='ltr'><strong>in</strong></span> <span class='ocrx_word' id='word_1_134' title='bbox 368 959 574 1005; x_wconf 88' lang='lat' dir='ltr'><strong>praesentia</strong></span> <span class='ocrx_word' id='word_1_135' title='bbox 598 958 684 994; x_wconf 88' lang='lat' dir='ltr'><strong>dare</strong></span> <span class='ocrx_word' id='word_1_136' title='bbox 708 969 781 994; x_wconf 93' lang='lat' dir='ltr'><strong>non</strong></span> <span class='ocrx_word' id='word_1_137' title='bbox 831 963 935 995; x_wconf 87' lang='lat' dir='ltr'><strong>otest.</strong></span> <span class='ocrx_word' id='word_1_138' title='bbox 975 963 1011 994; x_wconf 89' lang='lat' dir='ltr'><strong>et</strong></span> <span class='ocrx_word' id='word_1_139' title='bbox 1033 959 1247 1004; x_wconf 84' lang='lat' dir='ltr'><strong>generaliter</strong></span> 
     </span>
     <span class='ocr_line' id='line_1_19' title="bbox 156 1003 1246 1057; baseline -0.001 -17"><span class='ocrx_word' id='word_1_140' title='bbox 156 1015 267 1041; x_wconf 88' lang='lat' dir='ltr'><strong>causa</strong></span> <span class='ocrx_word' id='word_1_141' title='bbox 290 1004 511 1040; x_wconf 89' lang='lat' dir='ltr'><strong>difficultatis</strong></span> <span class='ocrx_word' id='word_1_142' title='bbox 535 1004 582 1039; x_wconf 89' lang='lat' dir='ltr'><strong>ad</strong></span> <span class='ocrx_word' id='word_1_143' title='bbox 606 1003 782 1040; x_wconf 91' lang='lat' dir='ltr'><strong>incommo</strong></span> <span class='ocrx_word' id='word_1_144' title='bbox 809 1015 870 1039; x_wconf 93' lang='lat' dir='ltr'><strong>um</strong></span> <span class='ocrx_word' id='word_1_145' title='bbox 893 1004 1138 1057; x_wconf 81' lang='lat' dir='ltr'><strong>promissoris,</strong></span> <span class='ocrx_word' id='word_1_146' title='bbox 1173 1015 1246 1040; x_wconf 91' lang='lat' dir='ltr'><strong>non</strong></span> 
     </span>
     <span class='ocr_line' id='line_1_20' title="bbox 155 1049 1247 1095; baseline -0.002 -9"><span class='ocrx_word' id='word_1_147' title='bbox 155 1050 202 1086; x_wconf 91' lang='lat' dir='ltr'><strong>ad</strong></span> <span class='ocrx_word' id='word_1_148' title='bbox 235 1049 526 1095; x_wconf 87' lang='lat' dir='ltr'><strong>impedimentum</strong></span> <span class='ocrx_word' id='word_1_149' title='bbox 557 1049 779 1094; x_wconf 85' lang='lat' dir='ltr'><strong>stipulatoris</strong></span> <span class='ocrx_word' id='word_1_150' title='bbox 816 1053 989 1094; x_wconf 77' lang='lat' dir='ltr'><strong>pertinet,</strong></span> <span class='ocrx_word' id='word_1_151' title='bbox 1021 1060 1067 1084; x_wconf 92' lang='lat' dir='ltr'><strong>ne</strong></span> <span class='ocrx_word' id='word_1_152' title='bbox 1097 1049 1247 1095; x_wconf 86' lang='lat' dir='ltr'><strong>incipiat</strong></span> 
     </span>
     <span class='ocr_line' id='line_1_21' title="bbox 156 1094 1244 1141; baseline -0.002 -10"><span class='ocrx_word' id='word_1_153' title='bbox 156 1095 226 1131; x_wconf 92' lang='lat' dir='ltr'><strong>dici</strong></span> <span class='ocrx_word' id='word_1_154' title='bbox 256 1106 338 1132; x_wconf 89' lang='lat' dir='ltr'><strong>eum</strong></span> <span class='ocrx_word' id='word_1_155' title='bbox 369 1105 439 1141; x_wconf 90' lang='lat' dir='ltr'><strong>quo</strong></span> <span class='ocrx_word' id='word_1_156' title='bbox 466 1105 510 1130; x_wconf 93' lang='lat' dir='ltr'><strong>ue</strong></span> <span class='ocrx_word' id='word_1_157' title='bbox 540 1094 625 1129; x_wconf 90' lang='lat' dir='ltr'><strong>dare</strong></span> <span class='ocrx_word' id='word_1_158' title='bbox 648 1105 722 1130; x_wconf 93' lang='lat' dir='ltr'><strong>non</strong></span> <span class='ocrx_word' id='word_1_159' title='bbox 750 1105 876 1139; x_wconf 90' lang='lat' dir='ltr'><strong>posse,</strong></span> <span class='ocrx_word' id='word_1_160' title='bbox 932 1095 968 1130; x_wconf 91' lang='lat' dir='ltr'><strong>ui</strong></span> <span class='ocrx_word' id='word_1_161' title='bbox 991 1094 1147 1130; x_wconf 91' lang='lat' dir='ltr'><strong>alienum</strong></span> <span class='ocrx_word' id='word_1_162' title='bbox 1171 1105 1244 1131; x_wconf 91' lang='lat' dir='ltr'><strong>ser-</strong></span> 
     </span>
     <span class='ocr_line' id='line_1_22' title="bbox 156 1139 1245 1185; baseline -0.002 -8"><span class='ocrx_word' id='word_1_163' title='bbox 156 1152 256 1184; x_wconf 88' lang='lat' dir='ltr'><strong>vum,</strong></span> <span class='ocrx_word' id='word_1_164' title='bbox 292 1151 396 1185; x_wconf 91' lang='lat' dir='ltr'><strong>quem</strong></span> <span class='ocrx_word' id='word_1_165' title='bbox 459 1139 598 1176; x_wconf 90' lang='lat' dir='ltr'><strong>ominus</strong></span> <span class='ocrx_word' id='word_1_166' title='bbox 630 1150 701 1175; x_wconf 93' lang='lat' dir='ltr'><strong>non</strong></span> <span class='ocrx_word' id='word_1_167' title='bbox 733 1140 879 1182; x_wconf 90' lang='lat' dir='ltr'><strong>vendat,</strong></span> <span class='ocrx_word' id='word_1_168' title='bbox 938 1150 999 1176; x_wconf 88' lang='lat' dir='ltr'><strong>are</strong></span> <span class='ocrx_word' id='word_1_169' title='bbox 1030 1140 1245 1185; x_wconf 87' lang='lat' dir='ltr'><strong>promiserit.</strong></span> 
     </span>
     <span class='ocr_line' id='line_1_23' title="bbox 156 1184 1244 1238; baseline 0 -18"><span class='ocrx_word' id='word_1_170' title='bbox 156 1190 174 1220; x_wconf 89' lang='lat'>5</span> <span class='ocrx_word' id='word_1_171' title='bbox 223 1186 260 1222; x_wconf 85' lang='lat' dir='ltr'><strong>Si</strong></span> <span class='ocrx_word' id='word_1_172' title='bbox 291 1187 337 1221; x_wconf 89' lang='lat' dir='ltr'><strong>ab</strong></span> <span class='ocrx_word' id='word_1_173' title='bbox 370 1196 411 1221; x_wconf 89' lang='lat' dir='ltr'><strong>eo</strong></span> <span class='ocrx_word' id='word_1_174' title='bbox 435 1185 628 1238; x_wconf 86' lang='lat' dir='ltr'><strong>stipulatus</strong></span> <span class='ocrx_word' id='word_1_175' title='bbox 653 1185 738 1227; x_wconf 87' lang='lat' dir='ltr'><strong>sim,</strong></span> <span class='ocrx_word' id='word_1_176' title='bbox 771 1185 833 1230; x_wconf 90' lang='lat' dir='ltr'><strong>qui</strong></span> <span class='ocrx_word' id='word_1_177' title='bbox 856 1184 998 1221; x_wconf 89' lang='lat' dir='ltr'><strong>efficere</strong></span> <span class='ocrx_word' id='word_1_178' title='bbox 1022 1196 1096 1220; x_wconf 91' lang='lat' dir='ltr'><strong>non</strong></span> <span class='ocrx_word' id='word_1_179' title='bbox 1119 1185 1244 1231; x_wconf 88' lang='lat' dir='ltr'><strong>possit,</strong></span> 
     </span>
     <span class='ocr_line' id='line_1_24' title="bbox 156 1229 1245 1277; baseline -0.001 -11"><span class='ocrx_word' id='word_1_180' title='bbox 156 1242 236 1266; x_wconf 89' lang='lat' dir='ltr'><strong>cum</strong></span> <span class='ocrx_word' id='word_1_181' title='bbox 261 1231 330 1267; x_wconf 90' lang='lat' dir='ltr'><strong>alio</strong></span> <span class='ocrx_word' id='word_1_182' title='bbox 354 1230 527 1277; x_wconf 80' lang='lat' dir='ltr'><strong>possibile</strong></span> <span class='ocrx_word' id='word_1_183' title='bbox 550 1230 615 1272; x_wconf 84' lang='lat' dir='ltr'><strong>sit,</strong></span> <span class='ocrx_word' id='word_1_184' title='bbox 646 1230 723 1266; x_wconf 90' lang='lat' dir='ltr'><strong>iure</strong></span> <span class='ocrx_word' id='word_1_185' title='bbox 747 1229 882 1266; x_wconf 89' lang='lat' dir='ltr'><strong>factam</strong></span> <span class='ocrx_word' id='word_1_186' title='bbox 906 1231 1157 1275; x_wconf 85' lang='lat' dir='ltr'><strong>obligationem</strong></span> <span class='ocrx_word' id='word_1_187' title='bbox 1180 1231 1245 1265; x_wconf 87' lang='lat' dir='ltr'><strong>Sa-</strong></span> 
     </span>
     <span class='ocr_line' id='line_1_25' title="bbox 156 1275 1246 1320; baseline -0.001 -8"><span class='ocrx_word' id='word_1_188' title='bbox 156 1281 175 1312; x_wconf 82' lang='lat'><strong>6</strong></span> <span class='ocrx_word' id='word_1_189' title='bbox 223 1277 329 1312; x_wconf 90' lang='lat' dir='ltr'><strong>binus</strong></span> <span class='ocrx_word' id='word_1_190' title='bbox 366 1275 501 1311; x_wconf 89' lang='lat' dir='ltr'><strong>scribit.</strong></span> <span class='ocrx_word' id='word_1_191' title='bbox 566 1275 655 1310; x_wconf 87' lang='lat' dir='ltr'><strong>Cum</strong></span> <span class='ocrx_word' id='word_1_192' title='bbox 702 1275 780 1320; x_wconf 89' lang='lat' dir='ltr'><strong>quis</strong></span> <span class='ocrx_word' id='word_1_193' title='bbox 820 1276 887 1311; x_wconf 92' lang='lat' dir='ltr'><strong>sub</strong></span> <span class='ocrx_word' id='word_1_194' title='bbox 926 1275 995 1311; x_wconf 90' lang='lat' dir='ltr'><strong>hac</strong></span> <span class='ocrx_word' id='word_1_195' title='bbox 1036 1275 1246 1311; x_wconf 89' lang='lat' dir='ltr'><strong>condicione</strong></span> 
     </span>
     <span class='ocr_line' id='line_1_26' title="bbox 155 1320 1245 1367; baseline 0 -11"><span class='ocrx_word' id='word_1_196' title='bbox 155 1322 347 1367; x_wconf 90' lang='lat' dir='ltr'><strong>stipulatus</strong></span> <span class='ocrx_word' id='word_1_197' title='bbox 380 1321 443 1362; x_wconf 92' lang='lat' dir='ltr'><strong>sit,</strong></span> <span class='ocrx_word' id='word_1_198' title='bbox 476 1320 507 1356; x_wconf 93' lang='lat' dir='ltr'><strong>si</strong></span> <span class='ocrx_word' id='word_1_199' title='bbox 535 1331 610 1356; x_wconf 93' lang='lat' dir='ltr'><strong>rem</strong></span> <span class='ocrx_word' id='word_1_200' title='bbox 643 1331 783 1356; x_wconf 88' lang='lat' dir='ltr'><strong>sacram</strong></span> <span class='ocrx_word' id='word_1_201' title='bbox 806 1325 871 1356; x_wconf 88' lang='lat' dir='ltr'><strong>aut</strong></span> <span class='ocrx_word' id='word_1_202' title='bbox 902 1321 1105 1366; x_wconf 81' lang='lat' dir='ltr'><strong>religiosam</strong></span> <span class='ocrx_word' id='word_1_203' title='bbox 1129 1321 1245 1356; x_wconf 89' lang='lat' dir='ltr'><strong>Titius</strong></span> 
     </span>
     <span class='ocr_line' id='line_1_27' title="bbox 156 1365 1245 1409; baseline 0 -7"><span class='ocrx_word' id='word_1_204' title='bbox 156 1366 352 1402; x_wconf 88' lang='lat' dir='ltr'><strong>vendiderit</strong></span> <span class='ocrx_word' id='word_1_205' title='bbox 374 1367 430 1401; x_wconf 92' lang='lat' dir='ltr'><strong>vel</strong></span> <span class='ocrx_word' id='word_1_206' title='bbox 452 1365 571 1401; x_wconf 87' lang='lat' dir='ltr'><strong>forum</strong></span> <span class='ocrx_word' id='word_1_207' title='bbox 594 1372 658 1401; x_wconf 87' lang='lat' dir='ltr'><strong>aut</strong></span> <span class='ocrx_word' id='word_1_208' title='bbox 679 1365 864 1401; x_wconf 83' lang='lat' dir='ltr'><strong>basilicam</strong></span> <span class='ocrx_word' id='word_1_209' title='bbox 888 1370 925 1402; x_wconf 90' lang='lat' dir='ltr'><strong>et</strong></span> <span class='ocrx_word' id='word_1_210' title='bbox 948 1366 1152 1402; x_wconf 89' lang='lat' dir='ltr'><strong>huiusmodi</strong></span> <span class='ocrx_word' id='word_1_211' title='bbox 1175 1377 1245 1409; x_wconf 89' lang='lat' dir='ltr'><strong>res,</strong></span> 
     </span>
     <span class='ocr_line' id='line_1_28' title="bbox 155 1411 1247 1458; baseline -0.001 -10"><span class='ocrx_word' id='word_1_212' title='bbox 155 1423 246 1458; x_wconf 86' lang='lat' dir='ltr'><strong>quae</strong></span> <span class='ocrx_word' id='word_1_213' title='bbox 269 1411 422 1457; x_wconf 89' lang='lat' dir='ltr'><strong>publicis</strong></span> <span class='ocrx_word' id='word_1_214' title='bbox 446 1411 571 1446; x_wconf 90' lang='lat' dir='ltr'><strong>usibus</strong></span> <span class='ocrx_word' id='word_1_215' title='bbox 594 1411 632 1446; x_wconf 91' lang='lat' dir='ltr'><strong>in</strong></span> <span class='ocrx_word' id='word_1_216' title='bbox 655 1415 868 1456; x_wconf 90' lang='lat' dir='ltr'><strong>perpetuum</strong></span> <span class='ocrx_word' id='word_1_217' title='bbox 891 1411 1036 1447; x_wconf 86' lang='lat' dir='ltr'><strong>relictae</strong></span> <span class='ocrx_word' id='word_1_218' title='bbox 1060 1411 1151 1447; x_wconf 86' lang='lat' dir='ltr'><strong>sint:</strong></span> <span class='ocrx_word' id='word_1_219' title='bbox 1185 1411 1247 1447; x_wconf 91' lang='lat' dir='ltr'><strong>ubi</strong></span> 
     </span>
     <span class='ocr_line' id='line_1_29' title="bbox 155 1456 1247 1502; baseline 0 -10"><span class='ocrx_word' id='word_1_220' title='bbox 155 1458 296 1493; x_wconf 90' lang='lat' dir='ltr'><strong>omnino</strong></span> <span class='ocrx_word' id='word_1_221' title='bbox 318 1456 481 1492; x_wconf 92' lang='lat' dir='ltr'><strong>condicio</strong></span> <span class='ocrx_word' id='word_1_222' title='bbox 501 1456 579 1492; x_wconf 90' lang='lat' dir='ltr'><strong>iure</strong></span> <span class='ocrx_word' id='word_1_223' title='bbox 602 1456 740 1502; x_wconf 91' lang='lat' dir='ltr'><strong>impleri</strong></span> <span class='ocrx_word' id='word_1_224' title='bbox 763 1467 836 1492; x_wconf 92' lang='lat' dir='ltr'><strong>non</strong></span> <span class='ocrx_word' id='word_1_225' title='bbox 885 1460 979 1492; x_wconf 87' lang='lat' dir='ltr'><strong>otest</strong></span> <span class='ocrx_word' id='word_1_226' title='bbox 996 1456 1051 1492; x_wconf 92' lang='lat' dir='ltr'><strong>vel</strong></span> <span class='ocrx_word' id='word_1_227' title='bbox 1069 1456 1106 1492; x_wconf 94' lang='lat' dir='ltr'><strong>id</strong></span> <span class='ocrx_word' id='word_1_228' title='bbox 1125 1456 1247 1492; x_wconf 90' lang='lat' dir='ltr'><strong>facere</strong></span> 
     </span>
     <span class='ocr_line' id='line_1_30' title="bbox 155 1468 1244 1555; baseline -0.001 -17"><span class='ocrx_word' id='word_1_229' title='bbox 155 1504 186 1537; x_wconf 90' lang='lat' dir='ltr'><strong>ei</strong></span> <span class='ocrx_word' id='word_1_230' title='bbox 225 1513 296 1538; x_wconf 91' lang='lat' dir='ltr'><strong>non</strong></span> <span class='ocrx_word' id='word_1_231' title='bbox 326 1502 449 1545; x_wconf 89' lang='lat' dir='ltr'><strong>liceat,</strong></span> <span class='ocrx_word' id='word_1_232' title='bbox 488 1501 622 1538; x_wconf 90' lang='lat' dir='ltr'><strong>nullius</strong></span> <span class='ocrx_word' id='word_1_233' title='bbox 652 1503 822 1538; x_wconf 88' lang='lat' dir='ltr'><strong>momenti</strong></span> <span class='ocrx_word' id='word_1_234' title='bbox 857 1468 935 1537; x_wconf 49' lang='lat' dir='ltr'><strong>fore</strong></span> <span class='ocrx_word' id='word_1_235' title='bbox 967 1502 1244 1555; x_wconf 87' lang='lat' dir='ltr'><strong>stipulationem,</strong></span> 
     </span>
     <span class='ocr_line' id='line_1_31' title="bbox 156 1546 1244 1594; baseline -0.001 -11"><span class='ocrx_word' id='word_1_236' title='bbox 156 1547 306 1593; x_wconf 89' lang='lat' dir='ltr'><strong>proinde</strong></span> <span class='ocrx_word' id='word_1_237' title='bbox 329 1557 373 1583; x_wconf 88' lang='lat' dir='ltr'><strong>ac</strong></span> <span class='ocrx_word' id='word_1_238' title='bbox 396 1546 428 1583; x_wconf 91' lang='lat' dir='ltr'><strong>si</strong></span> <span class='ocrx_word' id='word_1_239' title='bbox 452 1557 496 1582; x_wconf 90' lang='lat' dir='ltr'><strong>ea</strong></span> <span class='ocrx_word' id='word_1_240' title='bbox 520 1547 699 1591; x_wconf 90' lang='lat' dir='ltr'><strong>condicio,</strong></span> <span class='ocrx_word' id='word_1_241' title='bbox 733 1557 825 1592; x_wconf 91' lang='lat' dir='ltr'><strong>quae</strong></span> <span class='ocrx_word' id='word_1_242' title='bbox 856 1551 986 1583; x_wconf 88' lang='lat' dir='ltr'><strong>natura</strong></span> <span class='ocrx_word' id='word_1_243' title='bbox 1016 1547 1244 1594; x_wconf 88' lang='lat' dir='ltr'><strong>impossibilis</strong></span> 
     </span>
     <span class='ocr_line' id='line_1_32' title="bbox 155 1592 1244 1638; baseline -0.001 -10"><span class='ocrx_word' id='word_1_244' title='bbox 155 1598 225 1635; x_wconf 89' lang='lat' dir='ltr'><strong>est,</strong></span> <span class='ocrx_word' id='word_1_245' title='bbox 256 1593 392 1628; x_wconf 87' lang='lat' dir='ltr'><strong>inserta</strong></span> <span class='ocrx_word' id='word_1_246' title='bbox 423 1596 528 1628; x_wconf 89' lang='lat' dir='ltr'><strong>esset.</strong></span> <span class='ocrx_word' id='word_1_247' title='bbox 578 1602 645 1628; x_wconf 91' lang='lat' dir='ltr'><strong>nec</strong></span> <span class='ocrx_word' id='word_1_248' title='bbox 675 1592 721 1627; x_wconf 92' lang='lat' dir='ltr'><strong>ad</strong></span> <span class='ocrx_word' id='word_1_249' title='bbox 749 1603 825 1628; x_wconf 90' lang='lat' dir='ltr'><strong>rem</strong></span> <span class='ocrx_word' id='word_1_250' title='bbox 855 1593 1026 1638; x_wconf 89' lang='lat' dir='ltr'><strong>pertinet,</strong></span> <span class='ocrx_word' id='word_1_251' title='bbox 1085 1592 1156 1628; x_wconf 94' lang='lat' dir='ltr'><strong>uod</strong></span> <span class='ocrx_word' id='word_1_252' title='bbox 1188 1593 1244 1628; x_wconf 88' lang='lat' dir='ltr'><strong>ius</strong></span> 
     </span>
     <span class='ocr_line' id='line_1_33' title="bbox 154 1637 1245 1683; baseline 0 -10"><span class='ocrx_word' id='word_1_253' title='bbox 154 1637 285 1674; x_wconf 89' lang='lat' dir='ltr'><strong>mutari</strong></span> <span class='ocrx_word' id='word_1_254' title='bbox 320 1641 441 1683; x_wconf 87' lang='lat' dir='ltr'><strong>potest</strong></span> <span class='ocrx_word' id='word_1_255' title='bbox 479 1642 516 1673; x_wconf 89' lang='lat' dir='ltr'><strong>et</strong></span> <span class='ocrx_word' id='word_1_256' title='bbox 555 1637 610 1679; x_wconf 90' lang='lat' dir='ltr'><strong>id,</strong></span> <span class='ocrx_word' id='word_1_257' title='bbox 655 1638 750 1683; x_wconf 93' lang='lat' dir='ltr'><strong>quod</strong></span> <span class='ocrx_word' id='word_1_258' title='bbox 789 1648 886 1673; x_wconf 93' lang='lat' dir='ltr'><strong>nunc</strong></span> <span class='ocrx_word' id='word_1_259' title='bbox 922 1637 1070 1683; x_wconf 90' lang='lat' dir='ltr'><strong>impossi</strong></span> <span class='ocrx_word' id='word_1_260' title='bbox 1096 1638 1142 1673; x_wconf 90' lang='lat' dir='ltr'><strong>ile</strong></span> <span class='ocrx_word' id='word_1_261' title='bbox 1179 1640 1245 1680; x_wconf 86' lang='lat' dir='ltr'><strong>est,</strong></span> 
     </span>
     <span class='ocr_line' id='line_1_34' title="bbox 156 1682 1246 1728; baseline -0.001 -9"><span class='ocrx_word' id='word_1_262' title='bbox 156 1688 281 1728; x_wconf 88' lang='lat' dir='ltr'><strong>postea</strong></span> <span class='ocrx_word' id='word_1_263' title='bbox 321 1683 493 1728; x_wconf 90' lang='lat' dir='ltr'><strong>possibile</strong></span> <span class='ocrx_word' id='word_1_264' title='bbox 533 1682 627 1719; x_wconf 87' lang='lat' dir='ltr'><strong>fieri:</strong></span> <span class='ocrx_word' id='word_1_265' title='bbox 667 1694 740 1718; x_wconf 90' lang='lat' dir='ltr'><strong>non</strong></span> <span class='ocrx_word' id='word_1_266' title='bbox 771 1683 865 1719; x_wconf 92' lang='lat' dir='ltr'><strong>enim</strong></span> <span class='ocrx_word' id='word_1_267' title='bbox 905 1683 1102 1718; x_wconf 90' lang='lat' dir='ltr'><strong>secundum</strong></span> <span class='ocrx_word' id='word_1_268' title='bbox 1133 1683 1246 1718; x_wconf 84' lang='lat' dir='ltr'><strong>futuri</strong></span> 
     </span>
     <span class='ocr_line' id='line_1_35' title="bbox 154 1727 1245 1773; baseline -0.001 -9"><span class='ocrx_word' id='word_1_269' title='bbox 154 1729 324 1773; x_wconf 88' lang='lat' dir='ltr'><strong>temporis</strong></span> <span class='ocrx_word' id='word_1_270' title='bbox 348 1729 421 1770; x_wconf 89' lang='lat' dir='ltr'><strong>ius,</strong></span> <span class='ocrx_word' id='word_1_271' title='bbox 446 1727 511 1764; x_wconf 89' lang='lat' dir='ltr'><strong>sed</strong></span> <span class='ocrx_word' id='word_1_272' title='bbox 534 1728 732 1764; x_wconf 89' lang='lat' dir='ltr'><strong>secundum</strong></span> <span class='ocrx_word' id='word_1_273' title='bbox 754 1728 954 1773; x_wconf 88' lang='lat' dir='ltr'><strong>praesentis</strong></span> <span class='ocrx_word' id='word_1_274' title='bbox 978 1728 1161 1764; x_wconf 88' lang='lat' dir='ltr'><strong>aestimari</strong></span> <span class='ocrx_word' id='word_1_275' title='bbox 1184 1729 1245 1763; x_wconf 86' lang='lat' dir='ltr'><strong>de-</strong></span> 
     </span>
     <span class='ocr_line' id='line_1_36' title="bbox 155 1773 1246 1819; baseline 0 -11"><span class='ocrx_word' id='word_1_276' title='bbox 155 1777 172 1808; x_wconf 86' lang='lat'><strong>7</strong></span> <span class='ocrx_word' id='word_1_277' title='bbox 221 1774 283 1809; x_wconf 91' lang='lat' dir='ltr'><strong>bet</strong></span> <span class='ocrx_word' id='word_1_278' title='bbox 307 1773 503 1819; x_wconf 87' lang='lat' dir='ltr'><strong>stipulatio.</strong></span> <span class='ocrx_word' id='word_1_279' title='bbox 552 1773 590 1809; x_wconf 90' lang='lat' dir='ltr'><strong>Si</strong></span> <span class='ocrx_word' id='word_1_280' title='bbox 624 1777 665 1809; x_wconf 91' lang='lat' dir='ltr'><strong>ut</strong></span> <span class='ocrx_word' id='word_1_281' title='bbox 695 1773 831 1819; x_wconf 87' lang='lat' dir='ltr'><strong>aliquid</strong></span> <span class='ocrx_word' id='word_1_282' title='bbox 853 1773 919 1809; x_wconf 89' lang='lat' dir='ltr'><strong>fiat</strong></span> <span class='ocrx_word' id='word_1_283' title='bbox 947 1773 1176 1819; x_wconf 91' lang='lat' dir='ltr'><strong>stipulemur,</strong></span> <span class='ocrx_word' id='word_1_284' title='bbox 1209 1777 1246 1809; x_wconf 91' lang='lat' dir='ltr'><strong>et</strong></span> 
     </span>
     <span class='ocr_line' id='line_1_37' title="bbox 156 1818 1246 1864; baseline -0.001 -9"><span class='ocrx_word' id='word_1_285' title='bbox 156 1819 319 1855; x_wconf 89' lang='lat' dir='ltr'><strong>usitatius</strong></span> <span class='ocrx_word' id='word_1_286' title='bbox 359 1823 394 1854; x_wconf 89' lang='lat' dir='ltr'><strong>et</strong></span> <span class='ocrx_word' id='word_1_287' title='bbox 432 1819 628 1864; x_wconf 85' lang='lat' dir='ltr'><strong>elegantius</strong></span> <span class='ocrx_word' id='word_1_288' title='bbox 673 1829 753 1854; x_wconf 88' lang='lat' dir='ltr'><strong>esse</strong></span> <span class='ocrx_word' id='word_1_289' title='bbox 789 1818 912 1854; x_wconf 90' lang='lat' dir='ltr'><strong>Labeo</strong></span> <span class='ocrx_word' id='word_1_290' title='bbox 952 1819 1003 1854; x_wconf 86' lang='lat' dir='ltr'><strong>ait</strong></span> <span class='ocrx_word' id='word_1_291' title='bbox 1040 1819 1092 1854; x_wconf 93' lang='lat' dir='ltr'><strong>sic</strong></span> <span class='ocrx_word' id='word_1_292' title='bbox 1130 1819 1246 1854; x_wconf 90' lang='lat' dir='ltr'><strong>subici</strong></span> 
     </span>
     <span class='ocr_line' id='line_1_38' title="bbox 153 1863 1246 1944; baseline 0 -44"><span class='ocrx_word' id='word_1_293' title='bbox 153 1875 323 1944; x_wconf 59' lang='lat' dir='ltr'><strong>goenam:</strong></span> <span class='ocrx_word' id='word_1_294' title='bbox 357 1864 400 1899; x_wconf 91' lang='lat' dir='ltr'><strong>‘si</strong></span> <span class='ocrx_word' id='word_1_295' title='bbox 429 1863 482 1899; x_wconf 91' lang='lat' dir='ltr'><strong>ita</strong></span> <span class='ocrx_word' id='word_1_296' title='bbox 511 1863 647 1899; x_wconf 87' lang='lat' dir='ltr'><strong>factum</strong></span> <span class='ocrx_word' id='word_1_297' title='bbox 677 1875 750 1899; x_wconf 92' lang='lat' dir='ltr'><strong>non</strong></span> <span class='ocrx_word' id='word_1_298' title='bbox 781 1865 878 1899; x_wconf 90' lang='lat' dir='ltr'><strong>erit&#39;:</strong></span> <span class='ocrx_word' id='word_1_299' title='bbox 913 1868 951 1899; x_wconf 85' lang='lat' dir='ltr'><strong>at</strong></span> <span class='ocrx_word' id='word_1_300' title='bbox 984 1875 1064 1899; x_wconf 91' lang='lat' dir='ltr'><strong>cum</strong></span> <span class='ocrx_word' id='word_1_301' title='bbox 1093 1864 1178 1909; x_wconf 92' lang='lat' dir='ltr'><strong>quid</strong></span> <span class='ocrx_word' id='word_1_302' title='bbox 1200 1874 1246 1900; x_wconf 88' lang='lat' dir='ltr'><strong>ne</strong></span> 
     </span>
     <span class='ocr_line' id='line_1_39' title="bbox 180 1909 1244 1954; baseline 0 -10"><span class='ocrx_word' id='word_1_303' title='bbox 180 1915 218 1944; x_wconf 89' lang='lat' dir='ltr'><strong>at</strong></span> <span class='ocrx_word' id='word_1_304' title='bbox 237 1909 460 1954; x_wconf 90' lang='lat' dir='ltr'><strong>stipulemur,</strong></span> <span class='ocrx_word' id='word_1_305' title='bbox 485 1913 571 1945; x_wconf 90' lang='lat' dir='ltr'><strong>tunc</strong></span> <span class='ocrx_word' id='word_1_306' title='bbox 595 1909 665 1945; x_wconf 92' lang='lat' dir='ltr'><strong>hoc</strong></span> <span class='ocrx_word' id='word_1_307' title='bbox 689 1909 813 1945; x_wconf 87' lang='lat' dir='ltr'><strong>modo:</strong></span> <span class='ocrx_word' id='word_1_308' title='bbox 840 1909 882 1944; x_wconf 91' lang='lat' dir='ltr'><strong>‘si</strong></span> <span class='ocrx_word' id='word_1_309' title='bbox 906 1909 1077 1945; x_wconf 88' lang='lat' dir='ltr'><strong>adversus</strong></span> <span class='ocrx_word' id='word_1_310' title='bbox 1102 1920 1145 1944; x_wconf 90' lang='lat' dir='ltr'><strong>ea</strong></span> <span class='ocrx_word' id='word_1_311' title='bbox 1167 1909 1244 1944; x_wconf 88' lang='lat' dir='ltr'><strong>fac-</strong></span> 
     </span>
     <span class='ocr_line' id='line_1_40' title="bbox 154 1953 1245 1998; baseline -0.001 -8"><span class='ocrx_word' id='word_1_312' title='bbox 154 1959 243 1990; x_wconf 79' lang='lat' dir='ltr'><strong>‘tum</strong></span> <span class='ocrx_word' id='word_1_313' title='bbox 265 1955 364 1990; x_wconf 85' lang='lat' dir='ltr'><strong>erit’:</strong></span> <span class='ocrx_word' id='word_1_314' title='bbox 389 1958 426 1990; x_wconf 90' lang='lat' dir='ltr'><strong>et</strong></span> <span class='ocrx_word' id='word_1_315' title='bbox 450 1965 530 1989; x_wconf 87' lang='lat' dir='ltr'><strong>cum</strong></span> <span class='ocrx_word' id='word_1_316' title='bbox 555 1954 626 1990; x_wconf 85' lang='lat' dir='ltr'><strong>alia</strong></span> <span class='ocrx_word' id='word_1_317' title='bbox 648 1953 736 1998; x_wconf 85' lang='lat' dir='ltr'><strong>fieri,</strong></span> <span class='ocrx_word' id='word_1_318' title='bbox 761 1954 834 1990; x_wconf 87' lang='lat' dir='ltr'><strong>alia</strong></span> <span class='ocrx_word' id='word_1_319' title='bbox 857 1965 930 1990; x_wconf 92' lang='lat' dir='ltr'><strong>non</strong></span> <span class='ocrx_word' id='word_1_320' title='bbox 953 1954 1031 1990; x_wconf 90' lang='lat' dir='ltr'><strong>fieri</strong></span> <span class='ocrx_word' id='word_1_321' title='bbox 1055 1955 1245 1990; x_wconf 88' lang='lat' dir='ltr'><strong>coniuncte</strong></span> 
     </span>
     <span class='ocr_line' id='line_1_41' title="bbox 154 1999 1244 2046; baseline 0 -11"><span class='ocrx_word' id='word_1_322' title='bbox 154 2000 384 2046; x_wconf 89' lang='lat' dir='ltr'><strong>stipulemur,</strong></span> <span class='ocrx_word' id='word_1_323' title='bbox 417 2000 469 2035; x_wconf 90' lang='lat' dir='ltr'><strong>sic</strong></span> <span class='ocrx_word' id='word_1_324' title='bbox 500 1999 889 2045; x_wconf 90' lang='lat' dir='ltr'><strong>comprehendendum:</strong></span> <span class='ocrx_word' id='word_1_325' title='bbox 929 1999 971 2035; x_wconf 90' lang='lat' dir='ltr'><strong>‘si</strong></span> <span class='ocrx_word' id='word_1_326' title='bbox 1001 2011 1074 2036; x_wconf 92' lang='lat' dir='ltr'><strong>non</strong></span> <span class='ocrx_word' id='word_1_327' title='bbox 1105 1999 1244 2042; x_wconf 88' lang='lat' dir='ltr'><strong>feceris,</strong></span> 
     </span>
     <span class='ocr_line' id='line_1_42' title="bbox 155 2044 1244 2090; baseline 0 -10"><span class='ocrx_word' id='word_1_328' title='bbox 155 2049 174 2080; x_wconf 85' lang='grc'>8</span> <span class='ocrx_word' id='word_1_329' title='bbox 224 2045 289 2081; x_wconf 80' lang='lat' dir='ltr'><strong>‘si⁴</strong></span> <span class='ocrx_word' id='word_1_330' title='bbox 322 2044 408 2090; x_wconf 91' lang='lat' dir='ltr'><strong>quid</strong></span> <span class='ocrx_word' id='word_1_331' title='bbox 439 2044 611 2080; x_wconf 89' lang='lat' dir='ltr'><strong>adversus</strong></span> <span class='ocrx_word' id='word_1_332' title='bbox 641 2055 684 2080; x_wconf 91' lang='lat' dir='ltr'><strong>ea</strong></span> <span class='ocrx_word' id='word_1_333' title='bbox 712 2045 865 2081; x_wconf 87' lang='lat' dir='ltr'><strong>feceris’.</strong></span> <span class='ocrx_word' id='word_1_334' title='bbox 912 2045 1106 2081; x_wconf 88' lang='lat' dir='ltr'><strong>Praeterea</strong></span> <span class='ocrx_word' id='word_1_335' title='bbox 1130 2045 1244 2081; x_wconf 88' lang='lat' dir='ltr'><strong>scien-</strong></span> 
     </span>
     <span class='ocr_line' id='line_1_43' title="bbox 154 2090 1246 2136; baseline -0.001 -10"><span class='ocrx_word' id='word_1_336' title='bbox 154 2091 239 2126; x_wconf 91' lang='lat' dir='ltr'><strong>dum</strong></span> <span class='ocrx_word' id='word_1_337' title='bbox 263 2094 337 2131; x_wconf 90' lang='lat' dir='ltr'><strong>est,</strong></span> <span class='ocrx_word' id='word_1_338' title='bbox 367 2090 467 2136; x_wconf 80' lang='lat' dir='ltr'><strong>quod.</strong></span> <span class='ocrx_word' id='word_1_339' title='bbox 487 2090 565 2125; x_wconf 90' lang='lat' dir='ltr'><strong>dari</strong></span> <span class='ocrx_word' id='word_1_340' title='bbox 590 2090 817 2135; x_wconf 87' lang='lat' dir='ltr'><strong>stipulemur,</strong></span> <span class='ocrx_word' id='word_1_341' title='bbox 848 2101 921 2126; x_wconf 94' lang='lat' dir='ltr'><strong>non</strong></span> <span class='ocrx_word' id='word_1_342' title='bbox 950 2101 1057 2135; x_wconf 90' lang='lat' dir='ltr'><strong>posse</strong></span> <span class='ocrx_word' id='word_1_343' title='bbox 1087 2101 1152 2126; x_wconf 91' lang='lat' dir='ltr'><strong>nos</strong></span> <span class='ocrx_word' id='word_1_344' title='bbox 1185 2090 1246 2125; x_wconf 92' lang='lat' dir='ltr'><strong>uni</strong></span> 
     </span>
     <span class='ocr_line' id='line_1_44' title="bbox 154 2135 1246 2181; baseline -0.001 -10"><span class='ocrx_word' id='word_1_345' title='bbox 154 2147 199 2172; x_wconf 86' lang='lat' dir='ltr'><strong>ex</strong></span> <span class='ocrx_word' id='word_1_346' title='bbox 233 2135 427 2171; x_wconf 86' lang='lat' dir='ltr'><strong>heredibus</strong></span> <span class='ocrx_word' id='word_1_347' title='bbox 462 2135 603 2181; x_wconf 90' lang='lat' dir='ltr'><strong>adquiri</strong></span> <span class='ocrx_word' id='word_1_348' title='bbox 615 2137 640 2177; x_wconf 85' lang='lat'><strong>⁵,</strong></span> <span class='ocrx_word' id='word_1_349' title='bbox 679 2135 743 2171; x_wconf 90' lang='lat' dir='ltr'><strong>sed</strong></span> <span class='ocrx_word' id='word_1_350' title='bbox 781 2145 929 2171; x_wconf 87' lang='lat' dir='ltr'><strong>necesse</strong></span> <span class='ocrx_word' id='word_1_351' title='bbox 966 2146 1043 2171; x_wconf 91' lang='lat' dir='ltr'><strong>esse</strong></span> <span class='ocrx_word' id='word_1_352' title='bbox 1082 2136 1246 2171; x_wconf 88' lang='lat' dir='ltr'><strong>omnibus</strong></span> 
     </span>
     <span class='ocr_line' id='line_1_45' title="bbox 154 2180 1246 2226; baseline 0 -10"><span class='ocrx_word' id='word_1_353' title='bbox 154 2180 314 2226; x_wconf 88' lang='lat' dir='ltr'><strong>adquiri:</strong></span> <span class='ocrx_word' id='word_1_354' title='bbox 347 2184 385 2216; x_wconf 89' lang='lat' dir='ltr'><strong>at</strong></span> <span class='ocrx_word' id='word_1_355' title='bbox 416 2191 498 2216; x_wconf 90' lang='lat' dir='ltr'><strong>cum</strong></span> <span class='ocrx_word' id='word_1_356' title='bbox 532 2180 616 2226; x_wconf 91' lang='lat' dir='ltr'><strong>quid</strong></span> <span class='ocrx_word' id='word_1_357' title='bbox 646 2180 723 2216; x_wconf 89' lang='lat' dir='ltr'><strong>fieri</strong></span> <span class='ocrx_word' id='word_1_358' title='bbox 746 2180 977 2226; x_wconf 89' lang='lat' dir='ltr'><strong>stipulemur,</strong></span> <span class='ocrx_word' id='word_1_359' title='bbox 1009 2181 1116 2216; x_wconf 86' lang='lat' dir='ltr'><strong>etiam</strong></span> <span class='ocrx_word' id='word_1_360' title='bbox 1140 2180 1246 2216; x_wconf 91' lang='lat' dir='ltr'><strong>unius</strong></span> 
     </span>
     <span class='ocr_line' id='line_1_46' title="bbox 155 2225 757 2273; baseline 0 -12"><span class='ocrx_word' id='word_1_361' title='bbox 155 2236 346 2273; x_wconf 85' lang='lat' dir='ltr'><strong>personam</strong></span> <span class='ocrx_word' id='word_1_362' title='bbox 369 2230 467 2262; x_wconf 89' lang='lat' dir='ltr'><strong>recte</strong></span> <span class='ocrx_word' id='word_1_363' title='bbox 493 2225 757 2271; x_wconf 89' lang='lat' dir='ltr'><strong>comprehendi.</strong></span> 
     </span>
    </p>

    <p class='ocr_par' dir='ltr' id='par_1_3' title="bbox 154 2267 1247 2723">
     <span class='ocr_line' id='line_1_47' title="bbox 205 2267 1247 2317; baseline -0.001 -10"><span class='ocrx_word' id='word_1_364' title='bbox 205 2267 284 2309; x_wconf 88' lang='lat'><strong>138</strong></span> <span class='ocrx_word' id='word_1_365' title='bbox 308 2270 419 2307; x_wconf 73' lang='lat' dir='ltr'><em>IDEM</em></span> <span class='ocrx_word' id='word_1_366' title='bbox 445 2270 536 2306; x_wconf 78' lang='lat' dir='ltr'><strong>libro</strong></span> <span class='ocrx_word' id='word_1_367' title='bbox 562 2274 694 2317; x_wconf 81' lang='lat' dir='ltr'><strong>quarto</strong></span> <span class='ocrx_word' id='word_1_368' title='bbox 717 2270 992 2317; x_wconf 80' lang='lat' dir='ltr'><strong>stipulationum</strong></span> <span class='ocrx_word' id='word_1_369' title='bbox 1039 2271 1152 2315; x_wconf 90' lang='lat' dir='ltr'><strong>Eum,</strong></span> <span class='ocrx_word' id='word_1_370' title='bbox 1186 2271 1247 2316; x_wconf 92' lang='lat' dir='ltr'><strong>qui</strong></span> 
     </span>
     <span class='ocr_line' id='line_1_48' title="bbox 156 2315 1245 2361; baseline 0 -9"><span class='ocrx_word' id='word_1_371' title='bbox 156 2320 335 2352; x_wconf 89' lang='lat' dir='ltr'><strong>certarum</strong></span> <span class='ocrx_word' id='word_1_372' title='bbox 365 2315 607 2351; x_wconf 87' lang='lat' dir='ltr'><strong>nundinarum</strong></span> <span class='ocrx_word' id='word_1_373' title='bbox 634 2315 760 2352; x_wconf 89' lang='lat' dir='ltr'><strong>diebus</strong></span> <span class='ocrx_word' id='word_1_374' title='bbox 785 2316 863 2352; x_wconf 85' lang='lat' dir='ltr'><strong>dari</strong></span> <span class='ocrx_word' id='word_1_375' title='bbox 887 2315 1098 2361; x_wconf 91' lang='lat' dir='ltr'><strong>stipuletur,</strong></span> <span class='ocrx_word' id='word_1_376' title='bbox 1130 2316 1245 2361; x_wconf 92' lang='lat' dir='ltr'><strong>primo</strong></span> 
     </span>
     <span class='ocr_line' id='line_1_49' title="bbox 155 2361 1247 2407; baseline 0 -10"><span class='ocrx_word' id='word_1_377' title='bbox 155 2362 212 2398; x_wconf 92' lang='lat' dir='ltr'><strong>die</strong></span> <span class='ocrx_word' id='word_1_378' title='bbox 243 2365 366 2407; x_wconf 89' lang='lat' dir='ltr'><strong>petere</strong></span> <span class='ocrx_word' id='word_1_379' title='bbox 394 2371 502 2407; x_wconf 89' lang='lat' dir='ltr'><strong>posse</strong></span> <span class='ocrx_word' id='word_1_380' title='bbox 535 2361 690 2397; x_wconf 89' lang='lat' dir='ltr'><strong>Sabinus</strong></span> <span class='ocrx_word' id='word_1_381' title='bbox 730 2361 799 2396; x_wconf 88' lang='lat' dir='ltr'><strong>ait:</strong></span> <span class='ocrx_word' id='word_1_382' title='bbox 838 2361 1016 2397; x_wconf 88' lang='lat' dir='ltr'><strong>Proculus</strong></span> <span class='ocrx_word' id='word_1_383' title='bbox 1054 2365 1174 2397; x_wconf 87' lang='lat' dir='ltr'><strong>autem</strong></span> <span class='ocrx_word' id='word_1_384' title='bbox 1211 2365 1247 2397; x_wconf 90' lang='lat' dir='ltr'><strong>et</strong></span> 
     </span>
     <span class='ocr_line' id='line_1_50' title="bbox 156 2406 1245 2451; baseline -0.001 -9"><span class='ocrx_word' id='word_1_385' title='bbox 156 2407 267 2443; x_wconf 87' lang='lat' dir='ltr'><strong>ceteri</strong></span> <span class='ocrx_word' id='word_1_386' title='bbox 298 2406 458 2442; x_wconf 86' lang='lat' dir='ltr'><strong>diversae</strong></span> <span class='ocrx_word' id='word_1_387' title='bbox 489 2406 635 2442; x_wconf 89' lang='lat' dir='ltr'><strong>scholae</strong></span> <span class='ocrx_word' id='word_1_388' title='bbox 666 2411 852 2450; x_wconf 89' lang='lat' dir='ltr'><strong>auctores,</strong></span> <span class='ocrx_word' id='word_1_389' title='bbox 887 2407 1057 2451; x_wconf 85' lang='lat' dir='ltr'><strong>quamdiu</strong></span> <span class='ocrx_word' id='word_1_390' title='bbox 1086 2407 1142 2443; x_wconf 92' lang='lat' dir='ltr'><strong>vel</strong></span> <span class='ocrx_word' id='word_1_391' title='bbox 1173 2407 1245 2442; x_wconf 85' lang='lat' dir='ltr'><strong>exi-</strong></span> 
     </span>
     <span class='ocr_line' id='line_1_51' title="bbox 155 2451 1247 2504; baseline 0.001 -18"><span class='ocrx_word' id='word_1_392' title='bbox 155 2463 263 2497; x_wconf 89' lang='lat' dir='ltr'><strong>guum</strong></span> <span class='ocrx_word' id='word_1_393' title='bbox 285 2456 427 2504; x_wconf 83' lang='lat' dir='ltr'><strong>tempus</strong></span> <span class='ocrx_word' id='word_1_394' title='bbox 448 2462 492 2487; x_wconf 86' lang='lat' dir='ltr'><strong>ex</strong></span> <span class='ocrx_word' id='word_1_395' title='bbox 512 2451 752 2487; x_wconf 87' lang='lat' dir='ltr'><strong>nundinarum</strong></span> <span class='ocrx_word' id='word_1_396' title='bbox 770 2452 886 2497; x_wconf 89' lang='lat' dir='ltr'><strong>spatio</strong></span> <span class='ocrx_word' id='word_1_397' title='bbox 909 2456 1123 2497; x_wconf 85' lang='lat' dir='ltr'><strong>superesset,</strong></span> <span class='ocrx_word' id='word_1_398' title='bbox 1147 2452 1247 2497; x_wconf 73' lang='lat' dir='ltr'><strong>peti⁶</strong></span> 
     </span>
     <span class='ocr_line' id='line_1_52' title="bbox 154 2496 1244 2543; baseline -0.001 -10"><span class='ocrx_word' id='word_1_399' title='bbox 154 2507 262 2543; x_wconf 87' lang='lat' dir='ltr'><strong>posse</strong></span> <span class='ocrx_word' id='word_1_400' title='bbox 306 2497 521 2532; x_wconf 79' lang='lat' dir='ltr'><strong>existimant.</strong></span> <span class='ocrx_word' id='word_1_401' title='bbox 580 2496 644 2532; x_wconf 90' lang='lat' dir='ltr'><strong>sed</strong></span> <span class='ocrx_word' id='word_1_402' title='bbox 687 2507 750 2541; x_wconf 87' lang='lat' dir='ltr'><strong>ego</strong></span> <span class='ocrx_word' id='word_1_403' title='bbox 795 2508 877 2532; x_wconf 92' lang='lat' dir='ltr'><strong>cum</strong></span> <span class='ocrx_word' id='word_1_404' title='bbox 918 2497 1073 2533; x_wconf 91' lang='lat' dir='ltr'><strong>Proculo</strong></span> <span class='ocrx_word' id='word_1_405' title='bbox 1117 2497 1244 2534; x_wconf 87' lang='lat' dir='ltr'><strong>sentio.</strong></span> 
     </span>
     <span class='ocr_line' id='line_1_53' title="bbox 158 2542 1246 2587; baseline 0.001 -10"><span class='ocrx_word' id='word_1_406' title='bbox 158 2548 173 2577; x_wconf 86' lang='lat'>1</span> <span class='ocrx_word' id='word_1_407' title='bbox 224 2542 312 2577; x_wconf 89' lang='lat' dir='ltr'><strong>Cum</strong></span> <span class='ocrx_word' id='word_1_408' title='bbox 343 2552 432 2587; x_wconf 90' lang='lat' dir='ltr'><strong>pure</strong></span> <span class='ocrx_word' id='word_1_409' title='bbox 463 2542 655 2587; x_wconf 86' lang='lat' dir='ltr'><strong>stipulatus</strong></span> <span class='ocrx_word' id='word_1_410' title='bbox 693 2553 771 2577; x_wconf 91' lang='lat' dir='ltr'><strong>sum</strong></span> <span class='ocrx_word' id='word_1_411' title='bbox 807 2542 896 2578; x_wconf 92' lang='lat' dir='ltr'><strong>illud</strong></span> <span class='ocrx_word' id='word_1_412' title='bbox 933 2546 996 2578; x_wconf 89' lang='lat' dir='ltr'><strong>aut</strong></span> <span class='ocrx_word' id='word_1_413' title='bbox 1032 2542 1122 2578; x_wconf 90' lang='lat' dir='ltr'><strong>illud</strong></span> <span class='ocrx_word' id='word_1_414' title='bbox 1157 2542 1246 2585; x_wconf 89' lang='lat' dir='ltr'><strong>dari,</strong></span> 
     </span>
     <span class='ocr_line' id='line_1_54' title="bbox 155 2587 1246 2632; baseline 0.001 -9"><span class='ocrx_word' id='word_1_415' title='bbox 155 2587 278 2623; x_wconf 87' lang='lat' dir='ltr'><strong>licebit</strong></span> <span class='ocrx_word' id='word_1_416' title='bbox 300 2587 384 2631; x_wconf 91' lang='lat' dir='ltr'><strong>tibi,</strong></span> <span class='ocrx_word' id='word_1_417' title='bbox 411 2588 574 2632; x_wconf 91' lang='lat' dir='ltr'><strong>quotiens</strong></span> <span class='ocrx_word' id='word_1_418' title='bbox 598 2587 712 2630; x_wconf 90' lang='lat' dir='ltr'><strong>voles,</strong></span> <span class='ocrx_word' id='word_1_419' title='bbox 736 2591 875 2623; x_wconf 87' lang='lat' dir='ltr'><strong>mutare</strong></span> <span class='ocrx_word' id='word_1_420' title='bbox 900 2587 1121 2624; x_wconf 88' lang='lat' dir='ltr'><strong>voluntatem</strong></span> <span class='ocrx_word' id='word_1_421' title='bbox 1142 2588 1180 2623; x_wconf 91' lang='lat' dir='ltr'><strong>in</strong></span> <span class='ocrx_word' id='word_1_422' title='bbox 1204 2598 1246 2624; x_wconf 92' lang='lat' dir='ltr'><strong>eo</strong></span> 
     </span>
     <span class='ocr_line' id='line_1_55' title="bbox 156 2632 1246 2678; baseline 0 -11"><span class='ocrx_word' id='word_1_423' title='bbox 156 2632 252 2678; x_wconf 90' lang='lat' dir='ltr'><strong>quod</strong></span> <span class='ocrx_word' id='word_1_424' title='bbox 275 2637 525 2678; x_wconf 88' lang='lat' dir='ltr'><strong>praestaturus</strong></span> <span class='ocrx_word' id='word_1_425' title='bbox 550 2632 611 2675; x_wconf 88' lang='lat' dir='ltr'><strong>sis,</strong></span> <span class='ocrx_word' id='word_1_426' title='bbox 636 2632 721 2678; x_wconf 91' lang='lat' dir='ltr'><strong>quia</strong></span> <span class='ocrx_word' id='word_1_427' title='bbox 745 2632 885 2669; x_wconf 89' lang='lat' dir='ltr'><strong>diversa</strong></span> <span class='ocrx_word' id='word_1_428' title='bbox 909 2643 1019 2669; x_wconf 88' lang='lat' dir='ltr'><strong>causa</strong></span> <span class='ocrx_word' id='word_1_429' title='bbox 1043 2637 1099 2669; x_wconf 90' lang='lat' dir='ltr'><strong>est</strong></span> <span class='ocrx_word' id='word_1_430' title='bbox 1121 2633 1246 2669; x_wconf 89' lang='lat' dir='ltr'><strong>volun-</strong></span> 
     </span>
     <span class='ocr_line' id='line_1_56' title="bbox 155 2677 858 2723; baseline -0.001 -10"><span class='ocrx_word' id='word_1_431' title='bbox 155 2678 240 2713; x_wconf 89' lang='lat' dir='ltr'><strong>tatis</strong></span> <span class='ocrx_word' id='word_1_432' title='bbox 265 2688 455 2723; x_wconf 82' lang='lat' dir='ltr'><strong>expressae</strong></span> <span class='ocrx_word' id='word_1_433' title='bbox 478 2682 515 2713; x_wconf 91' lang='lat' dir='ltr'><strong>et</strong></span> <span class='ocrx_word' id='word_1_434' title='bbox 539 2677 614 2713; x_wconf 88' lang='lat' dir='ltr'><strong>eius</strong></span> <span class='ocrx_word' id='word_1_435' title='bbox 639 2688 731 2723; x_wconf 89' lang='lat' dir='ltr'><strong>quae</strong></span> <span class='ocrx_word' id='word_1_436' title='bbox 755 2678 858 2714; x_wconf 91' lang='lat' dir='ltr'><strong>inest.</strong></span> 
     </span>
    </p>

    <p class='ocr_par' dir='ltr' id='par_1_4' title="bbox 157 2720 1248 3128">
     <span class='ocr_line' id='line_1_57' title="bbox 205 2720 1247 2770; baseline -0.001 -11"><span class='ocrx_word' id='word_1_437' title='bbox 205 2720 284 2760; x_wconf 90' lang='lat'><strong>139</strong></span> <span class='ocrx_word' id='word_1_438' title='bbox 320 2722 428 2758; x_wconf 70' lang='lat' dir='ltr'><em>IDEM</em></span> <span class='ocrx_word' id='word_1_439' title='bbox 466 2722 558 2759; x_wconf 81' lang='lat' dir='ltr'><strong>libro</strong></span> <span class='ocrx_word' id='word_1_440' title='bbox 598 2727 704 2758; x_wconf 81' lang='lat' dir='ltr'><strong>sexto</strong></span> <span class='ocrx_word' id='word_1_441' title='bbox 744 2722 1019 2770; x_wconf 79' lang='lat' dir='ltr'><strong>stipulationum</strong></span> <span class='ocrx_word' id='word_1_442' title='bbox 1074 2722 1164 2758; x_wconf 87' lang='lat' dir='ltr'><strong>Cum</strong></span> <span class='ocrx_word' id='word_1_443' title='bbox 1204 2733 1247 2758; x_wconf 83' lang='lat' dir='ltr'><strong>ex</strong></span> 
     </span>
     <span class='ocr_line' id='line_1_58' title="bbox 160 2767 1245 2813; baseline 0.001 -11"><span class='ocrx_word' id='word_1_444' title='bbox 160 2778 271 2803; x_wconf 88' lang='lat' dir='ltr'><strong>cansa</strong></span> <span class='ocrx_word' id='word_1_445' title='bbox 295 2767 425 2813; x_wconf 86' lang='lat' dir='ltr'><strong>duplae</strong></span> <span class='ocrx_word' id='word_1_446' title='bbox 449 2767 690 2813; x_wconf 87' lang='lat' dir='ltr'><strong>stipulationis</strong></span> <span class='ocrx_word' id='word_1_447' title='bbox 715 2767 849 2813; x_wconf 83' lang='lat' dir='ltr'><strong>aliquid</strong></span> <span class='ocrx_word' id='word_1_448' title='bbox 871 2767 1098 2811; x_wconf 87' lang='lat' dir='ltr'><strong>intendimus,</strong></span> <span class='ocrx_word' id='word_1_449' title='bbox 1125 2767 1245 2803; x_wconf 89' lang='lat' dir='ltr'><strong>vendi-</strong></span> 
     </span>
     <span class='ocr_line' id='line_1_59' title="bbox 157 2812 1248 2849; baseline 0.001 -2"><span class='ocrx_word' id='word_1_450' title='bbox 157 2813 245 2849; x_wconf 88' lang='lat' dir='ltr'><strong>toris</strong></span> <span class='ocrx_word' id='word_1_451' title='bbox 282 2812 431 2848; x_wconf 89' lang='lat' dir='ltr'><strong>heredes</strong></span> <span class='ocrx_word' id='word_1_452' title='bbox 467 2812 506 2848; x_wconf 93' lang='lat' dir='ltr'><strong>in</strong></span> <span class='ocrx_word' id='word_1_453' title='bbox 541 2812 694 2848; x_wconf 89' lang='lat' dir='ltr'><strong>solidum</strong></span> <span class='ocrx_word' id='word_1_454' title='bbox 731 2823 853 2848; x_wconf 90' lang='lat' dir='ltr'><strong>omnes</strong></span> <span class='ocrx_word' id='word_1_455' title='bbox 895 2812 1128 2848; x_wconf 90' lang='lat' dir='ltr'><strong>conveniendi</strong></span> <span class='ocrx_word' id='word_1_456' title='bbox 1164 2817 1248 2848; x_wconf 91' lang='lat' dir='ltr'><strong>sunt</strong></span> 
     </span>
     <span class='ocr_line' id='line_1_60' title="bbox 158 2858 1245 2903; baseline 0 -10"><span class='ocrx_word' id='word_1_457' title='bbox 158 2868 350 2902; x_wconf 87' lang='lat' dir='ltr'><strong>omnesque</strong></span> <span class='ocrx_word' id='word_1_458' title='bbox 373 2858 504 2893; x_wconf 92' lang='lat' dir='ltr'><strong>debent</strong></span> <span class='ocrx_word' id='word_1_459' title='bbox 533 2858 743 2900; x_wconf 89' lang='lat' dir='ltr'><strong>subsistere,</strong></span> <span class='ocrx_word' id='word_1_460' title='bbox 777 2862 812 2893; x_wconf 93' lang='lat' dir='ltr'><strong>et</strong></span> <span class='ocrx_word' id='word_1_461' title='bbox 841 2858 1001 2903; x_wconf 90' lang='lat' dir='ltr'><strong>quolibet</strong></span> <span class='ocrx_word' id='word_1_462' title='bbox 1030 2868 1155 2894; x_wconf 90' lang='lat' dir='ltr'><strong>eorum</strong></span> <span class='ocrx_word' id='word_1_463' title='bbox 1186 2858 1245 2893; x_wconf 92' lang='lat' dir='ltr'><strong>de-</strong></span> 
     </span>
     <span class='ocr_line' id='line_1_61' title="bbox 157 2903 1245 2956; baseline 0.001 -18"><span class='ocrx_word' id='word_1_464' title='bbox 157 2903 315 2948; x_wconf 84' lang='lat' dir='ltr'><strong>fugiente</strong></span> <span class='ocrx_word' id='word_1_465' title='bbox 341 2903 467 2938; x_wconf 88' lang='lat' dir='ltr'><strong>ceteris</strong></span> <span class='ocrx_word' id='word_1_466' title='bbox 491 2903 686 2939; x_wconf 86' lang='lat' dir='ltr'><strong>subsistere</strong></span> <span class='ocrx_word' id='word_1_467' title='bbox 708 2903 797 2939; x_wconf 91' lang='lat' dir='ltr'><strong>nihil</strong></span> <span class='ocrx_word' id='word_1_468' title='bbox 819 2903 978 2948; x_wconf 88' lang='lat' dir='ltr'><strong>prodest,</strong></span> <span class='ocrx_word' id='word_1_469' title='bbox 1003 2903 1087 2956; x_wconf 83' lang='lat' dir='ltr'><strong>quia</strong></span> <span class='ocrx_word' id='word_1_470' title='bbox 1106 2904 1143 2938; x_wconf 93' lang='lat' dir='ltr'><strong>in</strong></span> <span class='ocrx_word' id='word_1_471' title='bbox 1163 2903 1245 2940; x_wconf 91' lang='lat' dir='ltr'><strong>soli-</strong></span> 
     </span>
     <span class='ocr_line' id='line_1_62' title="bbox 158 2947 1247 2992; baseline 0.002 -10"><span class='ocrx_word' id='word_1_472' title='bbox 158 2948 242 2983; x_wconf 86' lang='lat' dir='ltr'><strong>dum</strong></span> <span class='ocrx_word' id='word_1_473' title='bbox 273 2947 496 2983; x_wconf 85' lang='lat' dir='ltr'><strong>defendenda</strong></span> <span class='ocrx_word' id='word_1_474' title='bbox 528 2953 584 2983; x_wconf 91' lang='lat' dir='ltr'><strong>est</strong></span> <span class='ocrx_word' id='word_1_475' title='bbox 613 2948 785 2992; x_wconf 85' lang='lat' dir='ltr'><strong>venditio,</strong></span> <span class='ocrx_word' id='word_1_476' title='bbox 819 2949 921 2984; x_wconf 87' lang='lat' dir='ltr'><strong>cuius</strong></span> <span class='ocrx_word' id='word_1_477' title='bbox 944 2948 1094 2984; x_wconf 87' lang='lat' dir='ltr'><strong>indivisa</strong></span> <span class='ocrx_word' id='word_1_478' title='bbox 1116 2952 1247 2984; x_wconf 87' lang='lat' dir='ltr'><strong>natura</strong></span> 
     </span>
     <span class='ocr_line' id='line_1_63' title="bbox 157 2992 1246 3039; baseline 0 -10"><span class='ocrx_word' id='word_1_479' title='bbox 157 2997 223 3029; x_wconf 85' lang='lat' dir='ltr'><strong>est.</strong></span> <span class='ocrx_word' id='word_1_480' title='bbox 261 2992 326 3029; x_wconf 91' lang='lat' dir='ltr'><strong>sed</strong></span> <span class='ocrx_word' id='word_1_481' title='bbox 345 3003 427 3028; x_wconf 89' lang='lat' dir='ltr'><strong>cum</strong></span> <span class='ocrx_word' id='word_1_482' title='bbox 445 3003 515 3028; x_wconf 91' lang='lat' dir='ltr'><strong>uno</strong></span> <span class='ocrx_word' id='word_1_483' title='bbox 536 2992 738 3038; x_wconf 85' lang='lat' dir='ltr'><strong>defugiente</strong></span> <span class='ocrx_word' id='word_1_484' title='bbox 759 3004 880 3029; x_wconf 92' lang='lat' dir='ltr'><strong>omnes</strong></span> <span class='ocrx_word' id='word_1_485' title='bbox 900 2993 1078 3039; x_wconf 82' lang='lat' dir='ltr'><strong>defugisse</strong></span> <span class='ocrx_word' id='word_1_486' title='bbox 1101 2993 1246 3029; x_wconf 86' lang='lat' dir='ltr'><strong>videan-</strong></span> 
     </span>
     <span class='ocr_line' id='line_1_64' title="bbox 158 3037 1247 3091; baseline 0.003 -19"><span class='ocrx_word' id='word_1_487' title='bbox 158 3043 217 3073; x_wconf 88' lang='lat' dir='ltr'><strong>tur</strong></span> <span class='ocrx_word' id='word_1_488' title='bbox 246 3037 400 3091; x_wconf 83' lang='lat' dir='ltr'><strong>ideoque</strong></span> <span class='ocrx_word' id='word_1_489' title='bbox 432 3047 553 3073; x_wconf 90' lang='lat' dir='ltr'><strong>omnes</strong></span> <span class='ocrx_word' id='word_1_490' title='bbox 586 3042 795 3080; x_wconf 88' lang='lat' dir='ltr'><strong>teneantur,</strong></span> <span class='ocrx_word' id='word_1_491' title='bbox 825 3039 1018 3084; x_wconf 88' lang='lat' dir='ltr'><strong>unicuique</strong></span> <span class='ocrx_word' id='word_1_492' title='bbox 1046 3049 1111 3084; x_wconf 92' lang='lat' dir='ltr'><strong>pro</strong></span> <span class='ocrx_word' id='word_1_493' title='bbox 1143 3042 1247 3084; x_wconf 90' lang='lat' dir='ltr'><strong>parte</strong></span> 
     </span>
     <span class='ocr_line' id='line_1_65' title="bbox 159 3082 800 3128; baseline 0 -9"><span class='ocrx_word' id='word_1_494' title='bbox 159 3083 374 3119; x_wconf 88' lang='lat' dir='ltr'><strong>hereditaria</strong></span> <span class='ocrx_word' id='word_1_495' title='bbox 396 3082 592 3128; x_wconf 86' lang='lat' dir='ltr'><strong>praestatio</strong></span> <span class='ocrx_word' id='word_1_496' title='bbox 614 3083 800 3119; x_wconf 88' lang='lat' dir='ltr'><strong>incumbit.</strong></span> 
     </span>
    </p>

    <p class='ocr_par' dir='ltr' id='par_1_5' title="bbox 157 3127 1248 3578">
     <span class='ocr_line' id='line_1_66' title="bbox 208 3127 1246 3166; baseline -0.001 0"><span class='ocrx_word' id='word_1_497' title='bbox 208 3127 286 3166; x_wconf 88' lang='lat'><strong>140</strong></span> <span class='ocrx_word' id='word_1_498' title='bbox 312 3127 471 3164; x_wconf 54' lang='lat' dir='ltr'><strong>mvnvs</strong></span> <span class='ocrx_word' id='word_1_499' title='bbox 498 3127 589 3163; x_wconf 78' lang='lat' dir='ltr'><strong>libro</strong></span> <span class='ocrx_word' id='word_1_500' title='bbox 621 3130 724 3164; x_wconf 81' lang='lat' dir='ltr'><strong>tertio</strong></span> <span class='ocrx_word' id='word_1_501' title='bbox 756 3129 807 3164; x_wconf 83' lang='lat' dir='ltr'><strong>ad</strong></span> <span class='ocrx_word' id='word_1_502' title='bbox 834 3128 1024 3164; x_wconf 78' lang='lat' dir='ltr'><strong>Neratium</strong></span> <span class='ocrx_word' id='word_1_503' title='bbox 1077 3128 1246 3165; x_wconf 88' lang='lat' dir='ltr'><strong>Pluribus</strong></span> 
     </span>
     <span class='ocr_line' id='line_1_67' title="bbox 157 3172 1245 3219; baseline 0 -10"><span class='ocrx_word' id='word_1_504' title='bbox 157 3174 266 3209; x_wconf 89' lang='lat' dir='ltr'><strong>rebus</strong></span> <span class='ocrx_word' id='word_1_505' title='bbox 290 3172 515 3219; x_wconf 86' lang='lat' dir='ltr'><strong>praepositis,</strong></span> <span class='ocrx_word' id='word_1_506' title='bbox 539 3172 592 3208; x_wconf 88' lang='lat' dir='ltr'><strong>ita</strong></span> <span class='ocrx_word' id='word_1_507' title='bbox 615 3173 797 3218; x_wconf 85' lang='lat' dir='ltr'><strong>stipulatio</strong></span> <span class='ocrx_word' id='word_1_508' title='bbox 822 3174 920 3209; x_wconf 90' lang='lat' dir='ltr'><strong>facta</strong></span> <span class='ocrx_word' id='word_1_509' title='bbox 943 3178 1015 3209; x_wconf 89' lang='lat' dir='ltr'><strong>est:</strong></span> <span class='ocrx_word' id='word_1_510' title='bbox 1043 3178 1096 3209; x_wconf 84' lang='lat' dir='ltr'><strong>‘ea</strong></span> <span class='ocrx_word' id='word_1_511' title='bbox 1117 3174 1245 3216; x_wconf 90' lang='lat' dir='ltr'><strong>omnia,</strong></span> 
     </span>
     <span class='ocr_line' id='line_1_68' title="bbox 159 3218 1248 3264; baseline 0 -10"><span class='ocrx_word' id='word_1_512' title='bbox 159 3223 263 3264; x_wconf 84' lang='lat' dir='ltr'><strong>‘quae</strong></span> <span class='ocrx_word' id='word_1_513' title='bbox 287 3229 328 3254; x_wconf 90' lang='lat' dir='ltr'><strong>su</strong></span> <span class='ocrx_word' id='word_1_514' title='bbox 355 3228 398 3254; x_wconf 86' lang='lat' dir='ltr'><strong>ra</strong></span> <span class='ocrx_word' id='word_1_515' title='bbox 421 3218 557 3263; x_wconf 86' lang='lat' dir='ltr'><strong>scripta</strong></span> <span class='ocrx_word' id='word_1_516' title='bbox 580 3222 679 3260; x_wconf 90' lang='lat' dir='ltr'><strong>sunt,</strong></span> <span class='ocrx_word' id='word_1_517' title='bbox 710 3218 824 3254; x_wconf 62' lang='lat' dir='ltr'><strong>dari?</strong></span> <span class='ocrx_word' id='word_1_518' title='bbox 853 3218 1003 3264; x_wconf 90' lang='lat' dir='ltr'><strong>propius</strong></span> <span class='ocrx_word' id='word_1_519' title='bbox 1028 3223 1097 3262; x_wconf 90' lang='lat' dir='ltr'><strong>est,</strong></span> <span class='ocrx_word' id='word_1_520' title='bbox 1130 3224 1171 3254; x_wconf 92' lang='lat' dir='ltr'><strong>ut</strong></span> <span class='ocrx_word' id='word_1_521' title='bbox 1193 3223 1248 3255; x_wconf 89' lang='lat' dir='ltr'><strong>tot</strong></span> 
     </span>
     <span class='ocr_line' id='line_1_69' title="bbox 161 3262 1244 3309; baseline 0 -10"><span class='ocrx_word' id='word_1_522' title='bbox 161 3268 174 3298; x_wconf 84' lang='lat'>1</span> <span class='ocrx_word' id='word_1_523' title='bbox 228 3263 296 3309; x_wconf 89' lang='lat' dir='ltr'><strong>stip</strong></span> <span class='ocrx_word' id='word_1_524' title='bbox 338 3262 488 3308; x_wconf 87' lang='lat' dir='ltr'><strong>ationes,</strong></span> <span class='ocrx_word' id='word_1_525' title='bbox 513 3266 600 3308; x_wconf 89' lang='lat' dir='ltr'><strong>quot</strong></span> <span class='ocrx_word' id='word_1_526' title='bbox 622 3273 679 3299; x_wconf 89' lang='lat' dir='ltr'><strong>res</strong></span> <span class='ocrx_word' id='word_1_527' title='bbox 704 3264 785 3299; x_wconf 90' lang='lat' dir='ltr'><strong>sint.</strong></span> <span class='ocrx_word' id='word_1_528' title='bbox 824 3263 881 3299; x_wconf 88' lang='lat' dir='ltr'><strong>De</strong></span> <span class='ocrx_word' id='word_1_529' title='bbox 902 3264 973 3299; x_wconf 88' lang='lat' dir='ltr'><strong>hac</strong></span> <span class='ocrx_word' id='word_1_530' title='bbox 996 3264 1244 3309; x_wconf 89' lang='lat' dir='ltr'><strong>stipulatione:</strong></span> 
     </span>
     <span class='ocr_line' id='line_1_70' title="bbox 159 3307 1246 3355; baseline 0.001 -11"><span class='ocrx_word' id='word_1_531' title='bbox 159 3312 292 3344; x_wconf 84' lang='lat' dir='ltr'><strong>‘annua</strong></span> <span class='ocrx_word' id='word_1_532' title='bbox 308 3307 405 3344; x_wconf 89' lang='lat' dir='ltr'><strong>bima</strong></span> <span class='ocrx_word' id='word_1_533' title='bbox 420 3308 525 3343; x_wconf 88' lang='lat' dir='ltr'><strong>trima</strong></span> <span class='ocrx_word' id='word_1_534' title='bbox 543 3307 600 3343; x_wconf 90' lang='lat' dir='ltr'><strong>die</strong></span> <span class='ocrx_word' id='word_1_535' title='bbox 617 3307 654 3343; x_wconf 93' lang='lat' dir='ltr'><strong>id</strong></span> <span class='ocrx_word' id='word_1_536' title='bbox 671 3313 856 3353; x_wconf 85' lang='lat' dir='ltr'><strong>argentum</strong></span> <span class='ocrx_word' id='word_1_537' title='bbox 867 3310 880 3330; x_wconf 96' lang='lat'><strong>⁷</strong></span> <span class='ocrx_word' id='word_1_538' title='bbox 899 3319 1040 3355; x_wconf 90' lang='lat' dir='ltr'><strong>quaque</strong></span> <span class='ocrx_word' id='word_1_539' title='bbox 1058 3309 1115 3345; x_wconf 88' lang='lat' dir='ltr'><strong>die</strong></span> <span class='ocrx_word' id='word_1_540' title='bbox 1131 3308 1210 3345; x_wconf 88' lang='lat' dir='ltr'><strong>dari</strong></span> <span class='ocrx_word' id='word_1_541' title='bbox 1217 3309 1246 3344; x_wconf 56' lang='grc' dir='ltr'><em>Υ</em></span> 
     </span>
     <span class='ocr_line' id='line_1_71' title="bbox 159 3352 1247 3399; baseline 0.001 -10"><span class='ocrx_word' id='word_1_542' title='bbox 159 3353 255 3399; x_wconf 83' lang='lat' dir='ltr'><strong>apud</strong></span> <span class='ocrx_word' id='word_1_543' title='bbox 286 3358 422 3389; x_wconf 85' lang='lat' dir='ltr'><strong>veteres</strong></span> <span class='ocrx_word' id='word_1_544' title='bbox 453 3353 590 3389; x_wconf 86' lang='lat' dir='ltr'><strong>varium</strong></span> <span class='ocrx_word' id='word_1_545' title='bbox 620 3352 699 3389; x_wconf 84' lang='lat' dir='ltr'><strong>fuit.</strong></span> <span class='ocrx_word' id='word_1_546' title='bbox 755 3353 930 3389; x_wconf 64' lang='lat' dir='ltr'><strong>Panas.-</strong></span> <span class='ocrx_word' id='word_1_547' title='bbox 966 3354 1030 3390; x_wconf 90' lang='lat' dir='ltr'><strong>sed</strong></span> <span class='ocrx_word' id='word_1_548' title='bbox 1060 3354 1178 3390; x_wconf 88' lang='lat' dir='ltr'><strong>verius</strong></span> <span class='ocrx_word' id='word_1_549' title='bbox 1209 3358 1247 3390; x_wconf 91' lang='lat' dir='ltr'><strong>et</strong></span> 
     </span>
     <span class='ocr_line' id='line_1_72' title="bbox 160 3398 1246 3445; baseline 0.001 -11"><span class='ocrx_word' id='word_1_550' title='bbox 160 3402 179 3433; x_wconf 80' lang='lat'>2</span> <span class='ocrx_word' id='word_1_551' title='bbox 225 3398 285 3434; x_wconf 91' lang='lat' dir='ltr'><strong>hic</strong></span> <span class='ocrx_word' id='word_1_552' title='bbox 307 3402 382 3434; x_wconf 90' lang='lat' dir='ltr'><strong>tres</strong></span> <span class='ocrx_word' id='word_1_553' title='bbox 405 3408 484 3434; x_wconf 88' lang='lat' dir='ltr'><strong>esse</strong></span> <span class='ocrx_word' id='word_1_554' title='bbox 503 3398 612 3434; x_wconf 89' lang='lat' dir='ltr'><strong>trium</strong></span> <span class='ocrx_word' id='word_1_555' title='bbox 631 3408 847 3434; x_wconf 88' lang='lat' dir='ltr'><strong>summarum</strong></span> <span class='ocrx_word' id='word_1_556' title='bbox 867 3399 1130 3445; x_wconf 87' lang='lat' dir='ltr'><strong>stipulationes.</strong></span> <span class='ocrx_word' id='word_1_557' title='bbox 1165 3398 1246 3436; x_wconf 89' lang='lat' dir='ltr'><strong>Etsi</strong></span> 
     </span>
     <span class='ocr_line' id='line_1_73' title="bbox 158 3442 1244 3489; baseline 0.001 -10"><span class='ocrx_word' id='word_1_558' title='bbox 158 3443 302 3489; x_wconf 88' lang='lat' dir='ltr'><strong>placeat</strong></span> <span class='ocrx_word' id='word_1_559' title='bbox 324 3443 483 3488; x_wconf 80' lang='lat' dir='ltr'><strong>extingui</strong></span> <span class='ocrx_word' id='word_1_560' title='bbox 507 3442 776 3488; x_wconf 84' lang='lat' dir='ltr'><strong>obligationem,</strong></span> <span class='ocrx_word' id='word_1_561' title='bbox 809 3444 839 3479; x_wconf 91' lang='lat' dir='ltr'><strong>si</strong></span> <span class='ocrx_word' id='word_1_562' title='bbox 870 3443 907 3479; x_wconf 85' lang='lat' dir='ltr'><strong>in</strong></span> <span class='ocrx_word' id='word_1_563' title='bbox 939 3454 1020 3480; x_wconf 88' lang='lat' dir='ltr'><strong>eum</strong></span> <span class='ocrx_word' id='word_1_564' title='bbox 1045 3454 1167 3480; x_wconf 87' lang='lat' dir='ltr'><strong>casum</strong></span> <span class='ocrx_word' id='word_1_565' title='bbox 1190 3444 1244 3480; x_wconf 92' lang='lat' dir='ltr'><strong>in·</strong></span> 
     </span>
     <span class='ocr_line' id='line_1_74' title="bbox 160 3488 1246 3542; baseline 0.001 -18"><span class='ocrx_word' id='word_1_566' title='bbox 160 3488 300 3532; x_wconf 89' lang='lat' dir='ltr'><strong>ciderit,</strong></span> <span class='ocrx_word' id='word_1_567' title='bbox 330 3499 353 3524; x_wconf 89' lang='lat' dir='ltr'><strong>a</strong></span> <span class='ocrx_word' id='word_1_568' title='bbox 383 3499 454 3534; x_wconf 84' lang='lat' dir='ltr'><strong>quo</strong></span> <span class='ocrx_word' id='word_1_569' title='bbox 485 3488 644 3534; x_wconf 88' lang='lat' dir='ltr'><strong>incipere</strong></span> <span class='ocrx_word' id='word_1_570' title='bbox 672 3499 746 3524; x_wconf 92' lang='lat' dir='ltr'><strong>non</strong></span> <span class='ocrx_word' id='word_1_571' title='bbox 769 3492 905 3542; x_wconf 84' lang='lat' dir='ltr'><strong>potest,</strong></span> <span class='ocrx_word' id='word_1_572' title='bbox 938 3500 1009 3525; x_wconf 92' lang='lat' dir='ltr'><strong>non</strong></span> <span class='ocrx_word' id='word_1_573' title='bbox 1033 3493 1153 3525; x_wconf 86' lang='lat' dir='ltr'><strong>tamen</strong></span> <span class='ocrx_word' id='word_1_574' title='bbox 1176 3489 1246 3525; x_wconf 90' lang='lat' dir='ltr'><strong>hoc</strong></span> 
     </span>
     <span class='ocr_line' id='line_1_75' title="bbox 158 3533 1245 3578; baseline 0 -9"><span class='ocrx_word' id='word_1_575' title='bbox 158 3533 195 3569; x_wconf 91' lang='lat' dir='ltr'><strong>in</strong></span> <span class='ocrx_word' id='word_1_576' title='bbox 216 3533 379 3570; x_wconf 86' lang='lat' dir='ltr'><strong>omnibus</strong></span> <span class='ocrx_word' id='word_1_577' title='bbox 395 3544 518 3569; x_wconf 86' lang='lat' dir='ltr'><strong>verum</strong></span> <span class='ocrx_word' id='word_1_578' title='bbox 537 3537 602 3569; x_wconf 89' lang='lat' dir='ltr'><strong>est.</strong></span> <span class='ocrx_word' id='word_1_579' title='bbox 639 3543 724 3570; x_wconf 85' lang='lat' dir='ltr'><strong>ecce</strong></span> <span class='ocrx_word' id='word_1_580' title='bbox 742 3534 907 3578; x_wconf 87' lang='lat' dir='ltr'><strong>stipulari</strong></span> <span class='ocrx_word' id='word_1_581' title='bbox 926 3534 1016 3569; x_wconf 84' lang='lat' dir='ltr'><strong>viam</strong></span> <span class='ocrx_word' id='word_1_582' title='bbox 1037 3534 1105 3570; x_wconf 89' lang='lat' dir='ltr'><strong>iter</strong></span> <span class='ocrx_word' id='word_1_583' title='bbox 1125 3538 1245 3570; x_wconf 88' lang='lat' dir='ltr'><strong>actum</strong></span> 
     </span>
    </p>
   </div>
   <div class='ocr_carea' id='block_1_3' title="bbox 158 3645 1242 3780">
    <p class='ocr_par' dir='ltr' id='par_1_6' title="bbox 158 3645 1242 3780">
     <span class='ocr_line' id='line_1_76' title="bbox 158 3645 1242 3690; baseline -0.002 -9"><span class='ocrx_word' id='word_1_584' title='bbox 158 3649 199 3690; x_wconf 86' lang='grc' dir='ltr'><strong>(ι)</strong></span> <span class='ocrx_word' id='word_1_585' title='bbox 223 3647 384 3682; x_wconf 78' lang='lat' dir='ltr'><strong>oonfloere</strong></span> <span class='ocrx_word' id='word_1_586' title='bbox 395 3659 457 3681; x_wconf 72' lang='lat' dir='ltr'><strong>scr.</strong></span> <span class='ocrx_word' id='word_1_587' title='bbox 529 3645 573 3689; x_wconf 83' lang='lat'><strong>(2)</strong></span> <span class='ocrx_word' id='word_1_588' title='bbox 597 3646 645 3681; x_wconf 75' lang='lat' dir='ltr'><strong>sio</strong></span> <span class='ocrx_word' id='word_1_589' title='bbox 657 3645 730 3683; x_wconf 75' lang='lat' dir='ltr'><strong>odd.</strong></span> <span class='ocrx_word' id='word_1_590' title='bbox 802 3645 845 3687; x_wconf 74' lang='lat' dir='ltr'><strong>(a)</strong></span> <span class='ocrx_word' id='word_1_591' title='bbox 870 3647 903 3678; x_wconf 84' lang='lat' dir='ltr'><strong>et</strong></span> <span class='ocrx_word' id='word_1_592' title='bbox 914 3646 973 3679; x_wconf 73' lang='grc' dir='ltr'><strong>ι’ω.</strong></span> <span class='ocrx_word' id='word_1_593' title='bbox 988 3645 1040 3678; x_wconf 73' lang='lat' dir='ltr'><strong>F’</strong></span> <span class='ocrx_word' id='word_1_594' title='bbox 1106 3647 1149 3688; x_wconf 76' lang='grc'><strong>(4)</strong></span> <span class='ocrx_word' id='word_1_595' title='bbox 1173 3645 1242 3679; x_wconf 75' lang='lat' dir='ltr'><strong>sive</strong></span> 
     </span>
     <span class='ocr_line' id='line_1_77' title="bbox 161 3689 1241 3734; baseline -0.001 -8"><span class='ocrx_word' id='word_1_596' title='bbox 161 3693 232 3726; x_wconf 73' lang='lat' dir='ltr'><strong>edd.</strong></span> <span class='ocrx_word' id='word_1_597' title='bbox 325 3693 368 3733; x_wconf 66' lang='grc' dir='ltr'><strong>(ὅ)</strong></span> <span class='ocrx_word' id='word_1_598' title='bbox 392 3690 527 3734; x_wconf 78' lang='lat' dir='ltr'><strong>adquiri</strong></span> <span class='ocrx_word' id='word_1_599' title='bbox 540 3691 600 3726; x_wconf 79' lang='lat' dir='ltr'><strong>del.</strong></span> <span class='ocrx_word' id='word_1_600' title='bbox 695 3691 741 3731; x_wconf 70' lang='lat' dir='ltr'><strong>(e)</strong></span> <span class='ocrx_word' id='word_1_601' title='bbox 765 3700 834 3723; x_wconf 86' lang='lat' dir='ltr'><strong>non</strong></span> <span class='ocrx_word' id='word_1_602' title='bbox 847 3691 907 3724; x_wconf 73' lang='lat' dir='ltr'><strong>ine.</strong></span> <span class='ocrx_word' id='word_1_603' title='bbox 921 3689 951 3725; x_wconf 90' lang='lat' dir='ltr'><strong><em>S</em></strong></span> <span class='ocrx_word' id='word_1_604' title='bbox 1041 3692 1082 3730; x_wconf 79' lang='grc'><strong>(7)</strong></span> <span class='ocrx_word' id='word_1_605' title='bbox 1108 3701 1169 3723; x_wconf 75' lang='lat' dir='ltr'><strong>sua</strong></span> <span class='ocrx_word' id='word_1_606' title='bbox 1180 3692 1241 3725; x_wconf 71' lang='lat' dir='ltr'><strong>inu.</strong></span> 
     </span>
     <span class='ocr_line' id='line_1_78' title="bbox 160 3734 1242 3780; baseline -0.002 -8"><span class='ocrx_word' id='word_1_607' title='bbox 160 3738 206 3780; x_wconf 84' lang='lat'><strong>(8)</strong></span> <span class='ocrx_word' id='word_1_608' title='bbox 230 3737 439 3771; x_wconf 82' lang='lat' dir='ltr'><strong>dominorum</strong></span> <span class='ocrx_word' id='word_1_609' title='bbox 453 3736 516 3771; x_wconf 74' lang='lat' dir='ltr'><strong>del.</strong></span> <span class='ocrx_word' id='word_1_610' title='bbox 607 3736 654 3780; x_wconf 74' lang='grc' dir='ltr'><strong>(ο)</strong></span> <span class='ocrx_word' id='word_1_611' title='bbox 677 3734 805 3770; x_wconf 74' lang='lat' dir='ltr'><strong>domini</strong></span> <span class='ocrx_word' id='word_1_612' title='bbox 818 3735 881 3770; x_wconf 70' lang='lat' dir='ltr'><strong>dd.</strong></span> <span class='ocrx_word' id='word_1_613' title='bbox 974 3736 1034 3778; x_wconf 85' lang='grc' dir='ltr'><strong>(ιυ)</strong></span> <span class='ocrx_word' id='word_1_614' title='bbox 1058 3736 1163 3779; x_wconf 80' lang='lat' dir='ltr'><strong>possit</strong></span> <span class='ocrx_word' id='word_1_615' title='bbox 1179 3736 1242 3770; x_wconf 77' lang='lat' dir='ltr'><strong>del.</strong></span> 
     </span>
    </p>
   </div>
   <div class='ocr_carea' id='block_1_4' title="bbox 1233 111 1323 160">
    <p class='ocr_par' dir='ltr' id='par_1_7' title="bbox 1233 111 1323 160">
     <span class='ocr_line' id='line_1_79' title="bbox 1233 111 1323 160; baseline 0.022 -2"><span class='ocrx_word' id='word_1_616' title='bbox 1233 111 1323 160; x_wconf 81' lang='lat'><strong>734</strong></span> 
     </span>
    </p>
   </div>
   <div class='ocr_carea' id='block_1_5' title="bbox 1484 0 1553 74">
    <p class='ocr_par' dir='ltr' id='par_1_8' title="bbox 1484 0 1553 74">
     <span class='ocr_line' id='line_1_80' title="bbox 1484 0 1553 74; baseline 0 -58"><span class='ocrx_word' id='word_1_617' title='bbox 1484 0 1553 74; x_wconf 29' lang='grc' dir='ltr'><strong>,ἡ</strong></span> 
     </span>
    </p>
   </div>
   <div class='ocr_carea' id='block_1_6' title="bbox 1543 75 2400 164">
    <p class='ocr_par' dir='ltr' id='par_1_9' title="bbox 1543 75 2400 164">
     <span class='ocr_line' id='line_1_81' title="bbox 1543 75 1547 97; baseline 0 0"><span class='ocrx_word' id='word_1_618' title='bbox 1543 75 1547 97; x_wconf 65' lang='lat' dir='ltr'><strong>l</strong></span> 
     </span>
     <span class='ocr_line' id='line_1_82' title="bbox 2004 130 2400 164; baseline 0.002 -0.938"><span class='ocrx_word' id='word_1_619' title='bbox 2004 130 2065 162; x_wconf 75' lang='lat' dir='ltr'><strong>nn</strong></span> <span class='ocrx_word' id='word_1_620' title='bbox 2093 130 2272 163; x_wconf 77' lang='lat' dir='ltr'><strong>nunnus</strong></span> <span class='ocrx_word' id='word_1_621' title='bbox 2301 132 2400 164; x_wconf 76' lang='lat' dir='ltr'><strong>nnis</strong></span> 
     </span>
    </p>
   </div>
   <div class='ocr_carea' id='block_1_7' title="bbox 1312 235 2405 3221">
    <p class='ocr_par' dir='ltr' id='par_1_10' title="bbox 1312 235 2402 553">
     <span class='ocr_line' id='line_1_83' title="bbox 1314 235 2402 285; baseline 0.006 -14"><span class='ocrx_word' id='word_1_622' title='bbox 1314 235 1362 272; x_wconf 87' lang='lat' dir='ltr'><strong>ad</strong></span> <span class='ocrx_word' id='word_1_623' title='bbox 1385 235 1536 271; x_wconf 82' lang='lat' dir='ltr'><strong>fundum</strong></span> <span class='ocrx_word' id='word_1_624' title='bbox 1559 247 1781 274; x_wconf 86' lang='lat' dir='ltr'><strong>communem</strong></span> <span class='ocrx_word' id='word_1_625' title='bbox 1803 239 1924 275; x_wconf 89' lang='lat' dir='ltr'><strong>socius</strong></span> <span class='ocrx_word' id='word_1_626' title='bbox 1954 250 2027 276; x_wconf 89' lang='lat' dir='ltr'><strong>non</strong></span> <span class='ocrx_word' id='word_1_627' title='bbox 2049 243 2185 285; x_wconf 90' lang='lat' dir='ltr'><strong>potest,</strong></span> <span class='ocrx_word' id='word_1_628' title='bbox 2219 244 2256 277; x_wconf 88' lang='lat' dir='ltr'><strong>et</strong></span> <span class='ocrx_word' id='word_1_629' title='bbox 2283 244 2402 277; x_wconf 85' lang='lat' dir='ltr'><strong>tamen</strong></span> 
     </span>
     <span class='ocr_line' id='line_1_84' title="bbox 1314 280 2401 331; baseline 0.006 -15"><span class='ocrx_word' id='word_1_630' title='bbox 1314 281 1346 317; x_wconf 92' lang='lat' dir='ltr'><strong>si</strong></span> <span class='ocrx_word' id='word_1_631' title='bbox 1368 281 1418 323; x_wconf 88' lang='lat' dir='ltr'><strong>is,</strong></span> <span class='ocrx_word' id='word_1_632' title='bbox 1450 280 1513 327; x_wconf 85' lang='lat' dir='ltr'><strong>qui</strong></span> <span class='ocrx_word' id='word_1_633' title='bbox 1535 282 1727 327; x_wconf 85' lang='lat' dir='ltr'><strong>stipulatus</strong></span> <span class='ocrx_word' id='word_1_634' title='bbox 1751 283 1888 327; x_wconf 86' lang='lat' dir='ltr'><strong>fuerat,</strong></span> <span class='ocrx_word' id='word_1_635' title='bbox 1920 284 2011 320; x_wconf 79' lang='lat' dir='ltr'><strong>duos</strong></span> <span class='ocrx_word' id='word_1_636' title='bbox 2035 284 2185 321; x_wconf 86' lang='lat' dir='ltr'><strong>heredes</strong></span> <span class='ocrx_word' id='word_1_637' title='bbox 2208 285 2401 331; x_wconf 84' lang='lat' dir='ltr'><strong>reliquerit,</strong></span> 
     </span>
     <span class='ocr_line' id='line_1_85' title="bbox 1314 326 2401 376; baseline 0.006 -15"><span class='ocrx_word' id='word_1_638' title='bbox 1314 337 1388 362; x_wconf 89' lang='lat' dir='ltr'><strong>non</strong></span> <span class='ocrx_word' id='word_1_639' title='bbox 1420 326 1638 372; x_wconf 60' lang='lat' dir='ltr'><strong>extimuitur</strong></span> <span class='ocrx_word' id='word_1_640' title='bbox 1667 328 1861 374; x_wconf 88' lang='lat' dir='ltr'><strong>stipulatio.</strong></span> <span class='ocrx_word' id='word_1_641' title='bbox 1908 334 1945 365; x_wconf 89' lang='lat' dir='ltr'><strong>et</strong></span> <span class='ocrx_word' id='word_1_642' title='bbox 1974 340 2040 375; x_wconf 91' lang='lat' dir='ltr'><strong>per</strong></span> <span class='ocrx_word' id='word_1_643' title='bbox 2070 334 2209 376; x_wconf 81' lang='lat' dir='ltr'><strong>partem</strong></span> <span class='ocrx_word' id='word_1_644' title='bbox 2241 330 2401 367; x_wconf 90' lang='lat' dir='ltr'><strong>domino-</strong></span> 
     </span>
     <span class='ocr_line' id='line_1_86' title="bbox 1313 371 2402 421; baseline 0.006 -15"><span class='ocrx_word' id='word_1_645' title='bbox 1313 382 1393 407; x_wconf 90' lang='lat' dir='ltr'><strong>rum</strong></span> <span class='ocrx_word' id='word_1_646' title='bbox 1406 372 1419 392; x_wconf 85' lang='lat'>⁸</span> <span class='ocrx_word' id='word_1_647' title='bbox 1452 371 1605 408; x_wconf 88' lang='lat' dir='ltr'><strong>servitus</strong></span> <span class='ocrx_word' id='word_1_648' title='bbox 1635 372 1775 419; x_wconf 88' lang='lat' dir='ltr'><strong>adquiri</strong></span> <span class='ocrx_word' id='word_1_649' title='bbox 1804 385 1876 411; x_wconf 89' lang='lat' dir='ltr'><strong>non</strong></span> <span class='ocrx_word' id='word_1_650' title='bbox 1932 379 2041 418; x_wconf 88' lang='lat' dir='ltr'><strong>otest,</strong></span> <span class='ocrx_word' id='word_1_651' title='bbox 2073 374 2253 421; x_wconf 86' lang='lat' dir='ltr'><strong>adquisita</strong></span> <span class='ocrx_word' id='word_1_652' title='bbox 2282 380 2402 413; x_wconf 85' lang='lat' dir='ltr'><strong>tamen</strong></span> 
     </span>
     <span class='ocr_line' id='line_1_87' title="bbox 1314 420 2402 470; baseline 0.006 -19"><span class='ocrx_word' id='word_1_653' title='bbox 1314 421 1565 470; x_wconf 48' lang='lat' dir='ltr'><strong>conservatur„</strong></span> <span class='ocrx_word' id='word_1_654' title='bbox 1578 421 1615 452; x_wconf 90' lang='lat' dir='ltr'><strong>et</strong></span> <span class='ocrx_word' id='word_1_655' title='bbox 1645 428 1710 470; x_wconf 81' lang='lat' dir='ltr'><strong>per</strong></span> <span class='ocrx_word' id='word_1_656' title='bbox 1731 423 1871 465; x_wconf 86' lang='lat' dir='ltr'><strong>partem</strong></span> <span class='ocrx_word' id='word_1_657' title='bbox 1920 420 2072 455; x_wconf 83' lang='lat' dir='ltr'><strong>omini⁹:</strong></span> <span class='ocrx_word' id='word_1_658' title='bbox 2104 420 2175 456; x_wconf 91' lang='lat' dir='ltr'><strong>hoc</strong></span> <span class='ocrx_word' id='word_1_659' title='bbox 2206 421 2339 464; x_wconf 87' lang='lat' dir='ltr'><strong>evenit,</strong></span> <span class='ocrx_word' id='word_1_660' title='bbox 2371 422 2402 457; x_wconf 91' lang='lat' dir='ltr'><strong>si</strong></span> 
     </span>
     <span class='ocr_line' id='line_1_88' title="bbox 1312 462 2401 515; baseline 0.006 -19"><span class='ocrx_word' id='word_1_661' title='bbox 1312 472 1399 514; x_wconf 76' lang='lat' dir='ltr'><strong>pars</strong></span> <span class='ocrx_word' id='word_1_662' title='bbox 1430 462 1568 507; x_wconf 84' lang='lat' dir='ltr'><strong>praedii</strong></span> <span class='ocrx_word' id='word_1_663' title='bbox 1595 465 1780 515; x_wconf 77' lang='lat' dir='ltr'><strong>servientis</strong></span> <span class='ocrx_word' id='word_1_664' title='bbox 1813 465 1868 501; x_wconf 89' lang='lat' dir='ltr'><strong>vel</strong></span> <span class='ocrx_word' id='word_1_665' title='bbox 1900 465 1958 501; x_wconf 91' lang='lat' dir='ltr'><strong>cui</strong></span> <span class='ocrx_word' id='word_1_666' title='bbox 1987 465 2139 502; x_wconf 85' lang='lat' dir='ltr'><strong>servitur</strong></span> <span class='ocrx_word' id='word_1_667' title='bbox 2167 466 2314 505; x_wconf 82' lang='lat' dir='ltr'><strong>alterius</strong></span> <span class='ocrx_word' id='word_1_668' title='bbox 2337 466 2401 502; x_wconf 88' lang='lat' dir='ltr'><strong>do-</strong></span> 
     </span>
     <span class='ocr_line' id='line_1_89' title="bbox 1312 512 1695 553; baseline 0.005 -11"><span class='ocrx_word' id='word_1_669' title='bbox 1312 518 1399 542; x_wconf 87' lang='lat' dir='ltr'><strong>mini</strong></span> <span class='ocrx_word' id='word_1_670' title='bbox 1421 517 1502 543; x_wconf 86' lang='lat' dir='ltr'><strong>esse</strong></span> <span class='ocrx_word' id='word_1_671' title='bbox 1525 512 1695 553; x_wconf 82' lang='lat' dir='ltr'><strong>coeperit.</strong></span> 
     </span>
    </p>

    <p class='ocr_par' dir='ltr' id='par_1_11' title="bbox 1312 550 2405 1224">
     <span class='ocr_line' id='line_1_90' title="bbox 1348 550 2402 604; baseline 0.003 -16"><span class='ocrx_word' id='word_1_672' title='bbox 1348 550 1438 604; x_wconf 31' lang='lat'>&#39;141</span> <span class='ocrx_word' id='word_1_673' title='bbox 1470 552 1594 588; x_wconf 56' lang='lat' dir='ltr'><strong>Gaws</strong></span> <span class='ocrx_word' id='word_1_674' title='bbox 1622 553 1713 590; x_wconf 73' lang='lat' dir='ltr'><strong>libro</strong></span> <span class='ocrx_word' id='word_1_675' title='bbox 1744 555 1902 591; x_wconf 76' lang='lat' dir='ltr'><strong>secundo</strong></span> <span class='ocrx_word' id='word_1_676' title='bbox 1934 555 1979 591; x_wconf 84' lang='lat' dir='ltr'><strong>de</strong></span> <span class='ocrx_word' id='word_1_677' title='bbox 2002 556 2191 592; x_wconf 82' lang='lat' dir='ltr'><strong>verborum</strong></span> <span class='ocrx_word' id='word_1_678' title='bbox 2215 557 2402 603; x_wconf 75' lang='lat' dir='ltr'><strong>obliqatio-</strong></span> 
     </span>
     <span class='ocr_line' id='line_1_91' title="bbox 1314 597 2400 647; baseline 0.005 -15"><span class='ocrx_word' id='word_1_679' title='bbox 1314 597 1419 633; x_wconf 67' lang='lat' dir='ltr'><strong>rubus</strong></span> <span class='ocrx_word' id='word_1_680' title='bbox 1467 597 1506 633; x_wconf 86' lang='lat' dir='ltr'><strong>Si</strong></span> <span class='ocrx_word' id='word_1_681' title='bbox 1528 608 1653 633; x_wconf 89' lang='lat' dir='ltr'><strong>servus</strong></span> <span class='ocrx_word' id='word_1_682' title='bbox 1677 603 1742 634; x_wconf 89' lang='lat' dir='ltr'><strong>aut</strong></span> <span class='ocrx_word' id='word_1_683' title='bbox 1763 599 1858 636; x_wconf 86' lang='lat' dir='ltr'><strong>filius</strong></span> <span class='ocrx_word' id='word_1_684' title='bbox 1881 599 2034 636; x_wconf 86' lang='lat' dir='ltr'><strong>familias</strong></span> <span class='ocrx_word' id='word_1_685' title='bbox 2053 601 2105 636; x_wconf 87' lang='lat' dir='ltr'><strong>ita</strong></span> <span class='ocrx_word' id='word_1_686' title='bbox 2124 600 2318 647; x_wconf 90' lang='lat' dir='ltr'><strong>stipulatus</strong></span> <span class='ocrx_word' id='word_1_687' title='bbox 2337 602 2400 637; x_wconf 88' lang='lat' dir='ltr'><strong>sit:</strong></span> 
     </span>
     <span class='ocr_line' id='line_1_92' title="bbox 1315 642 2403 692; baseline 0.005 -15"><span class='ocrx_word' id='word_1_688' title='bbox 1315 642 1424 678; x_wconf 91' lang='lat' dir='ltr'><strong>‘illam</strong></span> <span class='ocrx_word' id='word_1_689' title='bbox 1448 653 1523 679; x_wconf 86' lang='lat' dir='ltr'><strong>rem</strong></span> <span class='ocrx_word' id='word_1_690' title='bbox 1547 647 1611 678; x_wconf 88' lang='lat' dir='ltr'><strong>aut</strong></span> <span class='ocrx_word' id='word_1_691' title='bbox 1633 643 1747 686; x_wconf 88' lang='lat' dir='ltr'><strong>illam,</strong></span> <span class='ocrx_word' id='word_1_692' title='bbox 1782 648 1899 680; x_wconf 89' lang='lat' dir='ltr'><strong>utram</strong></span> <span class='ocrx_word' id='word_1_693' title='bbox 1923 655 1986 691; x_wconf 85' lang='lat' dir='ltr'><strong>ego</strong></span> <span class='ocrx_word' id='word_1_694' title='bbox 2010 646 2162 689; x_wconf 78' lang='lat' dir='ltr'><strong>velim?’‚</strong></span> <span class='ocrx_word' id='word_1_695' title='bbox 2194 657 2268 682; x_wconf 90' lang='lat' dir='ltr'><strong>non</strong></span> <span class='ocrx_word' id='word_1_696' title='bbox 2299 651 2403 692; x_wconf 82' lang='lat' dir='ltr'><strong>pater</strong></span> 
     </span>
     <span class='ocr_line' id='line_1_93' title="bbox 1315 687 2404 732; baseline 0.005 -9"><span class='ocrx_word' id='word_1_697' title='bbox 1315 687 1538 732; x_wconf 89' lang='lat' dir='ltr'><strong>dominusve,</strong></span> <span class='ocrx_word' id='word_1_698' title='bbox 1563 688 1627 724; x_wconf 89' lang='lat' dir='ltr'><strong>sed</strong></span> <span class='ocrx_word' id='word_1_699' title='bbox 1650 688 1745 724; x_wconf 90' lang='lat' dir='ltr'><strong>filius</strong></span> <span class='ocrx_word' id='word_1_700' title='bbox 1769 700 1934 727; x_wconf 89' lang='lat' dir='ltr'><strong>servusve</strong></span> <span class='ocrx_word' id='word_1_701' title='bbox 1958 690 2137 727; x_wconf 87' lang='lat' dir='ltr'><strong>destinare</strong></span> <span class='ocrx_word' id='word_1_702' title='bbox 2161 691 2206 728; x_wconf 90' lang='lat' dir='ltr'><strong>de</strong></span> <span class='ocrx_word' id='word_1_703' title='bbox 2229 692 2404 728; x_wconf 87' lang='lat' dir='ltr'><strong>alterutra</strong></span> 
     </span>
     <span class='ocr_line' id='line_1_94' title="bbox 1318 732 2404 786; baseline 0.005 -19"><span class='ocrx_word' id='word_1_704' title='bbox 1318 736 1332 767; x_wconf 90' lang='lat'>1</span> <span class='ocrx_word' id='word_1_705' title='bbox 1383 732 1500 785; x_wconf 82' lang='lat' dir='ltr'><strong>debet.</strong></span> <span class='ocrx_word' id='word_1_706' title='bbox 1548 733 1723 786; x_wconf 63' lang='lat' dir='ltr'><strong>Extranei</strong></span> <span class='ocrx_word' id='word_1_707' title='bbox 1747 745 1889 780; x_wconf 89' lang='lat' dir='ltr'><strong>quoque</strong></span> <span class='ocrx_word' id='word_1_708' title='bbox 1910 746 2067 780; x_wconf 88' lang='lat' dir='ltr'><strong>persona</strong></span> <span class='ocrx_word' id='word_1_709' title='bbox 2092 736 2125 772; x_wconf 94' lang='lat' dir='ltr'><strong>si</strong></span> <span class='ocrx_word' id='word_1_710' title='bbox 2148 736 2404 782; x_wconf 87' lang='lat' dir='ltr'><strong>comprehensa</strong></span> 
     </span>
     <span class='ocr_line' id='line_1_95' title="bbox 1312 777 2401 820; baseline 0.005 -7"><span class='ocrx_word' id='word_1_711' title='bbox 1312 777 1439 820; x_wconf 86' lang='lat' dir='ltr'><strong>fuerit,</strong></span> <span class='ocrx_word' id='word_1_712' title='bbox 1471 778 1580 815; x_wconf 89' lang='lat' dir='ltr'><strong>veluti</strong></span> <span class='ocrx_word' id='word_1_713' title='bbox 1610 780 1679 815; x_wconf 92' lang='lat' dir='ltr'><strong>hoc</strong></span> <span class='ocrx_word' id='word_1_714' title='bbox 1710 780 1835 815; x_wconf 89' lang='lat' dir='ltr'><strong>modo:</strong></span> <span class='ocrx_word' id='word_1_715' title='bbox 1870 782 1998 816; x_wconf 85' lang='lat' dir='ltr'><strong>‘utram</strong></span> <span class='ocrx_word' id='word_1_716' title='bbox 2028 791 2152 818; x_wconf 89' lang='lat' dir='ltr'><strong>earum</strong></span> <span class='ocrx_word' id='word_1_717' title='bbox 2184 781 2301 817; x_wconf 88' lang='lat' dir='ltr'><strong>Titius</strong></span> <span class='ocrx_word' id='word_1_718' title='bbox 2332 782 2401 818; x_wconf 90' lang='lat' dir='ltr'><strong>ele-</strong></span> 
     </span>
     <span class='ocr_line' id='line_1_96' title="bbox 1314 823 2402 872; baseline 0.002 -13"><span class='ocrx_word' id='word_1_719' title='bbox 1314 823 1437 868; x_wconf 86' lang='lat' dir='ltr'><strong>‘gerit’,</strong></span> <span class='ocrx_word' id='word_1_720' title='bbox 1456 834 1528 860; x_wconf 89' lang='lat' dir='ltr'><strong>non</strong></span> <span class='ocrx_word' id='word_1_721' title='bbox 1544 824 1648 860; x_wconf 88' lang='lat' dir='ltr'><strong>aliter</strong></span> <span class='ocrx_word' id='word_1_722' title='bbox 1663 825 1856 870; x_wconf 85' lang='lat' dir='ltr'><strong>stipulator</strong></span> <span class='ocrx_word' id='word_1_723' title='bbox 1872 825 2079 862; x_wconf 88' lang='lat' dir='ltr'><strong>alterutrius</strong></span> <span class='ocrx_word' id='word_1_724' title='bbox 2095 827 2271 872; x_wconf 89' lang='lat' dir='ltr'><strong>petendae</strong></span> <span class='ocrx_word' id='word_1_725' title='bbox 2288 827 2402 862; x_wconf 89' lang='lat' dir='ltr'><strong>facul-</strong></span> 
     </span>
     <span class='ocr_line' id='line_1_97' title="bbox 1314 869 2403 918; baseline 0.004 -14"><span class='ocrx_word' id='word_1_726' title='bbox 1314 871 1333 904; x_wconf 91' lang='lat'><strong>2</strong></span> <span class='ocrx_word' id='word_1_727' title='bbox 1381 872 1492 905; x_wconf 88' lang='lat' dir='ltr'><strong>tatem</strong></span> <span class='ocrx_word' id='word_1_728' title='bbox 1522 869 1652 913; x_wconf 87' lang='lat' dir='ltr'><strong>habet,</strong></span> <span class='ocrx_word' id='word_1_729' title='bbox 1685 880 1792 915; x_wconf 86' lang='lat' dir='ltr'><strong>quam</strong></span> <span class='ocrx_word' id='word_1_730' title='bbox 1822 870 1854 906; x_wconf 92' lang='lat' dir='ltr'><strong>si</strong></span> <span class='ocrx_word' id='word_1_731' title='bbox 1883 870 2000 906; x_wconf 89' lang='lat' dir='ltr'><strong>Titius</strong></span> <span class='ocrx_word' id='word_1_732' title='bbox 2032 871 2186 916; x_wconf 85' lang='lat' dir='ltr'><strong>elegerit.</strong></span> <span class='ocrx_word' id='word_1_733' title='bbox 2239 872 2403 918; x_wconf 89' lang='lat' dir='ltr'><strong>Pupillus</strong></span> 
     </span>
     <span class='ocr_line' id='line_1_98' title="bbox 1312 914 2403 968; baseline 0.004 -19"><span class='ocrx_word' id='word_1_734' title='bbox 1312 914 1397 950; x_wconf 89' lang='lat' dir='ltr'><strong>licet</strong></span> <span class='ocrx_word' id='word_1_735' title='bbox 1432 925 1477 950; x_wconf 84' lang='lat' dir='ltr'><strong>ex</strong></span> <span class='ocrx_word' id='word_1_736' title='bbox 1500 925 1583 968; x_wconf 37' lang='lat' dir='ltr'><strong>,quo</strong></span> <span class='ocrx_word' id='word_1_737' title='bbox 1620 914 1689 950; x_wconf 84' lang='lat' dir='ltr'><strong>fari</strong></span> <span class='ocrx_word' id='word_1_738' title='bbox 1720 915 1896 962; x_wconf 87' lang='lat' dir='ltr'><strong>coeperit,</strong></span> <span class='ocrx_word' id='word_1_739' title='bbox 1937 920 2034 952; x_wconf 90' lang='lat' dir='ltr'><strong>recte</strong></span> <span class='ocrx_word' id='word_1_740' title='bbox 2070 916 2236 962; x_wconf 88' lang='lat' dir='ltr'><strong>stipulari</strong></span> <span class='ocrx_word' id='word_1_741' title='bbox 2272 921 2403 963; x_wconf 90' lang='lat' dir='ltr'><strong>potest,</strong></span> 
     </span>
     <span class='ocr_line' id='line_1_99' title="bbox 1312 960 2402 1008; baseline 0.004 -14"><span class='ocrx_word' id='word_1_742' title='bbox 1312 963 1447 1002; x_wconf 89' lang='lat' dir='ltr'><strong>tamen,</strong></span> <span class='ocrx_word' id='word_1_743' title='bbox 1481 970 1512 995; x_wconf 83' lang='lat' dir='ltr'><strong>si</strong></span> <span class='ocrx_word' id='word_1_744' title='bbox 1533 970 1572 995; x_wconf 88' lang='lat' dir='ltr'><strong>in</strong></span> <span class='ocrx_word' id='word_1_745' title='bbox 1595 960 1754 1006; x_wconf 88' lang='lat' dir='ltr'><strong>parentis</strong></span> <span class='ocrx_word' id='word_1_746' title='bbox 1778 964 1957 1006; x_wconf 88' lang='lat' dir='ltr'><strong>potestate</strong></span> <span class='ocrx_word' id='word_1_747' title='bbox 1982 965 2053 1005; x_wconf 89' lang='lat' dir='ltr'><strong>est,</strong></span> <span class='ocrx_word' id='word_1_748' title='bbox 2085 972 2130 998; x_wconf 88' lang='lat' dir='ltr'><strong>ne</strong></span> <span class='ocrx_word' id='word_1_749' title='bbox 2154 966 2302 998; x_wconf 89' lang='lat' dir='ltr'><strong>auctore</strong></span> <span class='ocrx_word' id='word_1_750' title='bbox 2325 963 2402 1008; x_wconf 91' lang='lat' dir='ltr'><strong>qui-</strong></span> 
     </span>
     <span class='ocr_line' id='line_1_100' title="bbox 1314 1004 2404 1053; baseline 0.004 -14"><span class='ocrx_word' id='word_1_751' title='bbox 1314 1004 1393 1039; x_wconf 92' lang='lat' dir='ltr'><strong>dem</strong></span> <span class='ocrx_word' id='word_1_752' title='bbox 1423 1009 1528 1050; x_wconf 89' lang='lat' dir='ltr'><strong>patre</strong></span> <span class='ocrx_word' id='word_1_753' title='bbox 1559 1005 1754 1050; x_wconf 85' lang='lat' dir='ltr'><strong>obligatur:</strong></span> <span class='ocrx_word' id='word_1_754' title='bbox 1787 1006 1902 1051; x_wconf 89' lang='lat' dir='ltr'><strong>pubes</strong></span> <span class='ocrx_word' id='word_1_755' title='bbox 1935 1017 2034 1049; x_wconf 87' lang='lat' dir='ltr'><strong>vero,</strong></span> <span class='ocrx_word' id='word_1_756' title='bbox 2068 1007 2129 1052; x_wconf 91' lang='lat' dir='ltr'><strong>qui</strong></span> <span class='ocrx_word' id='word_1_757' title='bbox 2158 1007 2196 1042; x_wconf 92' lang='lat' dir='ltr'><strong>in</strong></span> <span class='ocrx_word' id='word_1_758' title='bbox 2224 1011 2404 1053; x_wconf 87' lang='lat' dir='ltr'><strong>potestate</strong></span> 
     </span>
     <span class='ocr_line' id='line_1_101' title="bbox 1313 1050 2405 1105; baseline 0.004 -20"><span class='ocrx_word' id='word_1_759' title='bbox 1313 1053 1379 1091; x_wconf 88' lang='lat' dir='ltr'><strong>est,</strong></span> <span class='ocrx_word' id='word_1_760' title='bbox 1403 1050 1553 1095; x_wconf 91' lang='lat' dir='ltr'><strong>proinde</strong></span> <span class='ocrx_word' id='word_1_761' title='bbox 1578 1061 1621 1086; x_wconf 86' lang='lat' dir='ltr'><strong>ac</strong></span> <span class='ocrx_word' id='word_1_762' title='bbox 1645 1051 1675 1086; x_wconf 92' lang='lat' dir='ltr'><strong>si</strong></span> <span class='ocrx_word' id='word_1_763' title='bbox 1698 1055 1801 1096; x_wconf 89' lang='lat' dir='ltr'><strong>pater</strong></span> <span class='ocrx_word' id='word_1_764' title='bbox 1823 1050 1977 1087; x_wconf 88' lang='lat' dir='ltr'><strong>familias</strong></span> <span class='ocrx_word' id='word_1_765' title='bbox 1998 1051 2148 1104; x_wconf 80' lang='lat' dir='ltr'><strong>obligari</strong></span> <span class='ocrx_word' id='word_1_766' title='bbox 2170 1052 2272 1089; x_wconf 85' lang='lat' dir='ltr'><strong>solet.</strong></span> <span class='ocrx_word' id='word_1_767' title='bbox 2309 1053 2405 1105; x_wconf 78' lang='lat' dir='ltr'><strong>quod</strong></span> 
     </span>
     <span class='ocr_line' id='line_1_102' title="bbox 1313 1095 2403 1141; baseline 0.004 -12"><span class='ocrx_word' id='word_1_768' title='bbox 1313 1099 1433 1130; x_wconf 90' lang='lat' dir='ltr'><strong>autem</strong></span> <span class='ocrx_word' id='word_1_769' title='bbox 1455 1095 1494 1130; x_wconf 91' lang='lat' dir='ltr'><strong>in</strong></span> <span class='ocrx_word' id='word_1_770' title='bbox 1517 1095 1652 1141; x_wconf 89' lang='lat' dir='ltr'><strong>pupillo</strong></span> <span class='ocrx_word' id='word_1_771' title='bbox 1682 1096 1851 1139; x_wconf 87' lang='lat' dir='ltr'><strong>dicimus,</strong></span> <span class='ocrx_word' id='word_1_772' title='bbox 1883 1096 1977 1132; x_wconf 90' lang='lat' dir='ltr'><strong>idem</strong></span> <span class='ocrx_word' id='word_1_773' title='bbox 2009 1101 2045 1132; x_wconf 88' lang='lat' dir='ltr'><strong>et</strong></span> <span class='ocrx_word' id='word_1_774' title='bbox 2074 1108 2112 1132; x_wconf 84' lang='lat' dir='ltr'><strong>in</strong></span> <span class='ocrx_word' id='word_1_775' title='bbox 2141 1096 2216 1133; x_wconf 86' lang='lat' dir='ltr'><strong>filia</strong></span> <span class='ocrx_word' id='word_1_776' title='bbox 2247 1097 2403 1134; x_wconf 89' lang='lat' dir='ltr'><strong>familias</strong></span> 
     </span>
     <span class='ocr_line' id='line_1_103' title="bbox 1314 1140 2403 1224; baseline 0.004 -49"><span class='ocrx_word' id='word_1_777' title='bbox 1314 1140 1785 1221; x_wconf 44' lang='lat' dir='ltr'><strong>§muiliinpaulzei&#39;ie-tdigendzinti</strong></span> <span class='ocrx_word' id='word_1_778' title='bbox 1815 1142 1976 1222; x_wconf 60' lang='lat' dir='ltr'><strong>eisiiihisd</strong></span> <span class='ocrx_word' id='word_1_779' title='bbox 1997 1142 2049 1222; x_wconf 61' lang='lat' dir='ltr'><strong>itta</strong></span> <span class='ocrx_word' id='word_1_780' title='bbox 2077 1142 2187 1224; x_wconf 46' lang='lat' dir='ltr'><strong>fuertz</strong></span> <span class='ocrx_word' id='word_1_781' title='bbox 2209 1142 2403 1224; x_wconf 58' lang='lat' dir='ltr'><strong>stipullatus</strong></span> 
     </span>
    </p>

    <p class='ocr_par' dir='ltr' id='par_1_12' title="bbox 1312 1197 2405 2408">
     <span class='ocr_line' id='line_1_104' title="bbox 1467 1197 2392 1224; baseline 0.003 -3"><span class='ocrx_word' id='word_1_782' title='bbox 1467 1197 1491 1221; x_wconf 94' lang='lat' dir='ltr'><strong>u</strong></span> <span class='ocrx_word' id='word_1_783' title='bbox 1563 1197 1626 1222; x_wconf 85' lang='lat' dir='ltr'><strong>iio</strong></span> <span class='ocrx_word' id='word_1_784' title='bbox 1700 1197 1719 1222; x_wconf 88' lang='lat' dir='ltr'><strong>e</strong></span> <span class='ocrx_word' id='word_1_785' title='bbox 1782 1197 1805 1221; x_wconf 91' lang='lat' dir='ltr'><strong>u</strong></span> <span class='ocrx_word' id='word_1_786' title='bbox 1977 1198 2121 1223; x_wconf 89' lang='lat' dir='ltr'><strong>aurum</strong></span> <span class='ocrx_word' id='word_1_787' title='bbox 2216 1198 2392 1224; x_wconf 83' lang='lat' dir='ltr'><strong>soneas</strong></span> 
     </span>
     <span class='ocr_line' id='line_1_105' title="bbox 1314 1199 2403 1286; baseline 0.002 -19"><span class='ocrx_word' id='word_1_788' title='bbox 1314 1231 1511 1267; x_wconf 89' lang='lat' dir='ltr'><strong>secundum</strong></span> <span class='ocrx_word' id='word_1_789' title='bbox 1550 1231 1705 1266; x_wconf 90' lang='lat' dir='ltr'><strong>omnium</strong></span> <span class='ocrx_word' id='word_1_790' title='bbox 1746 1231 1950 1277; x_wconf 90' lang='lat' dir='ltr'><strong>opinionem</strong></span> <span class='ocrx_word' id='word_1_791' title='bbox 1988 1232 2035 1268; x_wconf 90' lang='lat' dir='ltr'><strong>ad</strong></span> <span class='ocrx_word' id='word_1_792' title='bbox 2072 1199 2328 1286; x_wconf 49' lang='lat' dir='ltr'><strong>interrogaetum</strong></span> <span class='ocrx_word' id='word_1_793' title='bbox 2367 1216 2403 1269; x_wconf 72' lang='lat' dir='ltr'><strong>te</strong></span> 
     </span>
     <span class='ocr_line' id='line_1_106' title="bbox 1313 1276 2402 1330; baseline 0.003 -19"><span class='ocrx_word' id='word_1_794' title='bbox 1313 1276 1547 1321; x_wconf 88' lang='lat' dir='ltr'><strong>respondere,</strong></span> <span class='ocrx_word' id='word_1_795' title='bbox 1588 1276 1672 1330; x_wconf 85' lang='lat' dir='ltr'><strong>quia</strong></span> <span class='ocrx_word' id='word_1_796' title='bbox 1704 1280 1846 1312; x_wconf 87' lang='lat' dir='ltr'><strong>constat</strong></span> <span class='ocrx_word' id='word_1_797' title='bbox 1874 1277 1961 1314; x_wconf 88' lang='lat' dir='ltr'><strong>mihi</strong></span> <span class='ocrx_word' id='word_1_798' title='bbox 1989 1278 2056 1314; x_wconf 89' lang='lat' dir='ltr'><strong>soli</strong></span> <span class='ocrx_word' id='word_1_799' title='bbox 2090 1278 2232 1324; x_wconf 85' lang='lat' dir='ltr'><strong>adquiri</strong></span> <span class='ocrx_word' id='word_1_800' title='bbox 2268 1278 2402 1324; x_wconf 84' lang='lat' dir='ltr'><strong>obliga-</strong></span> 
     </span>
     <span class='ocr_line' id='line_1_107' title="bbox 1314 1322 2404 1366; baseline 0.003 -10"><span class='ocrx_word' id='word_1_801' title='bbox 1314 1326 1335 1356; x_wconf 81' lang='lat'>4</span> <span class='ocrx_word' id='word_1_802' title='bbox 1382 1322 1531 1366; x_wconf 92' lang='lat' dir='ltr'><strong>tionem,</strong></span> <span class='ocrx_word' id='word_1_803' title='bbox 1562 1322 1656 1358; x_wconf 85' lang='lat' dir='ltr'><strong>Titio</strong></span> <span class='ocrx_word' id='word_1_804' title='bbox 1682 1326 1802 1358; x_wconf 88' lang='lat' dir='ltr'><strong>autem</strong></span> <span class='ocrx_word' id='word_1_805' title='bbox 1826 1322 2014 1358; x_wconf 87' lang='lat' dir='ltr'><strong>dumtaxat</strong></span> <span class='ocrx_word' id='word_1_806' title='bbox 2036 1328 2135 1360; x_wconf 90' lang='lat' dir='ltr'><strong>recte</strong></span> <span class='ocrx_word' id='word_1_807' title='bbox 2159 1324 2319 1359; x_wconf 82' lang='lat' dir='ltr'><strong>solvitur.</strong></span> <span class='ocrx_word' id='word_1_808' title='bbox 2367 1324 2404 1359; x_wconf 83' lang='lat' dir='ltr'><strong>Si</strong></span> 
     </span>
     <span class='ocr_line' id='line_1_108' title="bbox 1313 1367 2404 1415; baseline 0.002 -13"><span class='ocrx_word' id='word_1_809' title='bbox 1313 1367 1408 1402; x_wconf 86' lang='lat' dir='ltr'><strong>inter</strong></span> <span class='ocrx_word' id='word_1_810' title='bbox 1424 1377 1497 1408; x_wconf 89' lang='lat' dir='ltr'><strong>eos,</strong></span> <span class='ocrx_word' id='word_1_811' title='bbox 1519 1367 1580 1412; x_wconf 91' lang='lat' dir='ltr'><strong>qui</strong></span> <span class='ocrx_word' id='word_1_812' title='bbox 1598 1367 1734 1403; x_wconf 88' lang='lat' dir='ltr'><strong>Romae</strong></span> <span class='ocrx_word' id='word_1_813' title='bbox 1754 1371 1850 1410; x_wconf 89' lang='lat' dir='ltr'><strong>sunt,</strong></span> <span class='ocrx_word' id='word_1_814' title='bbox 1874 1368 1957 1403; x_wconf 88' lang='lat' dir='ltr'><strong>talis</strong></span> <span class='ocrx_word' id='word_1_815' title='bbox 1974 1368 2040 1403; x_wconf 89' lang='lat' dir='ltr'><strong>fiat</strong></span> <span class='ocrx_word' id='word_1_816' title='bbox 2059 1368 2263 1415; x_wconf 86' lang='lat' dir='ltr'><strong>stipulatio:</strong></span> <span class='ocrx_word' id='word_1_817' title='bbox 2289 1369 2404 1404; x_wconf 80' lang='lat' dir='ltr'><strong>‘hodie</strong></span> 
     </span>
     <span class='ocr_line' id='line_1_109' title="bbox 1315 1411 2404 1494; baseline 0.003 -47"><span class='ocrx_word' id='word_1_818' title='bbox 1315 1411 1543 1465; x_wconf 78' lang='lat' dir='ltr'><strong>‘Carthagine</strong></span> <span class='ocrx_word' id='word_1_819' title='bbox 1566 1412 1652 1448; x_wconf 88' lang='lat' dir='ltr'><strong>dare</strong></span> <span class='ocrx_word' id='word_1_820' title='bbox 1671 1412 1830 1465; x_wconf 78' lang='lat' dir='ltr'><strong>spondes</strong></span> <span class='ocrx_word' id='word_1_821' title='bbox 1839 1413 1879 1456; x_wconf 57' lang='grc' dir='ltr'><strong>Υ,</strong></span> <span class='ocrx_word' id='word_1_822' title='bbox 1905 1413 2050 1458; x_wconf 88' lang='lat' dir='ltr'><strong>quidam</strong></span> <span class='ocrx_word' id='word_1_823' title='bbox 2071 1418 2201 1494; x_wconf 74' lang='lat' dir='ltr'><strong>putant</strong></span> <span class='ocrx_word' id='word_1_824' title='bbox 2219 1425 2292 1450; x_wconf 93' lang='lat' dir='ltr'><strong>non</strong></span> <span class='ocrx_word' id='word_1_825' title='bbox 2312 1424 2404 1450; x_wconf 91' lang='lat' dir='ltr'><strong>sem-</strong></span> 
     </span>
     <span class='ocr_line' id='line_1_110' title="bbox 1312 1457 2403 1504; baseline 0.003 -12"><span class='ocrx_word' id='word_1_826' title='bbox 1312 1467 1378 1503; x_wconf 89' lang='lat' dir='ltr'><strong>per</strong></span> <span class='ocrx_word' id='word_1_827' title='bbox 1400 1457 1510 1493; x_wconf 84' lang='lat' dir='ltr'><strong>videri</strong></span> <span class='ocrx_word' id='word_1_828' title='bbox 1533 1459 1789 1503; x_wconf 83' lang='lat' dir='ltr'><strong>impossibilem</strong></span> <span class='ocrx_word' id='word_1_829' title='bbox 1808 1468 1955 1494; x_wconf 89' lang='lat' dir='ltr'><strong>causam</strong></span> <span class='ocrx_word' id='word_1_830' title='bbox 1974 1459 2071 1504; x_wconf 88' lang='lat' dir='ltr'><strong>stipu</strong></span> <span class='ocrx_word' id='word_1_831' title='bbox 2085 1458 2198 1495; x_wconf 89' lang='lat' dir='ltr'><strong>ationi</strong></span> <span class='ocrx_word' id='word_1_832' title='bbox 2217 1459 2403 1502; x_wconf 86' lang='lat' dir='ltr'><strong>contineri,</strong></span> 
     </span>
     <span class='ocr_line' id='line_1_111' title="bbox 1314 1502 2404 1550; baseline 0.002 -12"><span class='ocrx_word' id='word_1_833' title='bbox 1314 1502 1398 1548; x_wconf 87' lang='lat' dir='ltr'><strong>quia</strong></span> <span class='ocrx_word' id='word_1_834' title='bbox 1421 1503 1536 1548; x_wconf 92' lang='lat' dir='ltr'><strong>possit</strong></span> <span class='ocrx_word' id='word_1_835' title='bbox 1560 1503 1782 1548; x_wconf 87' lang='lat' dir='ltr'><strong>contingere,</strong></span> <span class='ocrx_word' id='word_1_836' title='bbox 1812 1507 1853 1538; x_wconf 92' lang='lat' dir='ltr'><strong>ut</strong></span> <span class='ocrx_word' id='word_1_837' title='bbox 1875 1508 1949 1539; x_wconf 86' lang='lat' dir='ltr'><strong>tam</strong></span> <span class='ocrx_word' id='word_1_838' title='bbox 1975 1504 2167 1550; x_wconf 87' lang='lat' dir='ltr'><strong>stipulator</strong></span> <span class='ocrx_word' id='word_1_839' title='bbox 2190 1514 2298 1550; x_wconf 88' lang='lat' dir='ltr'><strong>quam</strong></span> <span class='ocrx_word' id='word_1_840' title='bbox 2319 1514 2404 1549; x_wconf 91' lang='lat' dir='ltr'><strong>pro-</strong></span> 
     </span>
     <span class='ocr_line' id='line_1_112' title="bbox 1313 1547 2404 1602; baseline 0.002 -19"><span class='ocrx_word' id='word_1_841' title='bbox 1313 1547 1442 1584; x_wconf 91' lang='lat' dir='ltr'><strong>missor</strong></span> <span class='ocrx_word' id='word_1_842' title='bbox 1466 1551 1550 1583; x_wconf 91' lang='lat' dir='ltr'><strong>ante</strong></span> <span class='ocrx_word' id='word_1_843' title='bbox 1574 1548 1720 1593; x_wconf 85' lang='lat' dir='ltr'><strong>aliquod</strong></span> <span class='ocrx_word' id='word_1_844' title='bbox 1743 1552 1883 1595; x_wconf 90' lang='lat' dir='ltr'><strong>tempus</strong></span> <span class='ocrx_word' id='word_1_845' title='bbox 1908 1559 1973 1584; x_wconf 90' lang='lat' dir='ltr'><strong>suo</strong></span> <span class='ocrx_word' id='word_1_846' title='bbox 1998 1549 2147 1595; x_wconf 91' lang='lat' dir='ltr'><strong>quisque</strong></span> <span class='ocrx_word' id='word_1_847' title='bbox 2166 1549 2404 1602; x_wconf 82' lang='lat' dir='ltr'><strong>dispensatori</strong></span> 
     </span>
     <span class='ocr_line' id='line_1_113' title="bbox 1314 1592 2402 1639; baseline 0.002 -11"><span class='ocrx_word' id='word_1_848' title='bbox 1314 1596 1439 1628; x_wconf 87' lang='lat' dir='ltr'><strong>notum</strong></span> <span class='ocrx_word' id='word_1_849' title='bbox 1462 1592 1589 1629; x_wconf 89' lang='lat' dir='ltr'><strong>fecerit</strong></span> <span class='ocrx_word' id='word_1_850' title='bbox 1610 1593 1648 1628; x_wconf 92' lang='lat' dir='ltr'><strong>in</strong></span> <span class='ocrx_word' id='word_1_851' title='bbox 1672 1604 1753 1629; x_wconf 91' lang='lat' dir='ltr'><strong>eum</strong></span> <span class='ocrx_word' id='word_1_852' title='bbox 1777 1593 1868 1629; x_wconf 90' lang='lat' dir='ltr'><strong>diem</strong></span> <span class='ocrx_word' id='word_1_853' title='bbox 1889 1593 2047 1629; x_wconf 88' lang='lat' dir='ltr'><strong>futuram</strong></span> <span class='ocrx_word' id='word_1_854' title='bbox 2071 1594 2336 1639; x_wconf 81' lang='lat' dir='ltr'><strong>stipulationem</strong></span> <span class='ocrx_word' id='word_1_855' title='bbox 2359 1605 2402 1630; x_wconf 91' lang='lat' dir='ltr'><strong>ac</strong></span> 
     </span>
     <span class='ocr_line' id='line_1_114' title="bbox 1314 1638 2402 1685; baseline 0.001 -12"><span class='ocrx_word' id='word_1_856' title='bbox 1314 1638 1566 1674; x_wconf 88' lang='lat' dir='ltr'><strong>demandasset</strong></span> <span class='ocrx_word' id='word_1_857' title='bbox 1593 1638 1789 1684; x_wconf 90' lang='lat' dir='ltr'><strong>promissor</strong></span> <span class='ocrx_word' id='word_1_858' title='bbox 1818 1638 1959 1685; x_wconf 89' lang='lat' dir='ltr'><strong>quidem</strong></span> <span class='ocrx_word' id='word_1_859' title='bbox 1982 1650 2047 1675; x_wconf 91' lang='lat' dir='ltr'><strong>suo</strong></span> <span class='ocrx_word' id='word_1_860' title='bbox 2073 1639 2328 1685; x_wconf 85' lang='lat' dir='ltr'><strong>dispensatori,</strong></span> <span class='ocrx_word' id='word_1_861' title='bbox 2362 1644 2402 1675; x_wconf 92' lang='lat' dir='ltr'><strong>ut</strong></span> 
     </span>
     <span class='ocr_line' id='line_1_115' title="bbox 1314 1683 2405 1738; baseline 0.003 -20"><span class='ocrx_word' id='word_1_862' title='bbox 1314 1683 1433 1726; x_wconf 88' lang='lat' dir='ltr'><strong>daret,</strong></span> <span class='ocrx_word' id='word_1_863' title='bbox 1467 1683 1659 1728; x_wconf 87' lang='lat' dir='ltr'><strong>stipulator</strong></span> <span class='ocrx_word' id='word_1_864' title='bbox 1692 1688 1811 1719; x_wconf 86' lang='lat' dir='ltr'><strong>autem</strong></span> <span class='ocrx_word' id='word_1_865' title='bbox 1840 1695 1923 1728; x_wconf 90' lang='lat' dir='ltr'><strong>suo,</strong></span> <span class='ocrx_word' id='word_1_866' title='bbox 1956 1689 1996 1719; x_wconf 94' lang='lat' dir='ltr'><strong>ut</strong></span> <span class='ocrx_word' id='word_1_867' title='bbox 2023 1686 2221 1738; x_wconf 85' lang='lat' dir='ltr'><strong>acciperet:</strong></span> <span class='ocrx_word' id='word_1_868' title='bbox 2255 1685 2351 1730; x_wconf 91' lang='lat' dir='ltr'><strong>quod</strong></span> <span class='ocrx_word' id='word_1_869' title='bbox 2374 1685 2405 1721; x_wconf 85' lang='lat' dir='ltr'><strong>si</strong></span> 
     </span>
     <span class='ocr_line' id='line_1_116' title="bbox 1313 1728 2404 1783; baseline 0.001 -19"><span class='ocrx_word' id='word_1_870' title='bbox 1313 1732 1332 1764; x_wconf 88' lang='lat'>5</span> <span class='ocrx_word' id='word_1_871' title='bbox 1363 1729 1433 1782; x_wconf 69' lang='lat' dir='ltr'><strong>⁸ita</strong></span> <span class='ocrx_word' id='word_1_872' title='bbox 1455 1728 1592 1781; x_wconf 76' lang='lat' dir='ltr'><strong>factum</strong></span> <span class='ocrx_word' id='word_1_873' title='bbox 1616 1729 1743 1781; x_wconf 77' lang='lat' dir='ltr'><strong>fuerit,</strong></span> <span class='ocrx_word' id='word_1_874' title='bbox 1773 1729 1907 1782; x_wconf 74' lang='lat' dir='ltr'><strong>poterit</strong></span> <span class='ocrx_word' id='word_1_875' title='bbox 1929 1730 2047 1782; x_wconf 78' lang='lat' dir='ltr'><strong>valere</strong></span> <span class='ocrx_word' id='word_1_876' title='bbox 2071 1730 2267 1782; x_wconf 77' lang='lat' dir='ltr'><strong>stipulatio.</strong></span> <span class='ocrx_word' id='word_1_877' title='bbox 2315 1730 2404 1783; x_wconf 76' lang='lat' dir='ltr'><strong>Cum</strong></span> 
     </span>
     <span class='ocr_line' id='line_1_117' title="bbox 1314 1774 2404 1820; baseline 0.002 -11"><span class='ocrx_word' id='word_1_878' title='bbox 1314 1774 1413 1809; x_wconf 85' lang='lat' dir='ltr'><strong>‘mihi</strong></span> <span class='ocrx_word' id='word_1_879' title='bbox 1431 1778 1496 1809; x_wconf 88' lang='lat' dir='ltr'><strong>aut</strong></span> <span class='ocrx_word' id='word_1_880' title='bbox 1516 1774 1622 1810; x_wconf 88' lang='lat' dir='ltr'><strong>Titio&#39;</strong></span> <span class='ocrx_word' id='word_1_881' title='bbox 1648 1775 1810 1820; x_wconf 88' lang='lat' dir='ltr'><strong>stipulor,</strong></span> <span class='ocrx_word' id='word_1_882' title='bbox 1835 1774 1967 1810; x_wconf 84' lang='lat' dir='ltr'><strong>dicitur</strong></span> <span class='ocrx_word' id='word_1_883' title='bbox 1986 1776 2092 1811; x_wconf 85' lang='lat' dir='ltr'><strong>aham</strong></span> <span class='ocrx_word' id='word_1_884' title='bbox 2115 1775 2255 1820; x_wconf 84' lang='lat' dir='ltr'><strong>quidem</strong></span> <span class='ocrx_word' id='word_1_885' title='bbox 2275 1786 2350 1811; x_wconf 90' lang='lat' dir='ltr'><strong>rem</strong></span> <span class='ocrx_word' id='word_1_886' title='bbox 2366 1787 2404 1810; x_wconf 89' lang='lat' dir='ltr'><strong>in</strong></span> 
     </span>
     <span class='ocr_line' id='line_1_118' title="bbox 1312 1819 2403 1902; baseline 0.003 -3"><span class='ocrx_word' id='word_1_887' title='bbox 1312 1819 2403 1902; x_wconf 50' lang='lat' dir='ltr'><strong>&amp;Sffit‘inffiffiffleaffssffTiififfiffinfi‘ffli‘ssi”5309373395</strong></span> 
     </span>
     <span class='ocr_line' id='line_1_119' title="bbox 1314 1893 2404 1956; baseline 0.001 -11"><span class='ocrx_word' id='word_1_888' title='bbox 1314 1920 1356 1945; x_wconf 89' lang='lat' dir='ltr'><strong>ea</strong></span> <span class='ocrx_word' id='word_1_889' title='bbox 1387 1920 1445 1945; x_wconf 91' lang='lat' dir='ltr'><strong>res</strong></span> <span class='ocrx_word' id='word_1_890' title='bbox 1477 1909 1597 1945; x_wconf 89' lang='lat' dir='ltr'><strong>soluta</strong></span> <span class='ocrx_word' id='word_1_891' title='bbox 1630 1910 1695 1954; x_wconf 88' lang='lat' dir='ltr'><strong>sit,</strong></span> <span class='ocrx_word' id='word_1_892' title='bbox 1732 1920 1824 1955; x_wconf 89' lang='lat' dir='ltr'><strong>quae</strong></span> <span class='ocrx_word' id='word_1_893' title='bbox 1854 1910 1891 1945; x_wconf 90' lang='lat' dir='ltr'><strong>in</strong></span> <span class='ocrx_word' id='word_1_894' title='bbox 1923 1910 1998 1946; x_wconf 91' lang='lat' dir='ltr'><strong>eius</strong></span> <span class='ocrx_word' id='word_1_895' title='bbox 2030 1893 2186 1956; x_wconf 78' lang='lat' dir='ltr'><strong>persona</strong></span> <span class='ocrx_word' id='word_1_896' title='bbox 2220 1910 2404 1956; x_wconf 83' lang='lat' dir='ltr'><strong>designata</strong></span> 
     </span>
     <span class='ocr_line' id='line_1_120' title="bbox 1313 1955 2405 2002; baseline 0.001 -12"><span class='ocrx_word' id='word_1_897' title='bbox 1313 1955 1440 1998; x_wconf 88' lang='lat' dir='ltr'><strong>fuerit,</strong></span> <span class='ocrx_word' id='word_1_898' title='bbox 1471 1955 1557 1990; x_wconf 89' lang='lat' dir='ltr'><strong>licet</strong></span> <span class='ocrx_word' id='word_1_899' title='bbox 1587 1955 1666 2000; x_wconf 89' lang='lat' dir='ltr'><strong>ipso</strong></span> <span class='ocrx_word' id='word_1_900' title='bbox 1698 1955 1776 1991; x_wconf 89' lang='lat' dir='ltr'><strong>iure</strong></span> <span class='ocrx_word' id='word_1_901' title='bbox 1803 1966 1878 1992; x_wconf 90' lang='lat' dir='ltr'><strong>non</strong></span> <span class='ocrx_word' id='word_1_902' title='bbox 1900 1955 2073 1991; x_wconf 91' lang='lat' dir='ltr'><strong>liberetur</strong></span> <span class='ocrx_word' id='word_1_903' title='bbox 2094 1956 2309 2001; x_wconf 88' lang='lat' dir='ltr'><strong>promissor,</strong></span> <span class='ocrx_word' id='word_1_904' title='bbox 2340 1967 2405 2002; x_wconf 89' lang='lat' dir='ltr'><strong>per</strong></span> 
     </span>
     <span class='ocr_line' id='line_1_121' title="bbox 1314 2000 2404 2046; baseline 0 -10"><span class='ocrx_word' id='word_1_905' title='bbox 1314 2004 1333 2036; x_wconf 91' lang='lat'>6</span> <span class='ocrx_word' id='word_1_906' title='bbox 1381 2000 1626 2045; x_wconf 85' lang='lat' dir='ltr'><strong>exceptionem</strong></span> <span class='ocrx_word' id='word_1_907' title='bbox 1663 2004 1784 2037; x_wconf 87' lang='lat' dir='ltr'><strong>tamen</strong></span> <span class='ocrx_word' id='word_1_908' title='bbox 1819 2000 1962 2036; x_wconf 87' lang='lat' dir='ltr'><strong>defendi</strong></span> <span class='ocrx_word' id='word_1_909' title='bbox 1998 2001 2113 2046; x_wconf 90' lang='lat' dir='ltr'><strong>possit</strong></span> <span class='ocrx_word' id='word_1_910' title='bbox 2124 2003 2162 2036; x_wconf 91' lang='lat'><strong>¹⁰.</strong></span> <span class='ocrx_word' id='word_1_911' title='bbox 2225 2001 2404 2046; x_wconf 85' lang='lat' dir='ltr'><strong>Tempora</strong></span> 
     </span>
     <span class='ocr_line' id='line_1_122' title="bbox 1313 2045 2403 2091; baseline 0 -10"><span class='ocrx_word' id='word_1_912' title='bbox 1313 2056 1397 2082; x_wconf 89' lang='lat' dir='ltr'><strong>vero</strong></span> <span class='ocrx_word' id='word_1_913' title='bbox 1430 2045 1570 2081; x_wconf 87' lang='lat' dir='ltr'><strong>diversa</strong></span> <span class='ocrx_word' id='word_1_914' title='bbox 1600 2045 1778 2091; x_wconf 87' lang='lat' dir='ltr'><strong>designari</strong></span> <span class='ocrx_word' id='word_1_915' title='bbox 1809 2057 1935 2091; x_wconf 90' lang='lat' dir='ltr'><strong>posse,</strong></span> <span class='ocrx_word' id='word_1_916' title='bbox 1975 2046 2085 2082; x_wconf 86' lang='lat' dir='ltr'><strong>veluti</strong></span> <span class='ocrx_word' id='word_1_917' title='bbox 2115 2046 2212 2082; x_wconf 86' lang='lat' dir='ltr'><strong>‘mihi</strong></span> <span class='ocrx_word' id='word_1_918' title='bbox 2241 2046 2403 2082; x_wconf 86' lang='lat' dir='ltr'><strong>kalendis</strong></span> 
     </span>
     <span class='ocr_line' id='line_1_123' title="bbox 1314 2090 2404 2127; baseline 0.001 -1"><span class='ocrx_word' id='word_1_919' title='bbox 1314 2090 1501 2127; x_wconf 83' lang='lat' dir='ltr'><strong>‘Ianuariis</strong></span> <span class='ocrx_word' id='word_1_920' title='bbox 1524 2095 1587 2126; x_wconf 90' lang='lat' dir='ltr'><strong>aut</strong></span> <span class='ocrx_word' id='word_1_921' title='bbox 1609 2091 1702 2126; x_wconf 91' lang='lat' dir='ltr'><strong>Titio</strong></span> <span class='ocrx_word' id='word_1_922' title='bbox 1722 2091 1886 2127; x_wconf 89' lang='lat' dir='ltr'><strong>kalendis</strong></span> <span class='ocrx_word' id='word_1_923' title='bbox 1902 2091 2109 2127; x_wconf 89' lang='lat' dir='ltr'><strong>Februariis</strong></span> <span class='ocrx_word' id='word_1_924' title='bbox 2118 2092 2146 2127; x_wconf 72' lang='lat' dir='ltr'><strong>P’</strong></span> <span class='ocrx_word' id='word_1_925' title='bbox 2170 2091 2276 2127; x_wconf 90' lang='lat' dir='ltr'><strong>immo</strong></span> <span class='ocrx_word' id='word_1_926' title='bbox 2298 2092 2404 2127; x_wconf 84' lang='lat' dir='ltr'><strong>etiam</strong></span> 
     </span>
     <span class='ocr_line' id='line_1_124' title="bbox 1314 2136 2400 2181; baseline 0.001 -10"><span class='ocrx_word' id='word_1_927' title='bbox 1314 2136 1512 2172; x_wconf 86' lang='lat' dir='ltr'><strong>citeriorem</strong></span> <span class='ocrx_word' id='word_1_928' title='bbox 1551 2137 1643 2171; x_wconf 89' lang='lat' dir='ltr'><strong>diem</strong></span> <span class='ocrx_word' id='word_1_929' title='bbox 1678 2137 1716 2171; x_wconf 93' lang='lat' dir='ltr'><strong>in</strong></span> <span class='ocrx_word' id='word_1_930' title='bbox 1748 2136 1834 2172; x_wconf 89' lang='lat' dir='ltr'><strong>Titii</strong></span> <span class='ocrx_word' id='word_1_931' title='bbox 1869 2147 2059 2181; x_wconf 87' lang='lat' dir='ltr'><strong>personam</strong></span> <span class='ocrx_word' id='word_1_932' title='bbox 2097 2137 2253 2172; x_wconf 87' lang='lat' dir='ltr'><strong>conferri</strong></span> <span class='ocrx_word' id='word_1_933' title='bbox 2309 2147 2400 2180; x_wconf 89' lang='lat' dir='ltr'><strong>osse,</strong></span> 
     </span>
     <span class='ocr_line' id='line_1_125' title="bbox 1314 2181 2403 2224; baseline -0.001 -7"><span class='ocrx_word' id='word_1_934' title='bbox 1314 2181 1425 2217; x_wconf 91' lang='lat' dir='ltr'><strong>veluti</strong></span> <span class='ocrx_word' id='word_1_935' title='bbox 1457 2182 1555 2216; x_wconf 87' lang='lat' dir='ltr'><strong>‘mihi</strong></span> <span class='ocrx_word' id='word_1_936' title='bbox 1582 2181 1746 2217; x_wconf 87' lang='lat' dir='ltr'><strong>kalendis</strong></span> <span class='ocrx_word' id='word_1_937' title='bbox 1776 2181 1999 2224; x_wconf 88' lang='lat' dir='ltr'><strong>Februariis,</strong></span> <span class='ocrx_word' id='word_1_938' title='bbox 2032 2181 2127 2217; x_wconf 90' lang='lat' dir='ltr'><strong>Titio</strong></span> <span class='ocrx_word' id='word_1_939' title='bbox 2158 2182 2266 2218; x_wconf 86' lang='lat' dir='ltr'><strong>kalen</strong></span> <span class='ocrx_word' id='word_1_940' title='bbox 2345 2181 2403 2216; x_wconf 92' lang='lat' dir='ltr'><strong>Ia-</strong></span> 
     </span>
     <span class='ocr_line' id='line_1_126' title="bbox 1314 2227 2403 2272; baseline 0.001 -10"><span class='ocrx_word' id='word_1_941' title='bbox 1314 2227 1460 2263; x_wconf 90' lang='lat' dir='ltr'><strong>‘nuariis</strong></span> <span class='ocrx_word' id='word_1_942' title='bbox 1469 2227 1497 2261; x_wconf 82' lang='lat'><strong>‘?&#39;</strong></span> <span class='ocrx_word' id='word_1_943' title='bbox 1529 2237 1599 2271; x_wconf 94' lang='lat' dir='ltr'><strong>quo</strong></span> <span class='ocrx_word' id='word_1_944' title='bbox 1631 2237 1719 2262; x_wconf 86' lang='lat' dir='ltr'><strong>casu</strong></span> <span class='ocrx_word' id='word_1_945' title='bbox 1742 2227 1850 2262; x_wconf 90' lang='lat' dir='ltr'><strong>talem</strong></span> <span class='ocrx_word' id='word_1_946' title='bbox 1874 2237 1952 2263; x_wconf 91' lang='lat' dir='ltr'><strong>esse</strong></span> <span class='ocrx_word' id='word_1_947' title='bbox 1977 2227 2241 2272; x_wconf 89' lang='lat' dir='ltr'><strong>stipulationem</strong></span> <span class='ocrx_word' id='word_1_948' title='bbox 2265 2227 2403 2263; x_wconf 89' lang='lat' dir='ltr'><strong>intelle-</strong></span> 
     </span>
     <span class='ocr_line' id='line_1_127' title="bbox 1312 2271 2404 2317; baseline -0.001 -9"><span class='ocrx_word' id='word_1_949' title='bbox 1312 2282 1455 2317; x_wconf 85' lang='lat' dir='ltr'><strong>gemus:</strong></span> <span class='ocrx_word' id='word_1_950' title='bbox 1481 2272 1522 2307; x_wconf 87' lang='lat' dir='ltr'><strong>‘si</strong></span> <span class='ocrx_word' id='word_1_951' title='bbox 1543 2271 1638 2307; x_wconf 90' lang='lat' dir='ltr'><strong>Titio</strong></span> <span class='ocrx_word' id='word_1_952' title='bbox 1662 2272 1825 2308; x_wconf 89' lang='lat' dir='ltr'><strong>kalendis</strong></span> <span class='ocrx_word' id='word_1_953' title='bbox 1845 2272 2023 2308; x_wconf 89' lang='lat' dir='ltr'><strong>Ianuariis</strong></span> <span class='ocrx_word' id='word_1_954' title='bbox 2046 2283 2120 2308; x_wconf 94' lang='lat' dir='ltr'><strong>non</strong></span> <span class='ocrx_word' id='word_1_955' title='bbox 2144 2271 2293 2316; x_wconf 90' lang='lat' dir='ltr'><strong>dederis,</strong></span> <span class='ocrx_word' id='word_1_956' title='bbox 2318 2272 2404 2307; x_wconf 90' lang='lat' dir='ltr'><strong>mihi</strong></span> 
     </span>
     <span class='ocr_line' id='line_1_128' title="bbox 1315 2316 2401 2353; baseline 0.002 -2"><span class='ocrx_word' id='word_1_957' title='bbox 1315 2321 1332 2351; x_wconf 84' lang='lat'><strong>7</strong></span> <span class='ocrx_word' id='word_1_958' title='bbox 1383 2316 1559 2352; x_wconf 89' lang='lat' dir='ltr'><strong>‘kalendis</strong></span> <span class='ocrx_word' id='word_1_959' title='bbox 1583 2317 1791 2353; x_wconf 87' lang='lat' dir='ltr'><strong>Februariis</strong></span> <span class='ocrx_word' id='word_1_960' title='bbox 1823 2317 1908 2353; x_wconf 90' lang='lat' dir='ltr'><strong>dare</strong></span> <span class='ocrx_word' id='word_1_961' title='bbox 1937 2328 1955 2353; x_wconf 93' lang='lat' dir='ltr'><strong>s</strong></span> <span class='ocrx_word' id='word_1_962' title='bbox 1984 2317 2094 2353; x_wconf 90' lang='lat' dir='ltr'><strong>ondes</strong></span> <span class='ocrx_word' id='word_1_963' title='bbox 2102 2318 2129 2352; x_wconf 84' lang='lat'><strong>?&#39;</strong></span> <span class='ocrx_word' id='word_1_964' title='bbox 2177 2317 2248 2353; x_wconf 90' lang='lat' dir='ltr'><strong>Sed</strong></span> <span class='ocrx_word' id='word_1_965' title='bbox 2275 2327 2401 2353; x_wconf 71' lang='lat' dir='ltr'><strong>rursus</strong></span> 
     </span>
     <span class='ocr_line' id='line_1_129' title="bbox 1313 2361 2403 2408; baseline -0.001 -10"><span class='ocrx_word' id='word_1_966' title='bbox 1313 2361 1401 2398; x_wconf 90' lang='lat' dir='ltr'><strong>mihi</strong></span> <span class='ocrx_word' id='word_1_967' title='bbox 1424 2361 1565 2407; x_wconf 85' lang='lat' dir='ltr'><strong>quidem</strong></span> <span class='ocrx_word' id='word_1_968' title='bbox 1587 2372 1677 2407; x_wconf 91' lang='lat' dir='ltr'><strong>pure</strong></span> <span class='ocrx_word' id='word_1_969' title='bbox 1701 2367 1765 2398; x_wconf 91' lang='lat' dir='ltr'><strong>aut</strong></span> <span class='ocrx_word' id='word_1_970' title='bbox 1787 2362 1882 2398; x_wconf 82' lang='lat' dir='ltr'><strong>Titio</strong></span> <span class='ocrx_word' id='word_1_971' title='bbox 1913 2373 1956 2398; x_wconf 91' lang='lat' dir='ltr'><strong>su</strong></span> <span class='ocrx_word' id='word_1_972' title='bbox 2006 2362 2214 2399; x_wconf 88' lang='lat' dir='ltr'><strong>condicione</strong></span> <span class='ocrx_word' id='word_1_973' title='bbox 2238 2362 2403 2408; x_wconf 86' lang='lat' dir='ltr'><strong>stipulari</strong></span> 
     </span>
    </p>

    <p class='ocr_par' dir='ltr' id='par_1_13' title="bbox 1312 2407 2404 3221">
     <span class='ocr_line' id='line_1_130' title="bbox 1340 2407 2403 2446; baseline 0 -4"><span class='ocrx_word' id='word_1_974' title='bbox 1340 2417 1471 2443; x_wconf 89' lang='lat' dir='ltr'><strong>ossum.</strong></span> <span class='ocrx_word' id='word_1_975' title='bbox 1519 2412 1645 2443; x_wconf 83' lang='lat' dir='ltr'><strong>contra</strong></span> <span class='ocrx_word' id='word_1_976' title='bbox 1681 2418 1764 2443; x_wconf 90' lang='lat' dir='ltr'><strong>vero</strong></span> <span class='ocrx_word' id='word_1_977' title='bbox 1800 2407 1832 2443; x_wconf 92' lang='lat' dir='ltr'><strong>si</strong></span> <span class='ocrx_word' id='word_1_978' title='bbox 1867 2407 1954 2442; x_wconf 87' lang='lat' dir='ltr'><strong>mihi</strong></span> <span class='ocrx_word' id='word_1_979' title='bbox 1990 2408 2058 2443; x_wconf 91' lang='lat' dir='ltr'><strong>sub</strong></span> <span class='ocrx_word' id='word_1_980' title='bbox 2097 2407 2308 2446; x_wconf 88' lang='lat' dir='ltr'><strong>condicione</strong></span> <span class='ocrx_word' id='word_1_981' title='bbox 2339 2411 2403 2442; x_wconf 88' lang='lat' dir='ltr'><strong>aut</strong></span> 
     </span>
     <span class='ocr_line' id='line_1_131' title="bbox 1312 2419 2403 2505; baseline 0.001 -18"><span class='ocrx_word' id='word_1_982' title='bbox 1312 2419 1410 2488; x_wconf 48' lang='lat' dir='ltr'><strong>linio</strong></span> <span class='ocrx_word' id='word_1_983' title='bbox 1433 2462 1533 2498; x_wconf 91' lang='lat' dir='ltr'><strong>pure,</strong></span> <span class='ocrx_word' id='word_1_984' title='bbox 1557 2452 1692 2487; x_wconf 90' lang='lat' dir='ltr'><strong>inutilis</strong></span> <span class='ocrx_word' id='word_1_985' title='bbox 1715 2452 1783 2488; x_wconf 88' lang='lat' dir='ltr'><strong>erit</strong></span> <span class='ocrx_word' id='word_1_986' title='bbox 1806 2456 1884 2488; x_wconf 88' lang='lat' dir='ltr'><strong>tota</strong></span> <span class='ocrx_word' id='word_1_987' title='bbox 1908 2452 2104 2505; x_wconf 88' lang='lat' dir='ltr'><strong>stipulatio,</strong></span> <span class='ocrx_word' id='word_1_988' title='bbox 2134 2452 2205 2488; x_wconf 92' lang='lat' dir='ltr'><strong>nisi</strong></span> <span class='ocrx_word' id='word_1_989' title='bbox 2226 2452 2265 2488; x_wconf 91' lang='lat' dir='ltr'><strong>in</strong></span> <span class='ocrx_word' id='word_1_990' title='bbox 2287 2462 2403 2488; x_wconf 86' lang='lat' dir='ltr'><strong>meam</strong></span> 
     </span>
     <span class='ocr_line' id='line_1_132' title="bbox 1314 2497 2403 2551; baseline -0.001 -18"><span class='ocrx_word' id='word_1_991' title='bbox 1314 2507 1506 2544; x_wconf 91' lang='lat' dir='ltr'><strong>personam</strong></span> <span class='ocrx_word' id='word_1_992' title='bbox 1528 2497 1690 2534; x_wconf 90' lang='lat' dir='ltr'><strong>condicio</strong></span> <span class='ocrx_word' id='word_1_993' title='bbox 1714 2497 1889 2540; x_wconf 82' lang='lat' dir='ltr'><strong>extiterit,</strong></span> <span class='ocrx_word' id='word_1_994' title='bbox 1919 2497 2056 2533; x_wconf 88' lang='lat' dir='ltr'><strong>scilicet</strong></span> <span class='ocrx_word' id='word_1_995' title='bbox 2080 2498 2180 2551; x_wconf 76' lang='lat' dir='ltr'><strong>quia,</strong></span> <span class='ocrx_word' id='word_1_996' title='bbox 2215 2497 2284 2534; x_wconf 86' lang='lat' dir='ltr'><strong>nisi</strong></span> <span class='ocrx_word' id='word_1_997' title='bbox 2308 2497 2403 2542; x_wconf 87' lang='lat' dir='ltr'><strong>quod</strong></span> 
     </span>
     <span class='ocr_line' id='line_1_133' title="bbox 1315 2542 2404 2588; baseline 0 -11"><span class='ocrx_word' id='word_1_998' title='bbox 1315 2543 1360 2578; x_wconf 88' lang='lat' dir='ltr'><strong>ad</strong></span> <span class='ocrx_word' id='word_1_999' title='bbox 1383 2553 1440 2578; x_wconf 91' lang='lat' dir='ltr'><strong>me</strong></span> <span class='ocrx_word' id='word_1_1000' title='bbox 1463 2542 1533 2578; x_wconf 90' lang='lat' dir='ltr'><strong>vim</strong></span> <span class='ocrx_word' id='word_1_1001' title='bbox 1557 2543 1737 2588; x_wconf 88' lang='lat' dir='ltr'><strong>acceperit</strong></span> <span class='ocrx_word' id='word_1_1002' title='bbox 1761 2543 1949 2588; x_wconf 89' lang='lat' dir='ltr'><strong>obligatio,</strong></span> <span class='ocrx_word' id='word_1_1003' title='bbox 1981 2542 2133 2579; x_wconf 87' lang='lat' dir='ltr'><strong>adiectio</strong></span> <span class='ocrx_word' id='word_1_1004' title='bbox 2165 2542 2253 2578; x_wconf 91' lang='lat' dir='ltr'><strong>nihil</strong></span> <span class='ocrx_word' id='word_1_1005' title='bbox 2283 2547 2404 2588; x_wconf 88' lang='lat' dir='ltr'><strong>potest</strong></span> 
     </span>
     <span class='ocr_line' id='line_1_134' title="bbox 1314 2587 2402 2633; baseline 0 -10"><span class='ocrx_word' id='word_1_1006' title='bbox 1314 2588 1443 2623; x_wconf 85' lang='lat' dir='ltr'><strong>valere.</strong></span> <span class='ocrx_word' id='word_1_1007' title='bbox 1479 2588 1549 2623; x_wconf 91' lang='lat' dir='ltr'><strong>hoc</strong></span> <span class='ocrx_word' id='word_1_1008' title='bbox 1572 2591 1692 2623; x_wconf 87' lang='lat' dir='ltr'><strong>tamen</strong></span> <span class='ocrx_word' id='word_1_1009' title='bbox 1714 2588 1767 2623; x_wconf 89' lang='lat' dir='ltr'><strong>ita</strong></span> <span class='ocrx_word' id='word_1_1010' title='bbox 1790 2588 1929 2623; x_wconf 88' lang='lat' dir='ltr'><strong>demum</strong></span> <span class='ocrx_word' id='word_1_1011' title='bbox 1952 2588 2102 2624; x_wconf 89' lang='lat' dir='ltr'><strong>tractari</strong></span> <span class='ocrx_word' id='word_1_1012' title='bbox 2124 2591 2254 2633; x_wconf 87' lang='lat' dir='ltr'><strong>potest,</strong></span> <span class='ocrx_word' id='word_1_1013' title='bbox 2279 2587 2310 2623; x_wconf 90' lang='lat' dir='ltr'><strong>si</strong></span> <span class='ocrx_word' id='word_1_1014' title='bbox 2331 2587 2402 2624; x_wconf 90' lang='lat' dir='ltr'><strong>evi-</strong></span> 
     </span>
     <span class='ocr_line' id='line_1_135' title="bbox 1315 2632 2403 2678; baseline 0 -10"><span class='ocrx_word' id='word_1_1015' title='bbox 1315 2633 1440 2669; x_wconf 91' lang='lat' dir='ltr'><strong>denter</strong></span> <span class='ocrx_word' id='word_1_1016' title='bbox 1463 2637 1615 2678; x_wconf 85' lang='lat' dir='ltr'><strong>apparet</strong></span> <span class='ocrx_word' id='word_1_1017' title='bbox 1637 2644 1728 2678; x_wconf 92' lang='lat' dir='ltr'><strong>pure</strong></span> <span class='ocrx_word' id='word_1_1018' title='bbox 1752 2633 1839 2668; x_wconf 85' lang='lat' dir='ltr'><strong>Titii</strong></span> <span class='ocrx_word' id='word_1_1019' title='bbox 1867 2643 2022 2678; x_wconf 85' lang='lat' dir='ltr'><strong>persona</strong></span> <span class='ocrx_word' id='word_1_1020' title='bbox 2051 2633 2209 2670; x_wconf 85' lang='lat' dir='ltr'><strong>adiecta:</strong></span> <span class='ocrx_word' id='word_1_1021' title='bbox 2242 2632 2403 2678; x_wconf 88' lang='lat' dir='ltr'><strong>alioquin</strong></span> 
     </span>
     <span class='ocr_line' id='line_1_136' title="bbox 1316 2677 2403 2720; baseline -0.001 -6"><span class='ocrx_word' id='word_1_1022' title='bbox 1316 2689 1398 2714; x_wconf 89' lang='lat' dir='ltr'><strong>cum</strong></span> <span class='ocrx_word' id='word_1_1023' title='bbox 1419 2678 1472 2713; x_wconf 90' lang='lat' dir='ltr'><strong>ita</strong></span> <span class='ocrx_word' id='word_1_1024' title='bbox 1495 2678 1542 2714; x_wconf 89' lang='lat' dir='ltr'><strong>sti</strong></span> <span class='ocrx_word' id='word_1_1025' title='bbox 1567 2678 1665 2714; x_wconf 90' lang='lat' dir='ltr'><strong>ulor:</strong></span> <span class='ocrx_word' id='word_1_1026' title='bbox 1701 2678 1743 2714; x_wconf 91' lang='lat' dir='ltr'><strong>‘si</strong></span> <span class='ocrx_word' id='word_1_1027' title='bbox 1775 2678 1875 2714; x_wconf 89' lang='lat' dir='ltr'><strong>navis</strong></span> <span class='ocrx_word' id='word_1_1028' title='bbox 1907 2689 1951 2714; x_wconf 83' lang='lat' dir='ltr'><strong>ex</strong></span> <span class='ocrx_word' id='word_1_1029' title='bbox 1973 2678 2098 2714; x_wconf 82' lang='lat' dir='ltr'><strong>Africa</strong></span> <span class='ocrx_word' id='word_1_1030' title='bbox 2129 2678 2282 2720; x_wconf 90' lang='lat' dir='ltr'><strong>venerit,</strong></span> <span class='ocrx_word' id='word_1_1031' title='bbox 2315 2677 2403 2713; x_wconf 91' lang='lat' dir='ltr'><strong>mihi</strong></span> 
     </span>
     <span class='ocr_line' id='line_1_137' title="bbox 1316 2723 2401 2777; baseline -0.001 -18"><span class='ocrx_word' id='word_1_1032' title='bbox 1316 2727 1391 2759; x_wconf 88' lang='lat' dir='ltr'><strong>‘aut</strong></span> <span class='ocrx_word' id='word_1_1033' title='bbox 1414 2723 1508 2759; x_wconf 88' lang='lat' dir='ltr'><strong>Titio</strong></span> <span class='ocrx_word' id='word_1_1034' title='bbox 1558 2723 1613 2758; x_wconf 91' lang='lat' dir='ltr'><strong>ari</strong></span> <span class='ocrx_word' id='word_1_1035' title='bbox 1636 2723 1790 2777; x_wconf 82' lang='lat' dir='ltr'><strong>spondes</strong></span> <span class='ocrx_word' id='word_1_1036' title='bbox 1798 2724 1826 2758; x_wconf 82' lang='lat'><strong>‘?’</strong></span> <span class='ocrx_word' id='word_1_1037' title='bbox 1869 2723 1956 2759; x_wconf 90' lang='lat' dir='ltr'><strong>Titii</strong></span> <span class='ocrx_word' id='word_1_1038' title='bbox 1984 2734 2054 2768; x_wconf 87' lang='lat' dir='ltr'><strong>quo</strong></span> <span class='ocrx_word' id='word_1_1039' title='bbox 2080 2734 2126 2759; x_wconf 91' lang='lat' dir='ltr'><strong>ue</strong></span> <span class='ocrx_word' id='word_1_1040' title='bbox 2181 2734 2310 2760; x_wconf 90' lang='lat' dir='ltr'><strong>ersona</strong></span> <span class='ocrx_word' id='word_1_1041' title='bbox 2333 2723 2401 2758; x_wconf 93' lang='lat' dir='ltr'><strong>sub</strong></span> 
     </span>
     <span class='ocr_line' id='line_1_138' title="bbox 1316 2768 2401 2814; baseline 0 -10"><span class='ocrx_word' id='word_1_1042' title='bbox 1316 2772 1335 2804; x_wconf 86' lang='lat'>8</span> <span class='ocrx_word' id='word_1_1043' title='bbox 1384 2768 1508 2804; x_wconf 87' lang='lat' dir='ltr'><strong>eadem</strong></span> <span class='ocrx_word' id='word_1_1044' title='bbox 1533 2768 1741 2805; x_wconf 89' lang='lat' dir='ltr'><strong>condicione</strong></span> <span class='ocrx_word' id='word_1_1045' title='bbox 1765 2768 1858 2804; x_wconf 89' lang='lat' dir='ltr'><strong>adici</strong></span> <span class='ocrx_word' id='word_1_1046' title='bbox 1882 2768 2031 2804; x_wconf 90' lang='lat' dir='ltr'><strong>videtur.</strong></span> <span class='ocrx_word' id='word_1_1047' title='bbox 2175 2779 2218 2804; x_wconf 93' lang='lat' dir='ltr'><strong>oc</strong></span> <span class='ocrx_word' id='word_1_1048' title='bbox 2238 2772 2401 2814; x_wconf 87' lang='lat' dir='ltr'><strong>apparet,</strong></span> 
     </span>
     <span class='ocr_line' id='line_1_139' title="bbox 1315 2812 2401 2859; baseline -0.001 -10"><span class='ocrx_word' id='word_1_1049' title='bbox 1315 2814 1346 2849; x_wconf 94' lang='lat' dir='ltr'><strong>si</strong></span> <span class='ocrx_word' id='word_1_1050' title='bbox 1377 2814 1517 2849; x_wconf 90' lang='lat' dir='ltr'><strong>diversa</strong></span> <span class='ocrx_word' id='word_1_1051' title='bbox 1549 2813 1711 2850; x_wconf 90' lang='lat' dir='ltr'><strong>condicio</strong></span> <span class='ocrx_word' id='word_1_1052' title='bbox 1740 2814 1779 2849; x_wconf 92' lang='lat' dir='ltr'><strong>in</strong></span> <span class='ocrx_word' id='word_1_1053' title='bbox 1809 2824 1924 2850; x_wconf 90' lang='lat' dir='ltr'><strong>meam</strong></span> <span class='ocrx_word' id='word_1_1054' title='bbox 1952 2824 2160 2859; x_wconf 90' lang='lat' dir='ltr'><strong>personam,</strong></span> <span class='ocrx_word' id='word_1_1055' title='bbox 2193 2813 2333 2850; x_wconf 85' lang='lat' dir='ltr'><strong>diversa</strong></span> <span class='ocrx_word' id='word_1_1056' title='bbox 2363 2812 2401 2848; x_wconf 92' lang='lat' dir='ltr'><strong>in</strong></span> 
     </span>
     <span class='ocr_line' id='line_1_140' title="bbox 1316 2858 2399 2904; baseline -0.001 -10"><span class='ocrx_word' id='word_1_1057' title='bbox 1316 2859 1402 2894; x_wconf 90' lang='lat' dir='ltr'><strong>Titii</strong></span> <span class='ocrx_word' id='word_1_1058' title='bbox 1425 2859 1544 2904; x_wconf 90' lang='lat' dir='ltr'><strong>posita</strong></span> <span class='ocrx_word' id='word_1_1059' title='bbox 1566 2859 1614 2896; x_wconf 91' lang='lat' dir='ltr'><strong>sit</strong></span> <span class='ocrx_word' id='word_1_1060' title='bbox 1636 2869 1703 2894; x_wconf 88' lang='lat' dir='ltr'><strong>nec</strong></span> <span class='ocrx_word' id='word_1_1061' title='bbox 1726 2859 1763 2894; x_wconf 92' lang='lat' dir='ltr'><strong>in</strong></span> <span class='ocrx_word' id='word_1_1062' title='bbox 1786 2869 1901 2894; x_wconf 91' lang='lat' dir='ltr'><strong>meam</strong></span> <span class='ocrx_word' id='word_1_1063' title='bbox 1951 2869 2115 2895; x_wconf 86' lang='lat' dir='ltr'><strong>ersonam</strong></span> <span class='ocrx_word' id='word_1_1064' title='bbox 2138 2858 2295 2894; x_wconf 83' lang='lat' dir='ltr'><strong>extiterit</strong></span> <span class='ocrx_word' id='word_1_1065' title='bbox 2315 2868 2399 2894; x_wconf 91' lang='lat' dir='ltr'><strong>con-</strong></span> 
     </span>
     <span class='ocr_line' id='line_1_141' title="bbox 1316 2903 2398 2951; baseline -0.001 -12"><span class='ocrx_word' id='word_1_1066' title='bbox 1316 2904 1424 2948; x_wconf 90' lang='lat' dir='ltr'><strong>dicio,</strong></span> <span class='ocrx_word' id='word_1_1067' title='bbox 1450 2907 1563 2939; x_wconf 87' lang='lat' dir='ltr'><strong>totam</strong></span> <span class='ocrx_word' id='word_1_1068' title='bbox 1586 2904 1853 2949; x_wconf 89' lang='lat' dir='ltr'><strong>stipulationem</strong></span> <span class='ocrx_word' id='word_1_1069' title='bbox 1875 2915 1899 2938; x_wconf 92' lang='lat' dir='ltr'><strong>n</strong></span> <span class='ocrx_word' id='word_1_1070' title='bbox 1955 2904 2008 2939; x_wconf 87' lang='lat' dir='ltr'><strong>&#39;us</strong></span> <span class='ocrx_word' id='word_1_1071' title='bbox 2033 2904 2199 2940; x_wconf 86' lang='lat' dir='ltr'><strong>momenti</strong></span> <span class='ocrx_word' id='word_1_1072' title='bbox 2223 2903 2398 2951; x_wconf 84' lang='lat' dir='ltr'><strong>futuram:</strong></span> 
     </span>
     <span class='ocr_line' id='line_1_142' title="bbox 1315 2948 2401 3003; baseline -0.002 -18"><span class='ocrx_word' id='word_1_1073' title='bbox 1315 2953 1479 3002; x_wconf 74' lang='lat' dir='ltr'><strong>exstante</strong></span> <span class='ocrx_word' id='word_1_1074' title='bbox 1499 2959 1582 3002; x_wconf 77' lang='lat' dir='ltr'><strong>vero</strong></span> <span class='ocrx_word' id='word_1_1075' title='bbox 1602 2959 1681 3002; x_wconf 75' lang='lat' dir='ltr'><strong>mea</strong></span> <span class='ocrx_word' id='word_1_1076' title='bbox 1701 2949 1920 3002; x_wconf 78' lang='lat' dir='ltr'><strong>condicione,</strong></span> <span class='ocrx_word' id='word_1_1077' title='bbox 1940 2948 2240 3003; x_wconf 31' lang='lat' dir='ltr'><strong>squuidemTitii</strong></span> <span class='ocrx_word' id='word_1_1078' title='bbox 2260 2958 2401 3001; x_wconf 79' lang='lat' dir='ltr'><strong>quoque</strong></span> 
     </span>
     <span class='ocr_line' id='line_1_143' title="bbox 1314 2994 2399 3085; baseline -0.001 -11"><span class='ocrx_word' id='word_1_1079' title='bbox 1314 2994 2037 3085; x_wconf 53' lang='lat' dir='ltr'><strong>tffitt⁰52133tffefi¹gfecssssfffffli3:2¹3</strong></span> <span class='ocrx_word' id='word_1_1080' title='bbox 2061 2994 2234 3075; x_wconf 48' lang='lat' dir='ltr'><strong>231¹&amp;AE</strong></span> <span class='ocrx_word' id='word_1_1081' title='bbox 2252 3003 2399 3074; x_wconf 55' lang='lat' dir='ltr'><strong>{3223ss</strong></span> 
     </span>
     <span class='ocr_line' id='line_1_144' title="bbox 1315 3083 2398 3130; baseline -0.001 -11"><span class='ocrx_word' id='word_1_1082' title='bbox 1315 3088 1335 3119; x_wconf 84' lang='lat'>9</span> <span class='ocrx_word' id='word_1_1083' title='bbox 1382 3090 1453 3120; x_wconf 88' lang='lat' dir='ltr'><strong>tur.</strong></span> <span class='ocrx_word' id='word_1_1084' title='bbox 1500 3083 1559 3120; x_wconf 85' lang='lat' dir='ltr'><strong>Ex</strong></span> <span class='ocrx_word' id='word_1_1085' title='bbox 1581 3083 1636 3119; x_wconf 87' lang='lat' dir='ltr'><strong>his</strong></span> <span class='ocrx_word' id='word_1_1086' title='bbox 1661 3084 1824 3121; x_wconf 89' lang='lat' dir='ltr'><strong>omnibus</strong></span> <span class='ocrx_word' id='word_1_1087' title='bbox 1848 3088 2018 3130; x_wconf 85' lang='lat' dir='ltr'><strong>apparet,</strong></span> <span class='ocrx_word' id='word_1_1088' title='bbox 2042 3084 2126 3120; x_wconf 90' lang='lat' dir='ltr'><strong>licet</strong></span> <span class='ocrx_word' id='word_1_1089' title='bbox 2150 3084 2295 3120; x_wconf 86' lang='lat' dir='ltr'><strong>alterius</strong></span> <span class='ocrx_word' id='word_1_1090' title='bbox 2317 3093 2398 3128; x_wconf 90' lang='lat' dir='ltr'><strong>per-</strong></span> 
     </span>
     <span class='ocr_line' id='line_1_145' title="bbox 1315 3128 2399 3172; baseline -0.001 -7"><span class='ocrx_word' id='word_1_1091' title='bbox 1315 3140 1403 3166; x_wconf 86' lang='lat' dir='ltr'><strong>sona</strong></span> <span class='ocrx_word' id='word_1_1092' title='bbox 1426 3140 1499 3166; x_wconf 91' lang='lat' dir='ltr'><strong>non</strong></span> <span class='ocrx_word' id='word_1_1093' title='bbox 1522 3132 1619 3165; x_wconf 87' lang='lat' dir='ltr'><strong>recte</strong></span> <span class='ocrx_word' id='word_1_1094' title='bbox 1644 3129 1837 3172; x_wconf 84' lang='lat' dir='ltr'><strong>adiciatur,</strong></span> <span class='ocrx_word' id='word_1_1095' title='bbox 1870 3140 1942 3165; x_wconf 91' lang='lat' dir='ltr'><strong>non</strong></span> <span class='ocrx_word' id='word_1_1096' title='bbox 1969 3129 2049 3165; x_wconf 90' lang='lat' dir='ltr'><strong>ideo</strong></span> <span class='ocrx_word' id='word_1_1097' title='bbox 2074 3128 2191 3165; x_wconf 86' lang='lat' dir='ltr'><strong>minus</strong></span> <span class='ocrx_word' id='word_1_1098' title='bbox 2214 3129 2252 3164; x_wconf 92' lang='lat' dir='ltr'><strong>in</strong></span> <span class='ocrx_word' id='word_1_1099' title='bbox 2276 3131 2399 3164; x_wconf 83' lang='lat' dir='ltr'><strong>nostra</strong></span> 
     </span>
     <span class='ocr_line' id='line_1_146' title="bbox 1314 3173 2141 3221; baseline -0.002 -10"><span class='ocrx_word' id='word_1_1100' title='bbox 1314 3184 1470 3221; x_wconf 86' lang='lat' dir='ltr'><strong>persona</strong></span> <span class='ocrx_word' id='word_1_1101' title='bbox 1492 3173 1626 3210; x_wconf 91' lang='lat' dir='ltr'><strong>utiliter</strong></span> <span class='ocrx_word' id='word_1_1102' title='bbox 1648 3174 1842 3220; x_wconf 87' lang='lat' dir='ltr'><strong>procedere</strong></span> <span class='ocrx_word' id='word_1_1103' title='bbox 1865 3174 2141 3220; x_wconf 85' lang='lat' dir='ltr'><strong>stipulationem.</strong></span> 
     </span>
    </p>
   </div>
   <div class='ocr_carea' id='block_1_8' title="bbox 1463 3311 2248 3410">
    <p class='ocr_par' dir='ltr' id='par_1_14' title="bbox 1463 3311 2248 3410">
     <span class='ocr_line' id='line_1_147' title="bbox 1810 3311 1901 3351; baseline -0.011 0"><span class='ocrx_word' id='word_1_1104' title='bbox 1810 3311 1901 3351; x_wconf 89' lang='lat'><strong>11¹¹.</strong></span> 
     </span>
     <span class='ocr_line' id='line_1_148' title="bbox 1463 3376 2248 3410; baseline -0.001 0"><span class='ocrx_word' id='word_1_1105' title='bbox 1463 3376 1526 3409; x_wconf 79' lang='lat' dir='ltr'><strong>DE</strong></span> <span class='ocrx_word' id='word_1_1106' title='bbox 1549 3376 1725 3410; x_wconf 89' lang='lat' dir='ltr'>DUOBUS</span> <span class='ocrx_word' id='word_1_1107' title='bbox 1749 3377 1853 3410; x_wconf 84' lang='lat' dir='ltr'>REIS</span> <span class='ocrx_word' id='word_1_1108' title='bbox 1877 3376 2248 3410; x_wconf 76' lang='lat' dir='ltr'><strong>CONSTITUENDIS.</strong></span> 
     </span>
    </p>
   </div>
   <div class='ocr_carea' id='block_1_9' title="bbox 1311 3441 2398 3578">
    <p class='ocr_par' dir='ltr' id='par_1_15' title="bbox 1311 3441 2398 3578">
     <span class='ocr_line' id='line_1_149' title="bbox 1363 3441 2397 3490; baseline -0.002 -11"><span class='ocrx_word' id='word_1_1109' title='bbox 1363 3441 1380 3479; x_wconf 81' lang='lat'>1</span> <span class='ocrx_word' id='word_1_1110' title='bbox 1409 3441 1664 3478; x_wconf 67' lang='lat' dir='ltr'><strong>Monnsrmvs</strong></span> <span class='ocrx_word' id='word_1_1111' title='bbox 1692 3442 1783 3479; x_wconf 80' lang='lat' dir='ltr'><strong>libro</strong></span> <span class='ocrx_word' id='word_1_1112' title='bbox 1805 3442 1963 3479; x_wconf 80' lang='lat' dir='ltr'><strong>secundo</strong></span> <span class='ocrx_word' id='word_1_1113' title='bbox 1987 3442 2197 3490; x_wconf 76' lang='lat' dir='ltr'><strong>reqularum</strong></span> <span class='ocrx_word' id='word_1_1114' title='bbox 2243 3441 2311 3486; x_wconf 85' lang='lat' dir='ltr'><strong>Qui</strong></span> <span class='ocrx_word' id='word_1_1115' title='bbox 2335 3442 2397 3477; x_wconf 88' lang='lat' dir='ltr'><strong>sti-</strong></span> 
     </span>
     <span class='ocr_line' id='line_1_150' title="bbox 1312 3486 2398 3534; baseline -0.002 -10"><span class='ocrx_word' id='word_1_1116' title='bbox 1312 3487 1476 3533; x_wconf 88' lang='lat' dir='ltr'><strong>pulatur,</strong></span> <span class='ocrx_word' id='word_1_1117' title='bbox 1509 3498 1591 3523; x_wconf 88' lang='lat' dir='ltr'><strong>reus</strong></span> <span class='ocrx_word' id='word_1_1118' title='bbox 1615 3487 1811 3534; x_wconf 84' lang='lat' dir='ltr'><strong>stipulandi</strong></span> <span class='ocrx_word' id='word_1_1119' title='bbox 1834 3487 1982 3524; x_wconf 89' lang='lat' dir='ltr'><strong>dicitur:</strong></span> <span class='ocrx_word' id='word_1_1120' title='bbox 2009 3488 2069 3533; x_wconf 90' lang='lat' dir='ltr'><strong>qui</strong></span> <span class='ocrx_word' id='word_1_1121' title='bbox 2092 3486 2283 3533; x_wconf 89' lang='lat' dir='ltr'><strong>promittit,</strong></span> <span class='ocrx_word' id='word_1_1122' title='bbox 2315 3496 2398 3523; x_wconf 86' lang='lat' dir='ltr'><strong>reus</strong></span> 
     </span>
     <span class='ocr_line' id='line_1_151' title="bbox 1311 3532 1730 3578; baseline -0.002 -9"><span class='ocrx_word' id='word_1_1123' title='bbox 1311 3532 1542 3578; x_wconf 84' lang='lat' dir='ltr'><strong>promittendi</strong></span> <span class='ocrx_word' id='word_1_1124' title='bbox 1565 3532 1730 3568; x_wconf 88' lang='lat' dir='ltr'><strong>habetur.</strong></span> 
     </span>
    </p>
   </div>
   <div class='ocr_carea' id='block_1_10' title="bbox 1316 3644 2396 3735">
    <p class='ocr_par' dir='ltr' id='par_1_16' title="bbox 1316 3644 2396 3735">
     <span class='ocr_line' id='line_1_152' title="bbox 1358 3644 2396 3689; baseline -0.004 -9"><span class='ocrx_word' id='word_1_1125' title='bbox 1358 3648 1413 3687; x_wconf 82' lang='grc' dir='ltr'><strong>(ιι)</strong></span> <span class='ocrx_word' id='word_1_1126' title='bbox 1432 3645 1513 3679; x_wconf 85' lang='lat' dir='ltr'><strong>Sab.</strong></span> <span class='ocrx_word' id='word_1_1127' title='bbox 1523 3652 1613 3687; x_wconf 76' lang='lat' dir='ltr'><strong>3...e;</strong></span> <span class='ocrx_word' id='word_1_1128' title='bbox 1628 3646 1808 3689; x_wconf 75' lang='lat' dir='ltr'><strong>Pap.o...1e</strong></span> <span class='ocrx_word' id='word_1_1129' title='bbox 1819 3657 1826 3682; x_wconf 84' lang='lat'>:</span> <span class='ocrx_word' id='word_1_1130' title='bbox 1840 3644 1903 3678; x_wconf 78' lang='lat' dir='ltr'><strong>Ed.</strong></span> <span class='ocrx_word' id='word_1_1131' title='bbox 1914 3652 1937 3678; x_wconf 77' lang='lat' dir='ltr'><strong>t.</strong></span> <span class='ocrx_word' id='word_1_1132' title='bbox 1947 3652 2148 3679; x_wconf 76' lang='lat'><strong>2.17...19.—</strong></span> <span class='ocrx_word' id='word_1_1133' title='bbox 2161 3644 2240 3678; x_wconf 70' lang='lat' dir='ltr'><strong>Bas.</strong></span> <span class='ocrx_word' id='word_1_1134' title='bbox 2252 3645 2396 3687; x_wconf 77' lang='lat'><strong>43,2.—</strong></span> 
     </span>
     <span class='ocr_line' id='line_1_153' title="bbox 1316 3690 1560 3735; baseline 0 -10"><span class='ocrx_word' id='word_1_1135' title='bbox 1316 3690 1367 3735; x_wconf 83' lang='lat' dir='ltr'><strong>Cs-</strong></span> <span class='ocrx_word' id='word_1_1136' title='bbox 1384 3690 1462 3725; x_wconf 74' lang='lat' dir='ltr'><strong>eod.</strong></span> <span class='ocrx_word' id='word_1_1137' title='bbox 1479 3691 1511 3733; x_wconf 85' lang='lat' dir='ltr'><strong>S,</strong></span> <span class='ocrx_word' id='word_1_1138' title='bbox 1526 3698 1560 3725; x_wconf 71' lang='lat'><strong>⁴0</strong></span> 
     </span>
    </p>
   </div>
   <div class='ocr_carea' id='block_1_11' title="bbox 2498 2866 2528 3918">
    <p class='ocr_par' dir='ltr' id='par_1_17' title="bbox 2498 2866 2528 3918">
     <span class='ocr_line' id='line_1_154' title="bbox 2498 2866 2528 3918; baseline 0 0"><span class='ocrx_word' id='word_1_1139' title='bbox 2498 2866 2528 3918; x_wconf 95' lang='lat' dir='ltr'><strong> </strong></span> 
     </span>
    </p>
   </div>
  </div>
 </body>
</html>
