2528 3918
205 121 360 154 CONST.
390 122 537 153 TANTA

202 233 298 269 tibus
323 232 435 269 oculis
460 231 637 277 accipere.
685 233 720 265 et
749 228 829 265 ideo
853 229 1089 265 Tamommo
1122 229 1197 265 viro
1228 239 1288 265 ex-

202 279 317 322 celso,
354 279 415 323 qui
449 277 496 312 ad
529 277 641 312 totius
676 274 796 320 operis
829 275 1122 320 gubernationem
1155 274 1290 310 electus

204 327 276 366 est,
308 333 374 359 nec
398 334 470 358 non
494 322 716 357 Tanopmno
741 323 778 356 et
799 319 1008 356 Doaornno
1033 319 1116 355 viris
1142 320 1289 355 illustri-

202 369 272 405 bus
297 372 334 404 et
360 366 626 403 facundissimis
655 365 943 402 antecessoribus
974 364 1158 400 accersitis
1191 375 1289 400 man-

204 413 375 455 davimus,
400 416 577 457 quatenus
596 411 708 455 libris,
734 421 824 456 quos
842 414 978 446 veteres
1001 414 1290 455 composuerunt,

204 460 265 504 qui
295 459 411 503 prima
442 458 558 502 legum
588 460 798 502 argumenta
830 455 1061 491 continebant
1090 459 1126 490 et
1148 455 1290 490 institu-

203 505 318 539 tiones
342 503 581 544 vocabantur,
613 501 806 547 separatim
838 501 1016 541 collectis,
1049 499 1221 544 quidquid
1249 510 1293 535 ex

203 550 259 584 his
291 548 378 583 utile
407 552 444 584 et
474 547 699 593 aptissimum
730 551 765 582 et
796 546 951 590 undique
984 545 1030 580 sit
1053 544 1234 580 elimatum
1258 549 1294 580 et

204 594 322 635 rebus,
349 603 441 638 quae
463 592 502 628 in
525 593 705 638 praesenti
729 602 816 627 aevo
841 592 877 626 in
895 601 963 625 usu
984 593 1182 634 vertuntur,
1208 600 1292 625 con-

205 643 416 674 sentaneum
437 638 625 681 invenitur,
650 638 720 672 hoc
743 641 780 672 et
799 646 928 680 capere
947 634 1117 670 studeant
1135 639 1172 670 et
1189 638 1292 680 quat-

204 690 288 720 tuor
308 684 409 719 libris
429 693 603 729 reponere
622 686 659 718 et
677 682 787 718 totius
807 680 1016 716 eruditionis
1032 680 1149 725 prima
1163 679 1292 715 funda—

203 732 324 764 menta
346 732 455 774 atque
479 728 655 764 elementa
678 737 820 772 ponere,
847 726 975 770 quibus
993 726 1137 761 iuvenes
1157 725 1293 760 suffulti

201 774 344 820 possint
360 774 524 819 graviora
543 778 580 810 et
597 773 812 819 perfectiora
832 772 945 815 legum
967 771 1060 806 scita
1078 774 1291 806 sustentare.

201 820 452 856 admonuimus
472 823 593 855 autem
613 829 687 862 eos,
713 822 753 852 ut
772 827 946 852 memores
964 817 1070 851 etiam
1090 820 1294 852 nostrarum

203 865 293 901 fiant
314 865 619 908 constitutionum,
646 874 734 908 quas
754 873 819 907 pro
837 861 1084 897 emendatione
1100 861 1190 897 iuris
1209 872 1292 907 pro-

203 911 454 956 mulgavimus,
492 914 530 946 et
563 910 601 945 in
635 908 859 944 confectione
887 907 1153 942 institutionum
1186 907 1294 942 etiam

202 956 327 992 eadem
350 955 597 992 emendatione
616 964 750 1000 ponere
769 964 842 988 non
861 956 1062 988 morentur:
1089 957 1130 987 ut
1151 952 1198 987 sit
1217 962 1293 986 ma-

203 1001 373 1038 nifestum
403 1005 441 1037 et
469 1001 555 1046 quid
586 1004 692 1035 antea
722 999 916 1034 vacillabat
939 1002 975 1033 et
998 997 1084 1043 quid
1106 1001 1235 1043 postea
1257 997 1294 1032 in

202 1047 435 1083 stabilitatem
466 1046 676 1082 redactum¹
709 1048 775 1080 est.
824 1043 919 1089 quod
946 1053 1037 1088 opus
1062 1043 1107 1078 ab
1131 1043 1188 1078 his
1211 1053 1292 1087 per-

202 1093 338 1129 fectum
368 1096 410 1127 ut
438 1092 541 1128 nobis
565 1091 725 1126 oblatum
748 1092 785 1125 et
807 1089 979 1124 relectum
1002 1091 1078 1131 est,
1111 1091 1147 1124 et
1175 1098 1292 1141 prono

203 1138 426 1192 suscepimus
459 1137 576 1173 animo
609 1139 645 1171 et
668 1135 801 1171 nostris
826 1134 990 1170 sensibus
1013 1144 1087 1170 non
1108 1133 1293 1178 indignum

204 1194 283 1220 esse
314 1183 547 1219 iudicavimus
576 1186 613 1217 et
635 1180 839 1226 praedictos
862 1180 974 1215 libros
999 1178 1294 1214 constitutionum

202 1230 316 1265 vicem
339 1229 470 1264 habere
493 1228 680 1263 iussimus:
706 1225 802 1271 quod
825 1226 887 1261 et²
908 1225 947 1260 in
971 1225 1133 1260 oratione
1156 1228 1293 1268 nostra,

203 1285 311 1321 quam
334 1274 468 1310 eisdem
490 1273 591 1308 libris
614 1270 908 1317 praeposuimus,
941 1270 1102 1323 apertius
1131 1269 1292 1305 declara-

205 1323 248 1356 12
294 1324 365 1355 tur.
403 1319 507 1355 Omni
530 1319 638 1363 igitur
660 1316 815 1352 Romani
836 1316 925 1352 iuris
946 1315 1178 1361 dispositione
1197 1325 1292 1351 com-

202 1365 323 1412 posita
346 1368 383 1400 et
404 1365 442 1399 in
464 1364 578 1399 tribus
602 1362 858 1406 voluminibus,
890 1361 928 1396 id
952 1365 1007 1397 est
1029 1360 1294 1396 institutionum

201 1415 240 1447 et
263 1411 482 1456 digestorum
505 1419 570 1445 seu
592 1407 853 1454 pandectarum
879 1417 946 1443 nec
970 1417 1043 1442 non
1066 1406 1293 1442 constitutio-

202 1468 305 1500 num,
335 1455 497 1501 perfecta
519 1457 557 1490 et
577 1454 615 1489 in
639 1454 756 1489 tribus
780 1453 884 1488 annis
908 1455 1172 1495 consummata,
1202 1461 1295 1497 quae

202 1506 244 1538 ut
266 1502 420 1547 primum
444 1499 628 1554 separari³
651 1498 788 1544 coepit,
820 1508 937 1552 neque
961 1497 1000 1533 in
1022 1500 1140 1533 totum
1163 1496 1294 1533 decen-

202 1549 300 1583 nium
325 1546 496 1591 compleri
519 1545 752 1590 sperabatur:
786 1542 1022 1590 ommpotenti
1050 1542 1117 1579 deo
1141 1546 1179 1578 et
1200 1542 1294 1578 hanc

202 1603 349 1638 operam
379 1592 427 1627 ad
455 1591 638 1627 hominum
669 1588 968 1626 sustentationem
999 1589 1070 1635 piis
1099 1588 1294 1634 optulimus

203 1638 332 1674 animis
364 1638 563 1682 uberesque
596 1636 730 1682 gratias
765 1634 943 1671 maximae
977 1633 1104 1670 deitati
1136 1633 1294 1670 reddidi-

203 1695 283 1720 mus
294 1684 320 1726 ⁴‚
354 1693 446 1729 quae
474 1682 578 1718 nobis
609 1681 814 1727 praestitit⁵
836 1684 873 1717 et
895 1679 991 1716 bella
1013 1679 1165 1716 feliciter
1188 1689 1295 1723 agere

201 1734 240 1766 et
268 1729 421 1765 honesta
449 1738 539 1774 pace
568 1727 745 1773 perpotiri
778 1730 815 1762 et
849 1727 948 1762 n0n⁸
982 1728 1122 1761 tantum
1156 1728 1293 1767 nostro,

202 1774 267 1811 sed
297 1775 403 1811 etiam
433 1773 529 1810 omni
560 1783 645 1808 aevo
678 1777 753 1807 tam
781 1772 932 1808 instanti
961 1781 1069 1817 quam
1102 1769 1295 1817 posteriori

203 1823 276 1865 (13)
322 1820 416 1865 leges
441 1819 595 1865 optimas
619 1828 767 1863 ponere.
807 1817 972 1854 omnibus
995 1817 1119 1862 itaque
1141 1815 1293 1852 homini-

203 1867 273 1902 bus
298 1865 449 1901 eandem
472 1864 695 1900 sanctionem
718 1862 945 1899 manifestam
974 1861 1096 1898 facere
1127 1871 1294 1897 necessa-

203 1911 320 1947 rium⁷
356 1910 624 1957 perspeximus,
668 1912 709 1945 ut
748 1909 796 1944 sit
830 1909 882 1945 eis
917 1907 1117 1953 cognitum,
1160 1910 1297 1952 quanta

204 1956 414 1993 confusione
439 1959 476 1991 et
495 1955 673 1991 infinitate
696 1954 853 1990 absoluti
870 1954 908 1990 in
925 1954 1058 1999 quam⁸
1080 1951 1295 1988 moderatio-

203 2012 286 2038 nem
309 2006 347 2037 et
367 2001 560 2046 legitimam
582 2000 767 2036 veritatem
790 2002 1047 2045 pervenerunt:
1071 1998 1240 2043 legesque
1258 1997 1296 2032 in

203 2051 387 2094 posterum
417 2047 574 2083 habeant
604 2048 679 2081 tam
709 2044 867 2081 directas
893 2054 1001 2090 quam
1025 2043 1295 2089 compendiosas

204 2093 440 2138 omnibusque
479 2092 519 2127 in
558 2094 725 2137 promptu
764 2091 902 2136 positas
937 2094 973 2125 et
1007 2089 1055 2125 ad
1088 2088 1297 2134 possidendi

204 2139 315 2175 libros
339 2148 463 2174 earum
484 2137 694 2173 facilitatem
716 2135 883 2172 idoneas:
916 2139 958 2171 ut
987 2145 1061 2171 non
1090 2134 1183 2170 mole
1207 2133 1294 2169 divi·

203 2185 336 2220 tiarum
369 2193 529 2237 expensa
558 2182 700 2227 possint
722 2182 884 2217 homines
908 2190 1153 2226 supervacuae
1176 2180 1295 2224 legum

205 2229 441 2265 multitudims
466 2228 616 2273 adipisci
639 2227 836 2270 volumina,
861 2226 926 2263 sed
948 2225 1119 2262 vilissima
1141 2225 1296 2270 pecunia

205 2275 322 2313 facilis
345 2285 470 2311 eorum
493 2273 714 2318 comparatio
738 2275 862 2326 pateat
880 2276 955 2307 tam
976 2271 1165 2307 ditioribus
1187 2280 1295 2316 quam

205 2320 445 2364 tenuioribus,
480 2319 623 2355 minimo
659 2322 774 2364 pret10
810 2328 939 2362 magna
970 2316 1160 2362 prudentia
1190 2325 1294 2361 repa-

208 2370 249 2401 13
275 2369 347 2410 (14)
393 2364 516 2401 randa.
558 2364 596 2400 Si
620 2364 705 2409 quid
728 2367 848 2399 autem
871 2363 908 2398 in
930 2366 1033 2398 tanta
1055 2362 1173 2406 legum
1197 2371 1294 2396 com-

205 2411 395 2457 positione,
415 2420 508 2455 quae
526 2410 573 2445 ab
592 2410 764 2445 immenso
783 2409 955 2444 librorum
975 2417 1123 2443 numero
1144 2405 1296 2442 collecta

205 2461 272 2501 est,
295 2456 434 2493 simile⁹
456 2455 608 2491 forsitan
630 2465 714 2490 raro
737 2453 954 2496 inveniatur,
979 2463 1082 2488 nemo
1107 2453 1177 2488 hoc
1201 2451 1294 2487 vitu-

207 2502 405 2549 perandum
428 2500 616 2544 existimet,
640 2500 705 2536 sed
726 2500 882 2546 primum
905 2499 1047 2545 quidem
1070 2496 1296 2534 inbecillitati

208 2616 252 2661 (ι)
275 2616 452 2660 pedactum
479 2615 516 2649 F

210 2664 255 2704 (4)
277 2663 326 2696 sic
343 2662 384 2704 S,
403 2659 572 2694 reddimus
589 2660 624 2694 F

209 2709 254 2751 (¹1)
278 2717 346 2740 esse
364 2709 425 2741 ins.
445 2707 474 2740 S
566 2707 611 2748 (8)
636 2707 795 2748 quantam
817 2705 846 2739 S

211 2788 641 2806 &U

628 2615 675 2657 (2)
700 2616 734 2648 ot
753 2627 812 2648 om.
835 2614 865 2647 S

732 2660 778 2702 (5)
800 2659 975 2703 praestitet
994 2659 1028 2691 F
1138 2659 1183 2698 (6)
1208 2667 1253 2689 no
1273 2657 1307 2690 F

936 2705 984 2746 (9)
1008 2703 1111 2736 simili
1131 2703 1167 2736 F

203 2843 375 2891 possent,
403 2851 450 2877 ne
478 2838 546 2876 hoc
568 2839 712 2886 quidem
735 2842 896 2876 nostram
915 2837 1182 2885 providentiam
1206 2836 1298 2883 effu-

210 2888 284 2935 9it,
314 2886 379 2922 sed
402 2885 645 2922 Tnmomfflo
674 2887 751 2921 viro
781 2885 1041 2931 qloriosissimo
1073 2886 1109 2919 et
1138 2883 1188 2919 ad
1217 2883 1296 2917 uni-

209 2942 353 2969 versum
387 2931 506 2977 lequm
542 2930 810 2967 condendarum
844 2930 1081 2965 ministerium
1118 2928 1228 2964 electo
1263 2929 1299 2962 et

213 2978 442 3015 Tueopmzo
474 2977 629 3022 itemque
664 2976 876 3011 Donorfmo
908 2975 998 3011 viris
1031 2973 1234 3010 illustribus
1264 2975 1299 3007 et

208 3022 501 3071 prudentissimis
523 3022 826 3063 antecessoribus,
857 3021 945 3056 data
977 3020 1137 3055 iussione
1167 3018 1298 3055 consti-

212 3070 346 3104 tuimus
377 3070 545 3114 oportere
577 3077 627 3102 ex
657 3068 702 3102 iis
732 3077 826 3112 quae
855 3067 894 3102 in
917 3064 1200 3101 institutionibus
1222 3064 1299 3099 suis

211 3117 351 3150 veteres
400 3113 578 3148 osuissent
601 3116 808 3158 opportuna
839 3115 875 3147 et
904 3110 1024 3147 adbuc
1053 3113 1233 3156 usurpata
1264 3111 1298 3144 et

211 3160 269 3195 rei
280 3159 360 3207 pub
376 3159 454 3194 icae
472 3157 616 3204 formae
627 3158 817 3203 praesenti
834 3156 1082 3193 convenientia
1101 3164 1299 3201 excerpere

211 3208 247 3240 et
269 3204 440 3251 colliqere
462 3208 497 3238 ee
519 3202 569 3237 ad
591 3212 658 3237 nos
680 3203 842 3248 adferre,
866 3201 1066 3237 meminisse
1088 3201 1195 3235 etiam
1214 3208 1298 3235 con-

212 3250 437 3286 stitutionum
477 3250 683 3283 nostrarum
722 3247 772 3283 ad
807 3248 975 3294 priorum
1017 3245 1298 3282 emendationem

210 3296 398 3343 factarum
429 3298 465 3330 et
493 3293 546 3329 ita
577 3292 726 3338 efficere
758 3292 869 3329 libros
900 3294 1074 3338 quattuor
1096 3291 1222 3338 prima
1245 3290 1298 3325 in-

212 3340 409 3377 stitutionis
449 3338 622 3375 elementa
655 3338 799 3384 sutura,
834 3348 928 3384 quae
957 3336 1102 3384 placuit
1135 3336 1299 3372 instituta

211 3386 345 3422 vocari.
393 3385 423 3420 ii
442 3386 561 3420 autem
584 3381 653 3419 boc
684 3393 827 3429 quoque
850 3383 941 3418 iuris
972 3391 1066 3429 opus
1089 3381 1298 3428 perfectum

212 3431 317 3467 nobis
346 3429 573 3472 obtulerunt,
614 3427 723 3474 idque
753 3437 820 3463 nos
853 3431 964 3462 totum
995 3426 1235 3474 expendimus
1264 3429 1299 3461 et

214 3476 504 3513 examinavimus
525 3477 562 3510 et
582 3478 679 3509 recte
701 3483 741 3508 se
763 3471 893 3508 babere
920 3476 956 3507 et
977 3483 1028 3508 ex
1050 3472 1165 3507 animi
1185 3470 1302 3506 nostri

213 3522 391 3557 sententia
419 3519 674 3561 iudicavimus,
705 3520 741 3553 et
770 3521 932 3553 nostrum
963 3528 1040 3553 esse
1067 3517 1174 3552 etiam
1203 3515 1300 3551 hunc

215 3567 345 3603 librum
386 3564 648 3602 declaravimus
688 3566 724 3598 et
761 3563 1053 3600 constitutionum
1091 3565 1299 3597 nostrarum

214 3613 327 3648 vicem
359 3611 491 3648 habere
520 3620 601 3645 eum
631 3609 678 3644 iis
711 3619 806 3654 quae
839 3609 878 3643 in
912 3608 1076 3643 exordiis
1107 3608 1187 3642 eius
1216 3605 1302 3641 libri

220 3661 261 3693 12
308 3657 405 3694 dicta
422 3659 510 3692 sunt
524 3654 795 3691 declaravimus.
831 3651 895 3690 Sic
909 3652 1021 3698 iqitur
1038 3653 1118 3687 iure
1135 3651 1298 3687 Romano

217 3702 385 3738 ordinato
419 3707 454 3737 et
484 3700 597 3736 ternis
626 3700 665 3735 in
694 3698 901 3734 universum
931 3700 967 3732 et
997 3697 1236 3733 voluminibus
1265 3698 1299 3731 et

214 3749 323 3784 annis
347 3751 447 3784 tanto
470 3756 580 3793 opere
602 3747 866 3786 consummato,
897 3751 978 3779 cum
1007 3741 1045 3777 id
1074 3741 1173 3788 quod
1195 3740 1299 3777 initio

1245 107 1419 151 XXIIII

983 2613 1027 2654 (3)
1052 2611 1180 2656 sperari
1198 2610 1253 2644 ῙΝ
1273 2611 1303 2644 S
1363 2588 1411 2652 v(1)
1436 2611 1498 2643 καὶ
1517 2610 1580 2643 del.
1593 2609 1744 2643 Hercher

2026 117 2181 156 oonsr.
2212 117 2452 158 ΔΕΔΩΚΕΝ

1361 230 1512 285 λίπομεν
1542 234 1731 278 προνοίας,
1767 228 1858 266 ἀλλὰ
1887 234 2194 268 ΤΡΙΒΩΝῙΑΝΩ
2222 233 2279 289 τῇ
2309 232 2450 278 &Boeo-

1359 289 1460 319 τατῳ
1491 277 1548 320 τῷ
1585 279 1646 310 καὶ
1680 275 1748 320 τὴν
1782 278 1846 320 τῆς
1881 274 1965 322 ὅλης
1997 279 2218 325 νομοθεσίας
2250 290 2305 315 υπ
2391 283 2454 316 ίαν

1362 323 1678 369 ἐπιτετραμμένῳ,
1708 323 1793 356 καὶι
1818 324 2042 358 ΘΕΟΦΙΛΩ
2068 337 2109 372 γε
2131 322 2205 369 μὴν
2226 325 2289 358 καὶ
2311 325 2343 359 Δ
2379 327 2451 360 Po-

1364 368 1463 401 ΘΕΩ
1490 369 1564 400 τοῖς
1592 365 1990 422 μεγαλοπρεπεστάτοις
2020 373 2082 403 καὶ
2105 367 2332 416 σοφωτάτοις
2353 367 2451 405 ἄντι·

1362 410 1558 465 κήνσορσιν
1572 410 1879 466 θεγκελευσαμενοι
1909 411 2161 459 διεταξάμεθα
2191 412 2386 462 προσήκειν
2414 415 2453 449 ἐκ

1362 469 1442 510 των
1463 459 1538 510 τοῖς
1560 460 1720 504 αρχαίοις
1743 458 1783 492 έν
1807 459 2021 507 εἰσαγωγαῖς
2045 461 2291 507 συγκειμένων
2312 458 2360 494 τὰ
2378 471 2454 494 και·

1363 514 1527 581 Ξιωτατα
1557 513 1598 535 τε
1627 505 1688 536 καὶ
1714 504 1919 550 κρατοῦντα
1949 507 2011 538 καὶ
2034 501 2180 540 ὁπόσα2
2202 507 2276 539 τοῖς
2298 504 2368 540 νῦν
2390 516 2454 540 πο-

1375 549 1604 600 )ιτευομένοις
1623 550 1843 595 συμφέρεται
1861 547 2082 596 πράγμασιν,
2106 550 2226 583 ταῦτα
2244 547 2378 590 ἐξελεῖν
2395 552 2456 583 καὶ

1363 592 1539 644 αθροῖσαι
1561 595 1623 626 καὶ
1645 593 1695 626 εἰς
1717 589 1806 638 ἡμᾶς
1825 590 1983 640 ἀγαγεῖν,
2006 593 2220 640 μεμνῆσθαι
2239 592 2280 629 δὲ
2299 597 2360 628 καὶ
2376 595 2456 628 τῶν

1364 639 1474 681 ημετέ
1496 650 1550 670 ων
1586 634 1790 691 διατάξεων
1822 634 1863 672 ἃς
1898 639 1948 673 εἰς
1974 638 2250 692 ἐπανόρθωσιν
2283 639 2364 674 τῶν
2397 640 2455 684 ἐζα-

1363 683 1916 780 ἷέἔὲαρῗς,πῖιῖἶέἕὲ”ἶῗὸιχῖῗζ
1948 681 2456 777 Ζᾘωεεὲἒζῖζξῖαἰσῖζὲωλίἶῗ

1363 770 1403 806 ἃς
1427 769 1472 816 δὴ
1493 770 1617 806 καλεῖν
1640 772 1811 809 Instituta
1841 773 2056 818 νενόμισται
2066 774 2091 809 ³.
2135 778 2198 809 καὶ
2221 771 2267 818 δὴ
2288 776 2350 807 καὶ
2371 772 2455 808 ταύ-

1363 830 1432 870 την
1454 816 1524 871 τήν
1546 817 1773 862 νομοθεσίαν
1797 818 1996 854 συνθέντες
2018 817 2249 867 προσήγαγον
2272 815 2367 864 ἡμῖν,
2395 821 2457 853 καὶ

1364 864 1461 906 ημεῖς
1484 874 1636 898 απασαν
1656 862 1972 910 κατασκεψάμενοι
1991 867 2053 898 καὶ
2072 862 2322 912 διακρίναντες
2340 861 2458 898 καλῶς

1363 920 1403 942 τε
1427 908 1522 950 ἔχειν
1544 910 1606 950 καὶ
1628 906 1722 943 κατὰ
1749 907 1817 943 τὸν
1848 906 2021 956 ἡμέτερον
2049 910 2089 943 ἐκ
2113 912 2244 955 ίναμεν
2265 910 2365 951 νοῦν,
2395 911 2457 944 καὶ

1363 949 1536 1007 ἡμέτερον
1566 951 1661 1006 εἶναι
1691 957 1753 988 καὶ
1782 955 1891 989 τοῦτο
1922 953 1965 989 τὸ
1996 922 2145 999 βιβλῖιν
2173 950 2456 1002 ἄπεφηνάμεθα,

1363 1001 1424 1032 καὶ
1453 1010 1497 1032 το
1529 1011 1570 1046 γε
1603 1011 1672 1042 την
1694 1000 1774 1034 τῶν
1796 996 1982 1048 ἡμετέρων
2005 997 2210 1042 διατάξεων
2233 997 2338 1044 ἰσχὺν
2361 1000 2455 1043 ἔχειν

1364 1039 1454 1078 αὐτὸ
1485 1038 1576 1090 παρ’
1611 1041 1737 1078 αὐτῶν
1767 1034 1822 1079 οἷν
1846 1046 1886 1079 ἐν
1909 1049 2110 1092 προοιμίοις
2131 1045 2197 1080 τοῦ
2219 1043 2364 1091 βιβλίου
2388 1042 2458 1079 διε·

1363 1091 1408 1142 ε12
1455 1086 1639 1134 λέχθημεν
1662 1085 1804 1124 ἅπασιν
1827 1088 2074 1136 ἐδηλώσαμεν.
2112 1086 2218 1126 Οὕτω
2241 1093 2369 1125 τοίνυν
2389 1088 2460 1133 τὴν

1369 1135 1551 1179 Ρωμαίων
1585 1134 1814 1179 νομοθεσίαν
1847 1134 2024 1176 τάξαντες
2057 1138 2119 1170 καὶ
2154 1137 2196 1170 ἐν
2228 1137 2352 1184 τρισίν
2385 1138 2460 1170 τοῖς

1363 1175 1458 1214 ὅλοις
1488 1177 1646 1234 βιβλίοις
1660 1193 1713 1233 ετε
1743 1182 1805 1235 aa}
1829 1181 2008 1216 ἐνιαυτοῖς
2030 1181 2182 1237 πρᾶγμ
2203 1181 2381 1234 τοσοῦτον
2404 1181 2458 1215 ἐκ·

1363 1225 2460 1319 Ξῗέὣίηῗοῖῗὀἷ’ἕξρτέἴεπμῗῑαΪὴὲεέρέἶῖιρυῖῗὲεῖἶῖἶῖ

1363 1315 1458 1368 εἶναι
1493 1314 1535 1350 τὸ
1565 1327 1595 1351 π
1618 1315 1716 1363 ἆγμα
1750 1313 1956 1363 ἐδείξαμεν,
1990 1313 2077 1352 mm
2109 1317 2159 1352 είς
2191 1313 2347 1352 δέκατον
2380 1317 2460 1351 hoe

1363 1327 1701 1415 bhv-cvpessr'poea
1723 1359 1994 1410 προσδοκηθέν,
2023 1362 2072 1398 εἰς
2099 1360 2229 1408 μόνων
2249 1361 2366 1410 ,τριῶν
2388 1362 2459 1396 δνο-

1364 1418 1489 1442 αυτων
1511 1404 1796 1442 αποτελέσαντες
1818 1404 1933 1451 τάχος,
1956 1410 2019 1442 καὶ
2036 1407 2093 1452 τῷ
2113 1405 2275 1456 δεσπότῃ
2294 1406 2379 1452 θεῷ’
2397 1408 2460 1441 καὶ

1363 1452 1497 1487 τοῦτον
1519 1448 1722 1487 ἀναθέντες
1744 1450 1812 1487 τὸν
1834 1445 1957 1488 ἆθλον
1987 1452 2042 1498 τῷ
2071 1455 2134 1488 καὶ
2172 1450 2321 1502 εἰρήνην
2357 1449 2461 1500 ἄγειν

1363 1500 1425 1532 καὶ
1453 1495 1629 1543 πολέμους
1657 1497 1871 1546 κατορθοῦν
1902 1500 1965 1533 καὶ
1995 1498 2244 1544 νομοθετῆσαι
2266 1499 2382 1534 παντὶ
2402 1497 2460 1541 τῷ

1363 1555 1404 1578 τε
1434 1541 1506 1591 πρὸ
1539 1538 1667 1588 ἡμῶν*
1701 1543 1757 1588 τῷ
1788 1556 1830 1578 τε
1860 1541 1922 1591 ἐφ’
1955 1539 2060 1599 ἡμῶν
2088 1544 2146 1589 τῷ
2175 1555 2218 1579 τε
2245 1539 2338 1590 μεθ’
2370 1537 2461 1588 ἡμᾶς

1363 1587 1483 1637 χρόνῳ
1502 1586 1764 1637 δωρησαμένῳ,
1788 1586 1933 1624 δίκαιον
1952 1587 2131 1635 ῳήθημεν
2150 1584 2293 1625 ἅπασιν
2309 1584 2459 1636 ἐνθρύ-

1364 1645 1446 1669 ποις
1464 1634 1615 1678 ποιῆσαι
1632 1633 1795 1682 φανερὰν
1814 1632 1882 1678 τὴν
1899 1630 2079 1683 ἡμετέραν
2095 1631 2188 1683 ὖπδρ
2208 1631 2334 1669 αὐτῶν
2350 1643 2459 1669 σπου-

1365 1678 1433 1724 δὴν
1454 1692 1495 1714 τε
1518 1682 1580 1714 καὶ
1603 1678 1793 1728 πρόνοιαν,
1823 1675 1925 1716 ὅπως
1952 1677 2001 1715 ἂν
2022 1680 2085 1725 τῆς
2106 1677 2324 1729 Ιμπροσθον
2345 1673 2460 1714 &aab

1365 1724 1411 1760 λα
1434 1727 1532 1760 ε’ντες
1553 1737 1602 1759 τα
1647 1725 1711 1769 χῆς
1731 1737 1774 1760 τε
1795 1727 1858 1759 καὶ
1880 1723 2085 1774 συγχύσεως
2103 1727 2166 1760 καὶ
2184 1726 2298 1773 πίρας
2314 1722 2461 1768 ἐχούσης

1364 1768 1405 1806 οὐ
1433 1771 1472 1805 ἐν
1503 1782 1594 1816 νομο
1629 1773 1727 1804 εσίας
1760 1768 1969 1818 χρήσωνται
2002 1768 2129 1816 νόμοις
2162 1767 2292 1819 ὀρθοῖς
2323 1781 2366 1804 τε
2398 1771 2461 1804 καὶ

1364 1813 1558 1861 συντόμως
1585 1818 1646 1850 καὶ
1674 1815 1789 1851 πᾶσιν
1818 1819 2021 1864 προχείροις
2048 1818 2111 1850 καὶ
2138 1813 2209 1860 τὴν
2237 1815 2318 1850 τῶν
2341 1811 2461 1849 δικῶν

1365 1865 1567 1907 συντομίαν
1595 1858 1861 1906 ἀσπαζομένοις
1888 1864 1951 1895 καὶ
1979 1862 2227 1909 προκειμένοις
2252 1872 2295 1909 γε
2319 1855 2461 1896 ἅπασιν

1363 1910 1439 1942 τοῖς
1468 1905 1698 1952 βουλομένοις
1730 1903 1866 1952 ῥᾳδίως
1894 1907 1945 1941 εἰς
1973 1908 2120 1950 κτῆσιν,
2153 1902 2277 1941 οὐκέτι
2310 1903 2461 1942 πολλῶν

1365 1950 1547 1998 δεομένοις
1567 1950 1780 2000 χρημάτων,
1810 1951 1873 1986 ἵνα
1903 1950 1945 1986 τὸ
1975 1952 2055 1986 τῶν
2085 1948 2172 2008 dgo'
2199 1963 2280 1986 των
2309 1950 2461 1985 διαίνων

1364 1996 1525 2044 βιβλίων
1546 1995 1768 2044 ἀθροίσαιεν
1791 1995 1944 2041 πλῆθος,
1969 1994 2045 2032 ἀλλ’
2067 1998 2116 2033 ἐπ
2151 1962 2265 2044 arcp
2283 1993 2461 2050 τιμῄματι

1363 2046 1439 2078 τοῖς
1457 2056 1498 2078 τε
1518 2042 1739 2079 πλουτοῦσιν
1756 2038 1890 2088 ὁμοίως
1908 2045 1983 2078 τοῖς
2000 2055 2043 2078 τε
2064 2042 2106 2084 ἐξ
2128 2039 2319 2078 ἐλάττονος
2341 2053 2459 2090 ορμω-

1363 2091 1486 2134 μένοις
1500 2086 1624 2124 οὐσίας
1638 2085 1765 2122 ἄδειαν
1779 2088 1842 2132 τῆς
1856 2087 2000 2123 ἑαυτῶν
2017 2089 2275 2136 παρεχομένοις
2290 2084 2460 2131 κτήσεως.

1368 2138 1408 2171 13
1457 2135 1504 2169 Εἰ
1533 2131 1576 2168 δέ
1601 2146 1640 2168 τι
1669 2131 1846 2177 (πλήθους
1874 2131 1979 2168 ὄντος
1999 2134 2067 2168 τοῦ
2089 2135 2151 2167 καὶ
2172 2133 2242 2168 viv
2263 2128 2319 2177 ήθ
2361 2133 2459 2177 ισμέ-

1364 2193 1429 2215 νου
1457 2182 1519 2214 καὶ
1548 2181 1588 2214 ἐκ
1616 2178 1803 2214 τοσούτων
1829 2176 2021 2227 μυριάδων
2050 2176 2291 2226 συλλεγέντος)
2318 2143 2460 2218 ςῖὅξειεν

1365 2227 1460 2268 ἔχειν
1475 2222 1609 2271 ὁμοίως
1623 2224 1744 2267 (τοῦτο
1762 2222 1803 2258 δὲ
1816 2222 1975 2269 οἰόμεθα
1990 2222 2149 2259 σπάνιον
2163 2222 2344 2266 ἔσεσθαι),
2362 2233 2393 2258 π
2421 2220 2428 2230 “

1363 2268 1454 2305 ἀλλὰ
1482 2273 1557 2306 τοῖς
1584 2271 1646 2314 τῆς
1669 2266 1910 2318 ἀνθρωπίνης
1933 2270 2208 2315 ἐστοχασμένοις
2230 2266 2373 2315 φύσεως
2392 2279 2459 2302 ουκ

1831 2609 1877 2651 (2)
1899 2618 2024 2643 οπασα
2037 2610 2074 2644 F

1628 2651 1637 2661 ἱ
1672 2650 1680 2661 ί
2151 2610 2198 2653 (a)
2220 2609 2465 2655 νενομιπαί*

1370 2658 1412 2698 (4)
1436 2655 1493 2699 τῷ
1511 2666 1553 2689 τε
1572 2665 1643 2700 προ
1662 2654 1765 2698 ημῶν
1785 2654 1848 2688 del.
1861 2654 2006 2688 Koebler

1366 2845 1478 2882 super
1515 2846 1654 2871 omnem
1691 2845 1792 2882 spem
1830 2834 1974 2881 fuerat,
2015 2832 2145 2869 deinde
2180 2836 2320 2878 autem,
2352 2837 2455 2881 post-

1367 2892 1475 2927 quam
1506 2891 1574 2916 nos
1603 2892 1679 2916 rem
1703 2879 1842 2928 perfici
1895 2889 1976 2915 osse
2005 2878 2297 2923 ostenderamus,
2327 2890 2374 2914 ne
2396 2878 2456 2915 de-

1366 2927 1494 2962 cennio
1510 2925 1655 2973 quidem
1671 2929 1746 2961 toto
1761 2926 1849 2961 abso
1887 2925 1902 2960 i
1912 2934 2026 2971 posse
2044 2924 2264 2970 sperabatur
2295 2924 2454 2960 solorum

1367 2972 1475 3007 trium
1500 2982 1680 3007 annorum
1703 2970 1885 3007 celeritate
1907 2969 2180 3006 absolvissemus
2198 2973 2234 3006 et
2277 2979 2348 3008 unc
2417 2980 2455 3004 o-

1367 3027 1438 3063 que
1455 3016 1614 3052 laborem
1633 3016 1881 3052 obtulissemus
1898 3014 2042 3051 domino
2060 3014 2140 3058 deo,
2159 3016 2226 3061 qui
2240 3016 2344 3052 nobis
2431 3014 2458 3050 it

1366 3065 1401 3097 et
1416 3072 1549 3108 pacem
1572 3072 1684 3108 aqere
1706 3066 1742 3097 et
1765 3060 1857 3097 bella
1874 3070 2057 3107 prospere
2077 3071 2206 3107 yet-ere
2228 3064 2264 3096 et
2285 3062 2454 3098 universo
2515 3077 2519 3084 ·

1367 3117 1455 3142 aevo
1484 3106 1584 3153 quod
1609 3106 1686 3153 fuit
1715 3109 1750 3142 et
1780 3109 1834 3141 est
1856 3110 1892 3141 et
1911 3105 2082 3152 futurum
2105 3109 2159 3141 est
2181 3107 2266 3142 iura
2288 3106 2454 3150 condere,
2514 3095 2518 3109 ἶ

1366 3153 1499 3187 iustum
1521 3153 1636 3188 visum
1660 3155 1713 3187 est
1735 3151 1900 3187 omnibus
1921 3149 2124 3187 hominibus
2145 3154 2306 3187 nostram
2337 3151 2383 3187 de
2409 3153 2455 3187 iis

1367 3197 1589 3251 diligentiam
1613 3200 1650 3233 et
1664 3196 1934 3244 providentiam
1956 3195 2213 3241 manifestare,
2242 3196 2343 3243 quod
2371 3196 2454 3233 libe-

1366 3246 1438 3278 rati
1458 3253 1503 3278 ea
1521 3253 1616 3289 quae
1632 3247 1740 3278 antea
1756 3242 1885 3295 fuerat
1897 3240 2173 3289 perturbatione
2188 3244 2224 3277 et
2239 3242 2455 3289 confusione

1367 3288 1557 3335 lequmque
1579 3288 1759 3333 infinitate
1783 3298 1854 3322 tam
1883 3286 1989 3322 usuri
2014 3286 2088 3321 sint
2116 3286 2149 3321 le
2177 3286 2257 3323 ibus
2283 3287 2391 3323 rectis
2418 3290 2454 3322 et
2512 3302 2515 3303 ⁷

1367 3333 1533 3370 ὂνευιῠαε
1556 3337 1591 3368 et
1614 3333 1728 3369 cuivis
1748 3332 1896 3379 paratis
1924 3341 2089 3378 quaeque
2117 3343 2141 3367 a

1367 3382 1475 3414 tatem
1507 3378 1659 3414 tendant
1687 3387 1853 3425 quaeque
1882 3387 1907 3413 a
1941 3376 2068 3423 quovis
2102 3377 2164 3413 cui
2197 3376 2306 3412 libeat
2337 3376 2454 3424 facile

1367 3427 1623 3470 comparentur
1653 3434 1720 3460 nec
1749 3433 1917 3469 maqnam
1942 3421 2139 3469 pecuniam
2169 3423 2376 3468 requirant,
2412 3426 2453 3456 ut

1368 3469 1550 3505 inutilium
1581 3468 1726 3504 illorum
1757 3468 1929 3504 librorum
1959 3467 2066 3513 copia
2092 3466 2179 3512 fiat,
2215 3465 2282 3502 sed
2313 3467 2450 3513 exiquo

1360 3515 1484 3561 pretio
1515 3518 1588 3550 tam
1617 3525 1642 3550 a
1664 3513 1834 3550 divitibus
1856 3522 1966 3559 quam
1988 3512 2034 3548 ab
2058 3512 2103 3547 iis
2126 3512 2194 3559 qui
2212 3512 2333 3548 minus
2354 3511 2451 3548 locu-

1361 3559 1481 3606 pletes
1509 3562 1628 3595 essent
1653 3569 1762 3606 posse
1790 3568 1830 3594 se
1857 3557 2006 3604 adquiri
2026 3557 2274 3593 certitudinem
2317 3557 2450 3593 amant.

1369 3607 1411 3640 13
1459 3603 1563 3648 Quod
1591 3604 1627 3639 si
1655 3608 1793 3646 autem,
1824 3612 1905 3640 cum
1936 3612 2034 3639 nunc
2063 3612 2208 3650 quoquc
2236 3612 2270 3637 m
2312 3604 2350 3638 ta
2379 3602 2453 3637 sint

1367 3660 1462 3696 quae
1479 3652 1741 3697 proponuntur
1759 3658 1875 3729 &zue
1893 3646 2006 3700 electa
2025 3657 2077 3683 ex
2097 3650 2169 3683 tam
2189 3656 2322 3694 maqno
2342 3645 2451 3682 libro-

1366 3705 1447 3731 rum
1481 3704 1651 3737 numero,
1694 3704 1789 3740 quae
1837 3703 1871 3727 m
1912 3691 2104 3727 videantur
2140 3690 2273 3728 habere
2306 3690 2449 3733 similia,
2504 3716 2505 3719 η

1367 3738 1467 3786 quod
1499 3749 1623 3775 rarum
1658 3737 1745 3783 fore
1780 3735 2011 3782 confidimus,
2046 3735 2240 3773 humanam
2281 3740 2449 3772 naturam

2195 3331 2311 3367 litium
2340 3332 2453 3368 brevi-
