2528 3918
188 97 292 140 XVI
326 101 360 140 1.
379 100 405 139 2

187 231 316 255 narum
363 217 527 254 Debitrix
558 216 685 252 mulier
715 226 739 251 a
761 215 937 252 creditore
961 215 1122 261 delegata
1146 224 1211 260 pro
1237 223 1278 250 eo

187 265 246 301 cui
281 264 441 316 delegata
476 265 531 297 est
563 261 745 306 promisit:
787 271 860 297 non
901 265 1023 296 utetur
1057 260 1277 305 exceptione.

192 313 205 345 1
255 308 325 344 Sed
349 319 379 344 si
427 306 590 343 ecuniam
613 306 793 352 promisit,
818 316 862 342 ne
886 306 1082 351 delegetur,
1107 305 1279 340 interces-

190 358 210 390 2
258 354 347 389 sisse
360 353 391 388 vi
419 356 507 388 etur.
556 351 594 387 Si
605 355 752 388 senatus
766 351 918 388 consulti
937 350 1149 386 beneficium
1169 350 1279 385 inter-

188 399 324 440 venit¹,
358 402 479 433 utrum
510 397 632 432 statim
665 407 746 433 eum
771 396 897 432 mulier
919 395 1160 431 intercesserit
1183 394 1278 430 actio

187 445 223 479 in
247 443 402 489 priorem
426 442 623 478 debitorem
647 442 827 488 competit,
855 452 901 476 an
925 441 955 476 si
979 440 1104 475 mulier
1123 440 1280 476 solutum

188 488 381 525 condicat?
415 491 503 540 puto
527 487 659 531 statim,
686 491 722 523 et
745 497 817 523 non
837 485 1113 531 exspectandam
1132 485 1279 520 solutio-

187 538 207 569 3
255 543 346 568 nem.
395 532 433 568 S1
456 543 521 578 pro
547 543 601 576 eo,
626 533 687 578 qui
711 531 899 611 temporali
923 531 1063 566 actione
1087 534 1280 572 teneretur,

188 578 313 614 mulier
336 578 597 622 intercesserit,
620 582 782 623 tempora
798 577 826 612 ‘s
851 576 945 611 actio
969 575 1195 617 restituetur,
1228 574 1280 610 sic

187 628 328 666 tamen,
360 626 402 659 ut
433 634 477 659 ex
507 623 735 669 praecedenti
768 622 903 658 causa²
927 621 1097 656 continua
1119 623 1282 665 tempora

188 672 461 704 numerarentur
483 672 568 714 post
589 668 870 708 restitutionem,
896 665 1055 711 quamvis
1080 665 1201 701 statim
1225 668 1280 700 at-

187 724 256 760 que
278 713 481 750 intercessit
504 714 631 749 mulier
655 712 899 757 competierat.

236 756 289 796 25
326 758 581 795 Moozsrmvs
612 759 702 794 libro
736 757 919 802 singulari
951 757 996 792 de
1029 755 1282 791 heurematicis

188 803 227 841 Si
250 804 396 840 domina
418 814 520 840 servo
544 814 609 839 suo
632 803 729 839 credi
749 802 903 843 iusserit,
929 801 1070 837 actione
1090 801 1282 836 honoraria

194 852 206 884 1
258 849 447 885 tenebitur.
527 849 600 884 uod
623 849 654 884 si
675 858 740 894 pro
762 858 803 883 eo
825 846 1048 888 fideiusserit,
1073 845 1282 891 exceptione

188 898 335 931 senatus
367 895 523 931 consulti
545 893 719 929 Velleiani
742 892 873 928 iudicio
906 894 1082 927 conventa
1112 891 1281 926 adversus

188 939 398 1020 preditorem
421 939 514 975 tueri
537 949 576 975 se
600 939 747 984 poterit,
774 937 841 973 nisi
864 948 929 982 pro
953 947 1018 973 suo
1043 935 1185 981 negotio
1210 936 1280 971 hoc

204 985 325 1022 ecerit.

235 1028 288 1068 26
321 1029 515 1066 Urpmzvvs
534 1029 624 1064 libro
650 1028 858 1074 triqenst‘mo
881 1028 1032 1074 septimo
1056 1027 1107 1063 ad
1128 1027 1282 1063 edictum

189 1075 228 1111 Si
251 1075 378 1111 mulier
400 1073 643 1110 intercedendi
667 1073 784 1108 animo
817 1083 957 1108 servum
989 1072 1144 1108 alienum
1176 1083 1281 1108 suum

190 1131 268 1157 esse
291 1120 556 1166 responderit³,
590 1118 692 1164 quasi
716 1117 957 1154 intercesserit
979 1118 1111 1153 auxilio
1135 1121 1282 1153 senatus

190 1166 345 1202 consulti
369 1170 500 1201 utetur.
537 1164 643 1209 plane
666 1163 696 1198 si
719 1174 785 1208 pro
810 1163 905 1198 bona
929 1162 999 1198 fide
1018 1163 1194 1199 serviente
1214 1162 1282 1198 sibi

189 1221 245 1246 res
273 1211 423 1253 onderit‚
449 1221 520 1246 non
543 1209 683 1245 videtur
705 1208 960 1244 intercessisse.

265 1254 288 1293 7
326 1255 572 1291 PAPINJANUS
604 1254 694 1289 libro
731 1254 835 1288 tertio
869 1264 929 1289 res
956 1264 1126 1289 onsorum
1180 1253 1283 1288 Bona

190 1301 259 1337 fide
282 1311 471 1347 personam
494 1299 648 1335 mulieris
668 1299 706 1333 in
726 1299 922 1334 contrahen
949 1309 970 1334 o
993 1302 1139 1334 secutus
1161 1298 1207 1333 ob
1228 1309 1281 1341 ea,

189 1357 283 1393 quae
312 1346 404 1381 inter
435 1346 549 1381 virum
583 1347 619 1380 et
652 1354 799 1379 uxorem
830 1348 982 1390 accepta
1005 1344 1159 1390 pecunia
1181 1348 1284 1388 gesta

189 1395 293 1434 sunt,
327 1391 537 1436 exceptione
569 1393 716 1425 senatus
749 1390 903 1424 consulti
933 1400 1007 1425 non
1029 1392 1281 1424 summovetur.

195 1440 206 1472 1
258 1436 347 1474 Cum
377 1435 470 1472 servi
500 1435 546 1470 ad
577 1433 852 1479 negotiationem
883 1444 969 1480 prae
997 1434 1079 1470 ositi
1110 1445 1191 1469 cum
1214 1434 1282 1469 alio

190 1482 442 1519 contrahentes
474 1490 664 1526 personam
694 1479 850 1515 mulieris
882 1483 923 1515 ut
952 1446 1102 1515 idoneae
1125 1490 1281 1525 sequun-

190 1532 259 1570 tur,
281 1526 513 1571 exceptione⁴
533 1529 679 1561 senatus
701 1525 855 1560 consulti
875 1525 1057 1561 dominum
1069 1527 1282 1560 summovet:

191 1583 256 1608 nec
287 1571 427 1607 videtur
457 1571 613 1606 deterior
645 1580 756 1605 causa
788 1569 920 1605 domini
943 1581 1007 1616 per
1031 1580 1171 1605 servum
1195 1569 1282 1612 fieri,

189 1617 253 1653 sed
277 1616 364 1652 nihil
389 1627 466 1652 esse
490 1615 632 1652 domino
657 1615 875 1660 quaesitum,
907 1627 980 1651 non
1013 1615 1142 1660 magis,
1176 1625 1283 1668 quam

190 1663 220 1698 si
244 1662 435 1707 litigiosum
483 1661 644 1696 raedium
675 1670 798 1695 servus
829 1664 894 1695 aut
923 1661 1075 1696 liberum
1105 1660 1283 1696 hominem

190 1711 210 1743 2
258 1707 392 1743 emerit.
441 1706 539 1745 [xor
562 1705 768 1741 debitricem
792 1716 894 1741 suam
913 1706 987 1741 viro
1009 1705 1195 1750 delegavit,
1219 1707 1284 1741 ut⁵

190 1753 242 1788 vir
266 1752 434 1788 creditori
458 1751 534 1788 eius
557 1751 747 1797 pecuniam
780 1751 949 1787 solveret:
983 1751 1013 1786 si
1044 1750 1149 1786 fidem
1181 1761 1284 1786 suam

192 1808 255 1843 pro
281 1808 325 1833 ea
348 1808 454 1843 quam
479 1796 652 1842 delegavit
675 1795 773 1848 apud
792 1796 904 1831 virum
924 1796 1140 1841 obligaverit,
1165 1796 1283 1832 locum

191 1842 353 1888 exceptio
377 1846 525 1878 senatus
557 1842 713 1877 consulti
745 1852 817 1877 non
848 1841 1010 1884 habebit,
1044 1841 1128 1886 quia
1158 1841 1285 1876 mulier

190 1899 293 1924 suum
318 1888 498 1933 negotium
520 1887 640 1933 gessit.

236 1930 289 1970 28
315 1932 519 1969 Samon
540 1932 632 1968 libro
646 1932 770 1978 primo
783 1941 1039 1978 responsorum
1089 1931 1171 1966 Seia
1182 1941 1283 1966 man-

191 1978 285 2024 cipia
316 1978 400 2013 emit
431 1981 468 2014 et
489 1981 650 2013 mutuam
673 1976 861 2022 pecuniam
885 1977 1023 2022 accepit
1047 1976 1116 2012 sub
1140 1976 1282 2012 fideius-

190 2034 270 2059 sore
294 2023 421 2059 marito
447 2032 595 2068 eamque
618 2022 724 2058 solvit
746 2021 938 2058 venditori:
971 2025 1098 2067 postea
1129 2021 1280 2056 maritus

191 2068 366 2104 decedens
398 2079 471 2104 non
502 2068 670 2103 solvendo
701 2067 740 2102 in
770 2066 934 2102 fraudem
968 2066 1154 2103 creditoris
1187 2066 1283 2102 cavit

191 2117 403 2149 testamento
416 2124 456 2149 se
477 2123 555 2149 eam
571 2112 763 2166 pecuniam
782 2112 983 2147 universam
1003 2112 1151 2148 debere:
1197 2121 1282 2147 uae-

191 2159 299 2201 ritur,
324 2169 372 2194 an
394 2158 639 2194 intercesmsse
662 2157 789 2193 mulier
811 2156 999 2193 videretur.
1035 2167 1166 2202 respon
1191 2156 1203 2191 i
1227 2167 1282 2192 se-

192 2203 347 2239 cundum
391 2213 434 2239 ea
468 2213 561 2249 quae
596 2206 882 2248 proponerentur
917 2213 991 2238 non
1026 2202 1280 2238 intercessisse.

195 2253 207 2283 1
259 2248 427 2284 Fundum
450 2248 572 2284 uxoris
597 2258 684 2284 suae
707 2248 856 2283 maritus
880 2247 1049 2292 obligavit
1072 2247 1281 2292 Sempronio

192 2294 238 2330 ob
273 2294 564 2330 conductionem:
597 2304 681 2328 mox
711 2293 839 2328 mulier
868 2303 891 2328 a
913 2292 1083 2328 Numerio
1117 2302 1183 2328 sua
1213 2292 1284 2327 fide

192 2343 352 2375 mutuam
376 2338 566 2384 pecuniam
589 2341 776 2384 acceptam
800 2337 867 2373 sub
891 2337 1108 2383 obligatione
1127 2336 1283 2373 eiusdem

191 2384 293 2420 fundi
317 2384 422 2420 solvit
444 2384 566 2419 statim
590 2383 798 2428 Sempronio
822 2393 888 2428 pro
913 2383 1040 2418 marito
1064 2393 1147 2418 suo:
1173 2392 1282 2427 quae-

192 2429 298 2464 situm
330 2433 402 2472 est,
436 2439 482 2464 an
513 2428 683 2464 adversus
715 2431 862 2464 senatus
894 2428 1095 2464 consultum
1126 2427 1284 2472 obligata

192 2475 248 2509 sit.
282 2473 469 2519 respondi,
501 2474 533 2510 si
562 2473 754 2509 Numerius
777 2473 912 2509 ‚scisset
943 2483 1021 2508 eam
1052 2472 1282 2515 intercedere,

193 2518 270 2555 fore
294 2523 440 2555 senatus
465 2519 628 2554 consulto
653 2518 697 2554 de
720 2529 790 2564 quo
816 2521 1046 2563 quaereretur
1068 2518 1198 2554 locum.

238 2562 291 2601 29
316 2563 476 2600 Pavws
496 2564 587 2599 libro
610 2567 716 2599 sexto
740 2563 876 2599 decimo
896 2574 1151 2609 responsorum
1198 2562 1281 2615 Qui-

193 2609 274 2644 dam
305 2609 417 2645 voluit
448 2609 637 2644 heredibus
661 2609 766 2644 Lucii
789 2608 873 2644 Titii
904 2612 1063 2643 mutuam
1121 2618 1282 2643 ecumam

194 2654 278 2689 dare
302 2657 338 2689 et
361 2665 443 2690 cum
467 2654 517 2689 eis
542 2653 772 2689 contrahere:
805 2653 869 2689 sed
925 2654 1069 2689 uoniam
1108 2653 1282 2688 acultates

194 2709 315 2734 eorum
339 2703 524 2744 suspectas
547 2698 708 2741 habuit⁰,
733 2699 846 2744 magis
870 2709 913 2734 vo
929 2699 982 2734 uit
1005 2698 1108 2734 uxori
1131 2702 1281 2733 testato-

194 2743 242 2779 ris
268 2743 354 2779 dare
377 2743 565 2789 pecuniam
588 2747 624 2779 et
647 2744 692 2779 ab
717 2754 760 2779 ea
783 2744 819 2789 pi
867 2754 909 2779 us
941 2743 1018 2779 acci
1045 2754 1123 2779 ere:
1158 2742 1284 2778 mulier

195 2788 344 2824 eandem
375 2789 564 2834 pecuniam
595 2788 692 2824 dedit
721 2789 806 2824 here
834 2789 912 2824 'bus
947 2792 984 2824 et
1006 2799 1028 2823 a
1076 2788 1131 2823 his
1154 2788 1282 2833 pignus

195 2833 350 2878 accepit:
384 2844 516 2878 quaero
548 2844 596 2868 an
626 2834 869 2870 intercessisse
891 2833 1054 2869 videatur
1078 2837 1114 2869 et
1137 2843 1185 2868 an
1207 2832 1282 2878 pig-

195 2889 294 2920 nora,
343 2888 411 2913 uae
434 2878 513 2923 ipsa
536 2879 686 2924 accepit,
710 2882 900 2914 teneantur
923 2878 1100 2914 creditori.
1147 2877 1283 2913 Paulus

197 2933 327 2975 respon
353 2923 391 2965 it,
416 2923 446 2958 si
470 2923 634 2966 creditor,
659 2934 740 2959 cum
763 2923 975 2960 contrahere
998 2923 1102 2959 vellet
1121 2933 1202 2958 cum
1220 2922 1282 2958 he-

195 2967 338 3003 redibus
362 2967 466 3003 Lucii
485 2967 580 3011 Titii,
606 2968 745 3004 evitatis
765 2969 821 3004 his
841 2968 953 3013 magis
979 2968 1159 3004 mulierem
1185 2978 1283 3003 ream

196 3012 309 3058 elegit,
335 3016 371 3048 et
393 3012 435 3064 in·
452 3012 563 3057 ipsius
584 3024 737 3058 persona
756 3017 902 3049 senatus
923 3013 1098 3055 consulto,
1122 3012 1219 3058 quod
1240 3012 1284 3047 de

194 3057 507 3094 intercessiombus
531 3057 666 3093 factum
690 3062 755 3101 est,
780 3059 898 3094 locum
918 3069 997 3094 esse
1015 3062 1051 3093 et
1070 3058 1219 3103 pignora
1236 3057 1282 3092 ab

196 3113 239 3138 ea
261 3102 348 3138 data
370 3113 443 3138 non
466 3103 588 3137 teneri.
627 3113 687 3138 eas
711 3107 831 3139 autem
855 3114 931 3146 res,
964 3114 1053 3149 quas
1086 3102 1212 3138 mulier
1235 3103 1281 3137 ab

197 3147 269 3200 bis,
293 3147 511 3200 pro-quibus
526 3147 793 3199 intercedebat,
817 3148 955 3194 pignori
979 3148 1136 3200 accepit,
1169 3147 1282 3183 credi-

197 3197 269 3228 tori
287 3192 443 3228 mulieris
463 3192 637 3237 obligatas
657 3204 729 3228 non
749 3204 836 3229 esse.
874 3193 937 3229 sed
957 3204 1030 3229 non
1050 3202 1126 3228 sine
1144 3192 1283 3228 ratione

196 3241 394 3318 praetorem
413 3236 608 3289 facturum,
632 3237 662 3272 si
686 3248 757 3273 non
780 3242 919 3274 tantum
943 3239 980 3273 in
1000 3238 1177 3283 persona⁷
1197 3237 1282 3273 sub-

220 3286 306 3319 ucta
337 3282 483 3318 muhere
514 3292 550 3317 ιιι
573 3281 787 3327 principales
812 3283 987 3319 debitores
1012 3282 1149 3318 dederit
1170 3282 1282 3317 actio-

196 3338 295 3370 nem,
319 3326 384 3363 sed
407 3326 514 3363 etiam
536 3326 573 3361 in
588 3337 674 3378 res,
706 3338 798 3372 quae
821 3328 959 3364 mulieri
984 3327 1162 3373 obligatae
1186 3331 1282 3362 sunt.

202 3376 214 3408 ι
263 3372 398 3408 Paulus
430 3381 487 3407 res
536 3371 614 3406 ndit
649 3382 710 3413 ea,
746 3383 838 3417 quae
870 3373 906 3408 in
941 3372 1105 3408 fraudem
1136 3375 1283 3408 senatus

196 3417 368 3461 consulti,
403 3427 473 3463 quo
530 3416 574 3452 de
604 3416 882 3453 intercessione⁸
913 3418 1124 3454 feminarum
1147 3416 1283 3452 factum

196 3581 235 3620 (ι)
260 3577 481 3611 intervenerit
492 3574 546 3609 F²
637 3576 680 3616 (2)
705 3585 746 3608 ex
760 3586 860 3607 causa
874 3575 1087 3618 praecedenti
1099 3587 1162 3608 scr.
1233 3576 1276 3615 (3)

197 3622 411 3665 responderet
422 3620 475 3655 Γ*
566 3623 609 3662 (4)
634 3621 788 3662 exceptio
802 3619 853 3653 Γ*
933 3623 977 3661 (5)
1002 3620 1212 3662 delegat-itur
1224 3618 1278 3662 F',

197 3667 365 3709 delegavit
376 3666 430 3700 F²
551 3668 596 3707 (e)
621 3664 744 3699 habeat
756 3665 789 3698 F
792 3668 811 3686 ⁰
946 3668 988 3703 (τ)
1013 3675 1187 3707 personam
1203 3665 1276 3697 deu.

198 3715 242 3759 (s)
268 3710 564 3748 intercessionibus
578 3710 629 3746 Γ*
779 3713 823 3752 (9)
850 3711 884 3744 ni
896 3723 950 3744 scr
1117 3712 1177 3748 (ιο)
1203 3710 1237 3742 in
1254 3709 1284 3741 F

1276 89 1360 136 208

1349 3666 1402 3704 24,
1419 3672 1461 3698 ιο.
1478 3683 1515 3689 -—
1535 3664 1585 3707 Cf.
1603 3664 1680 3698 Cod.
1694 3666 1726 3704 4,
1740 3671 1772 3698 ai

1902 106 1963 136 DE
1991 105 2436 139 COMPENSA'HOMBUS

1348 217 1420 254 est,
1438 214 1665 292 texcogitata
1699 215 1844 260 probari
1878 218 2047 261 possunt,
2092 218 2173 250 rata
2206 214 2331 251 haberi
2365 225 2435 252 non

1347 269 1436 304 opor
1455 268 1524 294 ere.

1394 301 1448 356 {30
1473 302 1581 338 IDEM
1595 304 1687 340 libro
1705 305 1863 342 secundo
1883 305 2142 342 sententiarum
2189 304 2227 340 Si
2239 305 2436 351 decipiendi

1349 358 1465 401 ammo
1491 349 1546 383 vel
1570 359 1651 384 cum
1674 350 1782 386 sciret
1804 361 1843 387 se
1876 362 1950 387 non
1980 349 2094 385 teneri
2124 350 2248 385 mulier
2277 361 2342 395 pro
2373 351 2434 386 ali·

1373 404 1419 429 uo
1451 395 1708 438 intercesserit,
1741 396 1904 441 exceptio
1938 395 1970 431 ei
2002 398 2148 431 senatus
2181 395 2335 431 consulti
2366 405 2433 431 non

1374 443 1488 491 atum·
1506 439 1683 475 actionem
1706 441 1817 483 enim,
1866 451 1935 476 uae
1957 441 1995 475 in
2018 440 2139 475 dolum
2162 440 2316 475 mulieris
2342 451 2433 476 com-

1354 486 1366 518 1
1417 487 1518 529 petit,
1543 484 1779 529 amplissimus
1803 496 1844 520 or
1869 497 1890 521 ο
1916 496 1987 521 non
2006 485 2175 520 excludit.
2223 484 2434 520 Procurator

1349 528 1380 564 si
1403 528 1575 564 mandatu
1599 530 1753 566 mulieris
1777 542 1842 576 pro
1867 530 1937 566 alio
1956 529 2206 572 intercesserit,
2232 530 2435 574 exceptione

1349 577 1495 609 senatus
1521 575 1674 610 consulti
1697 575 1869 611 Velleiani
1892 575 2100 618 adiuvatur,
2133 575 2200 610 ne⁹
2224 575 2311 610 alias
2344 575 2434 610 actio

1349 618 1548 654 intercidat.

1395 661 1445 701 31
1483 663 1592 699 IDEM
1619 665 1710 701 libro
1736 666 1859 711 primo
1891 664 1941 700 ad
1965 664 2152 699 Neratium
2201 665 2367 700 Psunus:
2398 664 2438 699 Si

1349 709 1476 744 mulier
1499 709 1595 754 quod
1614 720 1658 745 ex
1676 710 1932 746 intercessione
1952 709 2056 745 solvit
2075 709 2164 744 nolit
2182 714 2351 755 repetere,
2377 711 2439 745 sed

1350 754 1509 789 mandati
1542 765 1646 799 agere
1681 759 1718 791 et
1752 766 1877 791 cavere
1909 755 1992 790 velit
2021 754 2066 789 de
2101 753 2331 790 indemnitate
2365 766 2437 797 reo,

1350 799 1529 835 audienda
1553 803 1617 835 est.

1395 843 1449 882 32
1482 844 1712 880 Poueomvs
1741 845 1832 881 libro
1863 845 1986 891 primo
2018 847 2165 879 senatus
2195 844 2438 880 consultorum

1350 889 1388 925 Si
1412 889 1537 925 mulier
1559 890 1792 926 hereditatem
1816 889 1966 925 alicuius
1990 888 2108 931 adeat,
2133 892 2173 923 ut
2197 899 2256 924 aes
2281 889 2436 924 alienum

1351 935 1426 970 eius
1450 935 1641 980 suscipiat,
1666 935 1724 970 vix
1748 939 1813 977 est,
1839 939 1879 970 ut
1903 934 2063 970 succurri
2087 934 2120 969 ei
2144 933 2290 976 debeat,
2315 934 2383 969 nisi
2409 934 2439 970 si

1350 979 1476 1016 fraude
1497 980 1711 1016 creditorum
1734 980 1772 1015 id
1786 981 1814 1001 ¹⁰
1837 983 2049 1025 conceptum
2070 979 2134 1014 sit:
2158 989 2225 1015 nec
2248 979 2340 1015 enim
2359 979 2438 1015 loco

1350 1025 1496 1061 minoris
1520 1025 1641 1070 viginti
1661 1026 1817 1071 quinque
1836 1025 1939 1061 annis
1962 1025 2219 1069 circumscripti
2239 1035 2302 1070 per
2322 1024 2440 1060 omnia

1354 1074 1367 1105 1
1418 1070 1582 1106 habenda
1606 1074 1661 1106 est
1684 1071 1819 1106 mulier.
1868 1070 1906 1106 Si
1929 1070 2055 1105 mulier
2078 1080 2152 1104 rem
2176 1080 2198 1104 a
2231 1079 2270 1105 se
2302 1069 2439 1115 pignori

1351 1116 1471 1151 datam
1491 1126 1555 1161 per
1573 1116 1864 1152 intercessionem
1883 1116 2042 1160 recipere
2062 1115 2154 1157 velit,
2174 1114 2313 1150 fructus
2334 1115 2439 1150 etiam

1350 1161 1480 1197 liberos
1504 1161 1632 1207 recipit
1655 1165 1710 1203 et,
1735 1162 1766 1197 si
1788 1171 1845 1196 res
1869 1160 2023 1196 deterior
2046 1159 2143 1195 facta
2166 1159 2283 1202 fuerit,
2309 1171 2350 1196 eo
2375 1171 2438 1195 no-

1351 1206 1445 1242 mine
1476 1206 1586 1252 magis
1618 1207 1835 1242 aestimetur.
1872 1205 1936 1241 sed
1959 1205 1990 1241 si
2013 1205 2185 1247 creditor,
2244 1205 2280 1239 ui
2312 1205 2439 1250 pignus

1351 1262 1415 1297 per
1437 1251 1726 1287 intercessionem
1751 1251 1947 1297 acceperit,
1979 1251 2048 1286 hoc
2072 1250 2132 1285 alii
2155 1261 2220 1285 ven
2246 1250 2331 1293 idit‚
2357 1261 2440 1285 vera

1351 1302 1406 1332 est
1430 1308 1552 1333 eorum
1576 1307 1596 1332 o
1623 1296 1716 1339 inio,
1749 1297 1810 1351 qui
1840 1296 2047 1342 petitionem
2079 1295 2233 1330 dandam
2258 1295 2290 1330 ei
2312 1298 2441 1340 putant

1352 1346 1387 1377 et
1410 1342 1580 1378 adversus
1629 1352 1720 1378 onae
1743 1342 1827 1377 ndei
1850 1345 2062 1386 emptorem,
2095 1351 2140 1375 ne
2170 1340 2321 1376 melioris
2354 1351 2439 1376 con-

1352 1391 1372 1423 2
1420 1387 1570 1423 dicionis
1594 1391 1733 1439 emptor
1757 1387 1821 1429 sit,
1856 1397 1964 1432 quam
1995 1385 2102 1421 suerit
2132 1386 2303 1421 venditor.
2352 1386 2439 1420 Item

1352 1433 1382 1468 si
1413 1432 1540 1468 mulier
1571 1432 1738 1468 creditori
1768 1432 1834 1467 viri
1864 1431 2014 1467 fundum
2046 1430 2202 1466 vendidit
2234 1435 2270 1466 et
2294 1430 2440 1466 tradidit

1353 1488 1395 1513 ea
1428 1478 1657 1520 condicione,
1693 1481 1733 1513 ut
1765 1481 1904 1522 emptor
1935 1480 2121 1521 acceptam
2151 1475 2339 1521 pecuniam
2363 1476 2436 1512 viro

1352 1522 1519 1566 referret,
1553 1527 1589 1558 et
1611 1523 1707 1558 hunc
1731 1522 1882 1558 fundum
1906 1521 2081 1563 vindicat,
2114 1521 2274 1566 exceptio
2323 1521 2439 1556 uidem

1352 1569 1583 1614 opponitur¹¹
1608 1568 1640 1604 ei
1663 1568 1707 1603 dc
1730 1578 1769 1603 re
1794 1571 1913 1612 empta
1937 1570 1973 1602 et
1996 1566 2140 1608 tradita,
2164 1566 2227 1601 sed
2251 1576 2312 1611 rep
2327 1566 2436 1601 icabi-

1351 1618 1411 1649 tur
1444 1624 1467 1649 a
1500 1613 1665 1649 muliere:
1699 1616 1776 1648 ‘aut
1807 1613 1838 1648 si
1870 1622 1912 1648 ea
1942 1611 2096 1647 venditio
2133 1616 2259 1647 contra
2294 1615 2439 1646 senatus

1352 1659 1566 1695 ‘consultum
1588 1658 1688 1694 facta
1711 1658 1781 1693 sit.’
1819 1661 1854 1693 et
1877 1657 1946 1693 hoc
1970 1657 2142 1702 procedit,
2167 1656 2240 1692 sive
2264 1656 2339 1701 ipse
2364 1667 2434 1691 cre-

1352 1704 1446 1739 ditor
1469 1704 1593 1740 emerit
1615 1703 1689 1739 sive
1712 1702 1966 1748 interposuerit
1988 1702 2114 1744 alium,
2147 1712 2216 1747 quo
2250 1701 2374 1736 mulier
2397 1711 2440 1736 ea

1351 1749 1491 1784 ratione
1524 1752 1646 1784 careat
1675 1758 1715 1783 re
1739 1759 1815 1784 sua.
1861 1747 1955 1783 idem
1979 1750 2032 1782 est
2056 1750 2092 1782 et
2115 1747 2146 1782 si
2168 1757 2241 1782 non
2264 1757 2328 1792 pro
2354 1747 2438 1788 viro,

1352 1797 1371 1830 3
1419 1793 1484 1830 sed
1506 1805 1571 1839 pro
1596 1794 1665 1830 alio
1691 1793 1851 1829 debitore
1873 1803 1949 1828 rem
1973 1802 2075 1827 suam
2098 1791 2254 1827 tradidit.
2303 1791 2340 1826 Si
2363 1802 2438 1826 mu-

1352 1839 1435 1883 lier,
1468 1850 1513 1875 ne
1537 1839 1617 1885 ipsa
1640 1838 1894 1878 intercederet,
1925 1837 1986 1873 alii
2010 1837 2196 1873 mandaret
2219 1840 2260 1872 ut
2281 1836 2318 1871 id
2341 1836 2438 1871 face-

1352 1888 1418 1927 ret,
1443 1895 1489 1920 an
1513 1884 1551 1920 in
1573 1884 1679 1920 huius
1703 1894 1858 1930 persona
1881 1883 1982 1919 locus
2005 1883 2089 1918 huic
2110 1885 2255 1918 senatus
2276 1882 2439 1917 consulto

1352 1930 1409 1972 sit,
1434 1930 1494 1975 qui
1517 1933 1644 1975 rogatu
1668 1929 1824 1965 mulieris
1847 1928 1885 1963 id
1903 1928 2063 1964 faceret?
2095 1930 2192 1963 totus
2213 1927 2305 1962 enim
2325 1936 2439 1962 sermo

1352 1980 1498 2011 senatus
1523 1974 1676 2010 consulti
1699 1974 1746 2010 ad
1769 1973 1975 2019 petitionem
1998 1984 2071 2008 non
2094 1972 2248 2008 dandam
2271 1971 2439 2007 adversus

1351 2021 1467 2066 ipsam
1490 2020 1672 2056 mulierem
1695 2023 1844 2065 spectat.
1881 2023 1917 2055 et
1938 2023 2025 2064 puto
2050 2028 2124 2053 rem
2145 2018 2198 2053 ita
2217 2027 2295 2053 esse
2316 2017 2438 2052 distin-

1351 2065 1546 2110 guendam,
1579 2069 1638 2107 ut,
1671 2065 1702 2100 si
1734 2064 1876 2110 quidem
1911 2063 2083 2105 creditor,
2122 2063 2180 2099 cui
2210 2072 2266 2098 me
2289 2061 2439 2107 obligavi

1352 2110 1546 2146 mandante
1576 2110 1741 2152 muliere,
1774 2110 1842 2145 hoc
1873 2109 1911 2144 in
1934 2108 2096 2143 fraudem
2120 2111 2263 2143 senatus
2288 2106 2440 2143 consulti

1352 2156 1501 2201 egisset,
1534 2166 1579 2191 ne
1609 2156 1689 2200 ipsa
1719 2154 1948 2190 interveniret
1979 2157 2106 2190 contra
2129 2157 2274 2188 senatus
2299 2151 2438 2188 consul-

1351 2205 1446 2244 tum,
1481 2200 1584 2236 daret
1608 2204 1728 2236 autem
1751 2200 1880 2242 alium,
1917 2198 2177 2234 excludendum
2208 2208 2288 2235 eum
2312 2207 2438 2248 excep-

1351 2246 1448 2282 tione
1477 2246 1615 2281 fraudis
1648 2249 1794 2281 senatus
1827 2244 2021 2280 consulti¹²
2055 2243 2191 2279 factae:
2227 2243 2258 2279 si
2292 2253 2373 2278 vero
2409 2251 2439 2277 is

1351 2291 1559 2336 ignorasset,
1580 2301 1644 2335 ego
1657 2294 1776 2326 autem
1796 2290 1952 2332 scissem,
1973 2293 2059 2324 tunc
2079 2288 2237 2324 mandati
2256 2298 2313 2323 me
2333 2297 2438 2332 agen-

1351 2340 1422 2372 tem
1446 2347 1528 2372 cum
1550 2336 1696 2371 muliere
1719 2334 1977 2370 excludendum
2001 2344 2099 2376 esse,
2131 2344 2188 2369 me
2218 2337 2338 2368 autem
2362 2342 2437 2367 cre-

1351 2384 1374 2416 4
1421 2381 1527 2416 ditori
1550 2381 1673 2416 teneri.
1723 2380 1760 2415 Si
1784 2380 1909 2415 mulier
1939 2390 2004 2424 pro
2038 2389 2099 2421 eo,
2131 2389 2196 2424 pro
2228 2389 2298 2423 quo
2330 2377 2437 2412 inter-

1352 2426 1517 2468 cesserit,
1541 2426 1710 2461 iudicium
1733 2428 1861 2470 parata
1885 2425 1931 2460 sit
1954 2424 2136 2469 accipere,
2161 2427 2202 2459 ut
2225 2434 2298 2459 non
2319 2422 2357 2458 in
2380 2432 2438 2458 ve-

1353 2475 1465 2507 terem
1489 2470 1686 2506 debitorem
1711 2470 1805 2506 actio
1830 2469 1952 2505 detur:
1985 2469 2153 2514 quoniam
2184 2472 2328 2504 senatus
2353 2478 2438 2503 con-

1352 2516 1438 2552 sulti
1473 2516 1719 2561 exceptionem
1755 2525 1936 2561 opponere
1969 2518 2105 2560 potest,
2142 2523 2266 2549 cavere
2297 2512 2439 2548 debebit

1351 2561 1562 2607 exceptione
1596 2571 1634 2597 se
1667 2571 1740 2596 non
1774 2570 1920 2596 usuram
1955 2565 1990 2595 et
2023 2559 2074 2595 sic
2109 2558 2157 2594 ad
2190 2558 2342 2594 iudicem
2375 2557 2437 2592 ire.

1352 2610 1371 2642 5
1419 2605 1643 2642 Intercedere
1667 2605 1847 2641 mulierem
1871 2604 2143 2650 intellegendum
2167 2608 2221 2639 est
2244 2603 2349 2638 etiam
2372 2612 2437 2647 pro

1351 2662 1405 2694 eo,
1430 2652 1491 2697 qui
1514 2651 1663 2697 obligari
1687 2661 1759 2686 non
1782 2650 1906 2696 possit,
1931 2650 2039 2685 veluti
2062 2650 2092 2684 si
2115 2659 2180 2701 pro
2202 2659 2301 2684 servo
2321 2647 2437 2683 alieno

1350 2696 1555 2732 intercedit:
1581 2696 1645 2732 sed
1667 2695 1821 2732 rescissa
1843 2694 2097 2731 intercessione
2119 2705 2157 2729 m
2181 2693 2359 2730 dominum
2383 2702 2436 2727 re-

1351 2741 1532 2778 stituenda
1555 2745 1610 2777 est
1633 2741 1739 2777 actio.

1848 2834 1887 2872 Il
1898 2831 1936 2871 ¹³.

1618 2900 1679 2932 DE
1705 2897 2169 2931 COMPENSATIONIBUS.

1403 2964 1418 3002 1
1447 2964 1702 3001 Mooasmws
1717 2965 1808 3000 libro
1828 2968 1934 3000 sexto
1949 2964 2214 3011 pandectarum
2261 2962 2435 3008 Compen-

1350 3011 1442 3047 satio
1467 3014 1523 3046 est
1545 3010 1655 3046 debiti
1679 3012 1714 3044 et
1736 3009 1858 3047 crediti
1882 3009 1974 3045 inter
1996 3019 2035 3045 se
2059 3007 2285 3045 contributio.

1397 3053 1423 3093 2
1447 3055 1472 3091 Ι
1475 3064 1640 3091 υωᾼινυε
1659 3054 1751 3090 libro
1775 3055 2032 3101 nonaqensimo
2052 3054 2273 3100 diqestorum
2318 3052 2435 3088 Unus-

1351 3101 1501 3146 quisque
1534 3100 1745 3135 creditorem
1775 3110 1879 3134 suum
1911 3099 2131 3144 eundemque
2155 3098 2350 3134 debitorem
2373 3107 2435 3142 pe-

1351 3149 1483 3182 tentem
1506 3147 1713 3186 summovet,
1737 3143 1769 3179 si
1791 3149 1939 3190 paratus
1963 3147 2019 3180 est
2042 3153 2284 3188 compensare.

1397 3189 1421 3229 3
1447 3189 1675 3226 Poueomvs
1691 3189 1782 3225 libro
1801 3190 1991 3225 vicensimo
2011 3189 2136 3235 quinto
2156 3188 2206 3223 ad
2223 3187 2395 3224 Sabinum
2409 3187 2435 3208 ¹⁴

1350 3235 1434 3272 Ideo
1460 3234 1701 3280 compensatio
1726 3235 1928 3270 necessaria
1951 3237 2016 3276 est,
2041 3234 2125 3279 quia
2147 3233 2296 3269 interest
2314 3235 2436 3268 nostra

1350 3281 1471 3326 potius
1494 3290 1567 3315 non
1590 3280 1726 3315 solvere
1749 3289 1855 3325 quam
1879 3279 2035 3315 solutum
2059 3282 2230 3323 repetere.

1397 3324 1422 3362 4
1452 3324 1611 3361 PAULUS
1643 3324 1734 3360 libro
1771 3324 1874 3359 tertio
1910 3323 1960 3359 ad
1988 3323 2162 3359 Sabinum
2207 3322 2340 3358 Verum
2370 3325 2434 3364 est,

1351 3369 1448 3415 quod
1472 3373 1508 3406 et
1525 3368 1673 3405 Neratio
1698 3369 1864 3414 placebat
1883 3372 1919 3404 et
1937 3368 2157 3413 Pomponius
2176 3367 2238 3411 ait,
2261 3367 2339 3412 ipso
2358 3366 2435 3402 iure

1351 3425 1392 3451 eo
1427 3415 1543 3450 minus
1578 3414 1823 3450 fideiussorem
1858 3424 1902 3449 ex
1936 3414 2032 3450 omni
2066 3416 2254 3450 contractu
2296 3411 2433 3455 debere,

1351 3576 1405 3613 (1¹)
1430 3574 1608 3617 oppinitur
1622 3574 1655 3607 F
1743 3575 1802 3613 (1²)
1827 3576 1963 3605 senatus
1976 3573 2133 3605 consulto
2147 3572 2226 3606 Hal.

1395 3620 1454 3656 (is)
1479 3618 1656 3653 Sab.2...o.
1671 3627 1717 3658 ιι;
1741 3619 1805 3652 Ed.
1820 3626 1841 3652 ι.
1858 3626 1900 3652 ιο.
1916 3626 2035 3656 12...1⁵;
2059 3618 2142 3660 Pap.
2157 3624 2262 3651 nemu
2286 3635 2327 3642 -
2344 3617 2428 3650 Bas.

1867 3667 1924 3705 (u)
1950 3663 1993 3696 ad
2006 3662 2207 3695 edictumF¹

2479 87 2513 110 bo.
