2528 3918
186 136 377 179 XXXIII
408 137 446 177 9.
467 137 517 177 10

184 261 205 293 5
253 267 335 293 vero
359 267 432 292 non
456 255 734 293 continebuntur
746 257 768 292 ¹.
811 256 942 293 Penori
969 259 1109 291 acetum
1133 266 1273 302 quoque

186 302 311 339 cedere
340 312 443 338 nemo
473 301 630 345 dubitat,
665 301 736 339 nisi
768 300 1015 347 exstinguendi
1043 301 1133 346 ignis
1163 311 1274 337 causa

186 348 253 384 fuit
276 349 460 392 paratum:
493 350 579 382 tunc
613 346 707 383 enim
730 347 806 383 esui
828 347 999 394 potuique
1023 356 1095 381 non
1118 345 1205 382 fuit:
1239 351 1274 381 et

186 398 205 427 6
253 393 304 427 ita
315 391 440 428 Ofilius
456 391 547 428 libro
561 396 663 428 sexto
677 391 812 429 decimo
832 392 1012 428 actionum
1034 391 1168 427 scribit.
1205 390 1274 427 Sed

185 437 280 483 quod
304 436 456 473 diximus
481 439 581 473 ‘usus
604 437 660 473 sui
687 438 803 484 gratia
825 436 1002 483 paratum’
1027 435 1273 482 accipiendum

184 482 253 519 erit
274 485 311 518 et
341 482 537 518 amicorum
559 482 636 518 eius
669 486 706 519 et
737 482 917 518 clientium
951 484 988 517 et
1018 481 1272 524 universorum,

185 537 274 573 quos
299 527 394 563 circa
417 536 456 563 se
479 526 599 570 habet,
630 538 703 564 non
726 528 833 564 etiam
863 527 939 562 eius
963 526 1137 569 familiae,
1168 537 1273 579 quam

185 582 300 618 neque
326 572 423 608 cirea
445 581 485 608 se
508 582 623 618 neque
647 573 743 608 circa
772 582 856 608 suos
880 572 1006 608 habet:
1039 574 1128 617 puta
1158 582 1189 607 s1
1237 571 1274 607 ui

184 621 270 655 sunt
291 617 329 653 in
352 617 444 654 villis
467 616 639 663 deputati.
686 628 776 663 quos
800 616 953 669 quintus
970 616 1113 652 Mucius
1137 617 1189 653 sic
1212 583 1273 652 de-

186 663 342 703 finiebat,
366 665 409 698 ut
431 672 555 699 eorum
578 662 712 699 cibaria
735 662 908 698 contineri
933 664 1054 707 putet,
1092 662 1152 707 qui
1183 672 1274 707 opus

186 719 259 744 non
282 707 458 744 facerent:
483 707 547 744 sed
570 708 754 743 materiam
804 707 945 742 raebuit
968 707 1088 743 Servio
1114 707 1273 749 notandi,

186 757 226 789 ut
257 756 436 789 textorum
467 756 503 789 et
533 753 722 788 textricum
751 753 784 788 ci
810 753 886 787 aria
916 751 1051 788 diceret
1082 752 1273 788 contineri:

185 798 248 835 sed
271 798 416 834 Mucius
439 808 500 834 eos
524 798 635 834 voluit
665 797 883 843 significare,
921 797 981 843 qui
1012 797 1108 832 circa
1137 801 1275 843 patrem

186 848 202 877 ἰ
252 843 404 879 familias
420 846 514 879 sunt.
562 843 674 879 Simili
696 842 801 879 modo
819 846 856 878 et
877 842 1116 878 iumentorum
1139 842 1275 878 cibaria

210 889 294 925 enui
317 889 555 930 continentur,
581 888 644 924 sed
668 898 789 923 eorum
811 888 1060 930 iumentorum,
1086 898 1176 933 quae
1200 888 1273 923 usi·

187 901 253 970 Rus
276 933 389 980 ipsius
413 937 449 969 et
477 933 671 969 amicorum
703 933 924 969 deserviunt:
957 936 1114 968 ceterum
1148 933 1179 969 si
1203 943 1274 978 qua

185 980 343 1015 iumenta
366 978 460 1024 agris
475 978 723 1014 deserviebant
744 978 799 1014 vel
815 978 1039 1021 locabantur,
1059 978 1177 1023 legato
1201 989 1274 1013 non

186 1027 206 1060 8
254 1023 380 1060 cedere
418 1024 552 1060 cibaria
592 1033 725 1059 eorum.
788 1023 870 1058 Sive
904 1027 1022 1058 autem
1057 1022 1273 1059 frumentum

185 1070 259 1106 sive
281 1068 366 1115 quid
389 1068 573 1114 leguminis
597 1069 634 1104 in
657 1068 747 1104 cella
770 1068 942 1114 penuaria
972 1068 1117 1110 habuit,
1150 1069 1273 1114 penori

185 1115 301 1160 legato
325 1114 574 1158 continebitur,
599 1113 663 1149 sed
687 1117 729 1150 et
746 1113 915 1149 hordeum
932 1113 1004 1148 sive
1029 1112 1184 1149 familiae
1200 1114 1273 1150 sive

184 1160 422 1196 iumentorum
443 1159 576 1204 gratia:
602 1159 663 1194 et'
685 1158 810 1194 Ofilius
831 1157 956 1193 scribit
978 1158 1069 1194 libro
1094 1162 1195 1195 sexto
1211 1158 1272 1194 de-

185 1207 206 1241 9
253 1205 343 1241 cimo
366 1204 560 1240 actionum.
607 1204 722 1249 Ligna
741 1207 778 1239 et
795 1203 968 1240 carbones
985 1207 1185 1249 ceteraque,
1209 1214 1274 1250 per

185 1260 278 1296 quae
300 1260 415 1295 penus
439 1248 684 1291 conficeretur,
710 1259 757 1284 an
806 1248 906 1284 enori
928 1248 1046 1293 legato
1065 1249 1272 1285 continean-

185 1299 255 1338 tur,
280 1294 463 1340 quaeritur
472 1295 496 1329 ³.
544 1297 580 1329 et
603 1293 755 1338 Quintus
819 1293 921 1329 ucius
957 1297 994 1328 et
1017 1293 1142 1329 Ofilius
1166 1304 1272 1339 nega-

185 1344 328 1376 verunt:
353 1350 425 1375 non
438 1339 549 1384 magis
565 1349 671 1384 quam
685 1338 811 1381 molae,
834 1338 1010 1384 inquiunt,
1035 1339 1271 1375 continentur.

183 1384 277 1421 idem
302 1388 336 1420 et
358 1388 416 1420 tus
441 1388 476 1419 et
499 1384 623 1419 ceras*⁵
637 1383 812 1419 contineri
825 1387 1054 1428 negaverunt.
1111 1383 1175 1419 sed
1197 1383 1272 1419 Ru-

184 1430 281 1466 tilius
306 1433 341 1465 et
363 1429 459 1474 ligna
483 1433 519 1464 et
541 1429 727 1472 carbones,
752 1438 846 1474 quae
868 1438 941 1464 non
964 1428 1140 1464 vendendi
1163 1439 1275 1466 causa

185 1478 312 1521 parata
334 1478 436 1517 sunt,
469 1473 644 1509 contineri
668 1473 728 1509 ait.
777 1473 906 1509 Sextus
929 1477 1048 1509 autem
1073 1474 1274 1510 Caecilius⁵

185 1520 290 1556 etiam
314 1523 373 1555 tus
398 1523 433 1555 et
448 1529 570 1555 cereos
594 1519 631 1554 in
648 1519 880 1554 domesticum
897 1529 1001 1554 usum
1018 1523 1164 1564 paratos
1188 1530 1273 1556 con-

189 1569 228 1600 ιο
273 1564 380 1601 tineri
411 1564 527 1609 legato
561 1564 686 1600 scribit
694 1565 719 1599 ⁶.
778 1563 919 1600 Servius
950 1563 1048 1608 apud
1076 1563 1209 1600 Melam
1239 1569 1276 1601 et

185 1613 405 1656 unguentum
429 1613 464 1645 et
485 1609 629 1646 chartas
648 1608 860 1655 epistulares
879 1609 1023 1655 penoris
1043 1619 1122 1645 esse
1139 1610 1273 1653 scribit,

185 1659 221 1692 et
243 1659 299 1691 est
321 1655 439 1691 verius
462 1654 552 1690 haec
576 1654 714 1699 omnia,
751 1653 879 1690 odores
915 1665 986 1700 quo
1011 1664 1058 1690 ue
1081 1655 1272 1691 contineri:

184 1700 247 1737 sed
270 1704 307 1736 et
331 1700 476 1736 chartas
500 1699 547 1735 ad
569 1699 809 1735 ratiunculam
842 1699 898 1735 vel
928 1699 975 1734 ad
1019 1699 1179 1745 ogarium
1209 1711 1273 1746 pa-

188 1750 222 1781 11
273 1749 372 1781 ratas
407 1744 593 1781 contineri.
653 1745 751 1780 Vasa
793 1755 935 1790 quoque
976 1745 1152 1790 penuaria
1190 1746 1275 1791 quin

184 1790 444 1834 contineantur,
467 1789 567 1825 nulla
591 1789 766 1826 dubitatio
791 1793 857 1825 est.
904 1789 1025 1826 Aristo
1051 1793 1169 1826 autem
1186 1791 1274 1826 scri-

184 1837 237 1873 bit
260 1835 357 1872 dolia
379 1845 452 1871 non
475 1835 659 1878 contineri,
684 1838 721 1870 et
743 1838 799 1871 est
820 1845 943 1870 verum
966 1835 1163 1871 secundum
1178 1835 1276 1871 illam

184 1881 458 1924 distinctionem,
483 1890 590 1926 quam
613 1891 656 1916 su
682 1880 775 1915 rain
800 1880 880 1916 vino
897 1879 1058 1916 fecimus.
1105 1890 1173 1916 nec
1197 1880 1273 1916 fru-

185 1926 294 1963 menti
317 1936 384 1962 nec
407 1925 622 1971 leguminum
687 1935 772 1961 ecae
795 1925 955 1968 (arculae
977 1925 1071 1961 forte
1095 1926 1150 1961 vel
1173 1936 1274 1972 spor·

183 1975 254 2014 tae)
279 1971 335 2007 vel
357 1971 388 2007 si
411 1981 483 2016 qua
516 1970 588 2006 alia
619 1974 721 2012 sunt,
754 1981 846 2016 quae
877 1971 996 2006 horrei
1027 1971 1190 2016 penuarii
1220 1971 1276 2007 vel

184 2016 296 2053 cellae
352 2016 520 2052 enuariae
551 2015 780 2052 instruendae
812 2016 930 2061 gratia
967 2016 1164 2059 habentur,
1203 2027 1276 2052 non

183 2062 325 2098 contine
352 2065 473 2104 untur,
498 2061 561 2097 sed
585 2071 628 2097 ea
651 2061 730 2097 sola
752 2061 999 2104 continentur,
1033 2061 1110 2097 sine
1145 2062 1275 2107 quibus

184 2117 297 2153 penus
322 2106 447 2142 haberi
470 2116 543 2142 non
566 2109 663 2142 recte
685 2109 815 2152 potest.

230 2151 256 2189 4
282 2151 465 2187 ’Panes
485 2151 575 2187 libro
607 2154 738 2197 quarto
770 2151 821 2186 ad
842 2150 1015 2188 Sabinum
1063 2150 1157 2186 Nam
1180 2151 1276 2197 quod

183 2196 341 2243 liquidae
363 2196 533 2232 materiae
556 2196 603 2232 sit
626 2195 710 2242 quia
721 2206 787 2241 per
809 2206 848 2232 se
871 2206 950 2232 esse
966 2206 1039 2231 non
1063 2200 1192 2241 potest,
1217 2207 1274 2232 ra-

184 2243 238 2288 pit
260 2251 382 2277 secum
404 2241 681 2277 inaccessionis
705 2241 825 2277 locum
847 2240 884 2277 id
907 2241 984 2277 sine
1007 2252 1077 2286 quo
1102 2252 1179 2277 esse
1203 2253 1275 2278 non

184 2291 320 2334 potest:
346 2296 432 2323 vasa
456 2290 575 2322 autem
587 2286 745 2322 accessio
762 2286 901 2332 legatae
917 2296 1042 2332 penus,
1067 2297 1139 2322 non
1158 2287 1276 2332 legata

184 2336 286 2369 sunt:
320 2331 471 2377 denique
500 2341 595 2377 penu
627 2335 841 2377 consumpta
869 2341 956 2367 vasa
985 2342 1056 2367 non
1090 2331 1273 2367 debentur.

184 2377 248 2414 sed
279 2381 316 2413 et
347 2376 378 2413 si
434 2387 539 2412 enum
569 2387 651 2413 cum
673 2377 766 2413 vasis
798 2376 1001 2422 specialiter
1030 2376 1078 2412 sit
1106 2376 1274 2422 legatum,

184 2432 270 2459 vasa
300 2432 373 2458 non
428 2421 630 2458 ebebuntur
660 2421 715 2457 vel
747 2425 960 2467 consumpta
998 2431 1094 2467 penu
1124 2421 1180 2457 vel
1211 2421 1273 2457 ad·

188 2472 200 2503 ι
252 2472 383 2513 empta.
431 2466 468 2503 Si
500 2467 558 2502 cui
588 2477 679 2520 quae
709 2467 747 2502 in
801 2466 1021 2512 romptuario
1057 2467 1128 2502 sint
1157 2467 1275 2513 legata

184 2516 204 2548 2
251 2512 395 2555 fuerint,
420 2523 492 2548 non
515 2522 628 2548 omnis
652 2522 765 2557 penus
798 2516 901 2558 egata
925 2515 988 2548 est.
1036 2511 1126 2547 Item
1149 2511 1180 2548 si
1195 2512 1274 2557 quis

185 2558 312 2594 solitus
343 2556 483 2593 fructus
514 2567 598 2593 suos
631 2556 783 2593 vendere
812 2567 944 2602 penum
975 2557 1162 2602 legaverit,
1202 2568 1274 2593 non

184 2603 313 2647 omnia,
339 2612 430 2648 quae
455 2606 490 2638 et
512 2602 728 2648 promercii⁸
751 2612 862 2638 causa
893 2602 1030 2645 habuit,
1062 2601 1200 2647 legasse
1224 2603 1272 2638 vi-

185 2647 308 2690 detur,
341 2647 404 2683 sed
435 2657 478 2683 ea
506 2647 604 2690 sola,
635 2657 727 2693 quae
756 2647 794 2682 in
816 2657 948 2692 penum
978 2647 1046 2683 sibi
1069 2648 1271 2693 separabat.

185 2692 281 2738 quod
305 2693 335 2728 si
359 2692 560 2738 promiscue
583 2693 635 2728 uti
660 2692 808 2734 solebat,
833 2696 920 2727 tunc
944 2697 1115 2738 quantum
1139 2692 1185 2727 ad
1210 2702 1273 2727 an-

185 2748 295 2773 nuum
312 2748 416 2773 usum
431 2738 463 2773 ei
477 2739 491 2759 ⁹
504 2737 685 2774 sufficeret
710 2737 934 2782 familiaeque
959 2738 1034 2773 eius
1058 2741 1273 2774 ceterorum-

185 2793 272 2828 que,
332 2783 368 2818 ui
392 2783 488 2818 circa
511 2793 591 2818 eum
615 2786 710 2826 sunt,
734 2782 852 2828 legato
877 2782 978 2818 cedet
990 2784 1035 2817 ¹⁰:
1069 2782 1165 2828 quod
1188 2782 1273 2825 fere,

185 2828 299 2874 inquit
348 2827 487 2870 abinus,
520 2828 635 2863 evenit
663 2828 700 2863 in
724 2827 886 2874 personis
910 2829 1185 2863 mercatorum¹¹
1211 2832 1275 2863 aut

184 2872 463 2954 {wtssssffiffilss
474 2873 617 2954 5212&
634 2872 1274 2963 eitiissknqiiielinlssffiiissfflitzrin

187 2967 206 2999 4
253 2962 365 2998 ditum
390 2966 444 2999 est
467 2963 629 2999 omnibus
646 2963 835 3008 generibus
859 2962 1003 2999 dictum.
1051 2962 1089 2999 Si
1104 2963 1156 2999 ita
1178 2963 1271 3008 lege-

185 3013 245 3044 tur
268 3012 420 3054 ‘penum‚
445 3018 537 3054 quae
560 3008 695 3044 Romae
726 3009 803 3051 sit’,
828 3011 947 3044 utrum
983 3018 1075 3054 quae
1100 3012 1155 3044 est
1177 3008 1273 3044 intra

186 3052 413 3097 continentia,
437 3052 555 3099 legata
579 3053 717 3089 videtur
740 3064 786 3088 au
810 3063 892 3089 vero
918 3063 961 3089 ea
984 3053 1072 3096 sola,
1104 3063 1196 3099 quae
1219 3057 1274 3089 est

187 3100 282 3134 intra
305 3098 470 3134 murum?
494 3102 531 3134 et
553 3098 693 3143 quidem
717 3099 824 3134 urbes
848 3098 923 3134 fere
947 3109 1068 3135 omnes
1094 3109 1196 3135 muro
1219 3103 1270 3134 te-

186 3154 254 3179 nus
278 3143 392 3186 finiri,
422 3142 571 3179 Romam
596 3144 875 3183 continentibus,
909 3147 944 3179 et
974 3144 1099 3179 urbem
1122 3143 1272 3179 Romam

184 3192 203 3224 5
253 3199 367 3235 aeque
389 3188 664 3225 continentibus.
713 3187 816 3233 Quod
848 3189 879 3224 si
911 3189 1049 3224 urbana
1080 3199 1194 3234 penus
1226 3189 1273 3225 sit

186 3234 313 3279 legata,
338 3243 487 3277 omnem,
513 3243 604 3278 quae
620 3233 750 3278 ubique
766 3238 830 3277 est,
854 3233 1007 3279 legatam
1022 3233 1133 3269 videri
1149 3234 1271 3270 Labeo

187 3352 224 3386 (ι)
248 3357 349 3389 supra
359 3347 424 3380 seri
449 3349 484 3380 ta
496 3356 573 3380 vero
587 3356 654 3379 non
665 3347 928 3381 continebuntur
940 3360 998 3382 om.
1015 3346 1062 3381 F·
1155 3349 1199 3389 (2)
1224 3347 1272 3380 ita

188 3394 247 3425 ine.
324 3394 368 3434 (3)
393 3394 404 3433 (
480 3391 575 3425 urius
587 3390 730 3424 Sabinus
742 3392 778 3424 in
791 3392 875 3425 iuris
887 3391 995 3426 civilis
1006 3392 1164 3429 secundo)
1178 3391 1271 3435 ligna

186 3447 318 3514 affine
331 3437 529 3515 eigilffssfi
540 3435 708 3478 carbones,
717 3436 1061 3515 qtbibxseonfioeretur
1071 3447 1187 3481 penus,
1218 3437 1270 3471 ui-

190 3528 252 3559 a..
270 3491 794 3570 ”¹¹:5¹A2315ffifflm„.5
821 3483 1271 3568 '“‹⁸0‚s01v{12'm⁰321⁰⁰⁸101u'31

187 3572 221 3603 in
235 3571 441 3614 reprehensis
452 3569 626 3603 Scaevolae
638 3568 802 3613 capitibus
813 3570 977 3613 scripsisse
991 3570 1074 3604 Cato
1086 3538 1182 3605 Aeflo
1197 3571 1270 3615 pla-

186 3615 291 3648 cuisse
302 3626 370 3649 non
383 3626 468 3658 quae
480 3614 551 3648 esui
562 3618 596 3648 et
650 3614 703 3648 tui
713 3614 824 3648 forent
832 3639 842 3656 ,
860 3613 916 3647 sed
936 3616 1014 3648 thus
1028 3625 1161 3659 quoque
1173 3618 1207 3650 et
1217 3626 1270 3650 οο-

187 3670 259 3693 reos
269 3660 307 3693 in
317 3670 407 3703 penu
418 3670 485 3693 esse
495 3685 503 3701 ,
525 3670 570 3702 qu
626 3661 710 3693 anet
720 3659 793 3693 eius
810 3658 955 3692 familiae
968 3661 1031 3700 (sie
1045 3661 1270 3706 Οαπηοςίοευ,

188 3705 259 3738 eius
270 3705 371 3739 ferme
383 3705 431 3739 rei
445 3706 534 3747 libri)
546 3714 643 3738 causa
653 3706 879 3747 comparatum
892 3704 1020 3739 Gellius
1155 3706 1200 3748 (τ)
1224 3706 1273 3740 ad

192 3753 208 3788 5
222 3757 239 3783 ²
252 3751 294 3793 ςῙῖ
312 3750 438 3784 Gellius
450 3751 482 3789 4.
495 3757 520 3791 ι,
533 3757 569 3785 2³
673 3753 717 3790 (8)
741 3751 777 3783 et
787 3758 866 3783 usus
877 3750 938 3783 ι’ω.
1052 3751 1098 3792 (9)
1122 3750 1194 3784 eius
1203 3763 1267 3785 eeu·-

1264 130 1349 179 476

1501 29 1571 130 ἢ

1571 141 1611 162 Ψ
2014 146 2072 177 DE
2101 147 2217 179 PENU
2246 146 2419 179 LEGA'IA

1341 256 1403 298 ait,
1437 256 1542 292 etiam
1566 257 1596 292 si
1619 258 1655 292 in
1680 257 1770 293 villis

1342 301 1423 336 usui
1455 301 1650 344 destinata,
1687 302 1792 338 sicuti
1823 302 1948 338 urbica
1980 302 2175 338 ministeria
2209 302 2358 340 dicimus
2389 308 2425 339 et

1342 356 1434 391 quae
1457 350 1559 382 extra
1581 347 1705 383 urbem
1728 347 1830 383 nobis
1855 347 2055 382 ministrare
2078 351 2346 384 consueverunt.
2395 349 2424 384 si

1342 395 1462 427 autem
1486 397 1587 427 extra
1609 392 1752 435 urbem,
1784 392 1919 428 Romae
1950 397 2071 428 tamen
2094 392 2140 428 sit
2190 392 2252 429 sed
2277 397 2312 428 et
2334 393 2366 430 si
2388 394 2425 429 in

1342 439 1362 472 6
1409 436 1522 472 hortis
1552 437 1600 473 sit
1627 437 1709 473 urbi
1739 437 1887 480 iunctis,
1919 437 2012 473 idem
2043 437 2111 473 erit
2141 420 2341 475 dicendum.
2388 439 2424 475 Si

1343 480 1402 517 cui
1425 492 1539 527 penus
1562 481 1679 528 legata
1702 481 1749 518 sit
1772 486 1915 528 praeter
1937 483 2068 525 vinum,
2099 482 2212 519 omnis
2237 493 2351 537 penus
2374 483 2423 520 le-

1342 530 1426 572 gata
1457 527 1596 563 videtur
1624 531 1773 573 excepto
1804 528 1902 564 vino:
1942 527 2006 563 sed
2034 527 2066 563 si
2099 527 2152 563 ita
2178 531 2351 574 scriptum
2379 529 2425 565 sit

1344 575 1494 608 ‘omnem
1517 582 1648 617 penum
1670 576 1814 618 praeter
1827 572 1945 609 vinum
1969 572 2064 626 quod
2076 572 2212 609 Romae
2235 573 2325 615 erit’,
2349 574 2423 612 sola

1343 626 1456 662 penus
1503 627 1571 653 uae
1595 617 1730 654 Romae
1754 621 1810 654 est
1830 618 1947 663 legata
1960 618 2114 654 videtur:
2140 621 2177 654 et
2198 618 2250 654 ita
2272 622 2310 654 et
2320 618 2423 655 Pom-

1342 661 1472 707 ponius
1511 662 1589 698 ’bro
1612 666 1715 699 sexto
1738 663 1785 699 ad
1807 663 1979 699 Sabinum
2003 662 2141 699 scribit.

1389 705 1414 745 5
1440 706 1634 742 ΡΑυιιῑεῐ8
1657 707 1748 744 libro
1772 713 1903 754 quarto
1926 708 1977 744 ad
1999 708 2174 744 Sabinum
2220 708 2302 744 Non
2325 719 2427 744 omne

1343 751 1440 798 quod
1463 752 1607 788 bibetur
1635 752 1673 788 in
1700 763 1795 798 penu
1823 753 1991 789 habetur:
2024 753 2157 800 alioqui
2187 763 2334 790 necesse
2363 757 2425 796 est,

1343 801 1384 832 ut
1408 797 1526 833 omnia
1548 797 1805 833 medicamenta
1828 808 1918 843 quae
1942 798 2151 835 biberentur
2167 798 2426 835 contineantur.

1342 843 1463 888 itaque
1494 852 1537 878 ea
1572 842 1711 878 demum
1742 843 1885 888 penoris
1916 853 2011 886 esse,
2049 854 2140 889 quae
2169 843 2287 879 alendi
2318 854 2429 879 causa

1342 887 1566 930 biberentur,
1599 898 1668 934 quo
1701 888 1738 923 in
1770 898 1916 923 numero
1950 888 2149 924 antidotum
2172 899 2245 925 non
2273 893 2339 925 est.
2393 893 2428 924 et

1346 936 1359 967 1
1410 943 1496 968 sane
1520 943 1602 968 vere
1648 932 1793 969 Cassius
1817 933 1939 969 sensit.
1988 932 2058 969 Sed
2081 933 2177 979 quod
2199 933 2343 979 quidam
2366 944 2427 969 ne·

1341 981 1513 1022 gaverunt
1541 977 1643 1031 piper
1671 982 1707 1013 et
1730 977 1933 1023 ligusticum
1965 982 2002 1013 et
2033 988 2177 1014 careum
2207 982 2244 1014 et
2273 979 2370 1015 laser
2393 983 2429 1015 et

1343 1026 1463 1058 cetera
1497 1022 1701 1059 huiusmodi
1733 1023 1771 1058 in
1810 1033 1906 1068 penu
1946 1033 2020 1059 non
2054 1033 2148 1067 esse,
2191 1023 2426 1069 improbatum

1342 1071 1407 1104 est.
2239 1087 2241 1089 -

1389 1110 1414 1151 6
1438 1112 1546 1148 IDEM
1571 1113 1662 1150 libro
1686 1113 1822 1149 decimo
1854 1112 1904 1148 ad
1926 1112 2099 1149 Sabinum
2153 1113 2429 1149 Instrumentum

1342 1158 1495 1203 pistrini,
1518 1157 1604 1194 item
1628 1158 1792 1194 universa
1812 1168 1897 1194 vasa
1912 1157 2123 1194 cocitatoria
2134 1168 2231 1204 penu
2253 1169 2325 1194 non
2345 1169 2428 1195 con-

1342 1203 1512 1239 tinentur.

1389 1247 1413 1285 7
1439 1248 1642 1285 Scis-roas
1654 1247 1745 1284 libro
1759 1249 1863 1283 tertio
1875 1258 2129 1295 responsorum
2154 1247 2302 1284 ‘Penum
2316 1258 2430 1284 meam

1343 1298 1495 1330 ‘omnem
1518 1293 1565 1329 ad
1587 1297 1737 1329 matrem
1759 1292 1963 1338 liberosque
1986 1303 2102 1338 meos,
2128 1293 2189 1339 qui
2213 1303 2294 1329 cum
2317 1298 2430 1329 matre

1343 1342 1450 1382 ‘sunt,
1474 1338 1652 1384 pertinere
1675 1338 1779 1374 volo'.
1826 1348 1972 1391 quaero,
1997 1338 2028 1374 si
2049 1342 2186 1374 tutores
2203 1338 2331 1383 pupilli
2353 1348 2430 1374 eam

1342 1384 1564 1420 solummodo
1582 1394 1714 1429 penum
1734 1383 1866 1426 deberi,
1891 1394 1984 1428 quae
2001 1383 2039 1418 in
2061 1383 2255 1419 caenaculo
2281 1384 2429 1426 esset¹³‘,

1343 1429 1480 1471 dicant,
1513 1429 1584 1465 sint
1615 1432 1734 1464 autem
1765 1432 1801 1464 et
1828 1428 1866 1463 in
1889 1429 2026 1464 horreis
2051 1429 2260 1473 amphorae,
2293 1439 2341 1464 an
2363 1428 2430 1464 hae

1343 1484 1484 1520 quoque
1499 1474 1724 1510 deberentur.
1772 1473 1966 1518 respondit,
1991 1473 2161 1519 quidquid
2183 1474 2326 1519 penoris
2345 1484 2432 1510 usus

1344 1530 1455 1556 causa
1478 1519 1692 1565 ubicumque
1715 1518 1913 1562 habuisset,
1937 1518 2069 1555 deberi.

1792 258 1928 303 agrisve
1952 257 2009 298 sit,
2046 257 2076 292 si
2090 257 2116 278 ¹2
2147 257 2209 293 illa
2231 258 2278 294 sit
2300 258 2424 295 urbico

1846 1656 1882 1695 X
1894 1655 1932 1695 ¹⁴.

1547 1723 1609 1755 DE
1632 1721 2004 1755 SUPPELLECTILE
2028 1722 2221 1755 LEGATA.

1393 1787 1411 1826 1
1442 1787 1670 1824 Poupomvs
1698 1788 1789 1824 libro
1821 1793 1926 1824 sexto
1958 1787 2008 1823 ad
2037 1787 2211 1824 Sabinum
2263 1788 2431 1834 Supellex

1344 1836 1399 1870 est
1422 1833 1657 1870 domesticum
1679 1833 1794 1879 patris
1824 1832 1980 1869 familiae
2008 1833 2300 1886 instrumentum,
2336 1834 2431 1880 quod

1343 1877 2380 1977 ”eiuivffiffissssssff{3322Jsssssb‘ffiusssiffiffssiiff'
2396 1925 2405 1960 i

1344 1974 1414 2053 88113
1422 1968 2138 2060 tolgazogllli'gfionglzltassaemzllesssabinum
2187 2014 2431 2060 Suppellectili

1344 2061 1461 2106 legata
1484 2060 1574 2096 haec
1599 2059 1841 2096 continentur:
1873 2069 2026 2100 mensae,
2051 2060 2324 2112 trapezophora,
2358 2059 2430 2095 del-

1345 2105 1445 2149 flcae,
1470 2104 1689 2146 subseuiaffi,
1716 2115 1872 2147 scamna,
1885 2104 1968 2140 lecti
1985 2104 2091 2140 etiam
2104 2104 2329 2150 inargentati,
2355 2104 2429 2140 cul-

1346 2151 1448 2194 citae,
1471 2150 1611 2193 toralia,
1635 2149 1785 2195 imperia
1797 2151 1837 2192 ¹⁶,
1868 2160 1954 2185 vasa
1977 2149 2138 2195 aquaria,
2169 2150 2299 2195 pelves,
2331 2149 2429 2196 aqui·

1350 2200 1362 2231 1
1412 2195 1606 2237 minalia¹⁷,
1626 2195 1853 2237 candelabra,
1866 2195 2045 2237 lucernae,
2060 2194 2170 2230 trulla
2183 2196 2220 2237 ¹⁸,
2245 2195 2334 2231 ltem
2346 2206 2432 2231 vasa

1345 2251 1456 2277 aenea
1479 2240 1658 2285 vulgaria,
1687 2240 1725 2275 id
1748 2245 1802 2276 est
1833 2250 1926 2286 quae
1948 2250 2021 2276 non
2043 2240 2186 2285 proprie
2210 2244 2329 2276 essent
2351 2240 2431 2277 loco

1345 2289 1365 2321 2
1413 2286 1613 2321 adtributa:
1647 2285 1839 2321 Praeterea
1869 2295 2017 2330 capsae,
2049 2285 2214 2321 armaria.
2261 2285 2325 2322 sed
2349 2289 2432 2322 sunt

1345 2331 1406 2376 qui
1428 2335 1525 2367 recte
1548 2334 1678 2376 putant
1702 2340 1830 2376 capsas
1853 2334 1890 2366 et
1913 2330 2084 2372 armaria,
2120 2330 2151 2366 si
2173 2330 2344 2366 librorum
2369 2335 2432 2366 aut

1344 2376 1494 2412 vestium
1517 2381 1581 2411 aut
1605 2379 1904 2411 armamentorum
1933 2375 2049 2420 gratia
2079 2379 2207 2421 parata
2235 2375 2326 2418 sint,
2358 2386 2430 2412 non

1344 2431 1422 2457 esse
1445 2421 1483 2456 in
1505 2420 1760 2474 suppellectili,
1792 2420 1876 2466 quia
1905 2430 1950 2455 ne
1973 2420 2042 2456 hae
2065 2419 2209 2465 quidem
2237 2420 2336 2466 ipsae
2360 2431 2428 2463 res,

1344 2466 1474 2512 quibus
1505 2465 1708 2501 adtributae
1738 2470 1874 2508 essent,
1911 2465 2166 2511 suppellectilis
2195 2465 2429 2502 instrumento

1344 2515 1363 2547 3
1412 2511 1590 2547 cederent.
1637 2510 1762 2546 Vitrea
1784 2510 1924 2547 escaria
1946 2514 1983 2546 et
2000 2510 2142 2556 potoria
2164 2511 2202 2546 in
2218 2511 2430 2556 supellectili

1343 2560 1428 2592 sunt
1459 2556 1511 2592 sic
1535 2560 1575 2591 ut
1605 2555 1746 2598 fictilia,
1778 2565 1844 2592 nec
1876 2555 1990 2592 solum
2020 2555 2198 2601 vulgaria,
2231 2555 2295 2592 sed
2324 2556 2430 2592 etiam

1343 2612 1435 2647 quae
1456 2601 1494 2637 in
1518 2602 1633 2654 pretio
1657 2611 1783 2645 magno
1807 2605 1912 2637 sunt:
1932 2611 2019 2650 Anam
2042 2605 2079 2636 et
2101 2601 2219 2646 pelves
2243 2605 2429 2646 argenteas

1343 2650 1379 2683 et
1402 2646 1631 2692 aquiminalia
1643 2646 1672 2668 ¹⁹
1695 2650 1864 2691 argentea
1893 2649 1929 2681 et
1956 2656 2097 2682 mensas
2129 2650 2164 2682 et
2193 2646 2306 2682 lectos
2333 2646 2428 2682 inar-

1341 2695 1505 2737 gentatos
1529 2692 1584 2727 vel
1607 2691 1791 2726 inauratos
1815 2695 1922 2736 atque
1944 2695 2139 2736 gemmatos
2162 2690 2199 2727 in
2219 2691 2429 2744 supellectili

1343 2747 1422 2773 esse
1445 2747 1518 2773 non
1542 2736 1738 2778 dubitatur,
1764 2747 1877 2781 usque
1901 2735 2010 2778 adeo,
2036 2741 2075 2771 ut
2098 2736 2191 2772 idem
2213 2736 2300 2772 iuris
2324 2736 2371 2772 sit
2394 2741 2428 2772 et

1343 2785 1363 2816 4
1409 2782 1441 2818 si
1463 2785 1540 2818 tota
1563 2785 1732 2826 argentea
1763 2781 1816 2816 vel
1845 2792 1956 2816 aurea
1984 2781 2065 2817 sint.
2112 2781 2167 2817 De
2197 2781 2362 2818 murrinis
2394 2786 2429 2817 et

1343 2838 1360 2862 c
1406 2826 1557 2863 stallinis
1582 2826 1738 2862 dubitari
1755 2830 1876 2871 potest
1895 2836 1941 2861 an
1961 2826 2115 2862 debeant
2128 2825 2356 2862 adnumerari
2369 2837 2427 2862 su-

1342 2883 1386 2917 pe
1415 2872 1510 2908 ectili
1533 2876 1680 2917 propter
1695 2871 1861 2906 eximium
1877 2882 1981 2906 usum
1999 2875 2036 2907 et
2051 2871 2220 2917 pretium:
2245 2871 2309 2907 sed
2332 2875 2368 2908 et
2384 2872 2428 2908 de

1342 2921 1361 2951 5
1409 2917 1465 2953 his
1488 2916 1581 2953 idem
1604 2916 1793 2952 dicendum
1812 2919 1877 2952 est.
1914 2916 1990 2952 Nec
2009 2916 2168 2959 interest,
2193 2916 2296 2952 cuius
2316 2921 2425 2952 mate-

1342 2962 1416 2998 riae
1445 2965 1529 2998 sunt
1559 2972 1635 3004 res,
1667 2971 1758 3006 quae
1787 2964 1872 2997 sunt
1900 2961 1936 2996 in
1966 2961 2214 3007 suppellectili.
2260 2961 2323 2997 sed
2348 2972 2425 2997 cra·

1342 3011 1453 3044 terem
1476 3010 1682 3052 argenteum
1713 3017 1786 3042 non
1814 3017 1893 3042 esse
1924 3006 1962 3041 in
1985 3006 2196 3052 supellectili
2226 3017 2291 3042 nec
2315 3007 2426 3042 ullum

1342 3062 1404 3089 vas
1427 3056 1633 3098 argenteum
1656 3051 1852 3087 secundum
1876 3051 2010 3087 saeculi
2032 3051 2256 3087 severitatem
2271 3051 2426 3087 nondum

1341 3097 1559 3133 admittentis
1584 3097 1839 3142 supellectilem
1863 3101 2065 3142 argenteam
2073 3098 2104 3117 ²⁰
2126 3096 2249 3138 hodie,
2280 3101 2428 3142 propter

1341 3153 1446 3179 usum
1467 3141 1713 3188 imperitorum
1737 3141 1767 3177 si
1796 3141 1834 3177 in
1863 3145 2009 3187 argento
2038 3141 2189 3177 relatum
2218 3141 2266 3178 sit
2295 3141 2424 3178 cande·

1340 3188 1481 3268 {3²me
1503 3191 1720 3232 argenteum,
1745 3186 1882 3232 argenti
1904 3196 1983 3223 esse
2007 3186 2155 3229 videtur,
2188 3191 2224 3223 et
2246 3197 2348 3223 error
2369 3187 2425 3224 ius

1355 3242 1411 3268 aci
1429 3259 1438 3268 .

1339 3347 1400 3387 (io)
1420 3345 1473 3378 Ex
1485 3345 1538 3378 his
1551 3356 1635 3387 quae
1645 3344 1863 3389 promercalia
1871 3348 1904 3379 et
1916 3346 2050 3379 usuaria
2060 3346 2163 3379 isdem
2175 3345 2211 3378 in
2223 3344 2306 3379 locis
2318 3349 2425 3379 essent

1340 3392 1461 3434 (essent
1469 3403 1526 3424 om.
1540 3391 1639 3433 libri),
1649 3401 1716 3424 esse
1724 3401 1763 3424 ea
1770 3389 1840 3424 sola
1846 3391 1979 3434 penoris
1987 3393 2084 3434 putat
2094 3391 2274 3431 (Masurius
2282 3390 2425 3424 Sabinus

1339 3435 1375 3469 in
1392 3435 1477 3469 iuris
1494 3434 1604 3468 civilis
1619 3435 1788 3478 secundo),
1808 3446 1893 3477 quae
1911 3436 1991 3469 satis
2006 3436 2074 3469 sint
2091 3446 2153 3468 usu
2168 3446 2282 3469 annuo
2298 3436 2423 3470 Gellius

1339 3482 1394 3523 (ιι)
1419 3484 1638 3514 mereatarum
1652 3481 1686 3514 F
1793 3485 1852 3524 (¹2)
1874 3482 1922 3515 sic
1933 3494 1995 3516 sec.
2011 3482 2056 3522 B,
2077 3479 2166 3513 villis
2184 3480 2314 3523 agrisve
2332 3481 2376 3514 sit
2394 3481 2423 3514 si

1339 3537 1398 3559 om.
1409 3525 1443 3558 F
1529 3528 1586 3568 (1³)
1610 3525 1698 3559 idem
1712 3524 1762 3559 Γ*
1851 3527 1922 3567 (1³⁸)
1947 3537 2014 3560 csse
2026 3526 2060 3559 F

1384 3572 1442 3611 (ιι)
1468 3571 1640 3606 Sab.1...3.
1653 3578 1680 3605 s.
1694 3577 1722 3605 s.
1737 3571 1919 3610 10.11;E‹1.
1935 3579 1961 3605 τ.
1975 3579 2003 3606 s.
2018 3578 2059 3606 1⁸.
2074 3578 2123 3610 ης
2142 3571 2227 3623 Pap.
2241 3578 2267 3606 ι.
2281 3578 2317 3610 ⁹3
2331 3571 2419 3616 App.

1339 3622 1381 3650 12.
1394 3633 1439 3639 —
1453 3616 1537 3650 Bao.
1552 3618 1607 3658 44,
1620 3622 1652 3651 1³
1714 3620 1773 3657 (is)
1793 3614 1947 3650 sut-euin
1957 3616 1992 3650 F
2048 3617 2108 3658 (ιο)
2122 3614 2252 3659 impilia
2267 3616 2420 3651 &tacius

1337 3661 1398 3703 (ι’τ)
1408 3660 1633 3704 aquiminaria
1644 3659 1699 3694 F*
1755 3661 1818 3703 (¹8)
1832 3659 1955 3694 trullea
1966 3674 2027 3695 scr.
2086 3662 2145 3702 (19)
2158 3660 2380 3703 aquiminaria
2395 3660 2428 3694 F

1337 3705 1402 3747 (ἱο)
1427 3706 1614 3740 exciderunt
1630 3706 1790 3750 quasdam
1803 3707 1851 3740 ad
1868 3708 1927 3740 Ιιοο
1948 3706 2121 3750 exemplum
2133 3706 2207 3739 Sex.
2219 3704 2336 3739 Aelius
2353 3708 2413 3738 sta-

1337 3750 1415 3793 tuit,
1426 3750 1483 3785 sed
1494 3750 1531 3784 in
1542 3753 1699 3793 argentm
1722 3750 1823 3785 etism
