2528 3918
117 157 174 188 ΕΤ
202 153 683 186 DEMONSTRATIONIBUS

164 262 215 303 80
240 263 442 301 SCAEVOLA
469 264 559 300 libro
584 269 708 300 octavo
732 263 981 309 quaestionum
1024 263 1098 299 Eas
1120 273 1205 298 cau-

117 322 187 354 sas,
204 320 295 356 quae
310 310 473 355 protinus
491 312 652 355 agentem
668 308 854 354 repellunt,
871 307 908 342 in
925 307 1206 344 fideicommissis

117 356 210 392 non¹
260 366 300 391 ro
325 355 629 391 condicionalibus
642 354 824 389 observari
849 357 1008 399 oportet:
1036 364 1095 390 eas
1110 364 1205 398 vero,

118 411 207 446 quae
257 401 365 436 abent
389 411 522 436 moram
555 410 636 435 cum
669 403 831 444 sumptu,
868 398 1095 435 admittemus
1121 409 1205 434 cau-

116 448 212 482 tione
235 446 378 481 oblata=
414 456 481 481 nec
505 444 597 480 enim
620 455 742 490 parem
768 444 925 479 dicemus
949 455 1048 487 eum,
1075 444 1133 480 cui
1155 444 1208 479 ita

116 493 236 527 datum
260 491 318 534 sit,
343 491 374 527 si
397 494 663 526 monumentum
687 489 820 532 fecerit,
846 493 882 525 et
895 500 986 533 eum,
1012 490 1070 525 cui
1084 490 1205 525 datum

116 541 187 620 estg
205 541 246 572 ut
269 539 535 572 monumentum
559 535 681 571 faciat.
1163 556 1165 558 -

194 581 211 619 1
241 581 296 617 ΡΑ
306 592 400 618 Ubus
420 581 511 617 libro
536 582 701 617 vicesimo
719 581 842 627 primo
869 582 1119 627 quaestionum
1145 581 1204 615 Iu-

115 628 183 663 lius
207 627 341 663 Paulus
375 626 603 674 Nymphidio.
651 626 850 671 Quaesisti,
882 627 912 661 si
945 627 997 661 ita
1027 626 1063 661 in
1094 629 1204 661 testa-

116 677 232 709 mento
257 678 402 708 cautum
426 676 538 708 esset:
577 672 732 708 ‘Stichus
758 672 787 709 si
818 672 976 708 rationes
1001 671 1204 715 reddiderit,

117 723 208 754 ‘cum
234 718 480 754 contubernali
505 728 572 753 sua
595 717 685 753 liber
710 720 785 753 esto
811 718 931 763 eisque
956 718 1077 753 decem
1101 717 1205 752 heres

116 764 236 806 ‘dato’,
261 774 307 799 an
319 763 443 799 Sticho
467 766 608 799 mortuo
634 766 824 808 antequam
847 763 1004 799 rationes
1029 762 1204 805 redderet,

115 810 168 845 vel
191 810 372 855 pariatore
394 809 447 844 vel
471 809 609 854 reliqua
620 809 787 851 habente,
812 809 925 843 libera
939 812 1035 844 esset
1051 808 1205 843 mulier?

115 860 150 891 et
173 865 219 890 an
243 854 285 890 de
308 855 426 900 legato
449 853 543 890 idem
567 854 797 899 accipiamus.
840 854 1031 890 libertate²
1055 853 1150 897 data,
1176 853 1205 888 si

114 901 270 936 rationes
292 900 496 943 reddiderit,
521 900 617 935 hanc
641 899 887 935 condicionem
919 900 1099 935 rationum
1124 898 1204 934 red-

116 946 322 989 dendarum,
347 949 389 981 ut
410 945 529 981 iussus
546 945 709 980 videatur
730 945 870 990 reliqua
894 945 1054 988 reddere,
1080 944 1109 980 si
1134 955 1205 990 qua

116 992 234 1034 habet,
261 1002 341 1026 cum
364 990 435 1026 fide
459 994 561 1026 actus
586 991 652 1026 sui.
701 1001 794 1036 quae
818 990 848 1026 si
871 991 970 1026 nulla
993 994 1088 1034 sunt,
1113 1000 1203 1035 pure

116 1037 297 1082 accepisse
328 1036 530 1072 libertatem
561 1036 793 1072 videbuntur:
828 1040 864 1071 et
888 1037 925 1072 'si
956 1040 1039 1082 post
1072 1036 1204 1071 aditam

114 1083 347 1118 hereditatem
363 1082 526 1126 decessit,
553 1085 775 1127 competente
797 1082 963 1118 libertate
980 1082 1084 1117 etiam
1108 1082 1204 1126 lega-

114 1132 190 1163 tum
214 1139 275 1163 eos
300 1132 462 1163 secutum
487 1131 552 1163 est.
602 1128 696 1173 quod
729 1128 779 1171 si,
813 1138 894 1163 cum
926 1128 1044 1163 adhuc
1067 1127 1206 1171 reliqua

114 1173 273 1217 haberet,
300 1174 460 1217 decessit,
487 1174 552 1209 sub
578 1172 702 1209 eadem
727 1173 938 1209 condicione
962 1177 999 1209 et
1015 1173 1204 1208 contuber-

114 1218 205 1254 nalis
231 1218 306 1255 eius
329 1218 530 1254 libertatem
563 1219 746 1264 accepisse
769 1218 908 1254 videtur
932 1222 967 1254 et
991 1218 1130 1254 defecta
1153 1218 1204 1253 vi-

116 1265 258 1300 debitur
283 1264 503 1300 condicione.
530 1265 593 1300 sed
617 1275 689 1299 non
713 1265 933 1310 ineleganter
955 1264 1045 1299 illud
1069 1264 1206 1300 dicetur

115 1309 275 1345 Stichum
301 1310 440 1355 quidem
465 1310 532 1346 sub
558 1309 767 1346 condicione
784 1309 1051 1353 manumissum,
1078 1313 1203 1345 contu-

114 1355 296 1391 bernalem
327 1359 445 1391 autem
485 1356 560 1391 eius
593 1366 683 1400 pure
716 1359 751 1390 et
785 1355 883 1391 illam
920 1355 1204 1391 coniunctionem

114 1412 186 1436 non
210 1401 255 1436 ad
282 1400 562 1446 coniungendam
588 1401 852 1444 condicionem,
885 1401 949 1437 sed
980 1400 1026 1436 ad
1050 1400 1205 1436 necessi-

117 1450 130 1480 1
181 1446 340 1482 tudinem
364 1446 677 1482 demonstrandam
701 1447 890 1491 pertinere.
938 1447 1042 1482 Tunc
1067 1446 1207 1481 demum

113 1502 178 1537 pro
202 1491 348 1536 impleta
367 1492 522 1527 habetur
543 1491 717 1535 condicio,
744 1503 824 1528 cum
843 1503 909 1538 per
926 1502 1005 1528 eum
1027 1495 1110 1535 stat,
1137 1492 1206 1536 qui,

114 1537 143 1572 si
166 1538 312 1582 impleta
336 1540 440 1580 esset,
466 1537 650 1572 debiturus
674 1541 764 1573 erat.

160 1580 213 1620 82
241 1582 448 1618 CALmsrRA
457 1593 526 1618 ros
547 1583 637 1619 libro
661 1583 818 1619 secundo
840 1584 1091 1629 quaestionum
1118 1582 1207 1617 Cum

113 1638 234 1663 servus
258 1628 309 1663 ita
331 1628 422 1664 liber
439 1638 517 1664 esse
539 1628 658 1664 iussus
683 1628 730 1664 sit
755 1628 796 1664 ‘si
820 1629 978 1664 rationes
999 1628 1206 1664 reddiderit'

114 1673 215 1719 eique
239 1673 389 1709 fundum
402 1674 506 1709 heres
519 1673 606 1709 dare
620 1674 769 1710 damnas
785 1674 842 1718 sit,
867 1674 1061 1716 videamus,
1086 1678 1207 1709 utrum

115 1719 276 1754 condicio
300 1719 458 1755 libertati
487 1720 694 1765 praeposita
726 1720 774 1755 sit
806 1730 853 1754 an
879 1730 962 1755 vero
989 1724 1024 1756 et
1047 1720 1164 1765 legato
1180 1721 1206 1755 3.

115 1768 151 1799 et
198 1763 316 1800 uidem
349 1764 379 1800 si
411 1764 568 1800 libertati
603 1765 671 1800 soli
702 1765 919 1810 accipiamus
952 1765 1206 1810 praepositam,

116 1810 177 1844 nul
193 1820 233 1845 us
259 1813 433 1845 tractatus
459 1820 515 1846 am
543 1810 611 1846 lius
637 1815 815 1856 superest:
852 1821 935 1846 nam
959 1812 1114 1856 legatum
1139 1822 1206 1856 pu-

113 1866 191 1890 rum
223 1856 402 1891 invenitur
434 1856 504 1891 eti
532 1866 573 1892 eo
609 1856 733 1891 inutile
763 1856 819 1892 fit:
854 1856 950 1901 quod
982 1857 1012 1892 si
1044 1856 1206 1892 condicio

114 1901 221 1936 etiam
244 1901 362 1946 legato
387 1901 496 1937 insita
527 1901 591 1944 sit,
628 1901 723 1947 quod
755 1901 899 1947 quidam
935 1905 1031 1937 recte
1067 1905 1206 1947 putant,

113 1946 218 1982 simul
242 1957 321 1982 cum
345 1946 512 1982 libertate
536 1946 611 1982 dies
637 1958 778 1992 quoque
812 1947 920 1992 legati
944 1947 1078 1983 utiliter
1103 1947 1206 1982 cedit.

113 1991 199 2037 quid
224 2002 308 2038 ergo
335 1993 538 2028 continetur
572 1993 628 2028 his
652 1993 769 2028 verbis
796 1993 836 2028 ‘si
860 1993 1019 2029 rationes
1043 1992 1205 2028 reddide=

114 2037 210 2073 ‘rit’?
234 2037 377 2083 quidam
400 2037 470 2073 hoc
495 2038 596 2073 aiunt
632 2038 672 2073 ‘si
696 2038 833 2083 reliqua
856 2038 1072 2081 reddiderit'‚
1105 2038 1207 2090 quasi

113 2083 199 2118 nihil
222 2083 382 2124 intersit,
415 2087 533 2118 utrum
566 2084 632 2119 sub
665 2083 734 2118 hac
759 2083 968 2119 condicione
993 2084 1034 2119 ‘si
1058 2083 1206 2129 reliqua’

114 2128 168 2163 vel
191 2129 260 2164 hac
286 2129 352 2164 *ΒΗ
375 2129 532 2164 rationes
556 2128 771 2164 reddiderit’.
803 2129 867 2165 sed
892 2140 957 2164 nos
982 2140 1095 2174 neque
1121 2140 1205 2165 con-

114 2174 288 2209 dicionem
312 2184 445 2209 meram
469 2178 637 2219 putamus
663 2185 758 2216 esse,
792 2185 884 2220 quae
914 2175 951 2209 in
976 2174 1120 2210 datione
1145 2185 1206 2210 ex·

115 2220 227 2262 sistit,
253 2230 368 2264 neque
391 2230 526 2255 meram
552 2219 813 2263 condicionem,
849 2230 940 2265 quae
963 2220 999 2255 in
1024 2220 1120 2255 facto
1149 2220 1205 2263 sit,

113 2265 175 2300 sed
201 2275 277 2300 eam
303 2265 557 2308 condicionem,
585 2275 676 2310 quae
700 2276 743 2300 ex
767 2266 922 2300 mixtura
947 2265 1101 2311 quadam
1120 2276 1205 2300 con-

113 2310 217 2345 sistit.
242 2321 325 2345 nam
338 2321 410 2346 nou
424 2311 547 2356 utique
571 2311 600 2346 si
624 2310 684 2346 ille
707 2311 744 2345 in
768 2311 851 2346 folle
875 2311 1013 2356 reliqua
1026 2311 1205 2356 optulerit,

113 2355 202 2390 liber
227 2356 311 2391 erit:
337 2367 409 2391 non
424 2357 515 2391 enim
538 2359 691 2391 testator
714 2357 783 2392 hoc
809 2357 928 2399 sensit,
955 2357 1018 2392 sed
1041 2357 1140 2399 illud,
1166 2360 1206 2391 ut

113 2401 271 2436 rationes
295 2401 433 2444 reddat,
460 2402 636 2447 quomodo
652 2412 775 2437 servus
799 2402 949 2437 reddere
963 2402 1065 2444 solet,
1089 2402 1126 2437 id
1152 2406 1206 2437 est

113 2446 280 2491 legendas
305 2446 433 2482 offerre
455 2447 611 2482 rationes
635 2447 806 2492 primum,
843 2447 970 2483 deinde
994 2451 1203 2492 computan-

115 2491 196 2534 das,
221 2496 262 2527 ut
284 2492 464 2537 explorari
489 2493 622 2538 possit,
655 2493 907 2538 imputationes
931 2493 1044 2539 probe
1068 2503 1116 2528 an
1139 2492 1204 2527 im·

114 2537 226 2581 probe
251 2538 462 2580 referantur,
487 2542 637 2583 accepta
661 2542 759 2574 recte
782 2538 897 2573 relata
921 2549 967 2573 an
991 2550 1063 2574 non
1087 2542 1202 2574 recte:

113 2583 164 2617 ita
189 2583 280 2618 enim
304 2583 430 2628 incipit
453 2583 593 2628 quidem
617 2594 673 2619 res
698 2595 720 2618 a
744 2583 861 2627 facto,
894 2584 1056 2629 pervenit
1085 2588 1204 2619 autem

114 2628 160 2663 ad
182 2628 383 2673 pecuniam.
422 2628 517 2664 inest
545 2629 601 2664 his
626 2629 741 2664 verbis
766 2630 872 2664 etiam
903 2629 1053 2665 heredes
1078 2630 1206 2665 notitia

113 2674 242 2709 instrui
265 2673 461 2717 rationum,
495 2677 536 2709 ut
559 2675 692 2716 sciant,
726 2674 810 2720 quid
840 2675 878 2710 in
902 2685 1044 2720 quaque
1067 2675 1206 2710 ratione

115 2719 287 2763 scriptum
312 2719 369 2755 sit.
406 2730 488 2754 nam
513 2719 609 2764 quod
632 2720 710 2765 ipse
733 2720 832 2755 vivus
855 2718 1018 2755 facturus
1044 2723 1132 2763 erat,
1159 2721 1204 2756 ab

114 2764 305 2800 heredibus
337 2764 411 2800 suis
443 2764 520 2800 fieri
553 2765 699 2800 iussisse
722 2765 957 2810 intellegitur:
993 2766 1052 2800 ille
1085 2770 1205 2801 autem

114 2810 236 2862 utique
259 2821 331 2845 non
355 2810 408 2845 sic
432 2810 573 2846 solebat
605 2821 706 2846 servo
739 2820 804 2847 suo
837 2810 1037 2846 ostendenti
1068 2811 1206 2855 reliqua

114 2858 273 2891 rationes
298 2855 542 2898 subscribere,
576 2855 639 2891 sed
662 2856 732 2898 ita,
764 2860 805 2891 ut
828 2856 962 2901 legeret
986 2857 1206 2891 examinaret

115 2900 304 2945 exciperet.
335 2900 454 2946 itaque
480 2912 559 2936 cum
586 2911 686 2937 servo
712 2902 780 2937 sub
804 2902 874 2936 hac
900 2901 1109 2937 condicione
1133 2905 1205 2937 tes-

115 2949 271 2981 tamento
303 2945 450 2982 libertas
483 2946 589 2982 datur
614 2947 655 2982 ‘si
686 2947 845 2982 rationes
877 2947 1101 2990 reddiderit’,
1134 2957 1206 2982 non

114 2991 208 3026 hanc
231 2991 343 3026 solam
366 2991 477 3027 habet
488 2991 793 3036 significationem,
819 2992 849 3028 si
864 2993 1047 3028 cautiones
1070 2992 1203 3028 instru—

115 3039 304 3082 mentaque
327 3037 448 3073 omnia
471 3041 572 3073 actus
604 3037 659 3073 sui
690 3037 891 3074 exhibuerit
913 3038 1054 3080 heredi,
1086 3037 1149 3073 sed
1173 3042 1208 3072 et

117 3081 146 3116 si
169 3081 308 3126 reliqua
331 3082 485 3118 solverit.

162 3124 213 3163 83
238 3127 398 3163 PAULUS
418 3128 509 3164 libro
534 3128 743 3163 duodecimo
767 3139 1023 3174 responsorum
1070 3128 1207 3164 Lucius

117 3171 230 3207 Titius
253 3172 305 3207 ita
326 3175 579 3209 testamentum
603 3172 704 3208 fecit:
739 3173 921 3209 ‘Aurelius
947 3173 1117 3209 Claudius
1141 3184 1205 3209 na-

118 3219 185 3251 ‘tus
219 3226 263 3252 ex
291 3217 353 3252 illa
384 3218 545 3261 muliere,
578 3218 609 3254 si
633 3218 745 3254 filium
776 3230 893 3254 meum
925 3229 964 3255 se
989 3229 1067 3254 esse
1098 3219 1207 3254 iudici

118 3261 343 3305 ‘probaverit,
368 3263 470 3299 heres
495 3264 579 3299 mihi
604 3265 704 3299 esto’.
729 3264 863 3299 Paulus
887 3264 1072 3309 respondit
1095 3264 1206 3299 filium

117 3306 161 3341 de
187 3317 256 3350 quo
281 3313 511 3352 quaereretur
533 3320 606 3344 non
631 3309 698 3344 sub
718 3320 761 3344 ea
773 3309 981 3345 condicione
1004 3310 1206 3345 institutum

117 3350 246 3394 videri,
280 3362 371 3396 quae
393 3353 431 3388 in
454 3358 635 3399 potestate
659 3355 734 3390 eius
761 3358 824 3398 est,
850 3359 887 3390 et
907 3355 986 3391 ideo
1012 3359 1204 3390 testamen-

116 3400 191 3430 tum
215 3396 345 3432 nullius
370 3407 448 3433 esse
471 3400 652 3435 momenti.

163 3438 215 3478 84
241 3441 345 3476 IDEM
366 3441 456 3478 libro
481 3449 612 3489 quarto
645 3445 781 3481 decimo
813 3456 1069 3491 responsorum
1119 3445 1205 3481 ‘Illis

120 3486 263 3538 ‘libertis
289 3487 535 3539 alimentorum
558 3490 718 3534 nomine,
751 3490 782 3525 si
815 3501 896 3525 cum
927 3490 1000 3526 filio
1025 3501 1104 3526 meo
1129 3502 1204 3526 mo-

118 3535 197 3567 ‘rat1
220 3531 363 3574 fuerint,
387 3537 586 3571 menstruos
611 3535 773 3571 denarios
799 3539 967 3571 centenos
983 3538 1020 3572 et
1039 3536 1207 3572 vestiaria

118 3647 156 3687 (1)
181 3656 249 3678 non
262 3646 324 3678 del.
336 3646 409 3678 dett.
421 3647 552 3688 quidam
599 3650 642 3690 (2)
659 3650 742 3682 talia
752 3657 974 3693 eoepectamus:
991 3650 1024 3682 et
1033 3649 1072 3681 de
1080 3649 1202 3692 legato,

118 3701 160 3723 an
172 3690 338 3732 accipiant
347 3690 363 3721 *ἶ
384 3690 476 3723 etita
485 3692 664 3734 accipimus
674 3692 830 3728 libertate
843 3702 899 3728 cet.
953 3695 995 3736 (3)
1014 3693 1162 3736 legatum
1175 3695 1209 3727 F

118 3741 159 3774 μ)
183 3735 212 3767 ei
228 3735 291 3768 hac
309 3735 372 3778 F¹,
393 3736 421 3768 si
439 3735 501 3768 hac
519 3735 546 3768 si
568 3737 618 3770 ΡΞ
754 3740 796 3781 (5)
823 3740 897 3778 αᾱξ
912 3747 925 3773 1
947 3741 987 3782 cs.
1001 3739 1047 3772 D.
1062 3741 1115 3781 30,
1130 3747 1200 3781 91,1

119 3780 163 3824 (ὅ)
189 3782 333 3824 θΠΨῒΟΐθ
354 3782 427 3815 edd·
573 3784 614 3828 (7)
640 3785 846 3831 requiruntur
868 3785 967 3822 talia:
992 3784 1048 3821 sed
1067 3785 1101 3819 id
1121 3787 1200 3819 tunc

1199 137 1283 183 505

1271 3795 1338 3820 non
1350 3785 1394 3818 sit

2144 137 2312 180 XXXV
2345 141 2360 179 1

1276 261 1367 297 ‘dari
1378 260 1480 297 volo'.
1507 261 1624 296 liberti
1648 261 1684 296 in
1709 261 1878 306 obsequio
1901 263 2059 305 fuerunt,
2085 262 2253 308 quamdiu
2278 262 2365 299 adu-

1275 307 1415 343 lescens
1441 306 1487 342 ad
1510 307 1669 342 militiam
1702 312 1988 351 promoveretur:
2025 319 2094 354 qua
2126 318 2236 344 causa
2261 308 2365 345 effec-

1275 358 1353 387 tum
1378 356 1443 395 est,
1468 355 1509 387 ut
1529 352 1742 397 quibusdam
1755 351 1891 387 Romae
1910 354 2042 388 relictis
2066 354 2366 400 proficisceretur,

1277 401 1312 433 et
1335 397 1432 443 apud
1457 401 1576 433 castra
1601 396 1791 432 defunctus
1818 402 1886 432 est:
1921 400 2119 443 quaesitum
2144 403 2215 443 est,
2249 411 2296 435 an
2321 402 2366 435 ab

1275 443 1466 479 heredibus
1491 443 1567 479 eius
1592 443 1761 478 alimenta
1786 442 1992 478 debeantur.
2027 445 2161 481 Paulus
2183 446 2368 491 respondit

1277 489 1521 524 condicionem
1547 488 1687 534 quidem
1711 488 1748 523 in
1771 499 1927 534 persona
1950 489 2174 531 libertorum,
2201 492 2262 536 qui
2287 503 2365 527 cum

1275 532 1348 569 filio
1375 534 1533 569 defuncti
1557 534 1686 570 morati
1710 538 1795 569 sunt
1817 537 1881 568 aut
1931 544 1967 569 er
1992 545 2052 571 eos
2076 547 2148 571 non
2162 537 2270 579 stetit,
2297 548 2366 582 quo

1275 578 1392 614 minus
1416 582 1659 624 morarentur,
1695 582 1836 615 mortuo
1873 578 1945 615 fiio
1981 582 2162 617 testatoris
2196 581 2368 618 defecisse

1275 635 1346 660 non
1370 625 1492 660 videri.
1518 625 1580 661 sed
1605 625 1634 660 si
1658 628 1810 660 testator
1829 628 1977 670 propter
1999 625 2061 661 filii
2086 627 2275 663 utilitatem
2299 629 2367 671 his,

1275 670 1334 715 qui
1350 681 1430 705 cum
1444 680 1485 706 eo
1511 671 1640 707 morati
1664 670 1828 713 fuissent,
1854 671 2021 706 alimenta
2046 674 2222 716 praestari
2247 674 2367 718 voluit,

1276 719 1401 751 contra
1416 716 1634 751 voluntatem
1655 716 1814 752 defuncti
1838 720 2001 762 petentes
2027 717 2141 752 audiri
2165 730 2236 754 non
2261 730 2366 765 opor·

1275 765 1362 796 tere.

1321 803 1372 844 85
1401 805 1604 842 SCAEVOLA
1630 807 1720 842 libro
1747 807 1851 841 tertio
1876 817 2130 852 responsorum
2159 809 2252 843 Titia
2266 810 2367 845 liere-

1275 852 1329 887 dis
1354 852 1507 886 instituti
1531 852 1662 887 liberos
1694 852 1860 887 habentis
1885 852 1949 887 filii
1979 852 2062 888 fidei
2087 855 2283 897 commisit,
2316 856 2368 890 uti

1274 907 1348 932 rem
1385 897 1460 932 eius
1497 898 1697 933 universam
1733 898 1940 934 restitueret
1974 897 2057 933 filiis
2094 899 2169 934 eius
2205 900 2369 936 liberisve

1275 953 1409 986 eorum,
1436 954 1516 978 cum
1537 943 1605 988 ipsi
1625 943 1808 988 petissent,
1829 944 1906 979 sine
1925 943 1999 978 ulla
2018 944 2105 979 iuris
2128 945 2367 981 cavillatione:

1299 999 1427 1031 uaero,
1461 999 1508 1024 an
1531 989 1586 1024 his
1611 989 1728 1024 verbis
1763 992 1856 1024 ‘cum
1887 989 1938 1024 illi
1970 999 1992 1024 a
2020 993 2056 1024 te
2079 990 2257 1035 petierint’
2284 1002 2367 1027 con-

1274 1000 1664 1114 digiossdeicommisso
1683 1034 1868 1080 adscripta
1891 1035 2066 1070 videatur.
2091 1036 2275 1081 respondit
2299 1048 2368 1073 non

1274 1091 1306 1114 v1
1334 1091 1395 1115 eri.

1321 1122 1399 1163 86⁵
1422 1124 1661 1161 MAECIANUS
1681 1125 1772 1161 libro
1797 1126 1901 1161 tertio
1916 1125 2276 1171 fideicommissorum
2311 1127 2369 1163 Iu-

1274 1170 1391 1206 lianus
1416 1174 1538 1206 noster
1563 1181 1661 1213 eum,
1698 1171 1758 1216 qui
1791 1171 1912 1206 decem
1938 1171 2023 1207 dare
2047 1175 2083 1206 et
2106 1172 2156 1207 ita
2179 1172 2269 1207 liber
2294 1183 2372 1208 esse

1273 1216 1392 1252 iussus
1419 1220 1523 1259 esset,
1549 1217 1578 1251 si
1603 1226 1625 1251 a
1648 1216 1785 1251 vivente
1809 1217 2046 1252 manumissus
2073 1221 2185 1260 esset,
2210 1228 2281 1254 non
2306 1219 2370 1253 ali-

1274 1265 1330 1296 ter
1353 1262 1521 1307 legatum,
1548 1262 1644 1307 quod
1670 1262 1701 1297 ei
1727 1272 1807 1297 cum
1832 1262 1997 1298 libertate
2022 1263 2144 1298 datum
2169 1267 2280 1306 esset,
2306 1264 2369 1299 ha-

1275 1307 1445 1351 biturum,
1471 1318 1578 1352 quam
1602 1307 1633 1343 si
1650 1307 1852 1343 condicioni
1875 1307 2052 1343 libertatis
2065 1309 2262 1354 paruisset:
2287 1309 2370 1345 item

1275 1352 1312 1387 in
1338 1358 1534 1398 emptorem
1545 1354 1569 1396 ⁶,
1601 1353 1631 1388 si
1656 1353 1830 1388 alienatus
1856 1357 1960 1389 esset.
1994 1354 2056 1389 sed
2080 1354 2117 1389 id
2140 1358 2228 1389 tunc
2252 1355 2371 1390 locum

1276 1398 1404 1441 habet,
1437 1409 1516 1434 cum
1549 1399 1749 1434 omnimodo
1783 1399 1886 1434 simul
1921 1410 2001 1434 cum
2026 1399 2193 1435 libertate
2216 1400 2371 1445 legatum

1277 1443 1417 1490 adquiri
1432 1445 1559 1489 potuit,
1573 1445 1657 1479 licet
1669 1444 1787 1490 legato
1802 1445 1968 1490 imposito
1984 1455 2056 1480 non
2070 1446 2148 1489 sit⁷‚
2168 1445 2277 1481 veluti
2291 1457 2371 1482 cum

1281 1492 1294 1523 1
1344 1490 1383 1525 in
1405 1493 1545 1535 tempus
1567 1490 1744 1525 libertatis
1762 1491 1920 1535 legatum
1942 1491 2111 1526 collatum
2130 1495 2235 1526 esset.
2284 1491 2371 1527 Cum

1276 1545 1359 1571 vero
1380 1535 1527 1571 libertas
1549 1535 1615 1571 sub
1638 1536 1857 1579 condicione,
1882 1536 2038 1581 legatum
2055 1540 2173 1572 autem
2190 1538 2372 1583 praesenti

1278 1580 1334 1616 die
1358 1580 1479 1616 datum
1505 1584 1568 1624 est,
1594 1582 1631 1616 in
1654 1581 1724 1617 hoc
1750 1582 1911 1627 quaestio
1937 1585 2002 1625 est,
2027 1592 2074 1617 an
2099 1583 2299 1618 constiterit
2320 1582 2370 1618 le-

1276 1630 1417 1671 gatum:
1455 1627 1583 1662 etenim
1616 1637 1683 1662 nec
1709 1627 1929 1663 Catonianae
1962 1628 2159 1663 sententiae
2191 1627 2311 1664 locum
2335 1630 2371 1664 in

1276 1673 1462 1717 proposito
1488 1683 1585 1714 esse,
1619 1672 1704 1718 quia
1729 1673 1794 1708 etsi
1820 1673 1939 1709 statim
1970 1677 2123 1709 testator
2148 1673 2370 1716 decessisset,

1277 1728 1348 1753 non
1361 1721 1480 1753 tamen
1493 1717 1694 1753 omnimodo
1708 1718 1834 1754 inutile
1847 1722 1941 1754 esset
1955 1718 2123 1763 legatum,
2150 1730 2230 1754 cum
2250 1723 2373 1765 posset

1280 1763 1443 1799 condicio
1469 1763 1644 1799 libertatis
1669 1767 1752 1799 ante
1777 1764 1909 1799 aditam
1929 1764 2162 1799 hereditatem
2178 1765 2317 1810 impleri
2337 1769 2373 1800 et

1276 1808 1433 1853 legatum
1458 1809 1676 1845 manumisso
1703 1809 1835 1852 deberi,
1860 1810 1929 1845 nisi
1952 1809 2046 1845 forte
2061 1811 2285 1846 necessarius
2308 1811 2370 1846 he-

1278 1865 1335 1889 res
1361 1854 1572 1890 exstitisset:
1609 1859 1698 1890 tunc
1722 1855 1814 1890 enim
1840 1855 2041 1890 omnimodo
2073 1856 2199 1891 inutile
2224 1856 2293 1891 erit
2320 1856 2370 1891 le-

1277 1903 1399 1944 gatum
1422 1900 1500 1935 iure
1524 1900 1615 1945 ipso,
1642 1901 1726 1946 quia
1749 1901 1818 1937 sub
1835 1901 2044 1936 condicione
2061 1901 2242 1947 acceperit
2265 1902 2370 1937 liber-

1276 1949 1398 1980 tatem.

1323 1987 1375 2028 87
1412 1991 1569 2026 VALENs
1599 1991 1690 2027 libro
1707 1993 1833 2044 primo
1861 1992 2221 2037 fideicommissorum
2269 1991 2371 2037 Quod

1276 2036 1447 2071 traditum
1472 2039 1527 2071 est
1549 2036 1588 2071 in
1611 2036 1737 2082 legans
1762 2037 2001 2081 novissimam,
2025 2038 2062 2072 in
2078 2037 2304 2074 libertatibus
2320 2039 2370 2073 le-

1276 2081 1454 2117 vissimam
1481 2081 1726 2117 condicionem
1751 2083 1983 2128 spectandam
2008 2093 2097 2126 esse,

1278 2173 1285 2179 ,
1323 2120 1376 2164 88
1406 2128 1530 2163 θΑιῑῐε
1543 2127 1633 2162 libro
1673 2129 1764 2163 rimo
1774 2129 2133 2174 fideicommissorum
2164 2128 2201 2164 id
2214 2132 2268 2164 est
2281 2139 2372 2174 quae

1276 2173 1343 2218 ipsi
1368 2183 1470 2209 servo
1497 2183 1634 2209 commo
1662 2174 1717 2208 ior
1741 2174 1797 2217 sit,

1322 2215 1375 2256 89
1411 2219 1444 2254 V
1442 2228 1570 2254 ALENs
1591 2218 1681 2254 libro
1701 2221 1824 2266 primo
1846 2220 2202 2265 fideicommissorum
2228 2230 2300 2254 non
2325 2219 2371 2254 ad

1277 2274 1319 2298 ea
1343 2263 1531 2299 dumtaxat
1553 2265 1720 2309 pertinet,
1746 2275 1838 2310 quae
1862 2265 2004 2310 saepius
2029 2266 2096 2301 sub
2115 2264 2259 2300 diversis
2285 2275 2369 2300 con-

1277 2309 1495 2354 dicionibus,
1528 2310 1591 2345 sed
1623 2311 1730 2345 etiam
1755 2321 1848 2355 quae
1870 2311 1983 2356 primo
2008 2320 2116 2356 pure,
2151 2310 2278 2345 deinde
2300 2310 2369 2346 sub

1276 2355 1484 2391 condicione
1498 2355 1640 2391 dantur.
1667 2356 1790 2401 itaque
1803 2357 1898 2401 quod
1917 2357 2021 2392 heres
2044 2365 2135 2402 pure
2148 2355 2235 2390 dare
2251 2356 2370 2391 iussus

1276 2404 1331 2435 est
1354 2401 1493 2445 quodve
1515 2412 1606 2446 pure
1637 2401 1792 2446 legatum
1818 2405 1890 2445 est,
1928 2412 2007 2437 cum
2039 2402 2074 2437 id
2106 2411 2150 2437 ex
2184 2401 2369 2436 intervallo

1276 2446 1341 2481 sub
1369 2447 1580 2482 condicione
1603 2447 1760 2492 legatum
1785 2451 1850 2490 est,
1874 2448 2054 2493 posterius
2078 2447 2189 2482 valet:
2215 2447 2245 2482 si
2268 2447 2369 2492 prius

1275 2492 1342 2527 sub
1368 2492 1595 2535 condicione,
1622 2492 1749 2528 deinde
1807 2503 1869 2528 ure
1902 2493 2058 2537 legatum
2088 2495 2160 2534 est,
2198 2502 2369 2537 praesens

1276 2537 1437 2572 debetur.
1487 2538 1582 2584 quod
1607 2537 1637 2574 si
1660 2549 1751 2583 pure
1789 2542 1931 2583 egatum
1962 2548 2006 2573 ex
2039 2537 2236 2573 continenti
2266 2538 2369 2573 heres

1276 2583 1341 2617 sub
1368 2583 1576 2619 condicione
1600 2583 1791 2619 damnatus
1816 2587 1880 2618 aut
1903 2587 2050 2628 rogatus
2083 2587 2138 2618 est
2171 2582 2274 2626 dare,
2305 2593 2368 2629 pe-

1275 2628 1376 2663 rinde
1400 2632 1465 2671 est,
1491 2639 1534 2664 ac
1561 2630 1590 2664 si
1616 2630 1742 2664 iuncta
1766 2630 1929 2665 subiecta
1953 2629 2132 2674 scriptura
2155 2628 2249 2663 idem
2272 2628 2368 2673 lega-

1274 2677 1350 2709 tum
1374 2678 1484 2718 esset,
1511 2675 1566 2710 vel
1590 2675 1655 2709 ut⁸
1677 2685 1848 2719 praesens
1872 2674 2045 2710 vindicari
2068 2674 2099 2710 si
2122 2674 2193 2709 hoc
2217 2674 2370 2709 voluerit

1275 2719 1477 2764 legatarius,
1502 2721 1567 2765 vel,
1594 2731 1675 2755 cum
1691 2720 1851 2755 condicio
1869 2719 2054 2760 exstiterit,
2079 2719 2124 2755 ab
2141 2719 2273 2755 herede
2295 2720 2370 2765 peti

1275 2765 1405 2809 possit,
1432 2766 1525 2801 nisi⁹
1555 2766 1890 2802 commemoratione
1920 2765 2114 2810 superioris
2144 2765 2251 2810 legati
2284 2776 2368 2818 pos-

1275 2810 1386 2845 terius
1410 2811 1584 2856 scriptum
1608 2811 1727 2854 fuerit,
1753 2811 1872 2846 velut:
1898 2810 2089 2854 ‘Stichum,
2116 2821 2218 2856 quem
2243 2811 2295 2845 ilh
2317 2811 2367 2846 le-

1277 2855 1376 2900 ‘gavi‚
1401 2856 1504 2892 heres
1529 2867 1628 2892 meus
1654 2857 1697 2899 ei,
1722 2856 1753 2892 si
1776 2856 1863 2891 illud
1887 2855 2024 2891 factum
2038 2857 2115 2899 erit,
2141 2855 2255 2891 dato':
2281 2860 2369 2891 tunc

1278 2901 1369 2935 enim
1394 2902 1586 2937 revocandi
1611 2901 1728 2937 animo
1753 2912 1924 2947 praesens
1948 2902 2104 2946 legatum
2130 2905 2165 2937 et
2189 2901 2256 2937 sub
2283 2912 2366 2936 con-

1278 2945 1414 2980 dicione
1438 2947 1548 2982 dandi
1572 2948 1624 2982 ita
1647 2947 1835 2983 scribsisse
1848 2946 2045 2983 videbitur:
2071 2951 2107 2982 et
2131 2947 2161 2982 si
2185 2950 2268 2982 ante
2281 2957 2366 2982 con-

1277 2990 1451 3026 dicionem
1487 3003 1562 3027 rem
1586 2992 1756 3035 vindicet,
1789 2992 1861 3028 doli
1893 2993 2055 3037 exceptio
2086 2992 2205 3027 locum
2234 2992 2367 3028 habere

1278 3036 1420 3081 poterit.

1324 3079 1376 3119 90
1405 3082 1529 3118 Gaws
1549 3083 1640 3118 libro
1650 3084 1776 3128 primo
1789 3084 2146 3128 fideicommissorum
2182 3082 2252 3117 Per
2266 3081 2365 3116 fidei-

1278 3126 1504 3162 commissum
1527 3127 1625 3163 varie
1649 3129 1734 3163 data
1765 3128 1930 3164 libertate
1953 3139 2026 3164 non
2056 3128 2234 3164 levissima
2264 3136 2365 3172 spec-

1276 3172 1388 3207 tanda
1419 3176 1490 3216 est,
1532 3173 1596 3208 sed
1626 3173 1835 3217 novissima,
1872 3174 1956 3219 quia
1989 3173 2167 3220 posterior
2201 3172 2364 3207 voluntas

1276 3217 1396 3262 potior
1418 3217 1545 3253 haberi
1569 3218 1691 3254 debet:
1724 3219 1782 3255 cui
1813 3223 1988 3256 consonat
2020 3219 2126 3255 etiam
2155 3217 2364 3262 rescriptum

1278 3262 1347 3298 divi
1364 3262 1548 3298 Antonini.

1323 3306 1372 3345 91
1401 3308 1639 3345 MAEOJANUS
1676 3309 1768 3345 libro
1810 3310 1967 3346 secundo
2006 3307 2360 3353 fideicommissorum

1278 3353 1552 3396 Condicionum,
1589 3365 1681 3400 quae
1703 3355 1742 3390 in
1765 3355 1922 3391 futurum
1949 3353 2197 3394 conferuntur,
2234 3351 2362 3395 triplex

1276 3402 1407 3434 natura
1431 3402 1502 3441 est,
1535 3402 1577 3434 ut
1599 3400 1775 3445 quaedam
1800 3401 1846 3436 ad
1868 3400 1905 3435 id
1927 3404 2084 3444 tempus,
2119 3408 2186 3442 quo
2212 3399 2364 3431 testator

1276 3444 1381 3486 vivat,
1407 3445 1581 3489 quaedam
1605 3445 1652 3480 ad
1675 3446 1728 3488 id,
1763 3445 1858 3491 quod
1888 3448 1970 3491 post
1993 3447 2142 3478 mortem
2166 3442 2241 3477 eius
2265 3441 2362 3475 futu-

1276 3501 1354 3524 rum
1379 3489 1435 3531 sit,
1461 3490 1635 3535 quaedam
1651 3491 1698 3526 ad
1710 3493 1739 3513 ¹⁰
1763 3492 1971 3527 alterutrum
1988 3488 2198 3534 pertineant,
2223 3491 2362 3531 tempus

1277 3539 1396 3570 autem
1408 3535 1463 3570 vel
1478 3539 1612 3571 certum
1631 3537 1685 3572 vel
1708 3536 1886 3572 infinitum
1911 3532 2247 3579 comprehendatur:
2274 3541 2364 3576 quae

1272 3648 1382 3681 locum
1401 3649 1511 3691 habet,
1531 3660 1607 3682 cum
1628 3649 1776 3692 legatum
1795 3649 1929 3690 adquiri
1947 3658 2014 3680 non
2030 3646 2152 3689 potuit,
2173 3646 2239 3677 nisi
2253 3645 2363 3688 legato

1272 3694 1464 3736 impositum
1477 3695 1602 3727 factum
1615 3696 1668 3737 sit,
1689 3706 1756 3727 non
1772 3705 1846 3726 cum
1861 3692 2049 3725 omnimodo
2062 3690 2162 3723 simul
2175 3701 2250 3723 cum
2261 3690 2362 3723 liber-

1272 3741 1338 3771 tate
1349 3738 1498 3782 legatum
1509 3740 1643 3782 adquiri
1655 3741 1777 3782 potuit,
1798 3739 1877 3771 licet
1896 3738 2005 3779 legato
2026 3737 2217 3778 impositum
2237 3736 2362 3768 fact-um

1475 3787 1520 3830 (8)
1546 3787 1584 3819 ut
1597 3785 1648 3819 vel
1660 3798 1722 3820 scr.
1812 3787 1855 3826 (υ)
1884 3795 1957 3817 cum
1972 3785 2031 3817 ins.
2124 3785 2182 3826 (10)
2208 3781 2248 3815 ad
2261 3795 2320 3817 om.
2333 3781 2364 3817 F

2051 3838 2094 3877 04.
