2528 3918
104 126 166 189 nn
193 156 316 198 AQUA
341 154 401 188 nr
428 155 585 197 Aoum
607 154 737 188 Pnuv.
766 153 867 188 Ano.

150 266 205 307 46
228 267 285 305 ΡΑ
293 277 388 305 mus
406 267 498 305 libro
513 267 638 315 primo
661 267 920 304 sententiarum
962 265 1020 301 Ad
1044 267 1187 302 curato-

103 316 154 352 ris
184 314 236 351 rei
259 313 424 360 publicae
448 312 606 349 officium
629 316 770 359 spectat
783 314 803 357 ¹,
835 315 876 347 ut
899 311 1038 347 dirutae
1063 311 1188 363 domus

107 364 123 396 1
172 369 197 396 a
219 359 368 395 dominis
392 361 602 394 extruantur
611 358 637 394 ².
685 358 840 394 Domum
869 360 1015 402 sumptu
1044 356 1188 402 publico

105 408 342 448 exau-uotam,
373 403 404 439 si
435 402 598 439 dominus
629 403 677 439 ad
706 407 847 449 tempus
879 402 1094 448 pecuniam³
1123 401 1188 436 im-

104 459 253 498 pensam
284 459 364 484 cum
394 447 513 484 usuris
545 449 735 485 restituere
765 448 938 491 noluerit,
978 448 1055 483 iure
1086 445 1189 483 eam⁴

104 506 162 532 res
210 494 327 531 ublica
350 493 526 531 distrahit.

151 539 178 579 4
223 538 429 576 Ntmrws
441 539 531 574 libro
544 542 650 575 sexto
666 539 954 576 membranarum
986 537 1088 583 Quod
1104 547 1190 573 con·

105 586 204 623 clave
230 584 393 620 binarum
422 583 563 619 aedium
592 584 756 620 dominus
787 595 832 620 ex
861 584 939 619 aliis
972 583 1120 620 aedibus
1152 582 1189 617 in

105 632 252 667 aliarum
283 639 388 664 usum
418 630 608 673 convertit,
647 641 719 666 non
751 630 866 666 solum
899 629 930 665 si
959 627 1189 673 contignatio,

105 686 175 722 qua
196 674 234 711 id
255 674 505 719 sustinebitur,
537 675 673 711 orietur
695 685 740 711 ex
762 679 866 720 parte
891 685 1014 710 earum
1037 673 1188 715 aedium,

103 722 140 757 in
158 729 309 767 quarum
327 730 433 755 usum
447 730 656 756 conversum
674 721 750 765 erit,
770 731 893 756 earum
911 720 984 764 fiet,
1005 719 1068 756 sed
1084 718 1189 754 etiam

103 767 134 802 si
156 770 360 801 transversa
383 765 601 810 contignatio
625 769 703 801 tota
726 766 763 801 in
787 766 939 801 aliarum
964 764 1106 801 aedium
1124 773 1189 809 pa-

102 811 252 847 rietibus
278 809 426 846 sedebit.
474 810 538 846 sed
562 814 597 846 et
619 810 742 846 Labeo
767 811 802 846 in
828 811 928 846 libris
952 809 1190 857 posteriorum

103 856 228 892 scribit
249 855 415 891 binarum
438 855 579 892 aedium
603 856 784 892 dominum
803 857 990 902 utrisque⁵
1039 854 1190 891 orticum

103 900 373 947 superposuisse
389 901 496 946 inque
513 911 592 936 eam
612 901 713 937 aditu
733 912 776 937 ex
794 902 915 937 alteris
937 901 1017 937 aedi
1042 911 1085 936 us
1106 899 1190 935 dato

103 947 234 983 alteras
264 945 372 982 aedes
406 946 576 982 servitute
615 947 759 983 oneris⁶
797 948 959 992 porticus
996 944 1191 982 servandae

102 992 269 1037 imposita
297 990 513 1027 vendidisse:
545 996 659 1027 totam
690 993 868 1038 porticum
900 1003 1024 1028 earum
1051 990 1190 1026 aedium

103 1047 200 1081 esse,
225 1047 315 1082 quas
339 1037 559 1080 retinuisset,
586 1048 667 1073 cum
690 1048 755 1082 per
778 1038 1035 1084 longitudinem
1057 1036 1189 1071 utrius-

103 1093 171 1128 que
195 1082 321 1118 domus
346 1084 516 1119 extensa⁷
547 1087 642 1119 esset
670 1086 897 1119 transversae
923 1081 1190 1128 contignationi,

103 1137 196 1174 quae
223 1127 270 1164 ab
298 1131 451 1173 utraque
479 1131 584 1173 parte
611 1129 809 1173 parietibus
838 1129 982 1171 domus,
1013 1137 1104 1173 quae
1132 1136 1191 1162 ve-

102 1173 229 1216 nisset,
261 1173 506 1209 sustineretur.
553 1183 620 1210 nec
649 1178 770 1210 tamen
800 1184 1022 1219 consequens
1046 1175 1120 1215 est,
1151 1174 1192 1207 ut

103 1219 267 1264 superior
289 1229 373 1263 pars
398 1218 569 1262 aedificii,
602 1229 694 1264 quae
724 1219 815 1255 nulli
840 1219 1036 1256 coniuncta
1059 1218 1107 1254 sit
1128 1227 1190 1253 ne-

103 1274 172 1309 que
195 1263 331 1299 aditum
354 1263 498 1299 aliunde
519 1264 670 1306 habeat,
696 1264 843 1301 alterius
867 1264 932 1308 sit,
957 1274 1063 1310 quam
1088 1262 1191 1299 cuius

103 1313 158 1345 est
179 1309 217 1345 id
240 1309 297 1344 cui
321 1309 548 1355 superposita
572 1314 637 1345 est.

149 1351 203 1392 48
227 1353 463 1390 Mamaos
482 1355 574 1390 libro
598 1355 782 1401 sinqulari
810 1355 856 1391 de
885 1354 1109 1391 delatoribus
1154 1352 1192 1388 Si

103 1399 182 1445 quis
205 1399 253 1436 ad
276 1398 535 1435 demoliendum
555 1410 599 1436 ne
624 1400 761 1435 otiandi
781 1410 892 1436 causa
908 1399 1110 1437 vendidisse
1128 1398 1190 1434 do-

101 1456 198 1480 mum
255 1448 410 1480 artemve
442 1444 567 1481 domus
613 1446 705 1481 uerit
735 1446 937 1482 convictus:
978 1449 1019 1481 ut
1054 1448 1194 1490 emptor

102 1495 139 1526 et
160 1500 227 1526 ven
254 1491 322 1526 'tor
345 1490 473 1535 singuli
495 1490 662 1536 pretium,
687 1502 758 1536 quo
782 1491 908 1527 domus
932 1491 1106 1527 distracta
1127 1493 1191 1532 est,

102 1539 296 1580 praestent,
321 1536 555 1572 constitutum
580 1540 644 1572 est.
683 1536 730 1572 ad
754 1547 844 1582 opus
867 1541 987 1572 autem
1007 1536 1192 1582 publicum

103 1580 135 1616 si
157 1581 354 1618 transferat
376 1591 556 1617 marmora
578 1581 632 1617 vel
658 1582 855 1625 columnas,
878 1582 976 1618 licito
996 1582 1073 1618 iure
1093 1580 1192 1615 facit.

598 1720 692 1759 111⁸.

150 1786 212 1820 ns.
236 1785 358 1823 AQUA
382 1774 466 1818 1‹:'r⁹
489 1786 643 1824 AQUAE
666 1786 869 1820 PLUVIAE
893 1786 1155 1820 ARCENDAE.

154 1853 169 1889 1
207 1851 402 1888 ULPJANUS
430 1852 521 1888 libro
546 1853 871 1898 quinquaqensimo
897 1854 1002 1888 tertio
1028 1852 1078 1887 ad.
1099 1852 1193 1886 edic-

105 1904 177 1933 tum
218 1897 255 1932 Si
275 1897 333 1933 cui
350 1907 372 1932 a
398 1907 445 1932 ua
461 1897 583 1942 pluvia
601 1897 769 1933 damnum
789 1897 900 1940 dabit,
919 1897 1061 1933 actione
1079 1907 1194 1941 aquae

104 1943 243 1989 pluviae
263 1952 371 1978 arcen
397 1953 440 1978 ae
462 1946 644 1978 avertetur
662 1952 767 1988 aqua.
815 1952 945 1988 aquam
963 1943 1119 1988 pluviam
1140 1942 1193 1977 di-

105 1988 237 2030 cimus,
269 1997 362 2033 quae
391 1988 435 2023 de
465 1989 563 2023 caelo
596 1988 693 2023 cadit
724 1991 833 2033 atque
864 1989 977 2024 imbre
1006 1987 1192 2029 excrescit,

103 2034 177 2070 sive
204 2043 270 2078 per
300 2043 339 2068 se
368 2033 458 2068 haec
490 2043 583 2087 aqua
615 2034 780 2069 caelestis
804 2037 949 2076 noceat,
983 2037 1024 2068 ut
1048 2033 1192 2068 Tubero

109 2084 118 2113 1
172 2079 239 2122 ait,
271 2078 343 2114 sive
373 2089 454 2113 cum
486 2080 557 2114 0110
587 2079 699 2114 mixta
726 2079 783 2114 sit.
830 2079 931 2114 Haec
956 2082 1074 2114 autem
1098 2078 1192 2113 actio

103 2125 220 2160 locum
243 2123 353 2159 habet
375 2123 412 2158 in
436 2123 566 2160 damno
598 2124 756 2160 nondum
787 2124 903 2167 facto,
936 2134 1044 2169 opere
1072 2127 1192 2158 tamen

103 2171 173 2204 iam
204 2169 321 2211 facto,
351 2169 421 2204 hoc
453 2174 508 2204 est
539 2170 582 2204 de
614 2180 656 2205 eo
689 2180 813 2214 opere,
847 2180 891 2204 ex
923 2180 992 2214 quo
1025 2169 1192 2204 damnum

104 2215 263 2250 timetur:
289 2214 491 2259 totiensque
508 2214 626 2250 locum
643 2215 764 2256 habet,
784 2215 946 2260 quotiens
966 2224 1075 2249 manu
1093 2214 1192 2249 facto

105 2270 212 2304 opere
235 2269 322 2305 agro
348 2269 443 2304 aqua
467 2260 632 2295 nocitura
655 2263 719 2302 est,
743 2259 780 2294 id
805 2263 860 2295 est
884 2270 965 2294 cum
987 2260 1065 2304 quis
1083 2269 1192 2294 manu

104 2305 244 2346 fecerit,
279 2315 348 2349 quo
379 2305 483 2340 aliter
511 2305 654 2349 flueret,
686 2315 793 2350 quam
824 2309 955 2340 natura
978 2306 1127 2349 soleret,
1163 2305 1193 2340 si

104 2350 197 2386 forte
220 2349 440 2386 immittendo
464 2360 543 2386 eam
567 2354 631 2386 aut
654 2351 824 2386 maiorem
851 2350 979 2386 fecerit
1009 2354 1072 2386 aut
1103 2350 1190 2385 cita-

105 2396 231 2431 tiorem
260 2398 325 2430 aut
355 2395 650 2431 vehementiorem
682 2402 746 2430 aut
778 2395 809 2431 si
839 2395 1103 2441 comprimendo
1135 2405 1192 2430 re-

105 2440 265 2476 dundare
298 2439 426 2476 effecit.
474 2441 570 2486 quod
600 2442 631 2476 si
662 2446 794 2476 natura
823 2451 918 2486 aqua
948 2445 1113 2484 noceret,
1150 2451 1193 2475 ea

106 2490 123 2520 2
171 2486 312 2521 actione
334 2496 407 2520 non
423 2486 699 2522 continenturw.
735 2486 906 2521 Neratius
922 2486 1063 2522 scribit:
1090 2496 1191 2532 opuS,

105 2530 200 2566 ‹uod
229 2531 309 2576 quis
340 2530 442 2573 fecit,
471 2535 513 2566 ut
543 2542 673 2576 aquam
705 2531 928 2574 excluderet,
984 2542 1052 2566 uae
1080 2542 1193 2567 exun-

108 2543 213 2611 dante
244 2576 375 2620 palude
408 2576 447 2611 in
478 2586 602 2621 agrum
639 2577 714 2612 eius
750 2576 902 2612 refluere
937 2587 977 2612 so
993 2580 1044 2621 et,
1083 2577 1113 2612 si
1149 2586 1195 2612 ea

105 2621 208 2666 palus
233 2631 327 2666 aqua
349 2621 469 2667 pluvia
493 2622 685 2667 ampliatur
708 2632 820 2667 eaque
850 2632 944 2666 aqua
976 2622 1120 2667 repulsa
1150 2632 1194 2657 eo

106 2676 212 2712 opere
236 2667 329 2711 agris
354 2666 460 2701 vicini
484 2671 628 2709 noceat,
661 2677 778 2711 aquae
800 2667 942 2713 pluviae
966 2667 1108 2702 actione
1132 2677 1193 2702 co-

106 2715 125 2746 3
172 2715 275 2757 getur
306 2711 442 2747 tollere.
489 2711 544 2747 De
579 2723 622 2748 eo
655 2722 780 2758 opere,
817 2712 913 2756 quod
945 2713 1022 2756 agri
1054 2712 1195 2748 colendi

106 2767 215 2792 causa
232 2761 352 2791 aratro
371 2756 507 2791 factum
526 2757 582 2798 sit,
607 2757 760 2802 Quintus
780 2757 923 2792 Mucius
939 2758 991 2792 ait
1003 2767 1077 2793 non
1095 2767 1194 2792 com-

107 2806 226 2847 petere
240 2802 334 2836 hanc
351 2802 536 2837 actionem.
563 2802 755 2838 Trebatius
769 2805 890 2838 autem
905 2813 979 2838 non
995 2802 1091 2847 quod
1105 2803 1194 2847 agri,

106 2847 168 2882 sed
191 2846 287 2892 quod
310 2846 478 2882 frumenti
502 2847 689 2882 dumtaxat
713 2847 906 2893 quaerendi
936 2857 1048 2883 causa
1074 2852 1195 2883 aratro

106 2896 126 2928 4
173 2891 309 2927 factum
328 2892 444 2927 solum
465 2893 616 2938 excepit.
655 2892 725 2928 Sed
744 2897 781 2928 et
797 2893 916 2929 fossas
936 2903 1106 2938 agrorum
1126 2893 1196 2929 sic-

106 2937 300 2973 candorum
318 2947 430 2972 causa
446 2936 564 2973 factas
580 2938 723 2974 Mucius
740 2939 791 2973 ait
806 2938 908 2973 fundi
925 2938 1065 2974 colendi
1084 2948 1197 2974 causa

108 2983 201 3025 fieri,
232 2993 303 3017 non
333 2986 452 3018 tamen
484 2987 649 3028 oportere
680 2984 914 3019 corrivandae
943 2994 1059 3028 aquae
1086 2993 1197 3019 causa

106 3028 201 3064 fieri:
235 3029 286 3063 sic
318 3028 410 3063 enim
443 3028 571 3063 debere
602 3038 706 3073 quem
737 3029 917 3065 meliorem
941 3039 1069 3073 agrurn
1092 3039 1196 3064 suum

107 3076 126 3107 5
173 3072 311 3117 facere,
346 3083 392 3109 ne
422 3072 528 3109 vicini
552 3073 762 3110 deteriorem
785 3073 906 3109 faciat.
955 3074 1025 3109 Sed
1059 3075 1132 3110 et¹¹
1165 3074 1197 3109 si

108 3117 186 3162 quis
210 3128 312 3153 arare
336 3122 371 3153 et
394 3128 511 3154 serere
534 3119 649 3163 possit
672 3119 779 3154 etiam
799 3119 875 3155 sine
895 3119 1001 3155 sulcis
1024 3120 1195 3164 aquariis,

107 3162 221 3198 teneri
243 3172 333 3206 eum,
358 3163 389 3198 si
412 3163 498 3208 quid
518 3174 562 3199 ex
580 3164 636 3199 his
649 3165 688 3207 ¹²,
712 3164 796 3200 licet
819 3164 895 3210 agri
919 3164 1060 3200 colendi
1085 3175 1197 3200 causa

107 3207 268 3243 videatur
289 3208 436 3244 fecisse:
485 3209 557 3244 uod
580 3209 611 3244 si
629 3209 733 3244 aliter
751 3219 868 3245 serere
886 3220 959 3245 non
977 3210 1103 3254 possit,
1128 3210 1196 3246 nisi

108 3252 227 3288 sulcos
258 3254 425 3297 aquarios
474 3253 600 3296 ecerit‚
634 3265 708 3289 non
737 3255 862 3290 teneri.
916 3254 1044 3291 Ofilius
1076 3258 1195 3291 autem

108 3297 159 3332 ait
181 3296 301 3333 sulcos
325 3298 402 3342 agri
421 3299 561 3334 colendi
580 3309 692 3335 causa
712 3299 865 3335 directos
884 3300 946 3344 ita,
976 3303 1017 3335 ut
1033 3300 1070 3336 in
1088 3311 1195 3335 unam

109 3347 129 3377 6
157 3345 325 3422 dpergant
373 3348 496 3387 artem,
520 3344 578 3379 ius
601 3355 680 3380 esse
703 3344 833 3380 facere.
870 3345 939 3381 Sed
966 3346 1064 3391 apud
1082 3345 1196 3381 Servii

109 3398 154 3422 au
192 3391 288 3422 tores
311 3397 351 3422 re
364 3391 461 3423 atum
486 3393 555 3432 est,
588 3390 619 3425 si
648 3390 726 3435 quis
750 3390 879 3425 salicta
901 3391 1065 3436 posuerit
1089 3394 1124 3426 et
1148 3391 1193 3426 ob

108 3433 176 3468 hoc
205 3441 301 3478 aqua
330 3436 570 3478 restaguaret,
607 3445 723 3480 aquae
753 3435 894 3481 pluviae
927 3436 1106 3472 arcendae
1139 3436 1196 3481 agi

110 3548 150 3587 (1)
173 3546 330 3590 spetatF'
375 3547 420 3588 (2)
445 3546 641 3581 eximantur
656 3549 689 3580 F
740 3549 785 3590 (3)
808 3548 1011 3591 pecniamF
1057 3550 1101 3590 (4)
1126 3559 1196 3582 00111

110 3592 172 3625 del.
232 3592 274 3633 (5)
298 3590 519 3632 utriusqueF
571 3593 619 3635 (6)
643 3593 753 3626 oneris
766 3594 828 3626 del.
892 3592 938 3635 (¹1)
963 3603 1121 3636 suspensa
1133 3596 1194 3627 ins.

155 3637 200 3677 (s)
224 3635 289 3670 Ed.
308 3643 398 3670 1...u.
416 3643 459 3669 13.
479 3643 522 3670 11.
543 3644 655 3672 nmis.
675 3645 718 3672 21.
740 3645 794 3677 22:
828 3639 911 3671 Sat.
933 3645 977 3672 12.
1004 3646 1047 3672 15.
1074 3646 1118 3672 16.
1148 3646 1194 3672 20.

110 3688 280 3716 23...26.—
291 3680 378 3716 Bas.
389 3682 487 3723 58,1³
541 3682 588 3724 (ο)
603 3683 651 3716 εἰσ
663 3683 779 3725 ind-F,
792 3682 832 3716 de
844 3684 948 3725 aquet
958 3683 992 3716 F
1039 3684 1100 3725 (10)
1117 3694 1195 3717 con-

110 3725 238 3759 tinetur
258 3726 288 3760 S
390 3726 445 3768 (11)
470 3726 506 3759 et
524 3727 587 3760 del.
690 3728 748 3770 (12)
772 3728 802 3760 01
821 3727 904 3769 quid
925 3738 964 3760 ex
981 3728 1045 3771 his]
1064 3728 1093 3761 si
1113 3738 1196 3771 quos

111 3770 274 3804 dei-exerit
285 3783 347 3805 scr.
419 3771 480 3813 (13)
502 3769 664 3805 dioinoF
724 3774 780 3814 (14)
806 3783 844 3805 ea
857 3774 920 3806 del.
998 3776 1056 3813 (15)
1081 3775 1119 3807 id
1129 3781 1195 3807 eet.-

1180 137 1259 186 6111

1974 129 2226 175 XXXVIIII
2256 131 2294 171 2.
2321 131 2344 170 3

1256 266 1275 298 7
1350 272 1440 307 osse,
1466 262 1497 298 si
1521 271 1564 298 ea
1587 271 1682 308 aqua
1705 262 1819 299 vicino
1833 263 1861 286 ¹⁸
1884 266 2040 299 noceret.
2087 262 2213 299 Labeo
2237 262 2342 299 etiam

1257 318 1329 344 scr1
1354 308 1383 343 it
1415 318 1457 343 ea
1470 309 1510 351 ¹⁴,
1540 317 1783 353 quaecumque
1814 308 1954 354 frugum
1978 309 2232 354 fructuumque
2254 308 2343 344 reci·

1255 352 1466 400 piendorum
1490 363 1600 390 causa
1622 352 1732 396 fiunt,
1763 357 1864 389 extra
1893 354 1986 389 hanc
2011 364 2088 390 esse
2113 364 2259 390 causam
2283 364 2344 390 ne·

1257 409 1326 444 que
1349 398 1493 442 referre,
1541 409 1669 434 uorum
1692 398 1874 434 fructuum
1898 399 2206 444 percipiendorum
2234 409 2345 436 causa

1258 447 1278 479 8
1325 444 1363 479 111
1394 455 1485 497 opus
1543 448 1592 479 at.
1639 444 1728 479 Item
1758 443 1914 480 Sabinus
1940 444 2084 480 Cassius
2116 456 2206 491 opus
2237 455 2346 480 manu

1257 489 1394 525 factum
1417 500 1454 525 111
1476 490 1571 525 110110
1595 489 1772 525 actionem
1801 490 1919 525 venire
1951 490 2069 532 aiunt,
2101 490 2170 526 nisi
2200 491 2230 526 si
2261 490 2347 537 quid

1259 538 1279 570 9
1326 535 1403 580 agri
1433 534 1572 571 colendi
1602 545 1713 570 causa
1744 534 1825 569 fiat:
1857 534 1983 570 Sulcos
2015 539 2135 571 tamen
2166 537 2346 582 aquarios,

1258 579 1319 626 qui
1344 579 1452 616 ἕλικες
1465 581 1493 602 ¹⁶
1516 580 1753 626 appellantur,
1778 580 1809 616 si
1829 579 1907 624 quis
1927 579 2048 623 faciat,
2073 591 2187 626 aquae
2207 582 2348 627 pluviae

1261 629 1302 661 10
1350 626 1492 662 actione
1523 635 1604 661 eum
1633 625 1746 661 teneri
1775 625 1826 660 ait
1839 626 1878 660 ¹⁰.
1925 624 2022 660 Idem
2053 626 2168 669 aiunt,
2199 627 2230 662 si
2253 637 2348 673 aqua

1258 671 1471 707 naturaliter
1501 670 1686 713 decurrat,
1718 680 1835 716 aquae
1888 669 2004 705 luviae
2034 672 2211 707 arcendae
2234 673 2347 709 actio-

1259 726 1340 751 nem
1366 726 1525 752 cessare:
1552 716 1648 760 quod
1672 715 1704 752 si
1726 725 1835 761 opere
1874 719 1956 751 acto
1981 725 2003 749 a
2029 726 2076 750 ua
2100 721 2163 751 aut
2186 718 2222 752 in
2242 728 2347 764 supe·

1258 762 1388 797 riorem
1418 765 1559 806 partem
1589 761 1773 807 repellitur
1805 764 1869 797 aut
1902 760 1940 795 in
1974 760 2011 795 in
2029 761 2176 797 eriorem
2210 762 2348 798 deriva-

1259 811 1336 850 tur,
1379 816 1494 852 aquae
1531 806 1673 851 pluviae
1712 806 1891 842 arcendae
1924 805 2101 842 actionem
2136 812 2347 853 competere.

1264 856 1300 887 11
1347 852 1446 887 Idem
1478 852 1580 887 aiunt
1610 862 1741 896 aquam
1771 851 1927 897 pluviam
1957 851 1995 886 in
2027 861 2092 887 suo
2118 852 2271 889 retinere
2294 853 2349 889 vel

1259 897 1546 942 superficientem
1561 898 1586 918 ¹⁷
1622 907 1667 932 ex
1702 897 1809 932 vicini
1843 897 1882 932 in
1916 906 2021 932 suum
2053 896 2227 941 derivare,
2266 899 2348 934 dum

1260 953 1350 988 opus
1374 943 1412 978 in
1437 943 1553 978 alieno
1579 953 1652 978 non
1674 943 1756 986 fiat,
1790 942 1953 978 omnibus
1984 941 2041 978 ius
2066 952 2145 978 esse
2167 944 2350 988 (prodesse

1260 989 1353 1024 enim
1377 988 1446 1024 sibi
1470 988 1725 1033 unusquisque,
1751 987 1835 1023 dum
1858 987 1919 1022 alii
1942 997 2013 1022 non
2033 991 2150 1031 nocet,
2175 999 2246 1024 non
2266 999 2350 1034 pro-

1264 1037 1303 1068 12
1352 1033 1507 1077 hibetur)
1532 1043 1599 1069 nec
1624 1043 1836 1079 quemquam
1860 1033 1929 1068 hoc
1952 1033 2094 1068 nomine
2117 1034 2241 1069 teneri.
2279 1034 2350 1071 De·

1261 1079 1369 1124 nique
1393 1079 1588 1115 Marcellus
1613 1079 1737 1114 scribit
1761 1089 1843 1114 cum
1868 1088 1928 1121 eo,
1964 1078 2027 1123 qui
2055 1078 2093 1113 111
2122 1089 2188 1114 0110
2212 1078 2351 1115 fodiens

1261 1124 1368 1160 vicini
1399 1124 1534 1160 fontem
1566 1124 1710 1167 avertit,
1742 1124 1831 1159 nihil
1862 1133 1969 1169 posse
2000 1123 2075 1169 agi,
2105 1134 2172 1160 nec
2201 1124 2245 1160 de
2269 1124 2350 1161 dolo

1262 1170 1458 1205 actionem:
1484 1174 1521 1205 et
1543 1179 1631 1205 sane
1654 1179 1727 1205 non
1752 1169 1859 1205 debet
1881 1169 2067 1213 haber-ew,
2092 1169 2123 1204 si
2143 1180 2214 1205 11011
2234 1170 2351 1206 animo

1260 1215 1376 1251 vicino
1401 1214 1572 1259 nocendi,
1602 1214 1666 1251 sed
1696 1225 1802 1251 suum
1831 1225 1956 1260 agrum
1986 1213 2167 1250 meliorem
2198 1215 2353 1251 faciendi

1265 1264 1303 1296 13
1350 1260 1388 1296 111
1411 1260 1509 1296 fecit.
1554 1260 1645 1296 Item
1675 1261 1859 1296 sciendum
1890 1264 1944 1296 est
1972 1259 2067 1295 hanc
2097 1260 2274 1296 actionem
2298 1261 2353 1297 vel

1261 1306 1439 1351 superiori
1463 1305 1634 1342 adversus
1658 1305 1862 1341 inferiorem
1886 1311 2107 1358 competere,
2138 1316 2184 1341 ne
2210 1316 2352 1352 aquam,

1262 1361 1354 1397 quae
1385 1355 1517 1387 natura
1546 1350 1655 1395 fluat,
1695 1362 1803 1397 opere
1837 1351 1935 1387 facto
1965 1351 2127 1386 inhibeat
2155 1361 2221 1397 per
2249 1362 2352 1388 suum

1261 1407 1389 1442 agrum
1420 1397 1628 1440 decurrere,
1661 1400 1696 1432 et
1728 1396 1889 1433 inferiori
1919 1396 2089 1432 adversus
2122 1397 2353 1442 superiorem,

1261 1452 1307 1479 ne
1338 1442 1442 1478 aliter
1473 1452 1495 1477 a
1520 1452 1604 1478 uam
1633 1442 1770 1487 mittat,
1831 1452 1915 1478 uam
1946 1441 2058 1477 fluere
2089 1446 2220 1478 natura
2250 1442 2351 1479 solet.

1266 1491 1307 1523 14
1352 1488 1447 1523 Huic
1484 1487 1511 1523 il
1526 1488 1575 1523 ud
1609 1488 1718 1524 etiam
1747 1498 1818 1533 app
1835 1487 2001 1523 'candum
2030 1497 2225 1532 numquam
2257 1497 2352 1525 com-

1261 1536 1385 1579 petere
1408 1533 1503 1569 hanc
1527 1533 1715 1576 actionem,
1741 1544 1823 1569 cum
1845 1533 1956 1578 ipsius
1980 1532 2052 1568 loci
2074 1537 2205 1568 natura
2228 1538 2352 1570 nocet:

1262 1589 1345 1614 nam
1369 1581 1424 1622 (ut
1445 1578 1563 1615 verius
1588 1579 1667 1625 quis
1691 1578 1834 1622 dixerit)
1860 1589 1934 1614 non
1957 1588 2071 1624 aqua,
2101 1578 2166 1614 sed
2194 1578 2266 1615 loci
2288 1590 2354 1615 na-

1267 1628 1305 1659 15
1353 1627 1436 1659 tura
1459 1627 1577 1660 nocet.
1624 1624 1668 1659 In
1696 1634 1835 1660 summa
1863 1627 1951 1669 puto
1983 1624 2034 1659 ita
2066 1623 2207 1660 demum
2238 1634 2354 1671 aquae

1263 1669 1405 1715 pluviae
1436 1669 1613 1705 arcendae
1643 1669 1762 1705 locum
1793 1669 1970 1705 actionem
2001 1668 2152 1714 habere,
2192 1668 2224 1706 si
2259 1680 2355 1716 aqua

1263 1715 1384 1761 pluvia
1406 1715 1461 1750 vel
1486 1724 1578 1759 quae
1598 1715 1720 1760 pluvia
1740 1715 1869 1750 crescit
1887 1718 2018 1751 noceat
2037 1725 2111 1751 non
2129 1716 2354 1760 naturaliter,

1263 1760 1327 1796 sed
1350 1770 1458 1804 opere
1480 1759 1590 1803 facto,
1615 1760 1684 1796 nisi
1706 1760 1738 1796 si
1762 1760 1838 1805 agri
1862 1759 2003 1796 colendi
2026 1770 2138 1796 causa
2159 1760 2197 1796 id
2218 1760 2354 1798 factum

1267 1809 1307 1841 16
1355 1806 1421 1842 sit:
1446 1805 1565 1841 Imbre
1588 1810 1707 1841 autem
1732 1815 1893 1842 crescere
1912 1815 1991 1841 eam
2010 1815 2151 1851 aquam,
2176 1816 2268 1852 quae
2293 1817 2353 1843 co-

1267 1854 1304 1886 17
1353 1851 1465 1886 lorem
1489 1854 1606 1886 mutat
1627 1851 1683 1886 vel
1705 1850 1884 1886 increscit.
1931 1850 2022 1886 Item
2053 1851 2235 1887 sciendum
2258 1853 2355 1889 est¹⁹

1263 1896 1357 1931 hanc
1383 1897 1559 1932 actionem
1579 1907 1651 1932 non
1669 1896 1759 1932 alias
1779 1896 1898 1932 locum
1916 1896 2060 1939 habere,
2085 1907 2192 1942 quam
2211 1897 2242 1933 si
2260 1907 2354 1951 aqua

1263 1942 1383 1987 pluvia
1407 1952 1491 1986 agro
1517 1945 1663 1977 noceat:
1696 1945 1852 1977 ceterum
1883 1942 1913 1977 si
1945 1941 2107 1977 aedificio
2140 1942 2197 1978 vel
2222 1943 2353 1996 oppido

1264 1990 1411 2030 noceat,
1444 1991 1562 2022 cessat
1591 1987 1686 2023 actio
1718 1987 1805 2030 ista,
1839 1987 1897 2031 agi
1926 1990 2047 2022 autem
2069 1987 2121 2022 ita
2143 1991 2277 2032 poterit
2298 1988 2354 2024 ius

1264 2043 1337 2068 non
1354 2042 1432 2067 esse
1451 2032 1631 2067 stillicidia
1647 2031 1796 2067 flumina
1812 2032 2012 2068 immittere.
2045 2036 2081 2068 et
2098 2032 2177 2068 ideo
2189 2033 2313 2069 Labeo
2324 2035 2355 2056 ²⁰

1264 2082 1299 2113 et
1323 2077 1520 2113 Cascellius
1555 2078 1655 2112 aiunt
1687 2087 1801 2122 aquae
1834 2077 1977 2123 quidem
2005 2078 2146 2130 pluviae
2178 2079 2356 2115 arcendae

1265 2123 1442 2159 actionem
1466 2123 1656 2167 specialem
1680 2133 1777 2166 esse,
1811 2122 1855 2159 de
1878 2122 2084 2159 flumimbus
2109 2127 2145 2159 et
2168 2124 2355 2161 stillicidiis

1263 2169 1465 2214 generalem
1488 2172 1524 2203 et
1547 2168 1680 2214 ubique
1699 2169 1757 2213 agi
1776 2179 1819 2204 ea
1838 2168 1958 2204 licere.
1993 2169 2116 2214 itaque
2135 2179 2240 2215 aqua,
2264 2180 2356 2215 quae

1264 2224 1350 2259 agro
1383 2217 1506 2257 nocet,
1546 2224 1610 2258 per
1644 2224 1759 2259 aquae
1791 2213 1938 2294 ‘pluviae
1969 2214 2146 2250 arcendae
2176 2215 2355 2251 actionem

1268 2262 1307 2294 18
1356 2259 1590 2295 coercebitur.
1627 2259 1704 2295 Nec
1727 2259 1789 2294 illu
1835 2269 2061 2304 quaeramus,
2086 2260 2182 2296 unde
2199 2261 2351 2297 oriatur:

1263 2314 1347 2340 nam
1381 2310 1417 2340 et
1448 2304 1478 2340 si
1509 2305 1654 2350 publico
1686 2305 1806 2340 oriens
1837 2305 1892 2340 vel
1923 2315 1967 2340 ex
1999 2305 2080 2341 loco
2111 2315 2216 2341 sacro
2228 2307 2259 2327 ²¹
2289 2317 2356 2351 per

1263 2350 1414 2385 fundum
1437 2350 1544 2385 vicini
1568 2350 1764 2385 descendat
1786 2351 1887 2396 isque
1910 2360 2020 2396 opere
2043 2350 2139 2386 facto
2171 2351 2208 2386 in
2237 2361 2355 2387 meum

1263 2395 1414 2431 fundum
1439 2405 1515 2430 eam
1540 2399 1696 2438 avertat,
1729 2405 1846 2440 aquae
1876 2395 2020 2441 pluviae
2043 2395 2219 2431 arcendae
2241 2398 2355 2433 teneri

1266 2444 1307 2476 19
1356 2451 1435 2476 eum
1459 2441 1583 2476 Labeo
1608 2441 1670 2476 ait.
1710 2440 1856 2477 Cassius
1881 2451 2022 2486 quoque
2046 2441 2180 2485 scribit,
2205 2441 2236 2478 si
2260 2452 2355 2487 aqua

1265 2497 1308 2522 ex
1332 2486 1493 2521 aedificio
1518 2486 1658 2521 urbano
1682 2490 1813 2521 noceat
1835 2486 1888 2521 vel
1910 2496 1996 2531 agro
2016 2487 2071 2522 vel
2090 2486 2253 2522 aedificio
2273 2499 2353 2523 rus-

1265 2535 1307 2567 20
1354 2532 1438 2574 tico,
1464 2531 1640 2576 agendum
1665 2531 1709 2567 de
1731 2531 1938 2567 fluminibus
1959 2535 1994 2566 et
2013 2531 2210 2567 stillicidiis.
2246 2533 2355 2578 Apud

1264 2577 1470 2612 Labeonem
1502 2580 1622 2612 autem
1651 2577 1791 2612 invenio
1815 2577 1986 2620 relatum,
2019 2577 2050 2612 si
2081 2587 2125 2612 ex
2156 2587 2243 2622 agro
2274 2588 2353 2614 meo

1265 2633 1359 2667 aqua
1377 2621 1492 2658 fluens
1514 2625 1643 2658 noceat
1662 2622 1742 2658 loco
1764 2622 1826 2666 qui
1843 2626 1899 2658 est
1916 2622 2012 2657 intra
2032 2622 2260 2666 continentia,
2285 2624 2354 2659 hoc

1264 2670 1320 2703 est
1343 2667 1506 2703 aedificio
1518 2669 1559 2712 2²,
1593 2678 1665 2702 non
1693 2678 1800 2713 posse
1829 2677 1886 2703 me
1914 2677 2028 2711 aquae
2056 2667 2197 2712 pluviae
2227 2678 2352 2704 arcen-

1266 2713 1332 2748 dae
1341 2712 1372 2734 ²³
1396 2713 1595 2749 conveniri:
1628 2713 1723 2757 quod
1754 2713 1785 2748 si
1814 2723 1859 2748 ex
1883 2713 2149 2749 continentibus
2171 2713 2358 2759 profluens·

1265 2759 1302 2793 in
1324 2768 1441 2793 meum
1465 2768 1590 2803 agrum
1614 2758 1748 2793 defluat
1773 2758 1873 2803 eique
1897 2760 2044 2801 noceat,
2073 2769 2189 2804 aquae
2211 2759 2353 2804 pluviae

1266 2806 1305 2838 21
1356 2803 1532 2839 arcendae
1543 2804 1573 2824 ²⁴
1610 2814 1689 2839 esse
1721 2803 1910 2838 actionem.
1967 2803 2069 2839 Sicut
2106 2808 2224 2839 autem
2262 2815 2353 2850 opus

1265 2849 1419 2891 factum,
1450 2852 1491 2884 ut
1514 2858 1609 2894 aqua
1632 2848 1753 2893 pluvia
1775 2848 1861 2883 mihi
1883 2852 2030 2892 noceat,
2062 2848 2100 2884 in
2123 2849 2217 2885 hanc
2241 2851 2351 2885 actio-

1266 2904 1346 2929 nem
1370 2893 1481 2936 venit,
1513 2894 1564 2929 ita
1587 2904 1651 2939 per
1675 2894 1894 2929 contrarium
1917 2894 2117 2940 quaeritur,
2152 2904 2200 2930 an
2257 2899 2353 2931 osset

1266 2948 1381 2983 aquae
1404 2938 1545 2984 pluviae
1568 2939 1746 2974 arcendae
1768 2939 1844 2985 agi,
1876 2939 1908 2975 si
1937 2939 2074 2975 vicinus
2102 2950 2193 2985 opus
2234 2941 2351 2984 ecerit‚

1266 2995 1311 3019 ne
1334 2994 1439 3028 aqua,
1464 2994 1556 3029 quae
1580 2984 1739 3028 alioquin
1759 2984 1952 3020 decurrens
1971 2995 2056 3030 agro
2074 2995 2151 3020 meo
2170 2985 2351 3031 proderat,

1265 3029 1349 3064 huic
1371 3029 1494 3074 prosit.
1544 3029 1669 3064 Ofilius
1692 3030 1801 3075 igitur
1825 3035 1861 3065 et
1882 3030 2007 3066 Labeo
2034 3033 2164 3075 putant
2192 3031 2248 3074 agi
2279 3041 2352 3065 non

1265 3085 1388 3119 posse,
1421 3074 1560 3110 etiamsi
1583 3074 1723 3110 intersit
1746 3085 1826 3110 mea
1848 3074 1897 3111 ad
1919 3086 1975 3110 me
1998 3085 2127 3121 aquam
2150 3075 2350 3120 pervenire:

1266 3121 1360 3155 hanc
1390 3119 1482 3154 enim
1513 3119 1690 3155 actionem
1718 3120 1836 3156 locum
1864 3120 2014 3164 habere,
2046 3121 2076 3156 si
2109 3131 2202 3165 aqua
2230 3119 2351 3172 pluvia

1266 3167 1308 3200 22
1355 3168 1501 3207 noceat,
1538 3175 1611 3200 non
1643 3165 1674 3201 si
1702 3176 1776 3201 non
1805 3165 1932 3211 prosit.
1986 3165 2056 3201 Sed
2087 3169 2122 3200 et
2153 3166 2183 3200 si
2214 3164 2349 3199 vicinus

1265 3220 1355 3262 opus
1387 3210 1489 3245 tollat
1520 3213 1557 3245 et
1584 3209 1727 3246 sublato
1759 3221 1803 3247 eo
1834 3221 1929 3256 aqua
1958 3211 2169 3247 naturaliter
2191 3209 2237 3244 ad
2260 3208 2348 3244 infe-

1264 3265 1395 3290 norem
1425 3265 1549 3300 agrum
1582 3256 1792 3300 perveniens
1826 3259 1972 3299 noceat,
2010 3256 2133 3291 Labeo
2174 3254 2351 3289 existimat

1266 3310 1379 3345 aquae
1402 3300 1543 3344 pluviae
1566 3301 1743 3337 arcendae
1766 3301 1825 3347 agi
1847 3311 1921 3336 non
1942 3311 2067 3347 posse:
2095 3309 2233 3343 semper
2258 3298 2349 3334 enim

1264 3346 1358 3381 hanc
1389 3355 1466 3380 esse
1501 3346 1705 3382 servitutem
1738 3346 1948 3383 inferiorum
1958 3347 1989 3368 ²⁶
2023 3344 2270 3391 praediorum,
2308 3346 2351 3379 ut

1265 3394 1395 3425 natura
1418 3391 1654 3435 profluentem
1677 3402 1807 3438 aquam
1831 3391 2022 3444 excipiant.
2056 3389 2163 3436 plane
2185 3389 2216 3425 si
2239 3398 2347 3434 prop-

1264 3439 1321 3471 ter
1342 3435 1380 3470 id
1403 3446 1494 3481 opus
1518 3436 1702 3473 sublatum
1723 3438 1964 3473 vehementior
1986 3444 2080 3480 aqua
2108 3433 2265 3480 profluat
2293 3433 2349 3469 vel

1265 3548 1370 3582 flexus
1484 3551 1544 3592 (16)
1569 3550 1618 3583 ait
1638 3551 1700 3585 del.
1715 3551 1798 3584 Hal.

1266 3594 1325 3636 (18)
1350 3595 1383 3627 et
1405 3604 1483 3627 00110
1506 3605 1575 3628 11011
1599 3595 1696 3629 debet
1718 3595 1840 3628 habere
1859 3604 1919 3627 nec
1939 3593 1979 3626 de
1999 3592 2075 3625 dolo
2096 3592 2260 3624 actionem
2283 3604 2348 3627 scr.

1266 3640 1326 3679 (19)
1351 3640 1400 3672 est
1411 3640 1474 3673 del.
1488 3639 1540 3673 F²
1606 3642 1668 3683 (20)
1693 3640 1787 3674 lebeo
1798 3640 1834 3672 F
1894 3639 1951 3680 (21)
1977 3636 2030 3670 vel
2040 3646 2133 3671 sacro
2145 3645 2185 3670 ex
2196 3635 2271 3669 loco
2283 3649 2347 3670 scr.

1265 3685 1330 3726 (22)
1356 3683 1506 3718 aedificia
1517 3684 1569 3718 F¹
1667 3687 1729 3727 (20)
1753 3683 1916 3717 arcendae
1928 3683 1963 3716 F
2057 3682 2118 3724 (21)
2143 3680 2307 3724 urgendae
2319 3681 2353 3714 F

1264 3730 1327 3771 (25)
1350 3729 1602 3764 inferior-iorum
1613 3731 1649 3764 F

1914 3550 1971 3590 (17)
1996 3547 2251 3590 superfluentem
2272 3548 2345 3580 dett.

2033 3828 2076 3860 76
