2528 3918
156 124 384 173 xxxx4
638 134 666 156 ⁹

156 250 258 286 ‘liber
281 249 386 285 esto’:
417 248 471 285 sic
494 250 551 285 est
581 250 691 294 atque
712 247 744 285 si
766 247 919 285 diceret:
957 246 1126 289 ‘Stichus,
1148 246 1179 282 si
1201 246 1240 282 in

156 294 383 349 ‘Capitolium
405 304 479 330 non
500 293 706 337 ascendero,
729 293 821 330 liber
841 293 949 329 esto’:
973 302 1056 328 nam
1078 294 1116 327 et
1136 291 1241 328 heres

155 342 624 422 mc2ffsgtcffinaeotfflt⁰libro
654 383 845 436 vicensimo
876 377 987 435 tei-tio·
1019 381 1240 429 dioestorum

477 431 572 464 atem
600 427 851 474 repudiaverat
882 432 918 463 et
941 427 1048 462 aham
1071 426 1239 462 duxerat:

155 429 312 465 Uxorem
339 439 428 482 prae
467 474 476 482 ·
714 473 723 482 ·
823 473 832 481 ²
1208 471 1216 480 .

479 484 539 509 um
574 476 756 519 exposuit:
795 473 855 508 hic
885 472 1050 508 sublatus
1087 471 1134 507 ab
1169 471 1240 506 aho

180 484 255 510 nor
292 483 398 510 emxa

154 485 329 555 {ducatus
367 521 423 555 est
457 518 600 554 nomine
635 519 749 564 patris
785 518 962 554 vocitatus
999 518 1157 562 usque¹:
1196 515 1242 552 ad

154 565 248 600 vitae
275 568 417 609 tempus
447 563 563 610 patris
591 567 667 598 tam
698 563 744 599 ab
776 573 818 598 eo
851 573 958 608 quam
990 572 1012 597 a
1034 565 1163 605 matre,
1196 571 1244 596 an

154 610 314 645 vivorum
342 619 491 645 numero
521 612 633 652 esset,
673 608 925 653 ignorabatur:
966 611 1108 643 mortuo
1139 610 1243 652 patre

154 658 439 699 testamentoque
457 653 545 697 eius,
569 664 641 699 quo
665 654 760 689 filius
784 663 898 698 neque
922 652 1157 688 exheredatus
1181 661 1242 686 ne-

155 699 574 790 ἓὲἱξθῗέαῗέὲὲῗὶῗ
595 697 1244 788 ἒὲζωῖἓὲῑῗὲἳθὲῑῗέιίῃξᾎέπέἪξ

154 789 323 825 intestato
348 790 452 835 quasi
475 790 508 825 le
534 789 653 824 ‘timus
676 788 848 833 possidet.
891 788 1092 833 quaesitum
1115 790 1183 829 est,
1207 787 1243 821 hi

154 834 217 879 qui
247 838 462 871 testamento
492 835 517 869 li
544 837 694 870 ertatem
728 834 947 878 acceperunt
984 838 1105 868 utrum
1139 832 1244 867 liberi

154 890 202 915 an
233 879 325 915 servi
358 879 439 915 sint.
491 878 676 924 respondit
703 878 816 913 filium
846 878 989 923 quidem
1021 878 1108 914 nihil
1139 887 1242 922 prae-

153 924 277 960 iudicii
310 934 457 971 passum
489 924 619 966 fuisse,
656 924 687 958 si
721 927 825 969 pater
860 934 940 959 eum
975 923 1168 970 ignoravit,
1209 925 1246 957 et

153 969 253 1012 ideo,
296 980 378 1006 cum
413 970 452 1005 in
488 973 668 1015 potestate
699 974 736 1004 et
763 969 961 1014 ignorantis
993 968 1107 1014 patris
1130 971 1243 1021 esset,

153 1018 407 1051 testamentum
435 1025 509 1051 non
539 1014 668 1050 valere.
717 1015 810 1049 servi
839 1018 959 1049 autem
982 1023 1192 1049 manumissi
1215 1023 1245 1048 si

152 1069 227 1141 {²4⁶3
240 1057 1244 1141 ttffssfflfffflteffifflffiffiff{¹353}

153 1150 332 1186 libertatis
356 1154 422 1186 est.

200 1193 254 1233 30
286 1195 482 1232 Urpmws
507 1194 598 1231 libro
629 1205 724 1230 nono
754 1193 892 1230 decimo
922 1194 973 1229 ad
999 1194 1154 1229 edictum
1207 1192 1246 1228 Si

154 1240 245 1276 servi
268 1240 330 1286 qui
353 1239 451 1286 apud
473 1239 594 1275 hostes
619 1243 703 1275 sunt
726 1239 831 1274 liberi
855 1249 933 1275 esse
955 1239 1046 1275 iussi
1070 1242 1173 1282 sunt,
1198 1238 1246 1273 ad

152 1285 354 1322 libertatem
377 1284 605 1331 perveniunt,
631 1284 792 1329 quamvis
815 1294 861 1320 ne
887 1294 933 1320 ue
955 1284 1159 1320 testamenti
1183 1293 1245 1319 ne-

155 1341 223 1376 que
246 1330 372 1366 mortis
396 1336 557 1383 tempore
580 1330 758 1374 testantis,
784 1329 848 1365 sed
897 1329 1027 1366 ostium
1049 1329 1207 1365 fuerunt.

200 1373 250 1414 31
278 1375 438 1411 Pieros
455 1376 547 1411 ltbro
567 1375 757 1411 vicensimo
775 1379 881 1411 sexto
900 1376 950 1411 ad
962 1375 1119 1411 edictum
1156 1373 1245 1409 Cum

153 1431 199 1456 ex
221 1421 385 1467 pluribus
409 1420 534 1457 eodem
556 1420 700 1456 nomine
723 1420 834 1456 servis
857 1431 951 1456 unus
979 1420 1095 1456 liber-³
1124 1420 1244 1455 iussus

153 1477 227 1502 non
249 1476 295 1511 ap
323 1470 424 1502 areat
447 1465 509 1511 qui
532 1465 589 1510 sit,
613 1465 735 1500 nullus
758 1465 851 1501 liber
873 1469 939 1501 est.

199 1509 254 1549 32
314 1520 481 1547 LPIANUs
508 1510 600 1547 libro
629 1511 884 1557 sexaqensimo
914 1511 1041 1557 quinto
1070 1509 1121 1545 ad
1150 1509 1243 1545 edic-

156 1560 229 1592 tum
268 1556 459 1592 Sciendum
477 1560 533 1592 est
546 1555 749 1591 necessario
766 1555 897 1591 herede
916 1555 1100 1598 existente,
1119 1565 1243 1600 quam·

153 1601 205 1637 vis
229 1612 269 1638 se
287 1602 479 1644 abstineat,
503 1605 625 1637 tamen
643 1600 829 1637 libertates
850 1611 928 1636 com
954 1604 1063 1643 etere,
1087 1601 1118 1636 si
1138 1599 1243 1636 modo

153 1657 226 1683 non
248 1646 287 1682 in
308 1646 473 1682 fraudem
496 1646 583 1691 legis
605 1646 730 1682 Aeliae
754 1645 897 1681 Sentiae
945 1650 1026 1681 atae
1048 1645 1193 1682 fuerint.

199 1689 253 1730 33
279 1691 336 1728 ΡΑ
344 1701 439 1727 σιτία
466 1692 558 1727 libro
582 1691 792 1727 duodecimo
816 1692 1069 1738 quaestionum
1116 1691 1244 1727 Liber-

152 1741 210 1772 tas
233 1737 282 1773 ad
303 1741 444 1782 tempus
469 1736 547 1772 dari
570 1747 644 1772 non
666 1740 799 1781 potest,

199 1779 254 1820 34
277 1781 386 1818 IDEM
412 1781 505 1818 libro
537 1782 827 1835 septuagensimo
852 1784 984 1827 quarto
1016 1781 1067 1816 ad
1090 1781 1245 1817 edictum

152 1827 306 1873 ideoque
329 1826 361 1863 si
382 1826 435 1862 ita
458 1826 631 1872 scriptum
654 1830 702 1862 sit
725 1826 881 1863 ‘Stichus
911 1836 1026 1871 usque
1055 1826 1103 1861 ad
1131 1836 1245 1862 annos

154 1872 289 1908 ‘decem
311 1871 403 1908 liber
424 1872 527 1915 esto’‚
557 1872 729 1917 temporis
753 1871 906 1907 adiectio
930 1881 1155 1917 supervacua
1177 1875 1243 1908 est.

200 1915 254 1956 35
278 1916 388 1953 loru
411 1917 503 1953 libro
534 1918 859 1964 quinquaqenczmo
889 1917 939 1952 ad
961 1917 1115 1952 edictum
1163 1917 1244 1952 Ser-

152 1963 233 1998 vius
257 1962 486 1998 existimabat
507 1961 552 1998 iis
575 1972 682 2007 posse
706 1962 816 1998 servis
848 1961 927 1998 dari
950 1965 1165 1997 testamento
1190 1962 1243 1997 di-

153 2012 293 2043 rectam
309 2007 519 2050 libertatem,
544 2007 606 2052 qui
624 2010 777 2053 utroque
794 2012 966 2052 tempore,
991 2011 1028 2042 et
1045 2018 1115 2052 quo
1132 2010 1244 2043 testa-

153 2057 311 2088 mentum
332 2052 375 2088 fit
397 2056 436 2088 et
458 2063 528 2097 quo
551 2052 722 2095 moritur,
748 2052 932 2088 testatoris
956 2052 1119 2089 fuerunt:
1152 2062 1245 2098 quae

154 2097 331 2134 sententia
353 2107 439 2133 vera
460 2102 527 2133 est.

199 2140 254 2181 36
278 2142 386 2178 Imm
401 2142 492 2178 libro
512 2143 662 2188 septimo
682 2142 732 2177 ad
747 2141 931 2177 Plautium
967 2141 1114 2178 Servum
1133 2146 1245 2178 testa-

152 2192 273 2223 mento
303 2187 356 2222 ita
386 2187 596 2223 manumisi:
629 2187 671 2222 ‘si
701 2187 873 2222 iuraverit
903 2197 942 2223 se
974 2187 1138 2223 Cornelio
1170 2188 1244 2223 filio

155 2237 246 2269 ‘meo
270 2232 393 2268 decem
416 2242 608 2278 operarum
631 2232 816 2274 daturum,
846 2233 938 2267 liber
961 2233 1068 2268 esto’:
1103 2233 1245 2278 quaeri-

153 2282 232 2321 tur,
257 2277 343 2323 quid
364 2277 454 2313 iuris
478 2278 536 2313 sit.
582 2280 621 2312 et
643 2277 827 2313 sciendum
851 2282 906 2313 est
927 2277 1078 2312 iurando
1104 2288 1246 2313 servum

154 2322 399 2359 condicionem
430 2323 596 2368 implere,
627 2322 691 2358 sed
721 2333 795 2358 non
825 2323 939 2358 teneri
966 2333 1156 2367 operarum
1179 2334 1244 2358 no-

154 2368 259 2411 mine,
283 2367 369 2413 quia
390 2367 461 2404 nisi
482 2371 566 2413 post
588 2367 901 2405 manumissionem
924 2368 1028 2411 iuret,
1057 2378 1130 2404 non
1154 2369 1244 2404 obli-

154 2423 253 2496 ga37
278 2457 386 2493 Imm
405 2457 496 2494 libro
520 2468 616 2492 nono
640 2457 691 2493 ad
709 2456 894 2493 Plautium
940 2457 1159 2494 Nominatim
1182 2469 1243 2495 co-

154 2503 283 2539 dicillis
300 2503 541 2538 manumissus
558 2502 698 2538 videtur
717 2513 851 2546 servus,
869 2502 970 2538 cuius
988 2514 1116 2539 nomen
1132 2507 1244 2540 testa-

154 2553 274 2585 mento
298 2548 500 2584 continetur
510 2549 536 2583 ⁴.

201 2590 254 2631 38
278 2592 386 2629 Imm
413 2593 505 2629 libro
536 2593 747 2629 duodecimo
771 2593 822 2629 ad
844 2592 1029 2629 Plautium
1076 2593 1243 2630 Libertas

153 2642 368 2674 testamento
399 2649 507 2675 servo
541 2638 594 2674 ita
626 2638 706 2674 dari
739 2642 876 2684 potest:
918 2641 1010 2674 ‘cum
1047 2649 1113 2684 per
1149 2639 1244 2684 leges

155 2684 295 2727 ‘licebit
319 2683 410 2719 liber
432 2684 534 2719 esto’.

201 2726 255 2766 39
279 2728 387 2763 loru
405 2729 498 2765 libro
518 2732 624 2764 sexto
643 2729 779 2764 decumo
799 2729 850 2763 ad
864 2728 1048 2764 Plautium
1087 2729 1244 2766 ‘Stichus

155 2777 290 2809 ‘servus
314 2784 435 2815 meus,
465 2774 495 2810 si
523 2784 603 2809 eum
632 2774 736 2809 heres
766 2774 990 2817 alienaverit,
1022 2774 1114 2810 liber
1136 2776 1243 2811 esto’:

155 2818 329 2854 inutiliter
351 2818 497 2854 libertas
522 2818 639 2862 datur,
664 2818 748 2864 quia
769 2819 806 2854 in
830 2818 867 2854 id
889 2822 1030 2864 tempus
1048 2820 1242 2863 confertur,

155 2863 782 2944 iffissssmetfiffiffleffssmoegx
794 2865 1018 2945 issssfflffi
1041 2866 1243 2946 ῧῗέηὲῗὲἓ

156 2935 404 2998 consequitur:
438 2954 594 2999 quippe*
622 2936 757 2990 utiliter
778 2954 925 2990 libertas
950 2954 1035 2990 data
1058 2956 1155 2991 facto
1178 2957 1241 2991 he-

156 2998 251 3035 redis
281 3008 356 3034 non
386 2999 591 3043 peremitur.
640 3003 704 3034 aut
733 3000 819 3044 quid
846 3000 885 3034 in
915 3000 1032 3044 legato
1065 3010 1106 3036 eo
1136 3001 1242 3037 modo

155 3043 240 3080 dato
265 3043 448 3079 dicemus?
485 3043 660 3079 diversum
684 3044 777 3079 enim
800 3045 899 3079 nulla
921 3046 1061 3081 ratione
1084 3046 1240 3082 dicetur:

155 3099 238 3124 nam
260 3088 356 3124 inter
377 3088 577 3124 libertatem
605 3093 642 3124 et
670 3089 842 3134 legatum,
873 3094 1046 3135 quantum
1074 3091 1120 3126 ad
1148 3091 1242 3128 hanc

157 3144 323 3176 causam,
355 3133 443 3169 nihil
472 3133 591 3169 distat.
639 3134 749 3178 igitur
778 3145 844 3170 nec
873 3135 925 3171 sic
953 3137 1075 3171 recte⁶
1098 3136 1242 3172 dabitur

155 3179 302 3215 libertas
327 3178 369 3214 ‘si
391 3178 532 3214 heredis
554 3178 624 3214 mei
643 3188 721 3214 esse
741 3179 895 3224 desierit,
919 3180 1010 3216 liber
1029 3182 1131 3225 esto’‚
1157 3183 1241 3228 quia

156 3224 294 3259 nullum
315 3233 439 3259 casum
462 3223 584 3259 utilem
607 3223 726 3259 habet.

201 3267 256 3306 40
281 3267 511 3305 Poupomvs
538 3268 629 3305 libro
660 3270 785 3314 quinto
816 3279 868 3305 ex
889 3268 1036 3306 Plautio
1080 3271 1240 3308 Iulianus

156 3314 224 3358 ait,
257 3323 339 3349 cun
380 3312 463 3350 dem
492 3314 600 3350 homo
628 3317 666 3348 et
692 3323 757 3358 per
779 3314 1113 3351 fideicommissum⁷
1136 3316 1241 3352 detur

157 3358 266 3394 alicui
301 3362 341 3394 et
372 3358 463 3393 liber
503 3368 583 3395 esse
614 3357 799 3402 iubeatur,
838 3359 1005 3395 heredem
1041 3361 1240 3398 libertatem

156 3405 343 3447 praestan
360 3404 507 3440 debere:
532 3414 605 3440 non
623 3403 717 3439 enim
735 3408 891 3449 cogetur,
915 3405 1040 3451 inquit,
1064 3416 1109 3442 ex
1131 3416 1240 3443 causa

158 3447 418 3484 fideicommissi
449 3448 731 3485 aestimatIonem
759 3449 922 3493 sufferre,
963 3461 1044 3486 cum
1082 3451 1239 3488 debitam

152 3553 194 3592 (ι)
219 3552 378 3586 educatus
390 3554 439 3585 est
448 3552 678 3595 vocitatusque
689 3561 823 3586 nomine
832 3554 938 3596 patris
950 3565 1011 3586 scr.

150 3597 247 3630 dium
261 3597 385 3641 favore]
397 3598 510 3630 studio
522 3610 584 3631 ner.
673 3599 718 3640 (³)
743 3607 810 3631 eac
821 3598 882 3632 ine.
971 3600 1015 3638 (4)
1038 3599 1237 3632 nominatim

155 3644 351 3676 testamento
368 3642 587 3675 manumioeus
602 3642 734 3676 videtur
892 3643 988 3675 cuius
1008 3653 1127 3676 nomen
1145 3644 1236 3677 codi-

154 3686 243 3719 cillis
252 3688 443 3721 continetur
453 3700 514 3721 ser.
602 3689 647 3730 (5)
671 3698 792 3731 coeppe
806 3688 841 3722 F
844 3687 866 3731 ¹,
878 3690 964 3722 certe
978 3688 1028 3721 F*
1120 3690 1164 3730 (6)
1188 3690 1237 3723 εἰσ

159 3743 225 3771 ειμι
239 3732 285 3771 Β,
295 3732 449 3765 tivireoto
463 3732 494 3765 F
502 3732 524 3772 ¹,
534 3731 563 3765 si
574 3732 701 3765 directo
716 3734 764 3766 P*
817 3737 861 3774 (7)
879 3743 940 3775 per
950 3732 1234 3766 fideioomminnm

1098 3554 1143 3595 (2)
1166 3555 1236 3587 stu-

1231 118 1314 170 618

1489 12 1560 85 ἢ

2036 131 2098 167 DE
2125 134 2390 168 flammeam

1313 250 1326 281 1
1376 246 1576 282 libertatem
1598 244 1802 282 reddiderit.
1838 244 1909 281 Sed
1930 247 1966 281 et
1989 255 2071 282 cum
2094 245 2162 282 sub
2185 244 2394 283 condicione

1310 301 1412 327 servo
1436 291 1586 326 libertas
1607 301 1673 337 per
1689 289 2001 327 fideicommissum
2019 290 2123 326 detur
2139 294 2177 327 et
2194 291 2272 336 ipse
2290 300 2393 337 prae-

1310 335 1403 372 senti
1433 335 1491 371 die
1522 335 1684 379 daretur,
1712 346 1786 372 non
1815 335 1920 371 aliter
1951 335 2092 372 tradere
2123 346 2205 371 eum
2235 340 2394 381 cogetur,

1311 390 1419 426 quam
1441 383 1484 416 ut
1506 383 1676 416 caveatur
1693 381 1869 417 existente
1886 380 2094 416 condicione
2111 380 2291 417 libertati⁸
2313 391 2394 416 eum

1309 426 1514 461 restitutum
1537 425 1599 460 iri:
1624 435 1708 461 nam
1730 426 1767 461 in
1790 425 1952 461 omnibus
1976 426 2052 461 fere
2075 426 2193 461 causis
2216 425 2394 462 fideicom-

1310 471 1438 506 missas
1472 471 1656 506 libertates
1690 481 1756 516 pro
1791 470 1925 506 directo
1961 470 2053 506 datis
2085 471 2279 506 habendas.
2333 470 2394 506 sed

1313 515 1439 552 Ofilius
1462 515 1599 557 aiebat,
1630 515 1661 551 si
1683 515 1862 552 adimendi
1883 515 1990 560 legati
2014 526 2125 551 causa
2147 515 2394 551 fideicommis-

1311 570 1388 596 sam
1407 561 1609 596 libertatem
1626 563 1778 596 testator
1793 560 1958 603 dedisset,
1981 571 2023 596 ea
2042 571 2126 596 vera
2144 570 2241 596 esse:
2266 562 2297 596 si
2312 571 2395 596 vero

1312 605 1455 641 onerari
1467 605 1632 640 heredem
1644 615 1666 640 a
1679 609 1850 641 testatore
1860 605 2054 650 legatarius
2067 605 2272 648 ostenderit,
2289 605 2395 641 aesti-

1311 650 1504 687 mationem
1527 650 1638 687 nihilo
1661 650 1778 686 minus
1801 651 1972 695 legatario
1995 650 2260 696 praestandam.

1359 694 1408 732 41
1437 695 1545 731 loru
1572 695 1663 731 libro
1693 706 1713 730 s
1760 696 1844 731 timo
1873 705 1924 731 ea:
1946 695 2092 731 Plautio
2140 695 2178 731 Si
2206 696 2258 731 ita
2287 695 2398 730 fuerit

1312 741 1461 776 libertas
1475 740 1620 776 relicta:
1644 740 1731 776 ‘Stic
1755 751 1799 776 us
1814 751 1937 778 servus
1950 751 2050 776 meus
2064 751 2158 776 anno
2175 740 2396 782 duodecimo,

1314 788 1515 830 ‘postquam
1545 795 1610 830 ego
1642 791 1803 821 mortuus
1832 795 1912 827 ero,
1950 786 2040 821 liber
2073 787 2175 829 esto'‚
2211 786 2398 821 verisimile

1313 835 1368 866 est
1390 831 1565 877 principio
1590 830 1790 866 duodecimi
1812 832 1897 867 anni
1920 841 2000 866 eum
2022 831 2173 866 liberum
2195 841 2286 873 esse,
2315 841 2397 866 nam

1313 877 1592 956 laec-mortuum,
1607 876 1773 967 seglssset
1794 881 1857 956 det
1867 877 1971 956 {nter
1993 876 2061 911 hos
2085 886 2266 956 sermolnlets
2298 876 2396 929 ‘duo-

1313 925 1322 939 ‘
1350 931 1462 956 ecimo
1487 931 1582 957 anno
1618 931 1638 957 e
1713 932 1754 957 os
1818 933 1863 957 uo
1891 931 1981 957 ecim
2005 922 2131 956 annos’
2162 931 2198 956 m
2254 931 2313 956 um
2343 931 2397 956 in-

1312 970 1424 1002 terest
1447 970 1483 1001 et
1505 966 1557 1001 ita
1584 966 1620 1002 lo
1644 966 1682 1001 ui
1712 967 1875 1002 solemus.
1924 966 2154 1002 duodecimus
2187 976 2302 1002 annus
2332 971 2398 1008 est,

1314 1022 1395 1046 cum
1419 1011 1569 1056 quantul
1646 1011 1718 1047 'bet
1741 1022 1785 1047 ex
1805 1012 2016 1047 duodecimo
2040 1021 2134 1046 anno
2158 1012 2313 1047 venisset
2336 1015 2400 1046 aut

1314 1057 1554 1102 praeterisset,
1572 1060 1610 1092 et
1628 1057 1688 1102 qui
1705 1056 1916 1093 duodecimo
1935 1066 2028 1092 anno
2045 1056 2135 1092 liber
2150 1067 2230 1092 esse
2244 1056 2399 1099 iubetur,

1317 1105 1331 1137 1
1383 1102 1546 1137 omnibus
1579 1103 1662 1136 anni
1694 1102 1819 1138 diebus
1848 1103 1938 1137 liber
1966 1111 2046 1136 esse
2074 1101 2193 1137 iussus
2217 1106 2283 1137 est.
2329 1101 2399 1137 Sed

1313 1147 1349 1227 sli1
1359 1147 1409 1182 ita
1413 1147 1473 1226 dsit
1490 1147 1659 1226 scriptiililm
1676 1147 1713 1181 in
1729 1151 1941 1183 testamento
1952 1146 2283 1227 :betichutziserv·us
2300 1158 2399 1227 ments

1315 1197 1323 1211 ⁶
1351 1202 1410 1227 ere
1436 1203 1449 1226 1
1464 1202 1592 1227 meom
1633 1202 1652 1227 e
1667 1203 1830 1228 nummos
1848 1202 1942 1228 anno
1983 1202 2101 1227 lemno
2164 1203 2268 1227 enmo
2326 1202 2367 1228 os

1314 1241 1432 1290 ‘quam
1464 1247 1528 1282 ego
1561 1242 1723 1272 mortuus
1755 1248 1836 1281 ero,
1868 1237 1900 1274 si
1930 1236 2074 1273 solverit
2103 1237 2234 1273 satisve
2263 1203 2400 1279 f'egerit,

1314 1283 1415 1318 ‘liber
1439 1283 1540 1325 esto’‚
1572 1293 1645 1318 non
1674 1286 1794 1328 potest
1820 1283 1851 1318 is
1883 1293 2005 1318 servus
2029 1282 2098 1317 nisi
2120 1282 2272 1318 triennio
2296 1293 2400 1328 prae-

1313 1329 1418 1363 terito
1444 1328 1535 1363 liber
1554 1337 1643 1369 esse,
1667 1328 1761 1364 nisi⁰
1783 1333 2008 1374 praesentem
2025 1337 2103 1362 eam
2120 1328 2309 1379 pecuniam
2328 1328 2400 1363 sol-

1313 1377 1374 1408 vat
1403 1377 1466 1407 aut
1489 1372 1706 1408 satisfaciat:
1740 1373 2004 1419 compensanda
2035 1377 2165 1408 etenim
2194 1378 2250 1409 est
2279 1373 2398 1409 heredi

1312 1418 1488 1454 libertatis
1513 1418 1677 1454 celeritas
1701 1424 1950 1464 praematurae
1970 1418 2202 1464 pecuniarum
2219 1418 2399 1454 solutioni.

1315 1467 1334 1498 2
1382 1463 1505 1499 Labeo
1530 1463 1673 1506 scribit,
1698 1464 1729 1498 si
1751 1464 1804 1500 sic
1827 1464 1975 1500 libertas
1999 1463 2125 1499 relicta
2148 1463 2211 1499 sit:
2245 1464 2399 1499 ‘Stichus

1314 1509 1420 1543 ‘intra
1450 1519 1601 1551 annum,
1643 1513 1832 1553 postquam
1864 1514 2027 1544 mortuus
2058 1517 2139 1551 ero,
2179 1508 2269 1544 liber
2299 1510 2399 1552 esto'‚

1313 1554 1435 1589 statim
1459 1564 1540 1589 eum
1565 1554 1715 1589 liberum
1739 1564 1835 1590 esse:
1861 1565 1944 1590 nam
1967 1559 2004 1590 et
2027 1554 2059 1589 si
2080 1553 2132 1588 ita
2155 1553 2218 1589 sit:
2245 1554 2287 1590 ‘si
2305 1555 2400 1590 intra

1314 1601 1457 1634 ‘annum
1490 1599 1665 1634 decimum
1679 1602 1706 1621 ¹⁰
1736 1599 1860 1636 heredi
1890 1610 1968 1635 meo
1998 1598 2153 1642 dederit,
2184 1599 2276 1635 liber
2298 1600 2400 1642 esto'‚

1313 1645 1434 1680 statim
1454 1644 1622 1680 solvendo
1640 1655 1682 1680 eo
1697 1646 1723 1666 ¹¹
1748 1645 1898 1680 liberum
1916 1655 1994 1680 esse
2015 1645 2091 1680 sine
2108 1654 2209 1680 mora
2229 1644 2388 1680 futurum

1361 1687 1415 1726 42
1439 1689 1680 1725 Msaonws
1700 1690 1791 1726 libro
1815 1695 1920 1725 sexto
1945 1691 2081 1726 decimo
2105 1690 2324 1735 dioestorum
2363 1690 2400 1728 Si

1313 1735 1392 1780 quis
1422 1734 1475 1770 ita
1506 1734 1691 1780 scripserit
1722 1735 1833 1770 ‘illum
1862 1735 1956 1770 illius
1988 1735 2155 1771 libertum
2186 1745 2266 1771 esse
2296 1735 2400 1778 volo’,

1313 1785 1361 1860 fiii)
1373 1790 1495 1815 servus
1519 1780 1719 1815 libertatem
1742 1784 1864 1827 petere
1887 1784 2007 1826 potest
2029 1785 2066 1816 et
2088 1779 2167 1823 ille,
2201 1784 2241 1815 ut
2270 1781 2400 1817 habeat

1329 1826 1335 1832 “
1365 1830 1490 1860 ertum.

1359 1868 1412 1908 43
1437 1870 1693 1906 MODESTJNUS
1721 1870 1810 1907 libro
1834 1872 2019 1918 sinqulari
2047 1871 2092 1907 de
2115 1871 2401 1908 manumissioni-

1315 1916 1380 1951 bus
1425 1915 1631 1951 Libertates
1663 1915 1820 1952 directae
1852 1922 1888 1952 et
1919 1921 2131 1952 testamento
2163 1920 2200 1952 et
2230 1916 2400 1954 codicillis

1314 1965 1528 1997 testamento
1559 1961 1778 1996 confirmatis
1806 1965 1904 1998 recte
1927 1961 2077 2005 dantur,
2108 1961 2400 1999 fideicommissae

1314 2010 1350 2042 et
1373 2007 1418 2041 ab
1442 2007 1612 2042 intestato
1637 2010 1673 2040 et
1698 2007 1872 2043 codicillis
1902 2018 1974 2043 non
2004 2007 2221 2043 confirmatis
2249 2008 2400 2054 relinqui

1339 2056 1477 2087 ossunt.

1314 2063 1337 2097 p
1359 2095 1415 2134 44
1438 2096 1545 2132 loru
1573 2096 1664 2132 libro
1696 2097 1832 2133 decimo
1862 2108 2117 2144 responsorum
2167 2098 2309 2135 Maevia
2339 2099 2400 2135 de·

1314 2142 1443 2178 cedens
1474 2142 1585 2177 servis
1617 2142 1692 2177 suis
1724 2143 1866 2179 nomine
1890 2143 2003 2179 Sacco
2018 2145 2045 2165 ¹²
2075 2148 2113 2179 et
2135 2143 2335 2197 Eutychiae
2365 2149 2400 2181 et

1314 2187 2239 2270 ffiissssifflssrffiidffissi?eibffiteeiiiessiuisseff
2250 2190 2400 2271 αζῗῑῗιῗὲ

1314 2280 1425 2325 ‘meae
1449 2288 1569 2313 omnes
1593 2278 1660 2314 sub
1684 2279 1755 2313 hac
1776 2245 1985 2314 condicigne
2001 2279 2104 2314 liberi
2122 2284 2240 2322 sunto,
2264 2285 2305 2316 ut
2324 2291 2399 2316 mo-

1314 2326 1495 2358 ‘numento
1518 2333 1598 2359 meo
1621 2323 1768 2359 alternis
1791 2324 1971 2360 mensibus
1994 2325 2178 2360 lucernam
2202 2325 2400 2361 accendant

1315 2372 1362 2403 ‘et
1385 2367 1569 2403 sollemnia
1591 2369 1715 2403 mortis
1765 2370 1941 2414 eragant':
1968 2380 2118 2414 quaero,
2143 2380 2226 2405 cum
2249 2371 2399 2407 adsiduo

1313 2417 1541 2448 monumento
1561 2414 1723 2449 Maeviae
1739 2380 1876 2450 gaccus
1897 2418 1933 2449 et
1951 2414 2132 2460 Eutychia
2151 2418 2188 2450 et
2205 2416 2307 2452 Irene
2326 2427 2399 2454 non

1313 2458 1442 2501 adsint,
1468 2469 1514 2494 an
1537 2458 1641 2494 liberi
1664 2469 1742 2494 esse
1765 2464 1927 2504 possunt.
1966 2459 2193 2496 Modestinus
2215 2462 2399 2507 respondit

1313 2513 1428 2548 neque
1457 2507 1663 2539 contextum
1692 2505 1880 2539 verborum
1909 2505 2022 2541 totius
2054 2505 2254 2551 scripturae
2284 2517 2399 2552 neque

1312 2552 1466 2584 mentem
1488 2550 1684 2584 testatricis
1708 2559 1787 2584 eam
1811 2560 1904 2593 esse,
1937 2555 1978 2585 ut
2008 2550 2154 2586 libertas
2183 2552 2251 2587 sub
2276 2552 2398 2588 condi-

1313 2594 1415 2629 cione
1430 2604 1605 2639 suspensa
1621 2595 1678 2637 sit,
1700 2605 1780 2630 cum
1798 2595 1928 2631 liberos
1949 2606 2010 2632 eos
2029 2601 2257 2632 monumento
2273 2597 2399 2634 adesse

1312 2638 1439 2674 voluit:
1479 2640 1598 2674 officio
1627 2644 1747 2675 tamen
1777 2640 1904 2676 iudicis
1935 2651 1996 2677 eos
2027 2651 2106 2678 esse
2136 2642 2398 2688 compellendos

1312 2685 1507 2720 testatricis
1531 2685 1679 2720 iussioni
1702 2695 1839 2731 parere.

1358 2728 1411 2766 45
1436 2729 1544 2764 Imm
1569 2730 1660 2766 libro
1692 2757 1818 2766 ......
1844 2731 2110 2777 pandectarum
2164 2731 2268 2776 Quod
2295 2743 2338 2768 vo

1312 2774 1443 2810 dicitur
1461 2775 1528 2811 sub
1574 2775 1711 2811 Iuribus
1729 2775 1996 2812 condicionibus
2014 2776 2099 2812 data
2116 2777 2279 2814 libertate
2294 2779 2396 2814 lens·

1311 2820 1436 2855 simam
1461 2831 1529 2856 con
1568 2821 1704 2856 cionem
1727 2821 1961 2866 spectandam
1983 2832 2080 2866 esse,
2111 2822 2163 2858 ita
2186 2833 2307 2858 verum
2330 2828 2394 2867 est,

1311 2866 1341 2900 si
1364 2876 1403 2901 se
1429 2866 1559 2900 aratim
1583 2865 1809 2902 condiciones
1829 2867 1901 2902 sint
1919 2866 2041 2902 datae:
2066 2868 2162 2913 quod
2178 2867 2209 2902 si
2227 2868 2396 2904 coniunc-

1311 2911 1375 2945 tim
1423 2914 1504 2946 atae
1527 2914 1622 2954 sunt,
1647 2911 1715 2947 nisi
1738 2912 1903 2947 omnibus
1923 2912 2093 2957 paruerit,
2116 2912 2209 2948 liber
2227 2923 2299 2948 non
2318 2914 2394 2949 erit.

1357 2953 1410 2993 46
1436 2955 1664 2991 Pomomvs
1691 2956 1782 2992 libro
1805 2958 1956 3003 septimo
1980 2968 2031 2993 ex
2053 2959 2164 2993 variis
2187 2959 2395 2995 lectionibus

1309 3001 1431 3036 Aristo
1451 3001 1599 3036 Neratio
1620 3001 1787 3047 Appiano
1802 3003 1829 3023 ¹³
1851 3002 2046 3056 rescripsit,
2070 3006 2282 3039 testamento
2306 3004 2396 3040 liber

1311 3056 1388 3082 esse
1419 3046 1554 3088 iussus,
1585 3056 1666 3081 cum
1697 3056 1873 3082 annorum
1895 3048 2040 3092 triginta
2063 3052 2172 3090 esset,
2204 3052 2396 3094 antequam

1310 3092 1356 3127 ad
1379 3101 1459 3127 eam
1482 3095 1635 3127 aetatem
1658 3093 1859 3137 perveniret
1889 3093 1920 3127 si
1943 3093 1980 3127 in
2003 3093 2182 3128 metallum
2206 3093 2394 3130 damnatus

1310 3137 1357 3172 sit
1377 3146 1420 3172 ac
1435 3140 1563 3183 postea
1579 3140 1776 3180 revocetur,
1799 3137 1875 3173 sine
1892 3137 2115 3174 dubitatione
2133 3149 2214 3174 cum
2231 3138 2398 3176 libertate

1308 3182 1464 3227 legatum
1491 3181 1539 3216 ad
1570 3191 1651 3217 eum
1678 3183 1855 3228 pertinere
1884 3192 1999 3235 neque
2029 3183 2252 3219 metallorum
2277 3195 2395 3231 poena

1308 3227 1365 3262 ius
1389 3227 1465 3262 eius
1488 3227 1636 3262 mutari:
1669 3237 1736 3263 nec
1766 3228 1881 3271 aliud,
1913 3238 1943 3264 si
1971 3227 2075 3264 heres
2099 3233 2195 3264 esset
2216 3230 2284 3266 sub
2308 3241 2387 3266 con-

1309 3272 1450 3325 dicione
1477 3272 1684 3308 institutus:
1715 3273 1875 3309 futurum
1904 3273 1997 3309 enim
2028 3283 2109 3310 eum
2140 3274 2246 3310 etiam
2268 3285 2386 3312 neces·

1309 3327 1453 3353 sarium.

1354 3359 1408 3400 47
1434 3360 1679 3397 Psmmnvs
1699 3362 1790 3398 libro
1813 3365 1919 3399 sexto
1943 3364 2192 3409 quaestionum
2234 3364 2324 3403 Cum
2347 3375 2391 3401 ex

1308 3407 1409 3443 falsis
1434 3406 1606 3443 codicillis
1630 3417 1695 3453 per
1714 3417 1870 3444 errorem
1888 3407 2046 3451 libertas,
2070 3408 2154 3445 licet
2170 3419 2242 3446 non
2261 3410 2392 3454 debita,

1307 3451 1480 3499 praestita
1508 3456 1628 3488 tamen
1652 3453 1698 3487 ab
1721 3452 1853 3489 herede
1874 3452 2020 3495 fuisset,
2051 3453 2174 3500 viginti
2205 3455 2338 3492 solidos
2367 3468 2390 3494 a

1306 3555 1340 3588 et
1349 3566 1411 3588 cer.
1497 3557 1541 3597 (8)
1565 3553 1731 3588 libertatis
1740 3566 1803 3588 ter.
1862 3555 1907 3596 (9)
1933 3554 1997 3588 tale
2008 3554 2089 3597 quid
2102 3555 2178 3598 jun.
2189 3564 2267 3599 ,non
2278 3557 2384 3598 poten

1305 3623 1314 3632 .
1324 3623 1333 3632 .
1343 3623 1352 3632 .
1364 3598 1451 3632 liber
1461 3609 1539 3632 esse.
1558 3599 1737 3642 benignius
1747 3602 1858 3633 tamen
1871 3601 1920 3632 est
1932 3610 2007 3632 eum
2018 3599 2098 3632 item
2110 3598 2251 3633 liberum
2262 3598 2347 3641 fleri,
2359 3601 2385 3632 si

1306 3645 1366 3687 (10)
1386 3644 1562 3687 decimum]
1576 3645 1687 3678 decem
1699 3645 1773 3678 cdd.
1823 3647 1878 3686 (1¹)
1894 3645 1944 3687 eo]
1958 3654 2032 3678 eum
2044 3656 2107 3678 scr.
2153 3648 2212 3688 (12)
2229 3644 2386 3687 mciv,

1303 3699 1416 3723 mooe
1430 3690 1480 3723 F'
1571 3692 1631 3731 (13)
1655 3689 1820 3733 Appiano]
1832 3690 1946 3723 Prisco
1961 3702 2022 3723 scr.
