<?xml version="1.0" encoding="UTF-8"?>
<!DOCTYPE html PUBLIC "-//W3C//DTD XHTML 1.0 Transitional//EN"
    "http://www.w3.org/TR/xhtml1/DTD/xhtml1-transitional.dtd">
<html xmlns="http://www.w3.org/1999/xhtml" xml:lang="en" lang="en">
 <head>
  <title>
</title>
<meta http-equiv="Content-Type" content="text/html;charset=utf-8" />
  <meta name='ocr-system' content='tesseract 3.04.00' />
  <meta name='ocr-capabilities' content='ocr_page ocr_carea ocr_par ocr_line ocrx_word'/>
</head>
<body>
  <div class='ocr_page' id='page_1' title='image "./corpusjuriscivil01krueuoft_0889.png"; bbox 0 0 2528 3918; ppageno 0'>
   <div class='ocr_carea' id='block_1_1' title="bbox 132 117 1296 171">
    <p class='ocr_par' dir='ltr' id='par_1_1' title="bbox 132 117 1296 171">
     <span class='ocr_line' id='line_1_1' title="bbox 132 117 1296 171; baseline -0.002 -1"><span class='ocrx_word' id='word_1_1' title='bbox 132 138 192 170; x_wconf 80' lang='lat' dir='ltr'><strong>nn</strong></span> <span class='ocrx_word' id='word_1_2' title='bbox 220 137 376 171; x_wconf 73' lang='lat' dir='ltr'><strong>sunus</strong></span> <span class='ocrx_word' id='word_1_3' title='bbox 1208 117 1296 168; x_wconf 78' lang='lat'><strong>773</strong></span> 
     </span>
    </p>
   </div>
   <div class='ocr_carea' id='block_1_2' title="bbox 127 245 1221 3561">
    <p class='ocr_par' dir='ltr' id='par_1_2' title="bbox 129 245 1220 565">
     <span class='ocr_line' id='line_1_2' title="bbox 132 245 1220 294; baseline -0.003 -9"><span class='ocrx_word' id='word_1_4' title='bbox 132 249 251 292; x_wconf 87' lang='lat' dir='ltr'><strong>tabat,</strong></span> <span class='ocrx_word' id='word_1_5' title='bbox 283 247 315 285; x_wconf 88' lang='lat' dir='ltr'><strong>si</strong></span> <span class='ocrx_word' id='word_1_6' title='bbox 345 247 397 285; x_wconf 88' lang='lat' dir='ltr'><strong>rei</strong></span> <span class='ocrx_word' id='word_1_7' title='bbox 426 247 620 294; x_wconf 80' lang='lat' dir='ltr'><strong>subreptae</strong></span> <span class='ocrx_word' id='word_1_8' title='bbox 643 245 807 283; x_wconf 80' lang='lat' dir='ltr'><strong>dominus</strong></span> <span class='ocrx_word' id='word_1_9' title='bbox 838 257 942 283; x_wconf 90' lang='lat' dir='ltr'><strong>nemo</strong></span> <span class='ocrx_word' id='word_1_10' title='bbox 972 249 1131 283; x_wconf 88' lang='lat' dir='ltr'><strong>exstaret</strong></span> <span class='ocrx_word' id='word_1_11' title='bbox 1154 256 1220 283; x_wconf 89' lang='lat' dir='ltr'><strong>nec</strong></span> 
     </span>
     <span class='ocr_line' id='line_1_3' title="bbox 132 291 1220 336; baseline -0.003 -5"><span class='ocrx_word' id='word_1_12' title='bbox 132 297 337 331; x_wconf 82' lang='lat' dir='ltr'><strong>exstaturus</strong></span> <span class='ocrx_word' id='word_1_13' title='bbox 366 296 478 336; x_wconf 90' lang='lat' dir='ltr'><strong>esset,</strong></span> <span class='ocrx_word' id='word_1_14' title='bbox 510 292 627 330; x_wconf 87' lang='lat' dir='ltr'><strong>furem</strong></span> <span class='ocrx_word' id='word_1_15' title='bbox 649 292 783 329; x_wconf 82' lang='lat' dir='ltr'><strong>habere</strong></span> <span class='ocrx_word' id='word_1_16' title='bbox 806 291 895 328; x_wconf 82' lang='lat' dir='ltr'><strong>furti</strong></span> <span class='ocrx_word' id='word_1_17' title='bbox 918 292 1115 329; x_wconf 81' lang='lat' dir='ltr'><strong>actionem:</strong></span> <span class='ocrx_word' id='word_1_18' title='bbox 1147 303 1220 328; x_wconf 91' lang='lat' dir='ltr'><strong>non</strong></span> 
     </span>
     <span class='ocr_line' id='line_1_4' title="bbox 131 337 1220 385; baseline -0.003 -10"><span class='ocrx_word' id='word_1_19' title='bbox 131 340 242 385; x_wconf 85' lang='lat' dir='ltr'><strong>magis</strong></span> <span class='ocrx_word' id='word_1_20' title='bbox 265 339 358 375; x_wconf 90' lang='lat' dir='ltr'><strong>enim</strong></span> <span class='ocrx_word' id='word_1_21' title='bbox 382 343 469 375; x_wconf 90' lang='lat' dir='ltr'><strong>tunc</strong></span> <span class='ocrx_word' id='word_1_22' title='bbox 493 338 569 374; x_wconf 87' lang='lat' dir='ltr'><strong>eius</strong></span> <span class='ocrx_word' id='word_1_23' title='bbox 594 338 694 374; x_wconf 85' lang='lat' dir='ltr'><strong>esse²</strong></span> <span class='ocrx_word' id='word_1_24' title='bbox 724 337 844 373; x_wconf 90' lang='lat' dir='ltr'><strong>intelle</strong></span> <span class='ocrx_word' id='word_1_25' title='bbox 870 338 957 381; x_wconf 85' lang='lat' dir='ltr'><strong>&#39;tur,</strong></span> <span class='ocrx_word' id='word_1_26' title='bbox 989 337 1051 383; x_wconf 92' lang='lat' dir='ltr'><strong>qui</strong></span> <span class='ocrx_word' id='word_1_27' title='bbox 1080 338 1220 374; x_wconf 90' lang='lat' dir='ltr'><strong>lucrum</strong></span> 
     </span>
     <span class='ocr_line' id='line_1_5' title="bbox 129 382 1219 435; baseline -0.002 -15"><span class='ocrx_word' id='word_1_28' title='bbox 129 385 291 420; x_wconf 86' lang='lat' dir='ltr'><strong>facturus</strong></span> <span class='ocrx_word' id='word_1_29' title='bbox 323 384 380 420; x_wconf 91' lang='lat' dir='ltr'><strong>sit.</strong></span> <span class='ocrx_word' id='word_1_30' title='bbox 429 383 591 419; x_wconf 91' lang='lat' dir='ltr'><strong>dominus</strong></span> <span class='ocrx_word' id='word_1_31' title='bbox 614 383 732 435; x_wconf 56' lang='lat' dir='ltr'><strong>‚igitur</strong></span> <span class='ocrx_word' id='word_1_32' title='bbox 761 382 855 418; x_wconf 91' lang='lat' dir='ltr'><strong>habe</strong></span> <span class='ocrx_word' id='word_1_33' title='bbox 881 384 909 418; x_wconf 89' lang='lat' dir='ltr'><strong>it</strong></span> <span class='ocrx_word' id='word_1_34' title='bbox 949 394 1031 419; x_wconf 90' lang='lat' dir='ltr'><strong>cuin</strong></span> <span class='ocrx_word' id='word_1_35' title='bbox 1067 387 1219 429; x_wconf 89' lang='lat' dir='ltr'><strong>utroque</strong></span> 
     </span>
     <span class='ocr_line' id='line_1_6' title="bbox 130 428 1217 472; baseline -0.003 -7"><span class='ocrx_word' id='word_1_36' title='bbox 130 430 218 465; x_wconf 86' lang='lat' dir='ltr'><strong>furti</strong></span> <span class='ocrx_word' id='word_1_37' title='bbox 241 429 436 472; x_wconf 78' lang='lat' dir='ltr'><strong>actionem,</strong></span> <span class='ocrx_word' id='word_1_38' title='bbox 460 429 512 464; x_wconf 88' lang='lat' dir='ltr'><strong>ita</strong></span> <span class='ocrx_word' id='word_1_39' title='bbox 535 432 591 471; x_wconf 92' lang='lat' dir='ltr'><strong>ut,</strong></span> <span class='ocrx_word' id='word_1_40' title='bbox 626 438 656 464; x_wconf 92' lang='lat' dir='ltr'><strong>si</strong></span> <span class='ocrx_word' id='word_1_41' title='bbox 681 438 762 464; x_wconf 88' lang='lat' dir='ltr'><strong>cum</strong></span> <span class='ocrx_word' id='word_1_42' title='bbox 793 428 905 464; x_wconf 89' lang='lat' dir='ltr'><strong>altero</strong></span> <span class='ocrx_word' id='word_1_43' title='bbox 931 428 1018 464; x_wconf 84' lang='lat' dir='ltr'><strong>furti</strong></span> <span class='ocrx_word' id='word_1_44' title='bbox 1043 428 1217 464; x_wconf 84' lang='lat' dir='ltr'><strong>actionem</strong></span> 
     </span>
     <span class='ocr_line' id='line_1_7' title="bbox 130 473 1219 517; baseline -0.002 -7"><span class='ocrx_word' id='word_1_45' title='bbox 130 475 287 517; x_wconf 81' lang='lat' dir='ltr'><strong>inchoat,</strong></span> <span class='ocrx_word' id='word_1_46' title='bbox 312 475 481 511; x_wconf 89' lang='lat' dir='ltr'><strong>adversus</strong></span> <span class='ocrx_word' id='word_1_47' title='bbox 501 474 652 510; x_wconf 89' lang='lat' dir='ltr'><strong>alterum</strong></span> <span class='ocrx_word' id='word_1_48' title='bbox 675 473 786 509; x_wconf 90' lang='lat' dir='ltr'><strong>nihilo</strong></span> <span class='ocrx_word' id='word_1_49' title='bbox 811 473 927 509; x_wconf 89' lang='lat' dir='ltr'><strong>minus</strong></span> <span class='ocrx_word' id='word_1_50' title='bbox 952 473 1075 510; x_wconf 88' lang='lat' dir='ltr'><strong>duret:</strong></span> <span class='ocrx_word' id='word_1_51' title='bbox 1100 473 1164 510; x_wconf 89' lang='lat' dir='ltr'><strong>sed</strong></span> <span class='ocrx_word' id='word_1_52' title='bbox 1185 477 1219 508; x_wconf 92' lang='lat' dir='ltr'><strong>et</strong></span> 
     </span>
     <span class='ocr_line' id='line_1_8' title="bbox 130 518 1082 565; baseline -0.003 -8"><span class='ocrx_word' id='word_1_53' title='bbox 130 520 404 563; x_wconf 85' lang='lat' dir='ltr'><strong>condictionem,</strong></span> <span class='ocrx_word' id='word_1_54' title='bbox 430 519 513 565; x_wconf 89' lang='lat' dir='ltr'><strong>quia</strong></span> <span class='ocrx_word' id='word_1_55' title='bbox 536 529 580 555; x_wconf 90' lang='lat' dir='ltr'><strong>ex</strong></span> <span class='ocrx_word' id='word_1_56' title='bbox 604 518 751 555; x_wconf 89' lang='lat' dir='ltr'><strong>diversis</strong></span> <span class='ocrx_word' id='word_1_57' title='bbox 775 518 880 555; x_wconf 87' lang='lat' dir='ltr'><strong>factis</strong></span> <span class='ocrx_word' id='word_1_58' title='bbox 905 523 1082 554; x_wconf 89' lang='lat' dir='ltr'><strong>tenentur.</strong></span> 
     </span>
    </p>

    <p class='ocr_par' dir='ltr' id='par_1_3' title="bbox 130 562 1219 746">
     <span class='ocr_line' id='line_1_9' title="bbox 177 562 1219 609; baseline -0.005 -5"><span class='ocrx_word' id='word_1_59' title='bbox 177 563 229 604; x_wconf 87' lang='grc'><strong>78</strong></span> <span class='ocrx_word' id='word_1_60' title='bbox 253 562 337 609; x_wconf 92' lang='grc'>(77)</span> <span class='ocrx_word' id='word_1_61' title='bbox 360 565 465 600; x_wconf 71' lang='lat' dir='ltr'><em>IDEM</em></span> <span class='ocrx_word' id='word_1_62' title='bbox 485 565 576 601; x_wconf 82' lang='lat' dir='ltr'><strong>libro</strong></span> <span class='ocrx_word' id='word_1_63' title='bbox 601 565 706 599; x_wconf 87' lang='lat' dir='ltr'><strong>tertio</strong></span> <span class='ocrx_word' id='word_1_64' title='bbox 731 564 867 601; x_wconf 78' lang='lat' dir='ltr'><strong>decimo</strong></span> <span class='ocrx_word' id='word_1_65' title='bbox 892 575 942 600; x_wconf 80' lang='lat' dir='ltr'><strong>ex</strong></span> <span class='ocrx_word' id='word_1_66' title='bbox 965 565 1077 599; x_wconf 86' lang='lat' dir='ltr'><strong>variis</strong></span> <span class='ocrx_word' id='word_1_67' title='bbox 1099 564 1219 600; x_wconf 85' lang='lat' dir='ltr'><strong>lectio-</strong></span> 
     </span>
     <span class='ocr_line' id='line_1_10' title="bbox 130 609 1219 656; baseline -0.002 -10"><span class='ocrx_word' id='word_1_68' title='bbox 130 612 234 648; x_wconf 83' lang='lat' dir='ltr'><strong>nibus</strong></span> <span class='ocrx_word' id='word_1_69' title='bbox 269 611 337 656; x_wconf 78' lang='lat' dir='ltr'><strong>Qui</strong></span> <span class='ocrx_word' id='word_1_70' title='bbox 356 621 502 646; x_wconf 90' lang='lat' dir='ltr'><strong>saccum</strong></span> <span class='ocrx_word' id='word_1_71' title='bbox 517 610 709 646; x_wconf 85' lang='lat' dir='ltr'><strong>habentem</strong></span> <span class='ocrx_word' id='word_1_72' title='bbox 732 609 922 655; x_wconf 87' lang='lat' dir='ltr'><strong>pecuniam</strong></span> <span class='ocrx_word' id='word_1_73' title='bbox 941 609 1108 654; x_wconf 82' lang='lat' dir='ltr'><strong>subripit,</strong></span> <span class='ocrx_word' id='word_1_74' title='bbox 1131 609 1219 645; x_wconf 87' lang='lat' dir='ltr'><strong>furti</strong></span> 
     </span>
     <span class='ocr_line' id='line_1_11' title="bbox 131 654 1217 701; baseline -0.002 -9"><span class='ocrx_word' id='word_1_75' title='bbox 131 657 238 692; x_wconf 82' lang='lat' dir='ltr'><strong>etiam</strong></span> <span class='ocrx_word' id='word_1_76' title='bbox 262 655 359 692; x_wconf 90' lang='lat' dir='ltr'><strong>sacci</strong></span> <span class='ocrx_word' id='word_1_77' title='bbox 382 655 523 692; x_wconf 92' lang='lat' dir='ltr'><strong>nomine</strong></span> <span class='ocrx_word' id='word_1_78' title='bbox 546 659 699 699; x_wconf 88' lang='lat' dir='ltr'><strong>tenetur,</strong></span> <span class='ocrx_word' id='word_1_79' title='bbox 732 655 892 701; x_wconf 91' lang='lat' dir='ltr'><strong>quamvis</strong></span> <span class='ocrx_word' id='word_1_80' title='bbox 917 665 989 691; x_wconf 89' lang='lat' dir='ltr'><strong>non</strong></span> <span class='ocrx_word' id='word_1_81' title='bbox 1014 655 1060 690; x_wconf 89' lang='lat' dir='ltr'><strong>sit</strong></span> <span class='ocrx_word' id='word_1_82' title='bbox 1083 654 1117 690; x_wconf 89' lang='lat' dir='ltr'><strong>ei</strong></span> <span class='ocrx_word' id='word_1_83' title='bbox 1141 655 1217 690; x_wconf 84' lang='lat' dir='ltr'><strong>ani-</strong></span> 
     </span>
     <span class='ocr_line' id='line_1_12' title="bbox 130 700 584 746; baseline -0.002 -9"><span class='ocrx_word' id='word_1_84' title='bbox 130 713 208 737; x_wconf 91' lang='lat' dir='ltr'><strong>mus</strong></span> <span class='ocrx_word' id='word_1_85' title='bbox 232 701 330 738; x_wconf 90' lang='lat' dir='ltr'><strong>sacci</strong></span> <span class='ocrx_word' id='word_1_86' title='bbox 353 700 584 746; x_wconf 88' lang='lat' dir='ltr'><strong>subripiendi.</strong></span> 
     </span>
    </p>

    <p class='ocr_par' dir='ltr' id='par_1_4' title="bbox 129 743 1220 884">
     <span class='ocr_line' id='line_1_13' title="bbox 177 743 1220 791; baseline -0.006 -6"><span class='ocrx_word' id='word_1_87' title='bbox 177 745 230 784; x_wconf 77' lang='lat'><strong>79</strong></span> <span class='ocrx_word' id='word_1_88' title='bbox 247 743 330 790; x_wconf 91' lang='grc'>(78)</span> <span class='ocrx_word' id='word_1_89' title='bbox 350 746 596 782; x_wconf 71' lang='grc' dir='ltr'><em>ΡΑΡΙΝΙΛΝυε</em></span> <span class='ocrx_word' id='word_1_90' title='bbox 612 745 703 782; x_wconf 85' lang='lat' dir='ltr'><strong>libro</strong></span> <span class='ocrx_word' id='word_1_91' title='bbox 717 749 842 782; x_wconf 85' lang='lat' dir='ltr'><strong>octavo</strong></span> <span class='ocrx_word' id='word_1_92' title='bbox 856 746 1105 791; x_wconf 79' lang='lat' dir='ltr'><strong>quaestionum</strong></span> <span class='ocrx_word' id='word_1_93' title='bbox 1130 745 1220 780; x_wconf 85' lang='lat' dir='ltr'><strong>Rem</strong></span> 
     </span>
     <span class='ocr_line' id='line_1_14' title="bbox 129 790 1219 846; baseline -0.003 -17"><span class='ocrx_word' id='word_1_94' title='bbox 129 791 385 846; x_wconf 76' lang='lat' dir='ltr'><strong>inspiciendam</strong></span> <span class='ocrx_word' id='word_1_95' title='bbox 416 792 497 837; x_wconf 90' lang='lat' dir='ltr'><strong>quis</strong></span> <span class='ocrx_word' id='word_1_96' title='bbox 526 791 642 828; x_wconf 88' lang='lat' dir='ltr'><strong>dedit:</strong></span> <span class='ocrx_word' id='word_1_97' title='bbox 683 791 714 827; x_wconf 91' lang='lat' dir='ltr'><strong>si</strong></span> <span class='ocrx_word' id='word_1_98' title='bbox 744 790 944 837; x_wconf 89' lang='lat' dir='ltr'><strong>periculum</strong></span> <span class='ocrx_word' id='word_1_99' title='bbox 974 794 1114 836; x_wconf 85' lang='lat' dir='ltr'><strong>spectet</strong></span> <span class='ocrx_word' id='word_1_100' title='bbox 1138 801 1219 826; x_wconf 88' lang='lat' dir='ltr'><strong>eum</strong></span> 
     </span>
     <span class='ocr_line' id='line_1_15' title="bbox 130 837 864 884; baseline -0.003 -11"><span class='ocrx_word' id='word_1_101' title='bbox 130 849 192 884; x_wconf 92' lang='lat' dir='ltr'><strong>qui</strong></span> <span class='ocrx_word' id='word_1_102' title='bbox 215 848 300 873; x_wconf 88' lang='lat' dir='ltr'><strong>acce</strong></span> <span class='ocrx_word' id='word_1_103' title='bbox 327 838 369 881; x_wconf 90' lang='lat' dir='ltr'><strong>it,</strong></span> <span class='ocrx_word' id='word_1_104' title='bbox 394 837 405 872; x_wconf 92' lang='lat' dir='ltr'><strong>i</strong></span> <span class='ocrx_word' id='word_1_105' title='bbox 433 847 471 872; x_wconf 90' lang='lat' dir='ltr'><strong>se</strong></span> <span class='ocrx_word' id='word_1_106' title='bbox 494 837 583 872; x_wconf 81' lang='lat' dir='ltr'><strong>furti</strong></span> <span class='ocrx_word' id='word_1_107' title='bbox 606 846 711 882; x_wconf 83' lang='lat' dir='ltr'><strong>agere</strong></span> <span class='ocrx_word' id='word_1_108' title='bbox 734 839 864 882; x_wconf 89' lang='lat' dir='ltr'><strong>potest.</strong></span> 
     </span>
    </p>

    <p class='ocr_par' dir='ltr' id='par_1_5' title="bbox 129 880 1219 1010">
     <span class='ocr_line' id='line_1_16' title="bbox 175 880 1219 928; baseline -0.004 -7"><span class='ocrx_word' id='word_1_109' title='bbox 175 881 227 921; x_wconf 87' lang='lat'><strong>80</strong></span> <span class='ocrx_word' id='word_1_110' title='bbox 253 881 290 926; x_wconf 91' lang='grc'><strong>(7</strong></span> <span class='ocrx_word' id='word_1_111' title='bbox 323 884 363 926; x_wconf 78' lang='grc'><strong>)2</strong></span> <span class='ocrx_word' id='word_1_112' title='bbox 415 892 500 917; x_wconf 78' lang='grc' dir='ltr'><strong>ΒΕΜ</strong></span> <span class='ocrx_word' id='word_1_113' title='bbox 524 882 615 919; x_wconf 82' lang='lat' dir='ltr'><strong>libro</strong></span> <span class='ocrx_word' id='word_1_114' title='bbox 639 892 735 917; x_wconf 92' lang='lat' dir='ltr'><strong>nono</strong></span> <span class='ocrx_word' id='word_1_115' title='bbox 760 882 1012 928; x_wconf 75' lang='lat' dir='ltr'><strong>quaestionum</strong></span> <span class='ocrx_word' id='word_1_116' title='bbox 1060 881 1098 917; x_wconf 89' lang='lat' dir='ltr'><strong>Si</strong></span> <span class='ocrx_word' id='word_1_117' title='bbox 1121 880 1219 917; x_wconf 89' lang='lat' dir='ltr'><strong>debi-</strong></span> 
     </span>
     <span class='ocr_line' id='line_1_17' title="bbox 129 926 1218 1010; baseline -0.003 -45"><span class='ocrx_word' id='word_1_118' title='bbox 129 929 338 1010; x_wconf 78' lang='lat' dir='ltr'><strong>tordpignus</strong></span> <span class='ocrx_word' id='word_1_119' title='bbox 362 928 561 974; x_wconf 81' lang='lat' dir='ltr'><strong>subripuit,</strong></span> <span class='ocrx_word' id='word_1_120' title='bbox 595 926 690 974; x_wconf 88' lang='lat' dir='ltr'><strong>quod</strong></span> <span class='ocrx_word' id='word_1_121' title='bbox 713 926 856 963; x_wconf 89' lang='lat' dir='ltr'><strong>actione</strong></span> <span class='ocrx_word' id='word_1_122' title='bbox 878 926 968 962; x_wconf 88' lang='lat' dir='ltr'><strong>furti</strong></span> <span class='ocrx_word' id='word_1_123' title='bbox 992 926 1098 962; x_wconf 88' lang='lat' dir='ltr'><strong>solvit</strong></span> <span class='ocrx_word' id='word_1_124' title='bbox 1120 927 1218 963; x_wconf 92' lang='lat' dir='ltr'><strong>nullo</strong></span> 
     </span>
     <span class='ocr_line' id='line_1_18' title="bbox 129 974 394 1010; baseline -0.008 0"><span class='ocrx_word' id='word_1_125' title='bbox 129 985 185 1010; x_wconf 89' lang='lat' dir='ltr'><strong>ino</strong></span> <span class='ocrx_word' id='word_1_126' title='bbox 213 985 234 1010; x_wconf 92' lang='lat' dir='ltr'><strong>o</strong></span> <span class='ocrx_word' id='word_1_127' title='bbox 257 974 328 1010; x_wconf 90' lang='lat' dir='ltr'><strong>reci</strong></span> <span class='ocrx_word' id='word_1_128' title='bbox 356 974 394 1009; x_wconf 91' lang='lat' dir='ltr'><strong>it.</strong></span> 
     </span>
    </p>

    <p class='ocr_par' dir='ltr' id='par_1_6' title="bbox 127 985 1221 3054">
     <span class='ocr_line' id='line_1_19' title="bbox 175 985 1219 1064; baseline -0.005 -7"><span class='ocrx_word' id='word_1_129' title='bbox 175 1017 225 1058; x_wconf 88' lang='lat'><strong>81</strong></span> <span class='ocrx_word' id='word_1_130' title='bbox 252 985 473 1064; x_wconf 75' lang='lat' dir='ltr'>(80)pIDEM</span> <span class='ocrx_word' id='word_1_131' title='bbox 504 1019 596 1055; x_wconf 84' lang='lat' dir='ltr'><strong>libro</strong></span> <span class='ocrx_word' id='word_1_132' title='bbox 628 1018 837 1054; x_wconf 82' lang='lat' dir='ltr'><strong>duodecimo</strong></span> <span class='ocrx_word' id='word_1_133' title='bbox 876 1019 1128 1063; x_wconf 78' lang='lat' dir='ltr'><strong>quaestionum</strong></span> <span class='ocrx_word' id='word_1_134' title='bbox 1182 1018 1219 1053; x_wconf 87' lang='lat' dir='ltr'><strong>Si</strong></span> 
     </span>
     <span class='ocr_line' id='line_1_20' title="bbox 129 1062 1220 1110; baseline -0.003 -9"><span class='ocrx_word' id='word_1_135' title='bbox 129 1065 319 1101; x_wconf 85' lang='lat' dir='ltr'><strong>vendidero</strong></span> <span class='ocrx_word' id='word_1_136' title='bbox 351 1075 467 1110; x_wconf 91' lang='lat' dir='ltr'><strong>neque</strong></span> <span class='ocrx_word' id='word_1_137' title='bbox 497 1063 676 1099; x_wconf 87' lang='lat' dir='ltr'><strong>tradidero</strong></span> <span class='ocrx_word' id='word_1_138' title='bbox 708 1074 850 1100; x_wconf 90' lang='lat' dir='ltr'><strong>servum</strong></span> <span class='ocrx_word' id='word_1_139' title='bbox 881 1066 918 1099; x_wconf 92' lang='lat' dir='ltr'><strong>et</strong></span> <span class='ocrx_word' id='word_1_140' title='bbox 945 1062 978 1099; x_wconf 91' lang='lat' dir='ltr'><strong>is</strong></span> <span class='ocrx_word' id='word_1_141' title='bbox 1010 1063 1088 1099; x_wconf 90' lang='lat' dir='ltr'><strong>sine</strong></span> <span class='ocrx_word' id='word_1_142' title='bbox 1112 1063 1220 1109; x_wconf 87' lang='lat' dir='ltr'><strong>culpa</strong></span> 
     </span>
     <span class='ocr_line' id='line_1_21' title="bbox 130 1108 1221 1156; baseline -0.003 -9"><span class='ocrx_word' id='word_1_143' title='bbox 130 1122 208 1147; x_wconf 86' lang='lat' dir='ltr'><strong>mea</strong></span> <span class='ocrx_word' id='word_1_144' title='bbox 230 1110 467 1156; x_wconf 80' lang='lat' dir='ltr'><strong>subripiatur,</strong></span> <span class='ocrx_word' id='word_1_145' title='bbox 498 1110 609 1155; x_wconf 85' lang='lat' dir='ltr'><strong>magis</strong></span> <span class='ocrx_word' id='word_1_146' title='bbox 634 1112 705 1151; x_wconf 90' lang='lat' dir='ltr'><strong>est,</strong></span> <span class='ocrx_word' id='word_1_147' title='bbox 741 1112 779 1144; x_wconf 93' lang='lat' dir='ltr'><strong>ut</strong></span> <span class='ocrx_word' id='word_1_148' title='bbox 801 1109 887 1144; x_wconf 91' lang='lat' dir='ltr'><strong>mihi</strong></span> <span class='ocrx_word' id='word_1_149' title='bbox 918 1108 1008 1144; x_wconf 85' lang='lat' dir='ltr'><strong>furti</strong></span> <span class='ocrx_word' id='word_1_150' title='bbox 1040 1113 1221 1154; x_wconf 85' lang='lat' dir='ltr'><strong>competat</strong></span> 
     </span>
     <span class='ocr_line' id='line_1_22' title="bbox 129 1154 1220 1199; baseline -0.003 -7"><span class='ocrx_word' id='word_1_151' title='bbox 129 1156 240 1192; x_wconf 87' lang='lat' dir='ltr'><strong>actio:</strong></span> <span class='ocrx_word' id='word_1_152' title='bbox 266 1160 302 1192; x_wconf 88' lang='lat' dir='ltr'><strong>et</strong></span> <span class='ocrx_word' id='word_1_153' title='bbox 324 1166 403 1191; x_wconf 89' lang='lat' dir='ltr'><strong>mea</strong></span> <span class='ocrx_word' id='word_1_154' title='bbox 427 1154 566 1191; x_wconf 89' lang='lat' dir='ltr'><strong>videtur</strong></span> <span class='ocrx_word' id='word_1_155' title='bbox 588 1155 771 1198; x_wconf 88' lang='lat' dir='ltr'><strong>interesse,</strong></span> <span class='ocrx_word' id='word_1_156' title='bbox 797 1154 881 1199; x_wconf 90' lang='lat' dir='ltr'><strong>quia</strong></span> <span class='ocrx_word' id='word_1_157' title='bbox 905 1154 1101 1190; x_wconf 91' lang='lat' dir='ltr'><strong>dominium</strong></span> <span class='ocrx_word' id='word_1_158' title='bbox 1124 1154 1220 1199; x_wconf 87' lang='lat' dir='ltr'><strong>apud</strong></span> 
     </span>
     <span class='ocr_line' id='line_1_23' title="bbox 131 1199 1219 1246; baseline -0.003 -8"><span class='ocrx_word' id='word_1_159' title='bbox 131 1212 186 1238; x_wconf 90' lang='lat' dir='ltr'><strong>me</strong></span> <span class='ocrx_word' id='word_1_160' title='bbox 209 1202 280 1237; x_wconf 80' lang='lat' dir='ltr'><strong>fuit</strong></span> <span class='ocrx_word' id='word_1_161' title='bbox 305 1201 357 1237; x_wconf 89' lang='lat' dir='ltr'><strong>vel</strong></span> <span class='ocrx_word' id='word_1_162' title='bbox 380 1200 549 1246; x_wconf 88' lang='lat' dir='ltr'><strong>quoniam</strong></span> <span class='ocrx_word' id='word_1_163' title='bbox 568 1200 615 1236; x_wconf 89' lang='lat' dir='ltr'><strong>ad</strong></span> <span class='ocrx_word' id='word_1_164' title='bbox 639 1199 874 1245; x_wconf 87' lang='lat' dir='ltr'><strong>praestandas</strong></span> <span class='ocrx_word' id='word_1_165' title='bbox 899 1199 1059 1235; x_wconf 84' lang='lat' dir='ltr'><strong>actiones</strong></span> <span class='ocrx_word' id='word_1_166' title='bbox 1084 1203 1219 1235; x_wconf 89' lang='lat' dir='ltr'><strong>teneor.</strong></span> 
     </span>
     <span class='ocr_line' id='line_1_24' title="bbox 134 1245 1219 1289; baseline -0.001 -7"><span class='ocrx_word' id='word_1_167' title='bbox 134 1251 145 1282; x_wconf 89' lang='lat'>1</span> <span class='ocrx_word' id='word_1_168' title='bbox 198 1247 287 1283; x_wconf 92' lang='lat' dir='ltr'><strong>Cum</strong></span> <span class='ocrx_word' id='word_1_169' title='bbox 329 1251 449 1282; x_wconf 88' lang='lat' dir='ltr'><strong>autem</strong></span> <span class='ocrx_word' id='word_1_170' title='bbox 487 1246 565 1281; x_wconf 88' lang='lat' dir='ltr'><strong>iure</strong></span> <span class='ocrx_word' id='word_1_171' title='bbox 601 1245 747 1281; x_wconf 88' lang='lat' dir='ltr'><strong>dominii</strong></span> <span class='ocrx_word' id='word_1_172' title='bbox 787 1245 947 1281; x_wconf 87' lang='lat' dir='ltr'><strong>defertur</strong></span> <span class='ocrx_word' id='word_1_173' title='bbox 985 1245 1075 1280; x_wconf 85' lang='lat' dir='ltr'><strong>furti</strong></span> <span class='ocrx_word' id='word_1_174' title='bbox 1113 1245 1219 1289; x_wconf 89' lang='lat' dir='ltr'><strong>actio,</strong></span> 
     </span>
     <span class='ocr_line' id='line_1_25' title="bbox 129 1290 1219 1338; baseline -0.003 -10"><span class='ocrx_word' id='word_1_175' title='bbox 129 1292 288 1338; x_wconf 88' lang='lat' dir='ltr'><strong>quamvis</strong></span> <span class='ocrx_word' id='word_1_176' title='bbox 325 1303 399 1327; x_wconf 90' lang='lat' dir='ltr'><strong>non</strong></span> <span class='ocrx_word' id='word_1_177' title='bbox 434 1291 544 1333; x_wconf 88' lang='lat' dir='ltr'><strong>alias,</strong></span> <span class='ocrx_word' id='word_1_178' title='bbox 582 1291 650 1326; x_wconf 90' lang='lat' dir='ltr'><strong>nisi</strong></span> <span class='ocrx_word' id='word_1_179' title='bbox 681 1294 806 1326; x_wconf 89' lang='lat' dir='ltr'><strong>nostra</strong></span> <span class='ocrx_word' id='word_1_180' title='bbox 836 1290 993 1334; x_wconf 91' lang='lat' dir='ltr'><strong>intersit,</strong></span> <span class='ocrx_word' id='word_1_181' title='bbox 1027 1295 1219 1336; x_wconf 85' lang='lat' dir='ltr'><strong>competat,</strong></span> 
     </span>
     <span class='ocr_line' id='line_1_26' title="bbox 128 1335 1220 1382; baseline -0.001 -9"><span class='ocrx_word' id='word_1_182' title='bbox 128 1342 246 1373; x_wconf 88' lang='lat' dir='ltr'><strong>tamen</strong></span> <span class='ocrx_word' id='word_1_183' title='bbox 281 1337 328 1373; x_wconf 88' lang='lat' dir='ltr'><strong>ad</strong></span> <span class='ocrx_word' id='word_1_184' title='bbox 367 1337 651 1372; x_wconf 82' lang='lat' dir='ltr'><strong>aestimationem</strong></span> <span class='ocrx_word' id='word_1_185' title='bbox 676 1336 855 1381; x_wconf 90' lang='lat' dir='ltr'><strong>corporis,</strong></span> <span class='ocrx_word' id='word_1_186' title='bbox 894 1336 924 1371; x_wconf 90' lang='lat' dir='ltr'><strong>si</strong></span> <span class='ocrx_word' id='word_1_187' title='bbox 949 1335 1037 1371; x_wconf 86' lang='lat' dir='ltr'><strong>nihil</strong></span> <span class='ocrx_word' id='word_1_188' title='bbox 1066 1335 1220 1382; x_wconf 87' lang='lat' dir='ltr'><strong>amplius</strong></span> 
     </span>
     <span class='ocr_line' id='line_1_27' title="bbox 127 1381 1219 1427; baseline -0.001 -9"><span class='ocrx_word' id='word_1_189' title='bbox 127 1383 286 1425; x_wconf 87' lang='lat' dir='ltr'><strong>intersit,</strong></span> <span class='ocrx_word' id='word_1_190' title='bbox 312 1382 447 1418; x_wconf 86' lang='lat' dir='ltr'><strong>utilitas</strong></span> <span class='ocrx_word' id='word_1_191' title='bbox 471 1393 552 1419; x_wconf 90' lang='lat' dir='ltr'><strong>mea</strong></span> <span class='ocrx_word' id='word_1_192' title='bbox 574 1381 763 1418; x_wconf 84' lang='lat' dir='ltr'><strong>referenda</strong></span> <span class='ocrx_word' id='word_1_193' title='bbox 785 1385 858 1424; x_wconf 88' lang='lat' dir='ltr'><strong>est,</strong></span> <span class='ocrx_word' id='word_1_194' title='bbox 895 1381 1002 1427; x_wconf 89' lang='lat' dir='ltr'><strong>idque</strong></span> <span class='ocrx_word' id='word_1_195' title='bbox 1026 1384 1062 1417; x_wconf 91' lang='lat' dir='ltr'><strong>et</strong></span> <span class='ocrx_word' id='word_1_196' title='bbox 1085 1381 1122 1417; x_wconf 94' lang='lat' dir='ltr'><strong>in</strong></span> <span class='ocrx_word' id='word_1_197' title='bbox 1145 1385 1219 1417; x_wconf 89' lang='lat' dir='ltr'><strong>sta-</strong></span> 
     </span>
     <span class='ocr_line' id='line_1_28' title="bbox 128 1427 1219 1472; baseline -0.002 -8"><span class='ocrx_word' id='word_1_198' title='bbox 128 1428 290 1464; x_wconf 89' lang='lat' dir='ltr'><strong>tuliberis</strong></span> <span class='ocrx_word' id='word_1_199' title='bbox 322 1431 358 1464; x_wconf 87' lang='lat' dir='ltr'><strong>et</strong></span> <span class='ocrx_word' id='word_1_200' title='bbox 388 1428 426 1463; x_wconf 91' lang='lat' dir='ltr'><strong>in</strong></span> <span class='ocrx_word' id='word_1_201' title='bbox 456 1427 575 1472; x_wconf 85' lang='lat' dir='ltr'><strong>legato</strong></span> <span class='ocrx_word' id='word_1_202' title='bbox 600 1428 668 1463; x_wconf 92' lang='lat' dir='ltr'><strong>sub</strong></span> <span class='ocrx_word' id='word_1_203' title='bbox 694 1427 904 1463; x_wconf 88' lang='lat' dir='ltr'><strong>condicione</strong></span> <span class='ocrx_word' id='word_1_204' title='bbox 935 1427 1063 1463; x_wconf 87' lang='lat' dir='ltr'><strong>relicto</strong></span> <span class='ocrx_word' id='word_1_205' title='bbox 1087 1427 1219 1472; x_wconf 89' lang='lat' dir='ltr'><strong>proba-</strong></span> 
     </span>
     <span class='ocr_line' id='line_1_29' title="bbox 128 1473 1219 1518; baseline -0.003 -8"><span class='ocrx_word' id='word_1_206' title='bbox 128 1477 204 1510; x_wconf 84' lang='lat' dir='ltr'><strong>tur:</strong></span> <span class='ocrx_word' id='word_1_207' title='bbox 252 1473 411 1518; x_wconf 85' lang='lat' dir='ltr'><strong>alioquin</strong></span> <span class='ocrx_word' id='word_1_208' title='bbox 453 1473 630 1509; x_wconf 88' lang='lat' dir='ltr'><strong>diversum</strong></span> <span class='ocrx_word' id='word_1_209' title='bbox 678 1473 916 1518; x_wconf 88' lang='lat' dir='ltr'><strong>probantibus</strong></span> <span class='ocrx_word' id='word_1_210' title='bbox 959 1473 1071 1508; x_wconf 87' lang='lat' dir='ltr'><strong>statui</strong></span> <span class='ocrx_word' id='word_1_211' title='bbox 1112 1473 1219 1508; x_wconf 84' lang='lat' dir='ltr'><strong>facile</strong></span> 
     </span>
     <span class='ocr_line' id='line_1_30' title="bbox 128 1517 1219 1565; baseline -0.001 -10"><span class='ocrx_word' id='word_1_212' title='bbox 128 1519 308 1565; x_wconf 85' lang='lat' dir='ltr'><strong>quantitas</strong></span> <span class='ocrx_word' id='word_1_213' title='bbox 332 1529 405 1554; x_wconf 90' lang='lat' dir='ltr'><strong>non</strong></span> <span class='ocrx_word' id='word_1_214' title='bbox 463 1522 565 1554; x_wconf 91' lang='lat' dir='ltr'><strong>otest.</strong></span> <span class='ocrx_word' id='word_1_215' title='bbox 615 1517 699 1563; x_wconf 88' lang='lat' dir='ltr'><strong>quia</strong></span> <span class='ocrx_word' id='word_1_216' title='bbox 722 1517 845 1563; x_wconf 89' lang='lat' dir='ltr'><strong>itaque</strong></span> <span class='ocrx_word' id='word_1_217' title='bbox 868 1522 956 1553; x_wconf 90' lang='lat' dir='ltr'><strong>tunc</strong></span> <span class='ocrx_word' id='word_1_218' title='bbox 981 1518 1059 1554; x_wconf 89' lang='lat' dir='ltr'><strong>sola</strong></span> <span class='ocrx_word' id='word_1_219' title='bbox 1083 1518 1219 1554; x_wconf 86' lang='lat' dir='ltr'><strong>utilitas</strong></span> 
     </span>
     <span class='ocr_line' id='line_1_31' title="bbox 127 1563 1219 1606; baseline -0.003 -5"><span class='ocrx_word' id='word_1_220' title='bbox 127 1564 410 1601; x_wconf 85' lang='lat' dir='ltr'><strong>aestimationem</strong></span> <span class='ocrx_word' id='word_1_221' title='bbox 445 1564 528 1606; x_wconf 85' lang='lat' dir='ltr'><strong>acit,</strong></span> <span class='ocrx_word' id='word_1_222' title='bbox 553 1575 635 1600; x_wconf 92' lang='lat' dir='ltr'><strong>cum</strong></span> <span class='ocrx_word' id='word_1_223' title='bbox 654 1568 815 1599; x_wconf 88' lang='lat' dir='ltr'><strong>cessante</strong></span> <span class='ocrx_word' id='word_1_224' title='bbox 837 1563 993 1599; x_wconf 89' lang='lat' dir='ltr'><strong>dominio</strong></span> <span class='ocrx_word' id='word_1_225' title='bbox 1017 1563 1105 1598; x_wconf 83' lang='lat' dir='ltr'><strong>furti</strong></span> <span class='ocrx_word' id='word_1_226' title='bbox 1125 1564 1219 1599; x_wconf 89' lang='lat' dir='ltr'><strong>actio</strong></span> 
     </span>
     <span class='ocr_line' id='line_1_32' title="bbox 128 1608 1219 1662; baseline -0.002 -16"><span class='ocrx_word' id='word_1_227' title='bbox 128 1610 308 1654; x_wconf 90' lang='lat' dir='ltr'><strong>nascitur,</strong></span> <span class='ocrx_word' id='word_1_228' title='bbox 338 1610 375 1645; x_wconf 92' lang='lat' dir='ltr'><strong>in</strong></span> <span class='ocrx_word' id='word_1_229' title='bbox 405 1609 483 1645; x_wconf 91' lang='lat' dir='ltr'><strong>istis</strong></span> <span class='ocrx_word' id='word_1_230' title='bbox 516 1609 635 1645; x_wconf 85' lang='lat' dir='ltr'><strong>causis</strong></span> <span class='ocrx_word' id='word_1_231' title='bbox 667 1608 715 1645; x_wconf 88' lang='lat' dir='ltr'><strong>ad</strong></span> <span class='ocrx_word' id='word_1_232' title='bbox 747 1609 1032 1644; x_wconf 86' lang='lat' dir='ltr'><strong>aestimationem</strong></span> <span class='ocrx_word' id='word_1_233' title='bbox 1058 1610 1219 1662; x_wconf 85' lang='lat' dir='ltr'><strong>corporis</strong></span> 
     </span>
     <span class='ocr_line' id='line_1_33' title="bbox 128 1654 1218 1700; baseline -0.002 -9"><span class='ocrx_word' id='word_1_234' title='bbox 128 1659 147 1691; x_wconf 85' lang='lat'>2</span> <span class='ocrx_word' id='word_1_235' title='bbox 195 1655 283 1691; x_wconf 90' lang='lat' dir='ltr'><strong>furti</strong></span> <span class='ocrx_word' id='word_1_236' title='bbox 311 1655 406 1691; x_wconf 88' lang='lat' dir='ltr'><strong>actio</strong></span> <span class='ocrx_word' id='word_1_237' title='bbox 437 1655 563 1690; x_wconf 80' lang='lat' dir='ltr'><strong>referri</strong></span> <span class='ocrx_word' id='word_1_238' title='bbox 593 1665 666 1690; x_wconf 88' lang='lat' dir='ltr'><strong>non</strong></span> <span class='ocrx_word' id='word_1_239' title='bbox 695 1655 850 1700; x_wconf 84' lang='lat' dir='ltr'><strong>potest³.</strong></span> <span class='ocrx_word' id='word_1_240' title='bbox 899 1654 937 1690; x_wconf 86' lang='lat' dir='ltr'><strong>Si</strong></span> <span class='ocrx_word' id='word_1_241' title='bbox 969 1654 1017 1690; x_wconf 87' lang='lat' dir='ltr'><strong>ad</strong></span> <span class='ocrx_word' id='word_1_242' title='bbox 1048 1654 1218 1690; x_wconf 86' lang='lat' dir='ltr'><strong>exhiben-</strong></span> 
     </span>
     <span class='ocr_line' id='line_1_34' title="bbox 128 1700 1219 1746; baseline -0.002 -9"><span class='ocrx_word' id='word_1_243' title='bbox 128 1701 211 1737; x_wconf 90' lang='lat' dir='ltr'><strong>dum</strong></span> <span class='ocrx_word' id='word_1_244' title='bbox 236 1700 385 1746; x_wconf 82' lang='lat' dir='ltr'><strong>egissem</strong></span> <span class='ocrx_word' id='word_1_245' title='bbox 409 1703 597 1745; x_wconf 88' lang='lat' dir='ltr'><strong>optaturus</strong></span> <span class='ocrx_word' id='word_1_246' title='bbox 621 1710 762 1735; x_wconf 90' lang='lat' dir='ltr'><strong>servum</strong></span> <span class='ocrx_word' id='word_1_247' title='bbox 781 1700 866 1735; x_wconf 90' lang='lat' dir='ltr'><strong>inihi</strong></span> <span class='ocrx_word' id='word_1_248' title='bbox 889 1700 1046 1745; x_wconf 83' lang='lat' dir='ltr'><strong>legatum</strong></span> <span class='ocrx_word' id='word_1_249' title='bbox 1070 1703 1107 1735; x_wconf 90' lang='lat' dir='ltr'><strong>et</strong></span> <span class='ocrx_word' id='word_1_250' title='bbox 1126 1710 1219 1735; x_wconf 90' lang='lat' dir='ltr'><strong>unus</strong></span> 
     </span>
     <span class='ocr_line' id='line_1_35' title="bbox 128 1745 1220 1791; baseline -0.003 -8"><span class='ocrx_word' id='word_1_251' title='bbox 128 1758 172 1783; x_wconf 86' lang='lat' dir='ltr'><strong>ex</strong></span> <span class='ocrx_word' id='word_1_252' title='bbox 204 1746 340 1782; x_wconf 83' lang='lat' dir='ltr'><strong>familia</strong></span> <span class='ocrx_word' id='word_1_253' title='bbox 376 1756 499 1782; x_wconf 88' lang='lat' dir='ltr'><strong>servus</strong></span> <span class='ocrx_word' id='word_1_254' title='bbox 537 1746 731 1791; x_wconf 87' lang='lat' dir='ltr'><strong>subreptus</strong></span> <span class='ocrx_word' id='word_1_255' title='bbox 741 1746 765 1789; x_wconf 76' lang='lat'><strong>⁴,</strong></span> <span class='ocrx_word' id='word_1_256' title='bbox 805 1746 910 1781; x_wconf 88' lang='lat' dir='ltr'><strong>heres</strong></span> <span class='ocrx_word' id='word_1_257' title='bbox 942 1745 1031 1780; x_wconf 84' lang='lat' dir='ltr'><strong>furti</strong></span> <span class='ocrx_word' id='word_1_258' title='bbox 1072 1745 1220 1781; x_wconf 89' lang='lat' dir='ltr'><strong>habebit</strong></span> 
     </span>
     <span class='ocr_line' id='line_1_36' title="bbox 128 1790 1218 1836; baseline -0.002 -8"><span class='ocrx_word' id='word_1_259' title='bbox 128 1792 322 1828; x_wconf 90' lang='lat' dir='ltr'><strong>actionem:</strong></span> <span class='ocrx_word' id='word_1_260' title='bbox 349 1792 447 1827; x_wconf 79' lang='lat' dir='ltr'><strong>⁵eius</strong></span> <span class='ocrx_word' id='word_1_261' title='bbox 470 1792 637 1827; x_wconf 87' lang='lat' dir='ltr'><strong>interest:</strong></span> <span class='ocrx_word' id='word_1_262' title='bbox 663 1791 751 1826; x_wconf 88' lang='lat' dir='ltr'><strong>nihil</strong></span> <span class='ocrx_word' id='word_1_263' title='bbox 768 1790 862 1826; x_wconf 89' lang='lat' dir='ltr'><strong>euim</strong></span> <span class='ocrx_word' id='word_1_264' title='bbox 880 1790 1003 1833; x_wconf 82' lang='lat' dir='ltr'><strong>refert,</strong></span> <span class='ocrx_word' id='word_1_265' title='bbox 1028 1802 1094 1826; x_wconf 91' lang='lat' dir='ltr'><strong>cur</strong></span> <span class='ocrx_word' id='word_1_266' title='bbox 1114 1801 1218 1836; x_wconf 86' lang='lat' dir='ltr'><strong>prae-</strong></span> 
     </span>
     <span class='ocr_line' id='line_1_37' title="bbox 128 1836 1219 1889; baseline -0.002 -16"><span class='ocrx_word' id='word_1_267' title='bbox 128 1841 148 1873; x_wconf 82' lang='lat'><strong>3</strong></span> <span class='ocrx_word' id='word_1_268' title='bbox 196 1838 286 1873; x_wconf 88' lang='lat' dir='ltr'><strong>stari</strong></span> <span class='ocrx_word' id='word_1_269' title='bbox 318 1836 483 1872; x_wconf 86' lang='lat' dir='ltr'><strong>custodia</strong></span> <span class='ocrx_word' id='word_1_270' title='bbox 521 1836 661 1872; x_wconf 88' lang='lat' dir='ltr'><strong>debeat.</strong></span> <span class='ocrx_word' id='word_1_271' title='bbox 722 1836 811 1872; x_wconf 92' lang='lat' dir='ltr'><strong>Cum</strong></span> <span class='ocrx_word' id='word_1_272' title='bbox 850 1840 976 1889; x_wconf 88' lang='lat' dir='ltr'><strong>raptor</strong></span> <span class='ocrx_word' id='word_1_273' title='bbox 1016 1836 1219 1872; x_wconf 90' lang='lat' dir='ltr'><strong>omnimodo</strong></span> 
     </span>
     <span class='ocr_line' id='line_1_38' title="bbox 128 1881 1219 1924; baseline -0.001 -6"><span class='ocrx_word' id='word_1_274' title='bbox 128 1886 148 1918; x_wconf 89' lang='grc'>4</span> <span class='ocrx_word' id='word_1_275' title='bbox 195 1883 332 1918; x_wconf 90' lang='lat' dir='ltr'><strong>furtum</strong></span> <span class='ocrx_word' id='word_1_276' title='bbox 355 1882 453 1924; x_wconf 86' lang='lat' dir='ltr'><strong>facit,</strong></span> <span class='ocrx_word' id='word_1_277' title='bbox 479 1881 691 1918; x_wconf 86' lang='lat' dir='ltr'><strong>manifestus</strong></span> <span class='ocrx_word' id='word_1_278' title='bbox 715 1881 775 1918; x_wconf 83' lang='lat' dir='ltr'><strong>fur</strong></span> <span class='ocrx_word' id='word_1_279' title='bbox 798 1881 1056 1918; x_wconf 81' lang='lat' dir='ltr'><strong>existimandus</strong></span> <span class='ocrx_word' id='word_1_280' title='bbox 1080 1885 1150 1918; x_wconf 88' lang='lat' dir='ltr'><strong>est:</strong></span> <span class='ocrx_word' id='word_1_281' title='bbox 1183 1882 1219 1917; x_wconf 93' lang='lat' dir='ltr'><strong>Is</strong></span> 
     </span>
     <span class='ocr_line' id='line_1_39' title="bbox 128 1926 1219 1972; baseline -0.002 -8"><span class='ocrx_word' id='word_1_282' title='bbox 128 1932 267 1971; x_wconf 85' lang='lat' dir='ltr'><strong>autem,</strong></span> <span class='ocrx_word' id='word_1_283' title='bbox 304 1928 406 1963; x_wconf 88' lang='lat' dir='ltr'><strong>cuius</strong></span> <span class='ocrx_word' id='word_1_284' title='bbox 431 1927 512 1963; x_wconf 90' lang='lat' dir='ltr'><strong>dolo</strong></span> <span class='ocrx_word' id='word_1_285' title='bbox 537 1927 646 1963; x_wconf 86' lang='lat' dir='ltr'><strong>fuerit</strong></span> <span class='ocrx_word' id='word_1_286' title='bbox 669 1931 828 1972; x_wconf 88' lang='lat' dir='ltr'><strong>raptum,</strong></span> <span class='ocrx_word' id='word_1_287' title='bbox 862 1926 950 1962; x_wconf 87' lang='lat' dir='ltr'><strong>furti</strong></span> <span class='ocrx_word' id='word_1_288' title='bbox 980 1927 1123 1972; x_wconf 90' lang='lat' dir='ltr'><strong>quidem</strong></span> <span class='ocrx_word' id='word_1_289' title='bbox 1146 1938 1219 1963; x_wconf 93' lang='lat' dir='ltr'><strong>non</strong></span> 
     </span>
     <span class='ocr_line' id='line_1_40' title="bbox 128 1972 1218 2018; baseline -0.001 -9"><span class='ocrx_word' id='word_1_290' title='bbox 128 1978 147 2009; x_wconf 88' lang='lat'>5</span> <span class='ocrx_word' id='word_1_291' title='bbox 196 1973 394 2016; x_wconf 86' lang='lat' dir='ltr'><strong>tenebitur,</strong></span> <span class='ocrx_word' id='word_1_292' title='bbox 429 1973 494 2008; x_wconf 91' lang='lat' dir='ltr'><strong>sed</strong></span> <span class='ocrx_word' id='word_1_293' title='bbox 516 1973 551 2008; x_wconf 91' lang='lat' dir='ltr'><strong>vi</strong></span> <span class='ocrx_word' id='word_1_294' title='bbox 581 1974 758 2008; x_wconf 90' lang='lat' dir='ltr'><strong>bonorum</strong></span> <span class='ocrx_word' id='word_1_295' title='bbox 782 1976 979 2018; x_wconf 89' lang='lat' dir='ltr'><strong>raptorum.</strong></span> <span class='ocrx_word' id='word_1_296' title='bbox 1027 1973 1065 2008; x_wconf 89' lang='lat' dir='ltr'><strong>Si</strong></span> <span class='ocrx_word' id='word_1_297' title='bbox 1089 1972 1218 2015; x_wconf 86' lang='lat' dir='ltr'><strong>Titius,</strong></span> 
     </span>
     <span class='ocr_line' id='line_1_41' title="bbox 128 2018 1220 2071; baseline -0.002 -16"><span class='ocrx_word' id='word_1_298' title='bbox 128 2020 231 2055; x_wconf 90' lang='lat' dir='ltr'><strong>cuius</strong></span> <span class='ocrx_word' id='word_1_299' title='bbox 254 2019 396 2055; x_wconf 88' lang='lat' dir='ltr'><strong>nomine</strong></span> <span class='ocrx_word' id='word_1_300' title='bbox 427 2018 618 2063; x_wconf 84' lang='lat' dir='ltr'><strong>pecuniam</strong></span> <span class='ocrx_word' id='word_1_301' title='bbox 647 2028 838 2071; x_wconf 82' lang='lat' dir='ltr'><strong>perperam</strong></span> <span class='ocrx_word' id='word_1_302' title='bbox 861 2018 975 2054; x_wconf 85' lang='lat' dir='ltr'><strong>falsus</strong></span> <span class='ocrx_word' id='word_1_303' title='bbox 1003 2022 1220 2064; x_wconf 87' lang='lat' dir='ltr'><strong>procurator</strong></span> 
     </span>
     <span class='ocr_line' id='line_1_42' title="bbox 127 2063 1218 2111; baseline -0.002 -10"><span class='ocrx_word' id='word_1_304' title='bbox 127 2065 287 2111; x_wconf 86' lang='lat' dir='ltr'><strong>accepit,</strong></span> <span class='ocrx_word' id='word_1_305' title='bbox 318 2068 437 2100; x_wconf 92' lang='lat' dir='ltr'><strong>ratum</strong></span> <span class='ocrx_word' id='word_1_306' title='bbox 461 2065 612 2106; x_wconf 88' lang='lat' dir='ltr'><strong>habeat,</strong></span> <span class='ocrx_word' id='word_1_307' title='bbox 644 2074 722 2109; x_wconf 90' lang='lat' dir='ltr'><strong>ipse</strong></span> <span class='ocrx_word' id='word_1_308' title='bbox 752 2063 893 2109; x_wconf 83' lang='lat' dir='ltr'><strong>quidem</strong></span> <span class='ocrx_word' id='word_1_309' title='bbox 916 2063 1033 2099; x_wconf 85' lang='lat' dir='ltr'><strong>Titius</strong></span> <span class='ocrx_word' id='word_1_310' title='bbox 1058 2063 1218 2109; x_wconf 87' lang='lat' dir='ltr'><strong>negotio-</strong></span> 
     </span>
     <span class='ocr_line' id='line_1_43' title="bbox 127 2109 1219 2155; baseline -0.001 -9"><span class='ocrx_word' id='word_1_311' title='bbox 127 2121 206 2146; x_wconf 91' lang='lat' dir='ltr'><strong>rum</strong></span> <span class='ocrx_word' id='word_1_312' title='bbox 278 2114 413 2146; x_wconf 91' lang='lat' dir='ltr'><strong>storum</strong></span> <span class='ocrx_word' id='word_1_313' title='bbox 446 2113 528 2154; x_wconf 84' lang='lat' dir='ltr'><strong>aget</strong></span> <span class='ocrx_word' id='word_1_314' title='bbox 538 2111 562 2153; x_wconf 82' lang='lat'><strong>⁶,</strong></span> <span class='ocrx_word' id='word_1_315' title='bbox 594 2109 627 2144; x_wconf 91' lang='lat' dir='ltr'><strong>ei</strong></span> <span class='ocrx_word' id='word_1_316' title='bbox 651 2119 752 2151; x_wconf 91' lang='lat' dir='ltr'><strong>vero,</strong></span> <span class='ocrx_word' id='word_1_317' title='bbox 783 2109 844 2154; x_wconf 90' lang='lat' dir='ltr'><strong>qui</strong></span> <span class='ocrx_word' id='word_1_318' title='bbox 868 2110 1056 2155; x_wconf 90' lang='lat' dir='ltr'><strong>pecuniam</strong></span> <span class='ocrx_word' id='word_1_319' title='bbox 1078 2109 1219 2145; x_wconf 90' lang='lat' dir='ltr'><strong>indebi-</strong></span> 
     </span>
     <span class='ocr_line' id='line_1_44' title="bbox 129 2154 1218 2197; baseline -0.001 -6"><span class='ocrx_word' id='word_1_320' title='bbox 129 2159 203 2191; x_wconf 88' lang='lat' dir='ltr'><strong>tam</strong></span> <span class='ocrx_word' id='word_1_321' title='bbox 261 2155 351 2197; x_wconf 92' lang='lat' dir='ltr'><strong>edit,</strong></span> <span class='ocrx_word' id='word_1_322' title='bbox 383 2155 554 2190; x_wconf 88' lang='lat' dir='ltr'><strong>adversus</strong></span> <span class='ocrx_word' id='word_1_323' title='bbox 578 2155 713 2190; x_wconf 90' lang='lat' dir='ltr'><strong>Titium</strong></span> <span class='ocrx_word' id='word_1_324' title='bbox 745 2154 814 2190; x_wconf 90' lang='lat' dir='ltr'><strong>erit</strong></span> <span class='ocrx_word' id='word_1_325' title='bbox 846 2154 995 2190; x_wconf 88' lang='lat' dir='ltr'><strong>indebiti</strong></span> <span class='ocrx_word' id='word_1_326' title='bbox 1027 2154 1218 2197; x_wconf 89' lang='lat' dir='ltr'><strong>condictio,</strong></span> 
     </span>
     <span class='ocr_line' id='line_1_45' title="bbox 128 2199 1218 2246; baseline -0.001 -9"><span class='ocrx_word' id='word_1_327' title='bbox 128 2201 298 2238; x_wconf 86' lang='lat' dir='ltr'><strong>adversus</strong></span> <span class='ocrx_word' id='word_1_328' title='bbox 317 2201 449 2236; x_wconf 81' lang='lat' dir='ltr'><strong>falsum</strong></span> <span class='ocrx_word' id='word_1_329' title='bbox 472 2204 743 2246; x_wconf 88' lang='lat' dir='ltr'><strong>procuratorem</strong></span> <span class='ocrx_word' id='word_1_330' title='bbox 766 2199 900 2240; x_wconf 83' lang='lat' dir='ltr'><strong>furtiva</strong></span> <span class='ocrx_word' id='word_1_331' title='bbox 918 2200 1079 2236; x_wconf 91' lang='lat' dir='ltr'><strong>durabit:</strong></span> <span class='ocrx_word' id='word_1_332' title='bbox 1106 2201 1218 2236; x_wconf 89' lang='lat' dir='ltr'><strong>electo</strong></span> 
     </span>
     <span class='ocr_line' id='line_1_46' title="bbox 129 2245 1220 2298; baseline -0.002 -15"><span class='ocrx_word' id='word_1_333' title='bbox 129 2247 223 2283; x_wconf 85' lang='lat' dir='ltr'><strong>Titio</strong></span> <span class='ocrx_word' id='word_1_334' title='bbox 243 2257 317 2283; x_wconf 92' lang='lat' dir='ltr'><strong>non</strong></span> <span class='ocrx_word' id='word_1_335' title='bbox 335 2246 457 2291; x_wconf 90' lang='lat' dir='ltr'><strong>inique</strong></span> <span class='ocrx_word' id='word_1_336' title='bbox 480 2256 544 2298; x_wconf 89' lang='lat' dir='ltr'><strong>per</strong></span> <span class='ocrx_word' id='word_1_337' title='bbox 563 2245 636 2282; x_wconf 91' lang='lat' dir='ltr'><strong>doli</strong></span> <span class='ocrx_word' id='word_1_338' title='bbox 658 2245 914 2291; x_wconf 81' lang='lat' dir='ltr'><strong>exceptionem,</strong></span> <span class='ocrx_word' id='word_1_339' title='bbox 940 2246 993 2281; x_wconf 89' lang='lat' dir='ltr'><strong>uti</strong></span> <span class='ocrx_word' id='word_1_340' title='bbox 1014 2250 1220 2291; x_wconf 89' lang='lat' dir='ltr'><strong>praestetur</strong></span> 
     </span>
     <span class='ocr_line' id='line_1_47' title="bbox 128 2291 1220 2336; baseline -0.002 -8"><span class='ocrx_word' id='word_1_341' title='bbox 128 2292 161 2328; x_wconf 88' lang='lat' dir='ltr'><strong>ei</strong></span> <span class='ocrx_word' id='word_1_342' title='bbox 184 2292 315 2327; x_wconf 82' lang='lat' dir='ltr'><strong>furtiva</strong></span> <span class='ocrx_word' id='word_1_343' title='bbox 340 2291 535 2334; x_wconf 89' lang='lat' dir='ltr'><strong>condictio,</strong></span> <span class='ocrx_word' id='word_1_344' title='bbox 571 2291 842 2326; x_wconf 88' lang='lat' dir='ltr'><strong>desiderabitur.</strong></span> <span class='ocrx_word' id='word_1_345' title='bbox 891 2291 988 2335; x_wconf 90' lang='lat' dir='ltr'><strong>quod</strong></span> <span class='ocrx_word' id='word_1_346' title='bbox 1011 2291 1042 2327; x_wconf 91' lang='lat' dir='ltr'><strong>si</strong></span> <span class='ocrx_word' id='word_1_347' title='bbox 1064 2292 1220 2336; x_wconf 90' lang='lat' dir='ltr'><strong>pecunia</strong></span> 
     </span>
     <span class='ocr_line' id='line_1_48' title="bbox 129 2336 1218 2380; baseline -0.003 -6"><span class='ocrx_word' id='word_1_348' title='bbox 129 2337 198 2376; x_wconf 78' lang='lat' dir='ltr'><strong>fuit</strong></span> <span class='ocrx_word' id='word_1_349' title='bbox 218 2337 349 2379; x_wconf 88' lang='lat' dir='ltr'><strong>debita,</strong></span> <span class='ocrx_word' id='word_1_350' title='bbox 374 2340 492 2373; x_wconf 89' lang='lat' dir='ltr'><strong>ratum</strong></span> <span class='ocrx_word' id='word_1_351' title='bbox 510 2336 666 2372; x_wconf 89' lang='lat' dir='ltr'><strong>habente</strong></span> <span class='ocrx_word' id='word_1_352' title='bbox 685 2336 779 2372; x_wconf 87' lang='lat' dir='ltr'><strong>Titio</strong></span> <span class='ocrx_word' id='word_1_353' title='bbox 800 2336 889 2372; x_wconf 83' lang='lat' dir='ltr'><strong>furti</strong></span> <span class='ocrx_word' id='word_1_354' title='bbox 910 2336 1006 2372; x_wconf 86' lang='lat' dir='ltr'><strong>actio</strong></span> <span class='ocrx_word' id='word_1_355' title='bbox 1027 2336 1218 2380; x_wconf 87' lang='lat' dir='ltr'><strong>evanescit,</strong></span> 
     </span>
     <span class='ocr_line' id='line_1_49' title="bbox 130 2382 1219 2435; baseline -0.001 -16"><span class='ocrx_word' id='word_1_356' title='bbox 130 2387 149 2419; x_wconf 81' lang='grc'>6</span> <span class='ocrx_word' id='word_1_357' title='bbox 220 2383 280 2418; x_wconf 92' lang='lat' dir='ltr'><strong>uia</strong></span> <span class='ocrx_word' id='word_1_358' title='bbox 304 2382 444 2418; x_wconf 87' lang='lat' dir='ltr'><strong>debitor</strong></span> <span class='ocrx_word' id='word_1_359' title='bbox 471 2382 657 2418; x_wconf 89' lang='lat' dir='ltr'><strong>liberatur.</strong></span> <span class='ocrx_word' id='word_1_360' title='bbox 704 2382 835 2418; x_wconf 86' lang='lat' dir='ltr'><strong>Falsus</strong></span> <span class='ocrx_word' id='word_1_361' title='bbox 860 2386 980 2418; x_wconf 89' lang='lat' dir='ltr'><strong>autem</strong></span> <span class='ocrx_word' id='word_1_362' title='bbox 1002 2386 1219 2435; x_wconf 85' lang='lat' dir='ltr'><strong>procurator</strong></span> 
     </span>
     <span class='ocr_line' id='line_1_50' title="bbox 127 2426 1220 2473; baseline -0.001 -9"><span class='ocrx_word' id='word_1_363' title='bbox 127 2429 179 2464; x_wconf 86' lang='lat' dir='ltr'><strong>ita</strong></span> <span class='ocrx_word' id='word_1_364' title='bbox 227 2439 343 2464; x_wconf 86' lang='lat' dir='ltr'><strong>einum</strong></span> <span class='ocrx_word' id='word_1_365' title='bbox 362 2427 497 2463; x_wconf 87' lang='lat' dir='ltr'><strong>furtum</strong></span> <span class='ocrx_word' id='word_1_366' title='bbox 520 2428 695 2473; x_wconf 87' lang='lat' dir='ltr'><strong>pecuniae</strong></span> <span class='ocrx_word' id='word_1_367' title='bbox 718 2426 838 2470; x_wconf 85' lang='lat' dir='ltr'><strong>faciet,</strong></span> <span class='ocrx_word' id='word_1_368' title='bbox 863 2427 893 2463; x_wconf 92' lang='lat' dir='ltr'><strong>si</strong></span> <span class='ocrx_word' id='word_1_369' title='bbox 914 2437 1058 2463; x_wconf 89' lang='lat' dir='ltr'><strong>nomine</strong></span> <span class='ocrx_word' id='word_1_370' title='bbox 1077 2438 1220 2473; x_wconf 90' lang='lat' dir='ltr'><strong>quoque</strong></span> 
     </span>
     <span class='ocr_line' id='line_1_51' title="bbox 128 2472 1218 2519; baseline -0.001 -9"><span class='ocrx_word' id='word_1_371' title='bbox 128 2473 202 2510; x_wconf 87' lang='lat' dir='ltr'><strong>veri</strong></span> <span class='ocrx_word' id='word_1_372' title='bbox 230 2473 493 2519; x_wconf 89' lang='lat' dir='ltr'><strong>procuratoris,</strong></span> <span class='ocrx_word' id='word_1_373' title='bbox 526 2483 631 2519; x_wconf 90' lang='lat' dir='ltr'><strong>quem</strong></span> <span class='ocrx_word' id='word_1_374' title='bbox 663 2472 818 2509; x_wconf 89' lang='lat' dir='ltr'><strong>creditor</strong></span> <span class='ocrx_word' id='word_1_375' title='bbox 848 2473 994 2517; x_wconf 89' lang='lat' dir='ltr'><strong>habuit,</strong></span> <span class='ocrx_word' id='word_1_376' title='bbox 1027 2473 1218 2519; x_wconf 86' lang='lat' dir='ltr'><strong>adsumpto</strong></span> 
     </span>
     <span class='ocr_line' id='line_1_52' title="bbox 129 2518 1218 2564; baseline -0.001 -9"><span class='ocrx_word' id='word_1_377' title='bbox 129 2519 324 2555; x_wconf 90' lang='lat' dir='ltr'><strong>debitorem</strong></span> <span class='ocrx_word' id='word_1_378' title='bbox 354 2519 508 2554; x_wconf 90' lang='lat' dir='ltr'><strong>alienum</strong></span> <span class='ocrx_word' id='word_1_379' title='bbox 542 2518 823 2554; x_wconf 89' lang='lat' dir='ltr'><strong>circumvenerit.</strong></span> <span class='ocrx_word' id='word_1_380' title='bbox 872 2518 968 2563; x_wconf 89' lang='lat' dir='ltr'><strong>quod</strong></span> <span class='ocrx_word' id='word_1_381' title='bbox 999 2529 1112 2564; x_wconf 87' lang='lat' dir='ltr'><strong>aeque</strong></span> <span class='ocrx_word' id='word_1_382' title='bbox 1134 2530 1218 2564; x_wconf 91' lang='lat' dir='ltr'><strong>pro-</strong></span> 
     </span>
     <span class='ocr_line' id='line_1_53' title="bbox 129 2563 1220 2609; baseline -0.001 -9"><span class='ocrx_word' id='word_1_383' title='bbox 129 2565 235 2601; x_wconf 88' lang='lat' dir='ltr'><strong>batur</strong></span> <span class='ocrx_word' id='word_1_384' title='bbox 259 2569 295 2600; x_wconf 89' lang='lat' dir='ltr'><strong>et</strong></span> <span class='ocrx_word' id='word_1_385' title='bbox 317 2564 377 2599; x_wconf 90' lang='lat' dir='ltr'><strong>in⁷</strong></span> <span class='ocrx_word' id='word_1_386' title='bbox 409 2575 467 2607; x_wconf 92' lang='lat' dir='ltr'><strong>eo,</strong></span> <span class='ocrx_word' id='word_1_387' title='bbox 501 2563 562 2609; x_wconf 92' lang='lat' dir='ltr'><strong>qui</strong></span> <span class='ocrx_word' id='word_1_388' title='bbox 584 2564 653 2600; x_wconf 92' lang='lat' dir='ltr'><strong>sibi</strong></span> <span class='ocrx_word' id='word_1_389' title='bbox 678 2563 798 2599; x_wconf 89' lang='lat' dir='ltr'><strong>deberi</strong></span> <span class='ocrx_word' id='word_1_390' title='bbox 820 2564 1011 2609; x_wconf 84' lang='lat' dir='ltr'><strong>pecuniam</strong></span> <span class='ocrx_word' id='word_1_391' title='bbox 1034 2567 1075 2599; x_wconf 92' lang='lat' dir='ltr'><strong>ut</strong></span> <span class='ocrx_word' id='word_1_392' title='bbox 1096 2563 1220 2599; x_wconf 91' lang='lat' dir='ltr'><strong>heredi</strong></span> 
     </span>
     <span class='ocr_line' id='line_1_54' title="bbox 129 2609 1217 2651; baseline -0.002 -5"><span class='ocrx_word' id='word_1_393' title='bbox 129 2610 209 2646; x_wconf 88' lang='lat' dir='ltr'><strong>Sem</strong></span> <span class='ocrx_word' id='word_1_394' title='bbox 236 2609 328 2645; x_wconf 89' lang='lat' dir='ltr'><strong>ronii</strong></span> <span class='ocrx_word' id='word_1_395' title='bbox 363 2609 549 2645; x_wconf 87' lang='lat' dir='ltr'><strong>creditoris</strong></span> <span class='ocrx_word' id='word_1_396' title='bbox 585 2609 825 2651; x_wconf 89' lang='lat' dir='ltr'><strong>adseveravit,</strong></span> <span class='ocrx_word' id='word_1_397' title='bbox 869 2619 950 2645; x_wconf 89' lang='lat' dir='ltr'><strong>cum</strong></span> <span class='ocrx_word' id='word_1_398' title='bbox 983 2612 1079 2646; x_wconf 86' lang='lat' dir='ltr'><strong>esset</strong></span> <span class='ocrx_word' id='word_1_399' title='bbox 1113 2610 1217 2645; x_wconf 85' lang='lat' dir='ltr'><strong>alius.</strong></span> 
     </span>
     <span class='ocr_line' id='line_1_55' title="bbox 128 2622 1218 2700; baseline 0 -10"><span class='ocrx_word' id='word_1_400' title='bbox 128 2659 146 2691; x_wconf 83' lang='lat'>7</span> <span class='ocrx_word' id='word_1_401' title='bbox 197 2622 266 2700; x_wconf 49' lang='lat' dir='ltr'><strong>(Sui</strong></span> <span class='ocrx_word' id='word_1_402' title='bbox 289 2665 364 2691; x_wconf 89' lang='lat' dir='ltr'><strong>rein</strong></span> <span class='ocrx_word' id='word_1_403' title='bbox 387 2654 474 2690; x_wconf 91' lang='lat' dir='ltr'><strong>Titii</strong></span> <span class='ocrx_word' id='word_1_404' title='bbox 497 2655 636 2699; x_wconf 87' lang='lat' dir='ltr'><strong>agebat,</strong></span> <span class='ocrx_word' id='word_1_405' title='bbox 661 2655 739 2690; x_wconf 90' lang='lat' dir='ltr'><strong>eius</strong></span> <span class='ocrx_word' id='word_1_406' title='bbox 763 2654 904 2690; x_wconf 92' lang='lat' dir='ltr'><strong>nomine</strong></span> <span class='ocrx_word' id='word_1_407' title='bbox 927 2654 1021 2690; x_wconf 82' lang='lat' dir='ltr'><strong>falso</strong></span> <span class='ocrx_word' id='word_1_408' title='bbox 1045 2665 1218 2700; x_wconf 89' lang='lat' dir='ltr'><strong>procura-</strong></span> 
     </span>
     <span class='ocr_line' id='line_1_56' title="bbox 128 2699 1220 2736; baseline 0 -1"><span class='ocrx_word' id='word_1_409' title='bbox 128 2701 198 2736; x_wconf 91' lang='lat' dir='ltr'><strong>tori</strong></span> <span class='ocrx_word' id='word_1_410' title='bbox 233 2700 418 2736; x_wconf 87' lang='lat' dir='ltr'><strong>creditoris</strong></span> <span class='ocrx_word' id='word_1_411' title='bbox 454 2699 561 2735; x_wconf 90' lang='lat' dir='ltr'><strong>solvit</strong></span> <span class='ocrx_word' id='word_1_412' title='bbox 595 2703 631 2735; x_wconf 90' lang='lat' dir='ltr'><strong>et</strong></span> <span class='ocrx_word' id='word_1_413' title='bbox 666 2699 782 2735; x_wconf 87' lang='lat' dir='ltr'><strong>Titius</strong></span> <span class='ocrx_word' id='word_1_414' title='bbox 817 2704 936 2735; x_wconf 89' lang='lat' dir='ltr'><strong>ratum</strong></span> <span class='ocrx_word' id='word_1_415' title='bbox 966 2700 1109 2736; x_wconf 85' lang='lat' dir='ltr'><strong>habuit:</strong></span> <span class='ocrx_word' id='word_1_416' title='bbox 1148 2711 1220 2736; x_wconf 86' lang='lat' dir='ltr'><strong>non</strong></span> 
     </span>
     <span class='ocr_line' id='line_1_57' title="bbox 129 2744 1220 2791; baseline 0.001 -11"><span class='ocrx_word' id='word_1_417' title='bbox 129 2746 313 2781; x_wconf 83' lang='lat' dir='ltr'><strong>nascitur⁸</strong></span> <span class='ocrx_word' id='word_1_418' title='bbox 345 2745 379 2781; x_wconf 90' lang='lat' dir='ltr'><strong>ei</strong></span> <span class='ocrx_word' id='word_1_419' title='bbox 402 2745 490 2780; x_wconf 83' lang='lat' dir='ltr'><strong>furti</strong></span> <span class='ocrx_word' id='word_1_420' title='bbox 513 2744 627 2789; x_wconf 89' lang='lat' dir='ltr'><strong>actio,</strong></span> <span class='ocrx_word' id='word_1_421' title='bbox 664 2755 756 2790; x_wconf 91' lang='lat' dir='ltr'><strong>quae</strong></span> <span class='ocrx_word' id='word_1_422' title='bbox 786 2745 924 2790; x_wconf 88' lang='lat' dir='ltr'><strong>statim,</strong></span> <span class='ocrx_word' id='word_1_423' title='bbox 962 2756 1044 2781; x_wconf 89' lang='lat' dir='ltr'><strong>cum</strong></span> <span class='ocrx_word' id='word_1_424' title='bbox 1065 2746 1220 2791; x_wconf 89' lang='lat' dir='ltr'><strong>pecunia</strong></span> 
     </span>
     <span class='ocr_line' id='line_1_58' title="bbox 129 2790 1218 2836; baseline 0.001 -10"><span class='ocrx_word' id='word_1_425' title='bbox 129 2791 248 2827; x_wconf 88' lang='lat' dir='ltr'><strong>soluta</strong></span> <span class='ocrx_word' id='word_1_426' title='bbox 271 2794 341 2833; x_wconf 92' lang='lat' dir='ltr'><strong>est,</strong></span> <span class='ocrx_word' id='word_1_427' title='bbox 374 2790 408 2826; x_wconf 91' lang='lat' dir='ltr'><strong>ei</strong></span> <span class='ocrx_word' id='word_1_428' title='bbox 431 2790 492 2836; x_wconf 93' lang='lat' dir='ltr'><strong>qui</strong></span> <span class='ocrx_word' id='word_1_429' title='bbox 516 2790 614 2826; x_wconf 89' lang='lat' dir='ltr'><strong>dedit</strong></span> <span class='ocrx_word' id='word_1_430' title='bbox 636 2795 723 2825; x_wconf 89' lang='lat' dir='ltr'><strong>nata</strong></span> <span class='ocrx_word' id='word_1_431' title='bbox 746 2794 819 2833; x_wconf 92' lang='lat' dir='ltr'><strong>est,</strong></span> <span class='ocrx_word' id='word_1_432' title='bbox 845 2802 926 2826; x_wconf 90' lang='lat' dir='ltr'><strong>cum</strong></span> <span class='ocrx_word' id='word_1_433' title='bbox 950 2790 1035 2826; x_wconf 89' lang='lat' dir='ltr'><strong>Titii</strong></span> <span class='ocrx_word' id='word_1_434' title='bbox 1058 2802 1218 2827; x_wconf 89' lang='lat' dir='ltr'><strong>nummo-</strong></span> 
     </span>
     <span class='ocr_line' id='line_1_59' title="bbox 128 2835 1218 2889; baseline 0 -17"><span class='ocrx_word' id='word_1_435' title='bbox 128 2846 209 2872; x_wconf 91' lang='lat' dir='ltr'><strong>rum</strong></span> <span class='ocrx_word' id='word_1_436' title='bbox 233 2835 426 2871; x_wconf 82' lang='lat' dir='ltr'><strong>dominium</strong></span> <span class='ocrx_word' id='word_1_437' title='bbox 449 2847 522 2871; x_wconf 91' lang='lat' dir='ltr'><strong>non</strong></span> <span class='ocrx_word' id='word_1_438' title='bbox 545 2835 655 2871; x_wconf 88' lang='lat' dir='ltr'><strong>fuerit</strong></span> <span class='ocrx_word' id='word_1_439' title='bbox 677 2846 792 2889; x_wconf 83' lang='lat' dir='ltr'><strong>neque</strong></span> <span class='ocrx_word' id='word_1_440' title='bbox 815 2836 1008 2882; x_wconf 86' lang='lat' dir='ltr'><strong>possessio.</strong></span> <span class='ocrx_word' id='word_1_441' title='bbox 1046 2836 1110 2872; x_wconf 88' lang='lat' dir='ltr'><strong>sed</strong></span> <span class='ocrx_word' id='word_1_442' title='bbox 1134 2847 1218 2872; x_wconf 92' lang='lat' dir='ltr'><strong>con-</strong></span> 
     </span>
     <span class='ocr_line' id='line_1_60' title="bbox 130 2880 1219 2926; baseline 0.001 -10"><span class='ocrx_word' id='word_1_443' title='bbox 130 2881 319 2917; x_wconf 89' lang='lat' dir='ltr'><strong>dictionem</strong></span> <span class='ocrx_word' id='word_1_444' title='bbox 350 2880 498 2916; x_wconf 89' lang='lat' dir='ltr'><strong>indebiti</strong></span> <span class='ocrx_word' id='word_1_445' title='bbox 529 2881 671 2926; x_wconf 92' lang='lat' dir='ltr'><strong>quidem</strong></span> <span class='ocrx_word' id='word_1_446' title='bbox 702 2881 819 2916; x_wconf 90' lang='lat' dir='ltr'><strong>Titius</strong></span> <span class='ocrx_word' id='word_1_447' title='bbox 851 2881 1015 2924; x_wconf 86' lang='lat' dir='ltr'><strong>habebit,</strong></span> <span class='ocrx_word' id='word_1_448' title='bbox 1050 2881 1219 2917; x_wconf 86' lang='lat' dir='ltr'><strong>furtivam</strong></span> 
     </span>
     <span class='ocr_line' id='line_1_61' title="bbox 129 2926 1218 2980; baseline 0.001 -18"><span class='ocrx_word' id='word_1_449' title='bbox 129 2930 247 2962; x_wconf 90' lang='lat' dir='ltr'><strong>autem</strong></span> <span class='ocrx_word' id='word_1_450' title='bbox 268 2926 330 2971; x_wconf 91' lang='lat' dir='ltr'><strong>qui</strong></span> <span class='ocrx_word' id='word_1_451' title='bbox 348 2926 536 2972; x_wconf 88' lang='lat' dir='ltr'><strong>pecuniam</strong></span> <span class='ocrx_word' id='word_1_452' title='bbox 548 2926 662 2962; x_wconf 82' lang='lat' dir='ltr'><strong>dedit:</strong></span> <span class='ocrx_word' id='word_1_453' title='bbox 688 2937 788 2980; x_wconf 81' lang='lat' dir='ltr'><strong>quae,</strong></span> <span class='ocrx_word' id='word_1_454' title='bbox 809 2926 841 2963; x_wconf 92' lang='lat' dir='ltr'><strong>si</strong></span> <span class='ocrx_word' id='word_1_455' title='bbox 859 2927 1082 2972; x_wconf 88' lang='lat' dir='ltr'><strong>negotiorum</strong></span> <span class='ocrx_word' id='word_1_456' title='bbox 1098 2932 1218 2972; x_wconf 89' lang='lat' dir='ltr'><strong>gesto-</strong></span> 
     </span>
     <span class='ocr_line' id='line_1_62' title="bbox 128 2971 1218 3018; baseline 0.001 -10"><span class='ocrx_word' id='word_1_457' title='bbox 128 2983 207 3008; x_wconf 91' lang='lat' dir='ltr'><strong>rum</strong></span> <span class='ocrx_word' id='word_1_458' title='bbox 225 2972 366 3008; x_wconf 81' lang='lat' dir='ltr'><strong>actione</strong></span> <span class='ocrx_word' id='word_1_459' title='bbox 386 2971 503 3008; x_wconf 85' lang='lat' dir='ltr'><strong>Titius</strong></span> <span class='ocrx_word' id='word_1_460' title='bbox 525 2972 705 3008; x_wconf 83' lang='lat' dir='ltr'><strong>conveniri</strong></span> <span class='ocrx_word' id='word_1_461' title='bbox 725 2973 895 3018; x_wconf 89' lang='lat' dir='ltr'><strong>coeperit,</strong></span> <span class='ocrx_word' id='word_1_462' title='bbox 921 2973 1069 3008; x_wconf 88' lang='lat' dir='ltr'><strong>arbitrio</strong></span> <span class='ocrx_word' id='word_1_463' title='bbox 1090 2973 1218 3010; x_wconf 89' lang='lat' dir='ltr'><strong>iudicis</strong></span> 
     </span>
     <span class='ocr_line' id='line_1_63' title="bbox 128 3017 439 3054; baseline -0.006 0"><span class='ocrx_word' id='word_1_464' title='bbox 128 3018 162 3054; x_wconf 89' lang='lat' dir='ltr'><strong>ei</strong></span> <span class='ocrx_word' id='word_1_465' title='bbox 210 3017 439 3053; x_wconf 88' lang='lat' dir='ltr'><strong>raestabitur.</strong></span> 
     </span>
    </p>

    <p class='ocr_par' dir='ltr' id='par_1_7' title="bbox 128 3060 1218 3201">
     <span class='ocr_line' id='line_1_64' title="bbox 203 3060 1216 3116; baseline 0 -16"><span class='ocrx_word' id='word_1_466' title='bbox 203 3061 229 3101; x_wconf 85' lang='lat'><strong>2</strong></span> <span class='ocrx_word' id='word_1_467' title='bbox 247 3060 330 3106; x_wconf 89' lang='grc'>(81)</span> <span class='ocrx_word' id='word_1_468' title='bbox 353 3062 460 3098; x_wconf 76' lang='lat' dir='ltr'><em>IDEM</em></span> <span class='ocrx_word' id='word_1_469' title='bbox 479 3063 571 3098; x_wconf 85' lang='lat' dir='ltr'><strong>libro</strong></span> <span class='ocrx_word' id='word_1_470' title='bbox 589 3063 712 3109; x_wconf 86' lang='lat' dir='ltr'><strong>primo</strong></span> <span class='ocrx_word' id='word_1_471' title='bbox 735 3073 991 3109; x_wconf 82' lang='lat' dir='ltr'><strong>responsorum</strong></span> <span class='ocrx_word' id='word_1_472' title='bbox 1028 3063 1083 3100; x_wconf 93' lang='lat' dir='ltr'><strong>Ob</strong></span> <span class='ocrx_word' id='word_1_473' title='bbox 1107 3074 1216 3116; x_wconf 88' lang='lat' dir='ltr'><strong>pecu-</strong></span> 
     </span>
     <span class='ocr_line' id='line_1_65' title="bbox 128 3107 1218 3152; baseline 0 -8"><span class='ocrx_word' id='word_1_474' title='bbox 128 3108 224 3145; x_wconf 84' lang='lat' dir='ltr'><strong>niam</strong></span> <span class='ocrx_word' id='word_1_475' title='bbox 255 3107 390 3144; x_wconf 87' lang='lat' dir='ltr'><strong>civitati</strong></span> <span class='ocrx_word' id='word_1_476' title='bbox 420 3108 640 3144; x_wconf 88' lang='lat' dir='ltr'><strong>subtractam</strong></span> <span class='ocrx_word' id='word_1_477' title='bbox 664 3108 805 3144; x_wconf 85' lang='lat' dir='ltr'><strong>actione</strong></span> <span class='ocrx_word' id='word_1_478' title='bbox 836 3108 943 3152; x_wconf 79' lang='lat' dir='ltr'><strong>furti,</strong></span> <span class='ocrx_word' id='word_1_479' title='bbox 975 3119 1048 3145; x_wconf 91' lang='lat' dir='ltr'><strong>non</strong></span> <span class='ocrx_word' id='word_1_480' title='bbox 1073 3109 1218 3145; x_wconf 86' lang='lat' dir='ltr'><strong>crimine</strong></span> 
     </span>
     <span class='ocr_line' id='line_1_66' title="bbox 128 3154 490 3201; baseline -0.006 -10"><span class='ocrx_word' id='word_1_481' title='bbox 128 3154 315 3201; x_wconf 87' lang='lat' dir='ltr'><strong>peculatus</strong></span> <span class='ocrx_word' id='word_1_482' title='bbox 338 3156 490 3190; x_wconf 90' lang='lat' dir='ltr'><strong>tenetur.</strong></span> 
     </span>
    </p>

    <p class='ocr_par' dir='ltr' id='par_1_8' title="bbox 128 3196 1218 3561">
     <span class='ocr_line' id='line_1_67' title="bbox 175 3196 1216 3243; baseline -0.001 -6"><span class='ocrx_word' id='word_1_483' title='bbox 175 3196 227 3237; x_wconf 85' lang='lat'><strong>83</strong></span> <span class='ocrx_word' id='word_1_484' title='bbox 248 3196 331 3243; x_wconf 84' lang='grc'>(82)</span> <span class='ocrx_word' id='word_1_485' title='bbox 349 3198 406 3234; x_wconf 72' lang='grc' dir='ltr'><strong>ΡΑ</strong></span> <span class='ocrx_word' id='word_1_486' title='bbox 414 3207 509 3234; x_wconf 75' lang='lat' dir='ltr'><strong>ULUs</strong></span> <span class='ocrx_word' id='word_1_487' title='bbox 530 3198 621 3234; x_wconf 78' lang='lat' dir='ltr'><strong>libro</strong></span> <span class='ocrx_word' id='word_1_488' title='bbox 637 3198 797 3234; x_wconf 83' lang='lat' dir='ltr'><strong>seeundo</strong></span> <span class='ocrx_word' id='word_1_489' title='bbox 815 3199 1073 3235; x_wconf 81' lang='lat' dir='ltr'><strong>sententiarum</strong></span> <span class='ocrx_word' id='word_1_490' title='bbox 1109 3199 1216 3236; x_wconf 85' lang='lat' dir='ltr'><strong>Fullo</strong></span> 
     </span>
     <span class='ocr_line' id='line_1_68' title="bbox 128 3243 1215 3290; baseline 0 -10"><span class='ocrx_word' id='word_1_491' title='bbox 128 3247 166 3281; x_wconf 93' lang='lat' dir='ltr'><strong>et</strong></span> <span class='ocrx_word' id='word_1_492' title='bbox 188 3245 406 3286; x_wconf 83' lang='lat' dir='ltr'><strong>sarcinator,</strong></span> <span class='ocrx_word' id='word_1_493' title='bbox 438 3244 500 3290; x_wconf 90' lang='lat' dir='ltr'><strong>qui</strong></span> <span class='ocrx_word' id='word_1_494' title='bbox 522 3243 692 3289; x_wconf 89' lang='lat' dir='ltr'><strong>polienda</strong></span> <span class='ocrx_word' id='word_1_495' title='bbox 713 3244 769 3280; x_wconf 93' lang='lat' dir='ltr'><strong>vel</strong></span> <span class='ocrx_word' id='word_1_496' title='bbox 791 3244 980 3280; x_wconf 86' lang='lat' dir='ltr'><strong>sarcienda</strong></span> <span class='ocrx_word' id='word_1_497' title='bbox 1003 3245 1215 3280; x_wconf 89' lang='lat' dir='ltr'><strong>vestimenta</strong></span> 
     </span>
     <span class='ocr_line' id='line_1_69' title="bbox 130 3289 1218 3335; baseline 0.001 -10"><span class='ocrx_word' id='word_1_498' title='bbox 130 3289 280 3335; x_wconf 87' lang='lat' dir='ltr'><strong>accepit,</strong></span> <span class='ocrx_word' id='word_1_499' title='bbox 306 3290 338 3325; x_wconf 91' lang='lat' dir='ltr'><strong>si</strong></span> <span class='ocrx_word' id='word_1_500' title='bbox 360 3289 452 3325; x_wconf 81' lang='lat' dir='ltr'><strong>forte</strong></span> <span class='ocrx_word' id='word_1_501' title='bbox 475 3289 530 3325; x_wconf 91' lang='lat' dir='ltr'><strong>his</strong></span> <span class='ocrx_word' id='word_1_502' title='bbox 557 3292 697 3331; x_wconf 91' lang='lat' dir='ltr'><strong>utatur,</strong></span> <span class='ocrx_word' id='word_1_503' title='bbox 721 3298 766 3324; x_wconf 93' lang='lat' dir='ltr'><strong>ex</strong></span> <span class='ocrx_word' id='word_1_504' title='bbox 789 3289 1071 3326; x_wconf 88' lang='lat' dir='ltr'><strong>contrectatione</strong></span> <span class='ocrx_word' id='word_1_505' title='bbox 1093 3300 1218 3326; x_wconf 92' lang='lat' dir='ltr'><strong>eorum</strong></span> 
     </span>
     <span class='ocr_line' id='line_1_70' title="bbox 129 3334 1216 3377; baseline -0.001 -6"><span class='ocrx_word' id='word_1_506' title='bbox 129 3335 264 3371; x_wconf 79' lang='lat' dir='ltr'><strong>furtum</strong></span> <span class='ocrx_word' id='word_1_507' title='bbox 287 3334 417 3371; x_wconf 85' lang='lat' dir='ltr'><strong>fecisse</strong></span> <span class='ocrx_word' id='word_1_508' title='bbox 440 3334 598 3377; x_wconf 89' lang='lat' dir='ltr'><strong>videtur,</strong></span> <span class='ocrx_word' id='word_1_509' title='bbox 656 3334 715 3370; x_wconf 83' lang='lat' dir='ltr'><strong>uia</strong></span> <span class='ocrx_word' id='word_1_510' title='bbox 738 3345 811 3371; x_wconf 91' lang='lat' dir='ltr'><strong>non</strong></span> <span class='ocrx_word' id='word_1_511' title='bbox 833 3334 871 3370; x_wconf 92' lang='lat' dir='ltr'><strong>in</strong></span> <span class='ocrx_word' id='word_1_512' title='bbox 894 3345 973 3371; x_wconf 91' lang='lat' dir='ltr'><strong>eam</strong></span> <span class='ocrx_word' id='word_1_513' title='bbox 998 3345 1146 3372; x_wconf 89' lang='lat' dir='ltr'><strong>causam</strong></span> <span class='ocrx_word' id='word_1_514' title='bbox 1170 3336 1216 3371; x_wconf 90' lang='lat' dir='ltr'><strong>ab</strong></span> 
     </span>
     <span class='ocr_line' id='line_1_71' title="bbox 132 3379 1217 3426; baseline 0.001 -10"><span class='ocrx_word' id='word_1_515' title='bbox 132 3383 146 3416; x_wconf 88' lang='lat'>1</span> <span class='ocrx_word' id='word_1_516' title='bbox 197 3391 240 3416; x_wconf 92' lang='lat' dir='ltr'><strong>eo</strong></span> <span class='ocrx_word' id='word_1_517' title='bbox 260 3380 424 3416; x_wconf 87' lang='lat' dir='ltr'><strong>videntur</strong></span> <span class='ocrx_word' id='word_1_518' title='bbox 443 3390 529 3416; x_wconf 86' lang='lat' dir='ltr'><strong>acce</strong></span> <span class='ocrx_word' id='word_1_519' title='bbox 556 3383 604 3415; x_wconf 90' lang='lat' dir='ltr'><strong>ta.</strong></span> <span class='ocrx_word' id='word_1_520' title='bbox 674 3390 716 3415; x_wconf 92' lang='lat' dir='ltr'><strong>ru</strong></span> <span class='ocrx_word' id='word_1_521' title='bbox 740 3379 822 3416; x_wconf 92' lang='lat' dir='ltr'><strong>ibus</strong></span> <span class='ocrx_word' id='word_1_522' title='bbox 842 3390 886 3416; x_wconf 86' lang='lat' dir='ltr'><strong>ex</strong></span> <span class='ocrx_word' id='word_1_523' title='bbox 904 3380 1018 3416; x_wconf 80' lang='lat' dir='ltr'><strong>fundo</strong></span> <span class='ocrx_word' id='word_1_524' title='bbox 1036 3381 1217 3426; x_wconf 88' lang='lat' dir='ltr'><strong>subreptis</strong></span> 
     </span>
     <span class='ocr_line' id='line_1_72' title="bbox 129 3390 1218 3478; baseline 0 -16"><span class='ocrx_word' id='word_1_525' title='bbox 129 3429 203 3462; x_wconf 87' lang='lat' dir='ltr'><strong>tam</strong></span> <span class='ocrx_word' id='word_1_526' title='bbox 226 3425 373 3461; x_wconf 85' lang='lat' dir='ltr'><strong>colonus</strong></span> <span class='ocrx_word' id='word_1_527' title='bbox 397 3435 504 3478; x_wconf 79' lang='lat' dir='ltr'><strong>quam</strong></span> <span class='ocrx_word' id='word_1_528' title='bbox 547 3425 685 3462; x_wconf 90' lang='lat' dir='ltr'><strong>ominus</strong></span> <span class='ocrx_word' id='word_1_529' title='bbox 709 3390 800 3461; x_wconf 61' lang='lat' dir='ltr'><strong>igurti</strong></span> <span class='ocrx_word' id='word_1_530' title='bbox 817 3435 924 3470; x_wconf 88' lang='lat' dir='ltr'><strong>agere</strong></span> <span class='ocrx_word' id='word_1_531' title='bbox 973 3429 1107 3472; x_wconf 80' lang='lat' dir='ltr'><strong>ossunt,</strong></span> <span class='ocrx_word' id='word_1_532' title='bbox 1158 3426 1218 3462; x_wconf 88' lang='lat' dir='ltr'><strong>uia</strong></span> 
     </span>
     <span class='ocr_line' id='line_1_73' title="bbox 129 3470 1218 3515; baseline 0 -8"><span class='ocrx_word' id='word_1_533' title='bbox 129 3474 149 3507; x_wconf 88' lang='lat'>2</span> <span class='ocrx_word' id='word_1_534' title='bbox 197 3470 383 3515; x_wconf 89' lang='lat' dir='ltr'><strong>utriusque</strong></span> <span class='ocrx_word' id='word_1_535' title='bbox 419 3474 568 3507; x_wconf 88' lang='lat' dir='ltr'><strong>interest</strong></span> <span class='ocrx_word' id='word_1_536' title='bbox 606 3481 681 3506; x_wconf 85' lang='lat' dir='ltr'><strong>rem</strong></span> <span class='ocrx_word' id='word_1_537' title='bbox 719 3470 896 3515; x_wconf 87' lang='lat' dir='ltr'><strong>persequi.</strong></span> <span class='ocrx_word' id='word_1_538' title='bbox 977 3471 1014 3506; x_wconf 90' lang='lat' dir='ltr'><strong>ui</strong></span> <span class='ocrx_word' id='word_1_539' title='bbox 1050 3471 1129 3507; x_wconf 83' lang='lat' dir='ltr'><strong>anc‘</strong></span> <span class='ocrx_word' id='word_1_540' title='bbox 1160 3482 1218 3506; x_wconf 91' lang='lat' dir='ltr'><strong>am</strong></span> 
     </span>
     <span class='ocr_line' id='line_1_74' title="bbox 128 3515 1218 3561; baseline 0.001 -9"><span class='ocrx_word' id='word_1_541' title='bbox 128 3527 202 3553; x_wconf 91' lang='lat' dir='ltr'><strong>non</strong></span> <span class='ocrx_word' id='word_1_542' title='bbox 221 3516 441 3552; x_wconf 88' lang='lat' dir='ltr'><strong>meretricem</strong></span> <span class='ocrx_word' id='word_1_543' title='bbox 459 3515 615 3552; x_wconf 90' lang='lat' dir='ltr'><strong>libidinis</strong></span> <span class='ocrx_word' id='word_1_544' title='bbox 635 3526 746 3551; x_wconf 90' lang='lat' dir='ltr'><strong>causa</strong></span> <span class='ocrx_word' id='word_1_545' title='bbox 765 3515 954 3561; x_wconf 87' lang='lat' dir='ltr'><strong>subripuit,</strong></span> <span class='ocrx_word' id='word_1_546' title='bbox 975 3516 1063 3553; x_wconf 82' lang='lat' dir='ltr'><strong>furti</strong></span> <span class='ocrx_word' id='word_1_547' title='bbox 1074 3516 1218 3553; x_wconf 86' lang='lat' dir='ltr'><strong>actione</strong></span> 
     </span>
    </p>
   </div>
   <div class='ocr_carea' id='block_1_3' title="bbox 127 3630 1217 3809">
    <p class='ocr_par' dir='ltr' id='par_1_9' title="bbox 127 3630 1217 3809">
     <span class='ocr_line' id='line_1_75' title="bbox 127 3630 1215 3675; baseline -0.002 -9"><span class='ocrx_word' id='word_1_548' title='bbox 127 3632 168 3672; x_wconf 84' lang='lat' dir='ltr'><strong>(i)</strong></span> <span class='ocrx_word' id='word_1_549' title='bbox 192 3630 441 3673; x_wconf 73' lang='lat' dir='ltr'><strong>enseJinteresse</strong></span> <span class='ocrx_word' id='word_1_550' title='bbox 453 3630 526 3664; x_wconf 76' lang='lat' dir='ltr'><strong>dett.</strong></span> <span class='ocrx_word' id='word_1_551' title='bbox 606 3631 651 3672; x_wconf 83' lang='lat'><strong>(2)</strong></span> <span class='ocrx_word' id='word_1_552' title='bbox 676 3630 777 3674; x_wconf 83' lang='lat' dir='ltr'><strong>cf.D.</strong></span> <span class='ocrx_word' id='word_1_553' title='bbox 796 3631 847 3672; x_wconf 86' lang='lat'><strong>13,</strong></span> <span class='ocrx_word' id='word_1_554' title='bbox 860 3638 888 3673; x_wconf 75' lang='grc' dir='ltr'><strong>τ,</strong></span> <span class='ocrx_word' id='word_1_555' title='bbox 901 3638 937 3665; x_wconf 89' lang='lat'><strong>22</strong></span> <span class='ocrx_word' id='word_1_556' title='bbox 946 3643 1001 3675; x_wconf 85' lang='lat' dir='ltr'><strong>pr.</strong></span> <span class='ocrx_word' id='word_1_557' title='bbox 1082 3633 1126 3673; x_wconf 79' lang='grc'><strong>(3)</strong></span> <span class='ocrx_word' id='word_1_558' title='bbox 1151 3631 1215 3664; x_wconf 84' lang='lat' dir='ltr'><strong>ita-</strong></span> 
     </span>
     <span class='ocr_line' id='line_1_76' title="bbox 129 3674 1217 3718; baseline 0.001 -9"><span class='ocrx_word' id='word_1_559' title='bbox 129 3687 194 3718; x_wconf 89' lang='lat' dir='ltr'><strong>que</strong></span> <span class='ocrx_word' id='word_1_560' title='bbox 219 3678 300 3709; x_wconf 84' lang='lat' dir='ltr'><strong>tune</strong></span> <span class='ocrx_word' id='word_1_561' title='bbox 325 3674 395 3708; x_wconf 85' lang='lat' dir='ltr'><strong>sola</strong></span> <span class='ocrx_word' id='word_1_562' title='bbox 413 3674 543 3708; x_wconf 85' lang='lat' dir='ltr'><strong>utilitas</strong></span> <span class='ocrx_word' id='word_1_563' title='bbox 562 3675 826 3709; x_wconf 83' lang='lat' dir='ltr'><strong>aestimationem</strong></span> <span class='ocrx_word' id='word_1_564' title='bbox 845 3675 944 3718; x_wconf 74' lang='lat' dir='ltr'><strong>facit,</strong></span> <span class='ocrx_word' id='word_1_565' title='bbox 968 3686 1045 3710; x_wconf 90' lang='lat' dir='ltr'><strong>cum</strong></span> <span class='ocrx_word' id='word_1_566' title='bbox 1069 3678 1217 3710; x_wconf 86' lang='lat' dir='ltr'><strong>cessante</strong></span> 
     </span>
     <span class='ocr_line' id='line_1_77' title="bbox 128 3719 1215 3764; baseline -0.002 -9"><span class='ocrx_word' id='word_1_567' title='bbox 128 3721 277 3755; x_wconf 81' lang='lat' dir='ltr'><strong>dominio</strong></span> <span class='ocrx_word' id='word_1_568' title='bbox 296 3719 380 3754; x_wconf 75' lang='lat' dir='ltr'><strong>furti</strong></span> <span class='ocrx_word' id='word_1_569' title='bbox 398 3719 487 3753; x_wconf 80' lang='lat' dir='ltr'><strong>actio</strong></span> <span class='ocrx_word' id='word_1_570' title='bbox 509 3721 676 3762; x_wconf 85' lang='lat' dir='ltr'><strong>nascitur,</strong></span> <span class='ocrx_word' id='word_1_571' title='bbox 701 3721 782 3763; x_wconf 88' lang='lat' dir='ltr'><strong>quia</strong></span> <span class='ocrx_word' id='word_1_572' title='bbox 805 3721 842 3753; x_wconf 88' lang='lat' dir='ltr'><strong>&#39;in</strong></span> <span class='ocrx_word' id='word_1_573' title='bbox 864 3721 939 3754; x_wconf 87' lang='lat' dir='ltr'><strong>istis</strong></span> <span class='ocrx_word' id='word_1_574' title='bbox 1020 3723 1130 3764; x_wconf 86' lang='lat' dir='ltr'><strong>potest</strong></span> <span class='ocrx_word' id='word_1_575' title='bbox 1152 3734 1215 3755; x_wconf 78' lang='lat' dir='ltr'><strong>scr.</strong></span> 
     </span>
     <span class='ocr_line' id='line_1_78' title="bbox 130 3765 835 3809; baseline -0.003 -7"><span class='ocrx_word' id='word_1_576' title='bbox 130 3769 173 3809; x_wconf 72' lang='grc'><strong>(4)</strong></span> <span class='ocrx_word' id='word_1_577' title='bbox 198 3769 282 3800; x_wconf 75' lang='lat' dir='ltr'><strong>esset</strong></span> <span class='ocrx_word' id='word_1_578' title='bbox 301 3767 360 3800; x_wconf 80' lang='lat' dir='ltr'><strong>ins.</strong></span> <span class='ocrx_word' id='word_1_579' title='bbox 381 3765 465 3799; x_wconf 84' lang='lat' dir='ltr'><strong>Hal.</strong></span> <span class='ocrx_word' id='word_1_580' title='bbox 604 3770 647 3809; x_wconf 86' lang='lat'><strong>(5)</strong></span> <span class='ocrx_word' id='word_1_581' title='bbox 671 3767 752 3808; x_wconf 85' lang='lat' dir='ltr'><strong>quia</strong></span> <span class='ocrx_word' id='word_1_582' title='bbox 774 3768 835 3800; x_wconf 79' lang='lat' dir='ltr'><strong>ins.</strong></span> 
     </span>
    </p>
   </div>
   <div class='ocr_carea' id='block_1_4' title="bbox 982 3766 1222 3810">
    <p class='ocr_par' dir='ltr' id='par_1_10' title="bbox 982 3766 1222 3810">
     <span class='ocr_line' id='line_1_79' title="bbox 982 3766 1222 3810; baseline -0.013 -9"><span class='ocrx_word' id='word_1_583' title='bbox 982 3769 1026 3810; x_wconf 83' lang='grc'><strong>(6)</strong></span> <span class='ocrx_word' id='word_1_584' title='bbox 1049 3769 1083 3800; x_wconf 81' lang='lat' dir='ltr'><strong>et</strong></span> <span class='ocrx_word' id='word_1_585' title='bbox 1103 3769 1162 3800; x_wconf 77' lang='lat' dir='ltr'><strong>ins.</strong></span> <span class='ocrx_word' id='word_1_586' title='bbox 1187 3766 1222 3798; x_wconf 81' lang='lat' dir='ltr'><em>F</em></span> 
     </span>
    </p>
   </div>
   <div class='ocr_carea' id='block_1_5' title="bbox 2068 124 2377 169">
    <p class='ocr_par' dir='ltr' id='par_1_11' title="bbox 2068 124 2377 169">
     <span class='ocr_line' id='line_1_80' title="bbox 2068 124 2377 169; baseline -0.003 0"><span class='ocrx_word' id='word_1_587' title='bbox 2068 124 2321 169; x_wconf 87' lang='lat' dir='ltr'>XXXXVII</span> <span class='ocrx_word' id='word_1_588' title='bbox 2351 129 2377 168; x_wconf 87' lang='lat'>2</span> 
     </span>
    </p>
   </div>
   <div class='ocr_carea' id='block_1_6' title="bbox 1286 243 2382 3473">
    <p class='ocr_par' dir='ltr' id='par_1_12' title="bbox 1288 243 2377 473">
     <span class='ocr_line' id='line_1_81' title="bbox 1288 243 2374 301; baseline 0.002 -19"><span class='ocrx_word' id='word_1_589' title='bbox 1288 245 1469 282; x_wconf 90' lang='lat' dir='ltr'><strong>tenebitur</strong></span> <span class='ocrx_word' id='word_1_590' title='bbox 1494 247 1540 288; x_wconf 90' lang='lat' dir='ltr'><strong>et,</strong></span> <span class='ocrx_word' id='word_1_591' title='bbox 1565 243 1597 281; x_wconf 90' lang='lat' dir='ltr'><strong>si</strong></span> <span class='ocrx_word' id='word_1_592' title='bbox 1619 245 1834 292; x_wconf 89' lang='lat' dir='ltr'><strong>subpressit,</strong></span> <span class='ocrx_word' id='word_1_593' title='bbox 1863 257 1983 301; x_wconf 87' lang='lat' dir='ltr'><strong>poena</strong></span> <span class='ocrx_word' id='word_1_594' title='bbox 2005 247 2091 293; x_wconf 86' lang='lat' dir='ltr'><strong>legis</strong></span> <span class='ocrx_word' id='word_1_595' title='bbox 2115 247 2252 284; x_wconf 88' lang='lat' dir='ltr'><strong>Fabiae</strong></span> <span class='ocrx_word' id='word_1_596' title='bbox 2275 258 2374 284; x_wconf 89' lang='lat' dir='ltr'><strong>coer-</strong></span> 
     </span>
     <span class='ocr_line' id='line_1_82' title="bbox 1289 290 2376 340; baseline 0.002 -12"><span class='ocrx_word' id='word_1_597' title='bbox 1289 294 1310 328; x_wconf 86' lang='lat'><strong>3</strong></span> <span class='ocrx_word' id='word_1_598' title='bbox 1357 294 1470 328; x_wconf 92' lang='lat' dir='ltr'><strong>cetur.</strong></span> <span class='ocrx_word' id='word_1_599' title='bbox 1517 290 1588 336; x_wconf 78' lang='lat' dir='ltr'><strong>Qui</strong></span> <span class='ocrx_word' id='word_1_600' title='bbox 1610 291 1752 328; x_wconf 89' lang='lat' dir='ltr'><strong>tabulas</strong></span> <span class='ocrx_word' id='word_1_601' title='bbox 1777 295 2003 330; x_wconf 88' lang='lat' dir='ltr'><strong>cautionesve</strong></span> <span class='ocrx_word' id='word_1_602' title='bbox 2026 294 2222 340; x_wconf 87' lang='lat' dir='ltr'><strong>subripuit,</strong></span> <span class='ocrx_word' id='word_1_603' title='bbox 2251 294 2290 330; x_wconf 89' lang='lat' dir='ltr'><strong>in</strong></span> <span class='ocrx_word' id='word_1_604' title='bbox 2312 294 2376 330; x_wconf 89' lang='lat' dir='ltr'><strong>ad-</strong></span> 
     </span>
     <span class='ocr_line' id='line_1_83' title="bbox 1289 336 2377 382; baseline 0.003 -9"><span class='ocrx_word' id='word_1_605' title='bbox 1289 337 1462 382; x_wconf 84' lang='lat' dir='ltr'><strong>scriptam</strong></span> <span class='ocrx_word' id='word_1_606' title='bbox 1482 346 1658 372; x_wconf 83' lang='lat' dir='ltr'><strong>summam</strong></span> <span class='ocrx_word' id='word_1_607' title='bbox 1677 336 1765 372; x_wconf 84' lang='lat' dir='ltr'><strong>furti</strong></span> <span class='ocrx_word' id='word_1_608' title='bbox 1783 338 1923 375; x_wconf 86' lang='lat' dir='ltr'><strong>actione</strong></span> <span class='ocrx_word' id='word_1_609' title='bbox 1946 339 2144 375; x_wconf 84' lang='lat' dir='ltr'><strong>tenebitur:</strong></span> <span class='ocrx_word' id='word_1_610' title='bbox 2168 349 2235 375; x_wconf 88' lang='lat' dir='ltr'><strong>nec</strong></span> <span class='ocrx_word' id='word_1_611' title='bbox 2253 339 2377 382; x_wconf 82' lang='lat' dir='ltr'><strong>refert,</strong></span> 
     </span>
     <span class='ocr_line' id='line_1_84' title="bbox 1290 382 2377 431; baseline 0.001 -13"><span class='ocrx_word' id='word_1_612' title='bbox 1290 382 1509 418; x_wconf 88' lang='lat' dir='ltr'><strong>cancellatae</strong></span> <span class='ocrx_word' id='word_1_613' title='bbox 1532 391 1600 418; x_wconf 91' lang='lat' dir='ltr'><strong>nec</strong></span> <span class='ocrx_word' id='word_1_614' title='bbox 1622 391 1668 418; x_wconf 89' lang='lat' dir='ltr'><strong>ne</strong></span> <span class='ocrx_word' id='word_1_615' title='bbox 1692 382 1781 424; x_wconf 90' lang='lat' dir='ltr'><strong>sint,</strong></span> <span class='ocrx_word' id='word_1_616' title='bbox 1815 383 1898 428; x_wconf 87' lang='lat' dir='ltr'><strong>quia</strong></span> <span class='ocrx_word' id='word_1_617' title='bbox 1930 393 1976 419; x_wconf 84' lang='lat' dir='ltr'><strong>ex</strong></span> <span class='ocrx_word' id='word_1_618' title='bbox 1997 384 2054 421; x_wconf 85' lang='lat' dir='ltr'><strong>his</strong></span> <span class='ocrx_word' id='word_1_619' title='bbox 2085 383 2242 421; x_wconf 84' lang='lat' dir='ltr'><strong>debitum</strong></span> <span class='ocrx_word' id='word_1_620' title='bbox 2265 385 2377 431; x_wconf 79' lang='lat' dir='ltr'><strong>magis</strong></span> 
     </span>
     <span class='ocr_line' id='line_1_85' title="bbox 1289 427 1952 473; baseline 0.003 -10"><span class='ocrx_word' id='word_1_621' title='bbox 1289 427 1446 463; x_wconf 91' lang='lat' dir='ltr'><strong>solutum</strong></span> <span class='ocrx_word' id='word_1_622' title='bbox 1469 437 1549 463; x_wconf 90' lang='lat' dir='ltr'><strong>esse</strong></span> <span class='ocrx_word' id='word_1_623' title='bbox 1573 427 1799 472; x_wconf 88' lang='lat' dir='ltr'><strong>comprobari</strong></span> <span class='ocrx_word' id='word_1_624' title='bbox 1822 432 1952 473; x_wconf 89' lang='lat' dir='ltr'><strong>potest.</strong></span> 
     </span>
    </p>

    <p class='ocr_par' dir='ltr' id='par_1_13' title="bbox 1288 469 2377 744">
     <span class='ocr_line' id='line_1_86' title="bbox 1336 469 2377 521; baseline 0 -10"><span class='ocrx_word' id='word_1_625' title='bbox 1336 469 1390 511; x_wconf 90' lang='grc'><strong>84</strong></span> <span class='ocrx_word' id='word_1_626' title='bbox 1420 469 1503 516; x_wconf 90' lang='grc'>(83)</span> <span class='ocrx_word' id='word_1_627' title='bbox 1534 471 1741 508; x_wconf 63' lang='lat' dir='ltr'><strong>Mamas</strong></span> <span class='ocrx_word' id='word_1_628' title='bbox 1770 472 1860 508; x_wconf 77' lang='lat' dir='ltr'><strong>libro</strong></span> <span class='ocrx_word' id='word_1_629' title='bbox 1885 475 2009 520; x_wconf 84' lang='lat' dir='ltr'><strong>primo</strong></span> <span class='ocrx_word' id='word_1_630' title='bbox 2038 485 2293 521; x_wconf 79' lang='lat' dir='ltr'><strong>responsorum</strong></span> <span class='ocrx_word' id='word_1_631' title='bbox 2340 475 2377 511; x_wconf 88' lang='lat' dir='ltr'><strong>Si</strong></span> 
     </span>
     <span class='ocr_line' id='line_1_87' title="bbox 1289 517 2377 566; baseline 0.001 -12"><span class='ocrx_word' id='word_1_632' title='bbox 1289 518 1368 564; x_wconf 91' lang='lat' dir='ltr'><strong>quis</strong></span> <span class='ocrx_word' id='word_1_633' title='bbox 1403 528 1448 554; x_wconf 87' lang='lat' dir='ltr'><strong>ex</strong></span> <span class='ocrx_word' id='word_1_634' title='bbox 1482 518 1586 554; x_wconf 87' lang='lat' dir='ltr'><strong>bonis</strong></span> <span class='ocrx_word' id='word_1_635' title='bbox 1621 517 1717 560; x_wconf 87' lang='lat' dir='ltr'><strong>eius,</strong></span> <span class='ocrx_word' id='word_1_636' title='bbox 1752 527 1855 562; x_wconf 89' lang='lat' dir='ltr'><strong>quem</strong></span> <span class='ocrx_word' id='word_1_637' title='bbox 1899 519 2051 563; x_wconf 85' lang='lat' dir='ltr'><strong>putabat</strong></span> <span class='ocrx_word' id='word_1_638' title='bbox 2083 523 2280 564; x_wconf 91' lang='lat' dir='ltr'><strong>mortuum,</strong></span> <span class='ocrx_word' id='word_1_639' title='bbox 2316 521 2377 566; x_wconf 90' lang='lat' dir='ltr'><strong>qui</strong></span> 
     </span>
     <span class='ocr_line' id='line_1_88' title="bbox 1288 562 2377 609; baseline 0.002 -10"><span class='ocrx_word' id='word_1_640' title='bbox 1288 564 1388 600; x_wconf 89' lang='lat' dir='ltr'><strong>vivus</strong></span> <span class='ocrx_word' id='word_1_641' title='bbox 1409 566 1497 606; x_wconf 86' lang='lat' dir='ltr'><strong>erat,</strong></span> <span class='ocrx_word' id='word_1_642' title='bbox 1521 573 1589 609; x_wconf 90' lang='lat' dir='ltr'><strong>pro</strong></span> <span class='ocrx_word' id='word_1_643' title='bbox 1608 562 1739 598; x_wconf 89' lang='lat' dir='ltr'><strong>herede</strong></span> <span class='ocrx_word' id='word_1_644' title='bbox 1757 573 1814 598; x_wconf 88' lang='lat' dir='ltr'><strong>res</strong></span> <span class='ocrx_word' id='word_1_645' title='bbox 1834 563 2117 608; x_wconf 88' lang='lat' dir='ltr'><strong>adprehenderit,</strong></span> <span class='ocrx_word' id='word_1_646' title='bbox 2142 576 2223 600; x_wconf 90' lang='lat' dir='ltr'><strong>eum</strong></span> <span class='ocrx_word' id='word_1_647' title='bbox 2241 565 2377 601; x_wconf 83' lang='lat' dir='ltr'><strong>furtum</strong></span> 
     </span>
     <span class='ocr_line' id='line_1_89' title="bbox 1293 607 2377 652; baseline 0.002 -8"><span class='ocrx_word' id='word_1_648' title='bbox 1293 613 1306 644; x_wconf 86' lang='lat'>1</span> <span class='ocrx_word' id='word_1_649' title='bbox 1357 620 1429 644; x_wconf 90' lang='lat' dir='ltr'><strong>non</strong></span> <span class='ocrx_word' id='word_1_650' title='bbox 1448 608 1578 644; x_wconf 89' lang='lat' dir='ltr'><strong>facere.</strong></span> <span class='ocrx_word' id='word_1_651' title='bbox 1615 607 1672 652; x_wconf 87' lang='lat' dir='ltr'><strong>Ei,</strong></span> <span class='ocrx_word' id='word_1_652' title='bbox 1698 618 1780 643; x_wconf 91' lang='lat' dir='ltr'><strong>cuin</strong></span> <span class='ocrx_word' id='word_1_653' title='bbox 1804 619 1872 652; x_wconf 92' lang='lat' dir='ltr'><strong>quo</strong></span> <span class='ocrx_word' id='word_1_654' title='bbox 1897 620 1962 644; x_wconf 91' lang='lat' dir='ltr'><strong>suo</strong></span> <span class='ocrx_word' id='word_1_655' title='bbox 1986 611 2127 645; x_wconf 91' lang='lat' dir='ltr'><strong>nomine</strong></span> <span class='ocrx_word' id='word_1_656' title='bbox 2150 610 2237 646; x_wconf 81' lang='lat' dir='ltr'><strong>furti</strong></span> <span class='ocrx_word' id='word_1_657' title='bbox 2256 614 2377 646; x_wconf 87' lang='lat' dir='ltr'><strong>actum</strong></span> 
     </span>
     <span class='ocr_line' id='line_1_90' title="bbox 1290 653 2376 701; baseline 0.002 -11"><span class='ocrx_word' id='word_1_658' title='bbox 1290 658 1354 698; x_wconf 91' lang='lat' dir='ltr'><strong>est,</strong></span> <span class='ocrx_word' id='word_1_659' title='bbox 1379 655 1409 690; x_wconf 92' lang='lat' dir='ltr'><strong>si</strong></span> <span class='ocrx_word' id='word_1_660' title='bbox 1433 654 1526 690; x_wconf 88' lang='lat' dir='ltr'><strong>servi</strong></span> <span class='ocrx_word' id='word_1_661' title='bbox 1549 653 1691 690; x_wconf 88' lang='lat' dir='ltr'><strong>nomine</strong></span> <span class='ocrx_word' id='word_1_662' title='bbox 1716 653 1760 689; x_wconf 90' lang='lat' dir='ltr'><strong>de</strong></span> <span class='ocrx_word' id='word_1_663' title='bbox 1785 653 1855 688; x_wconf 82' lang='lat' dir='ltr'><strong>alia</strong></span> <span class='ocrx_word' id='word_1_664' title='bbox 1878 664 1918 688; x_wconf 92' lang='lat' dir='ltr'><strong>re</strong></span> <span class='ocrx_word' id='word_1_665' title='bbox 1941 654 2110 691; x_wconf 88' lang='lat' dir='ltr'><strong>adversus</strong></span> <span class='ocrx_word' id='word_1_666' title='bbox 2135 666 2215 691; x_wconf 90' lang='lat' dir='ltr'><strong>eum</strong></span> <span class='ocrx_word' id='word_1_667' title='bbox 2239 660 2376 701; x_wconf 87' lang='lat' dir='ltr'><strong>agatur,</strong></span> 
     </span>
     <span class='ocr_line' id='line_1_91' title="bbox 1289 698 2139 744; baseline 0.001 -9"><span class='ocrx_word' id='word_1_668' title='bbox 1289 711 1362 736; x_wconf 91' lang='lat' dir='ltr'><strong>non</strong></span> <span class='ocrx_word' id='word_1_669' title='bbox 1387 699 1542 735; x_wconf 87' lang='lat' dir='ltr'><strong>dandam</strong></span> <span class='ocrx_word' id='word_1_670' title='bbox 1565 698 1811 744; x_wconf 87' lang='lat' dir='ltr'><strong>exceptionem</strong></span> <span class='ocrx_word' id='word_1_671' title='bbox 1835 698 1923 733; x_wconf 88' lang='lat' dir='ltr'><strong>furti</strong></span> <span class='ocrx_word' id='word_1_672' title='bbox 1946 710 2018 734; x_wconf 86' lang='lat' dir='ltr'><strong>una</strong></span> <span class='ocrx_word' id='word_1_673' title='bbox 2041 700 2139 736; x_wconf 88' lang='lat' dir='ltr'><strong>facti.</strong></span> 
     </span>
    </p>

    <p class='ocr_par' dir='ltr' id='par_1_14' title="bbox 1289 741 2379 972">
     <span class='ocr_line' id='line_1_92' title="bbox 1336 741 2376 791; baseline -0.001 -8"><span class='ocrx_word' id='word_1_674' title='bbox 1336 741 1388 783; x_wconf 89' lang='lat'><strong>85</strong></span> <span class='ocrx_word' id='word_1_675' title='bbox 1404 742 1487 789; x_wconf 88' lang='grc'>(84)</span> <span class='ocrx_word' id='word_1_676' title='bbox 1504 744 1561 780; x_wconf 78' lang='grc' dir='ltr'><strong>ΡΑ</strong></span> <span class='ocrx_word' id='word_1_677' title='bbox 1569 754 1664 780; x_wconf 67' lang='lat' dir='ltr'><strong>Ubus</strong></span> <span class='ocrx_word' id='word_1_678' title='bbox 1685 744 1776 780; x_wconf 80' lang='lat' dir='ltr'><strong>libro</strong></span> <span class='ocrx_word' id='word_1_679' title='bbox 1796 744 1954 779; x_wconf 83' lang='lat' dir='ltr'><strong>seeundo</strong></span> <span class='ocrx_word' id='word_1_680' title='bbox 1974 745 2023 779; x_wconf 79' lang='lat' dir='ltr'><strong>act</strong></span> <span class='ocrx_word' id='word_1_681' title='bbox 2034 745 2222 782; x_wconf 79' lang='lat' dir='ltr'><strong>Neratium</strong></span> <span class='ocrx_word' id='word_1_682' title='bbox 2247 747 2376 791; x_wconf 78' lang='lat' dir='ltr'><strong>Quam-</strong></span> 
     </span>
     <span class='ocr_line' id='line_1_93' title="bbox 1290 788 2378 837; baseline 0.002 -11"><span class='ocrx_word' id='word_1_683' title='bbox 1290 790 1341 826; x_wconf 87' lang='lat' dir='ltr'><strong>vis</strong></span> <span class='ocrx_word' id='word_1_684' title='bbox 1369 801 1428 827; x_wconf 93' lang='lat' dir='ltr'><strong>res</strong></span> <span class='ocrx_word' id='word_1_685' title='bbox 1459 790 1610 832; x_wconf 87' lang='lat' dir='ltr'><strong>furtiva,</strong></span> <span class='ocrx_word' id='word_1_686' title='bbox 1642 789 1712 825; x_wconf 87' lang='lat' dir='ltr'><strong>nisi</strong></span> <span class='ocrx_word' id='word_1_687' title='bbox 1743 788 1791 824; x_wconf 90' lang='lat' dir='ltr'><strong>ad</strong></span> <span class='ocrx_word' id='word_1_688' title='bbox 1822 788 2004 824; x_wconf 90' lang='lat' dir='ltr'><strong>dominum</strong></span> <span class='ocrx_word' id='word_1_689' title='bbox 2034 789 2194 834; x_wconf 90' lang='lat' dir='ltr'><strong>redierit,</strong></span> <span class='ocrx_word' id='word_1_690' title='bbox 2228 792 2378 837; x_wconf 87' lang='lat' dir='ltr'><strong>usucapi</strong></span> 
     </span>
     <span class='ocr_line' id='line_1_94' title="bbox 1289 834 2379 879; baseline -0.001 -7"><span class='ocrx_word' id='word_1_691' title='bbox 1289 847 1361 872; x_wconf 93' lang='lat' dir='ltr'><strong>non</strong></span> <span class='ocrx_word' id='word_1_692' title='bbox 1412 836 1515 879; x_wconf 90' lang='lat' dir='ltr'><strong>ossit,</strong></span> <span class='ocrx_word' id='word_1_693' title='bbox 1541 839 1680 878; x_wconf 88' lang='lat' dir='ltr'><strong>tamen,</strong></span> <span class='ocrx_word' id='word_1_694' title='bbox 1705 834 1736 871; x_wconf 92' lang='lat' dir='ltr'><strong>si</strong></span> <span class='ocrx_word' id='word_1_695' title='bbox 1760 844 1802 870; x_wconf 91' lang='lat' dir='ltr'><strong>eo</strong></span> <span class='ocrx_word' id='word_1_696' title='bbox 1826 834 1969 870; x_wconf 88' lang='lat' dir='ltr'><strong>nomine</strong></span> <span class='ocrx_word' id='word_1_697' title='bbox 1991 834 2034 871; x_wconf 91' lang='lat' dir='ltr'><strong>lis</strong></span> <span class='ocrx_word' id='word_1_698' title='bbox 2059 836 2246 872; x_wconf 84' lang='lat' dir='ltr'><strong>aestimata</strong></span> <span class='ocrx_word' id='word_1_699' title='bbox 2269 837 2379 873; x_wconf 85' lang='lat' dir='ltr'><strong>fuerit</strong></span> 
     </span>
     <span class='ocr_line' id='line_1_95' title="bbox 1289 879 2377 928; baseline 0 -10"><span class='ocrx_word' id='word_1_700' title='bbox 1289 882 1343 918; x_wconf 87' lang='lat' dir='ltr'><strong>vel</strong></span> <span class='ocrx_word' id='word_1_701' title='bbox 1392 881 1447 917; x_wconf 90' lang='lat' dir='ltr'><strong>uri</strong></span> <span class='ocrx_word' id='word_1_702' title='bbox 1478 880 1643 917; x_wconf 84' lang='lat' dir='ltr'><strong>dominus</strong></span> <span class='ocrx_word' id='word_1_703' title='bbox 1683 890 1763 917; x_wconf 85' lang='lat' dir='ltr'><strong>eam</strong></span> <span class='ocrx_word' id='word_1_704' title='bbox 1801 879 2015 922; x_wconf 88' lang='lat' dir='ltr'><strong>vendiderit,</strong></span> <span class='ocrx_word' id='word_1_705' title='bbox 2053 891 2125 916; x_wconf 90' lang='lat' dir='ltr'><strong>non</strong></span> <span class='ocrx_word' id='word_1_706' title='bbox 2160 882 2377 928; x_wconf 84' lang='lat' dir='ltr'><strong>interpellari</strong></span> 
     </span>
     <span class='ocr_line' id='line_1_96' title="bbox 1289 925 2001 972; baseline -0.003 -10"><span class='ocrx_word' id='word_1_707' title='bbox 1289 927 1359 962; x_wconf 89' lang='lat' dir='ltr'><strong>iam</strong></span> <span class='ocrx_word' id='word_1_708' title='bbox 1385 926 1617 972; x_wconf 89' lang='lat' dir='ltr'><strong>usucapionis</strong></span> <span class='ocrx_word' id='word_1_709' title='bbox 1640 925 1697 962; x_wconf 91' lang='lat' dir='ltr'><strong>ius</strong></span> <span class='ocrx_word' id='word_1_710' title='bbox 1722 925 1911 962; x_wconf 88' lang='lat' dir='ltr'><strong>dicendum</strong></span> <span class='ocrx_word' id='word_1_711' title='bbox 1935 929 2001 961; x_wconf 90' lang='lat' dir='ltr'><strong>est.</strong></span> 
     </span>
    </p>

    <p class='ocr_par' dir='ltr' id='par_1_15' title="bbox 1289 969 2380 1380">
     <span class='ocr_line' id='line_1_97' title="bbox 1336 969 2378 1016; baseline -0.003 -5"><span class='ocrx_word' id='word_1_712' title='bbox 1336 970 1389 1010; x_wconf 90' lang='grc'>86</span> <span class='ocrx_word' id='word_1_713' title='bbox 1415 969 1498 1016; x_wconf 89' lang='grc'>(85)</span> <span class='ocrx_word' id='word_1_714' title='bbox 1522 971 1629 1007; x_wconf 72' lang='lat' dir='ltr'><em>IDEM</em></span> <span class='ocrx_word' id='word_1_715' title='bbox 1649 971 1741 1007; x_wconf 83' lang='lat' dir='ltr'><strong>libro</strong></span> <span class='ocrx_word' id='word_1_716' title='bbox 1764 971 1922 1007; x_wconf 84' lang='lat' dir='ltr'><strong>secundo</strong></span> <span class='ocrx_word' id='word_1_717' title='bbox 1946 970 2166 1006; x_wconf 85' lang='lat' dir='ltr'><strong>manualium</strong></span> <span class='ocrx_word' id='word_1_718' title='bbox 2204 971 2251 1014; x_wconf 89' lang='lat' dir='ltr'><strong>Is,</strong></span> <span class='ocrx_word' id='word_1_719' title='bbox 2276 972 2378 1008; x_wconf 88' lang='lat' dir='ltr'><strong>cuius</strong></span> 
     </span>
     <span class='ocr_line' id='line_1_98' title="bbox 1289 1016 2378 1062; baseline 0.001 -9"><span class='ocrx_word' id='word_1_720' title='bbox 1289 1018 1440 1054; x_wconf 89' lang='lat' dir='ltr'><strong>interest</strong></span> <span class='ocrx_word' id='word_1_721' title='bbox 1463 1028 1536 1053; x_wconf 93' lang='lat' dir='ltr'><strong>non</strong></span> <span class='ocrx_word' id='word_1_722' title='bbox 1560 1017 1710 1062; x_wconf 91' lang='lat' dir='ltr'><strong>subripi,</strong></span> <span class='ocrx_word' id='word_1_723' title='bbox 1734 1016 1824 1053; x_wconf 86' lang='lat' dir='ltr'><strong>furti</strong></span> <span class='ocrx_word' id='word_1_724' title='bbox 1847 1016 2025 1051; x_wconf 88' lang='lat' dir='ltr'><strong>actionem</strong></span> <span class='ocrx_word' id='word_1_725' title='bbox 2047 1016 2166 1059; x_wconf 87' lang='lat' dir='ltr'><strong>habet,</strong></span> <span class='ocrx_word' id='word_1_726' title='bbox 2192 1018 2222 1052; x_wconf 90' lang='lat' dir='ltr'><strong>si</strong></span> <span class='ocrx_word' id='word_1_727' title='bbox 2245 1021 2281 1053; x_wconf 90' lang='lat' dir='ltr'><strong>et</strong></span> <span class='ocrx_word' id='word_1_728' title='bbox 2303 1029 2378 1054; x_wconf 90' lang='lat' dir='ltr'><strong>rem</strong></span> 
     </span>
     <span class='ocr_line' id='line_1_99' title="bbox 1290 1061 2377 1104; baseline 0 -5"><span class='ocrx_word' id='word_1_729' title='bbox 1290 1063 1407 1099; x_wconf 85' lang='lat' dir='ltr'><strong>tenuit</strong></span> <span class='ocrx_word' id='word_1_730' title='bbox 1438 1063 1572 1099; x_wconf 91' lang='lat' dir='ltr'><strong>domini</strong></span> <span class='ocrx_word' id='word_1_731' title='bbox 1603 1063 1806 1104; x_wconf 90' lang='lat' dir='ltr'><strong>voluntate,</strong></span> <span class='ocrx_word' id='word_1_732' title='bbox 1839 1061 1876 1096; x_wconf 91' lang='lat' dir='ltr'><strong>id</strong></span> <span class='ocrx_word' id='word_1_733' title='bbox 1900 1068 1955 1096; x_wconf 89' lang='lat' dir='ltr'><strong>est</strong></span> <span class='ocrx_word' id='word_1_734' title='bbox 1977 1061 2088 1096; x_wconf 90' lang='lat' dir='ltr'><strong>veluti</strong></span> <span class='ocrx_word' id='word_1_735' title='bbox 2110 1062 2140 1097; x_wconf 91' lang='lat' dir='ltr'><strong>is</strong></span> <span class='ocrx_word' id='word_1_736' title='bbox 2166 1062 2223 1097; x_wconf 90' lang='lat' dir='ltr'><strong>cui</strong></span> <span class='ocrx_word' id='word_1_737' title='bbox 2245 1073 2302 1099; x_wconf 89' lang='lat' dir='ltr'><strong>res</strong></span> <span class='ocrx_word' id='word_1_738' title='bbox 2326 1063 2377 1098; x_wconf 87' lang='lat'><strong>10-</strong></span> 
     </span>
     <span class='ocr_line' id='line_1_100' title="bbox 1291 1107 2378 1153; baseline -0.002 -8"><span class='ocrx_word' id='word_1_739' title='bbox 1291 1113 1373 1145; x_wconf 88' lang='lat' dir='ltr'><strong>cata</strong></span> <span class='ocrx_word' id='word_1_740' title='bbox 1397 1112 1463 1145; x_wconf 90' lang='lat' dir='ltr'><strong>est.</strong></span> <span class='ocrx_word' id='word_1_741' title='bbox 1509 1108 1542 1144; x_wconf 90' lang='lat' dir='ltr'><strong>is</strong></span> <span class='ocrx_word' id='word_1_742' title='bbox 1566 1111 1698 1151; x_wconf 91' lang='lat' dir='ltr'><strong>autem,</strong></span> <span class='ocrx_word' id='word_1_743' title='bbox 1724 1107 1785 1152; x_wconf 92' lang='lat' dir='ltr'><strong>qui</strong></span> <span class='ocrx_word' id='word_1_744' title='bbox 1808 1117 1876 1143; x_wconf 92' lang='lat' dir='ltr'><strong>sua</strong></span> <span class='ocrx_word' id='word_1_745' title='bbox 1899 1107 2083 1142; x_wconf 88' lang='lat' dir='ltr'><strong>voluntate</strong></span> <span class='ocrx_word' id='word_1_746' title='bbox 2105 1107 2161 1142; x_wconf 91' lang='lat' dir='ltr'><strong>vel</strong></span> <span class='ocrx_word' id='word_1_747' title='bbox 2184 1107 2291 1142; x_wconf 88' lang='lat' dir='ltr'><strong>etiam</strong></span> <span class='ocrx_word' id='word_1_748' title='bbox 2313 1120 2378 1153; x_wconf 90' lang='lat' dir='ltr'><strong>pro</strong></span> 
     </span>
     <span class='ocr_line' id='line_1_101' title="bbox 1290 1152 2380 1199; baseline -0.002 -9"><span class='ocrx_word' id='word_1_749' title='bbox 1290 1158 1410 1190; x_wconf 89' lang='lat' dir='ltr'><strong>tutore</strong></span> <span class='ocrx_word' id='word_1_750' title='bbox 1441 1153 1584 1199; x_wconf 88' lang='lat' dir='ltr'><strong>negotia</strong></span> <span class='ocrx_word' id='word_1_751' title='bbox 1606 1153 1714 1198; x_wconf 87' lang='lat' dir='ltr'><strong>gerit,</strong></span> <span class='ocrx_word' id='word_1_752' title='bbox 1745 1152 1831 1189; x_wconf 90' lang='lat' dir='ltr'><strong>item</strong></span> <span class='ocrx_word' id='word_1_753' title='bbox 1860 1156 1960 1187; x_wconf 90' lang='lat' dir='ltr'><strong>tutor</strong></span> <span class='ocrx_word' id='word_1_754' title='bbox 1987 1152 2044 1187; x_wconf 89' lang='lat' dir='ltr'><strong>vel</strong></span> <span class='ocrx_word' id='word_1_755' title='bbox 2068 1156 2213 1188; x_wconf 90' lang='lat' dir='ltr'><strong>curator</strong></span> <span class='ocrx_word' id='word_1_756' title='bbox 2236 1153 2282 1188; x_wconf 92' lang='lat' dir='ltr'><strong>ob</strong></span> <span class='ocrx_word' id='word_1_757' title='bbox 2306 1164 2380 1189; x_wconf 89' lang='lat' dir='ltr'><strong>rem</strong></span> 
     </span>
     <span class='ocr_line' id='line_1_102' title="bbox 1291 1196 2378 1245; baseline -0.002 -9"><span class='ocrx_word' id='word_1_758' title='bbox 1291 1211 1359 1236; x_wconf 84' lang='lat' dir='ltr'><strong>sua</strong></span> <span class='ocrx_word' id='word_1_759' title='bbox 1402 1200 1509 1245; x_wconf 89' lang='lat' dir='ltr'><strong>culpa</strong></span> <span class='ocrx_word' id='word_1_760' title='bbox 1550 1199 1759 1244; x_wconf 89' lang='lat' dir='ltr'><strong>subreptam</strong></span> <span class='ocrx_word' id='word_1_761' title='bbox 1794 1209 1868 1234; x_wconf 90' lang='lat' dir='ltr'><strong>non</strong></span> <span class='ocrx_word' id='word_1_762' title='bbox 1910 1197 2020 1233; x_wconf 88' lang='lat' dir='ltr'><strong>habet</strong></span> <span class='ocrx_word' id='word_1_763' title='bbox 2061 1196 2150 1232; x_wconf 88' lang='lat' dir='ltr'><strong>furti</strong></span> <span class='ocrx_word' id='word_1_764' title='bbox 2192 1198 2378 1234; x_wconf 85' lang='lat' dir='ltr'><strong>actionem.</strong></span> 
     </span>
     <span class='ocr_line' id='line_1_103' title="bbox 1290 1243 2380 1289; baseline 0 -9"><span class='ocrx_word' id='word_1_765' title='bbox 1290 1246 1375 1280; x_wconf 88' lang='lat' dir='ltr'><strong>item</strong></span> <span class='ocrx_word' id='word_1_766' title='bbox 1407 1246 1456 1289; x_wconf 90' lang='lat' dir='ltr'><strong>is,</strong></span> <span class='ocrx_word' id='word_1_767' title='bbox 1494 1244 1553 1280; x_wconf 89' lang='lat' dir='ltr'><strong>cui</strong></span> <span class='ocrx_word' id='word_1_768' title='bbox 1584 1255 1628 1280; x_wconf 84' lang='lat' dir='ltr'><strong>ex</strong></span> <span class='ocrx_word' id='word_1_769' title='bbox 1659 1244 1832 1289; x_wconf 86' lang='lat' dir='ltr'><strong>stipulato</strong></span> <span class='ocrx_word' id='word_1_770' title='bbox 1862 1243 1918 1279; x_wconf 90' lang='lat' dir='ltr'><strong>vel</strong></span> <span class='ocrx_word' id='word_1_771' title='bbox 1946 1253 1992 1278; x_wconf 88' lang='lat' dir='ltr'><strong>ex</strong></span> <span class='ocrx_word' id='word_1_772' title='bbox 2021 1246 2235 1278; x_wconf 83' lang='lat' dir='ltr'><strong>testamento</strong></span> <span class='ocrx_word' id='word_1_773' title='bbox 2259 1254 2380 1280; x_wconf 90' lang='lat' dir='ltr'><strong>servus</strong></span> 
     </span>
     <span class='ocr_line' id='line_1_104' title="bbox 1291 1288 2379 1337; baseline -0.002 -10"><span class='ocrx_word' id='word_1_774' title='bbox 1291 1291 1452 1334; x_wconf 88' lang='lat' dir='ltr'><strong>debetur,</strong></span> <span class='ocrx_word' id='word_1_775' title='bbox 1478 1290 1639 1337; x_wconf 86' lang='lat' dir='ltr'><strong>quamvis</strong></span> <span class='ocrx_word' id='word_1_776' title='bbox 1662 1289 1804 1325; x_wconf 92' lang='lat' dir='ltr'><strong>intersit</strong></span> <span class='ocrx_word' id='word_1_777' title='bbox 1823 1288 1911 1330; x_wconf 87' lang='lat' dir='ltr'><strong>eius,</strong></span> <span class='ocrx_word' id='word_1_778' title='bbox 1936 1299 2009 1324; x_wconf 92' lang='lat' dir='ltr'><strong>non</strong></span> <span class='ocrx_word' id='word_1_779' title='bbox 2031 1288 2142 1324; x_wconf 85' lang='lat' dir='ltr'><strong>habet</strong></span> <span class='ocrx_word' id='word_1_780' title='bbox 2164 1288 2252 1324; x_wconf 82' lang='lat' dir='ltr'><strong>furti</strong></span> <span class='ocrx_word' id='word_1_781' title='bbox 2268 1290 2379 1325; x_wconf 90' lang='lat' dir='ltr'><strong>actio-</strong></span> 
     </span>
     <span class='ocr_line' id='line_1_105' title="bbox 1290 1333 2176 1380; baseline -0.003 -8"><span class='ocrx_word' id='word_1_782' title='bbox 1290 1347 1389 1372; x_wconf 89' lang='lat' dir='ltr'><strong>nem:</strong></span> <span class='ocrx_word' id='word_1_783' title='bbox 1415 1336 1481 1372; x_wconf 90' lang='lat' dir='ltr'><strong>sed</strong></span> <span class='ocrx_word' id='word_1_784' title='bbox 1503 1346 1570 1371; x_wconf 92' lang='lat' dir='ltr'><strong>nec</strong></span> <span class='ocrx_word' id='word_1_785' title='bbox 1593 1336 1635 1379; x_wconf 89' lang='lat' dir='ltr'><strong>is,</strong></span> <span class='ocrx_word' id='word_1_786' title='bbox 1661 1335 1723 1380; x_wconf 90' lang='lat' dir='ltr'><strong>qui</strong></span> <span class='ocrx_word' id='word_1_787' title='bbox 1746 1334 1923 1370; x_wconf 89' lang='lat' dir='ltr'><strong>fideiussit</strong></span> <span class='ocrx_word' id='word_1_788' title='bbox 1945 1344 2012 1380; x_wconf 91' lang='lat' dir='ltr'><strong>pro</strong></span> <span class='ocrx_word' id='word_1_789' title='bbox 2037 1333 2176 1370; x_wconf 91' lang='lat' dir='ltr'><strong>colono.</strong></span> 
     </span>
    </p>

    <p class='ocr_par' dir='ltr' id='par_1_16' title="bbox 1289 1379 2381 1607">
     <span class='ocr_line' id='line_1_106' title="bbox 1337 1379 2380 1426; baseline -0.006 -6"><span class='ocrx_word' id='word_1_790' title='bbox 1337 1379 1389 1420; x_wconf 91' lang='lat'><strong>87</strong></span> <span class='ocrx_word' id='word_1_791' title='bbox 1416 1379 1499 1425; x_wconf 85' lang='grc'>(86)</span> <span class='ocrx_word' id='word_1_792' title='bbox 1534 1381 1814 1417; x_wconf 71' lang='lat' dir='ltr'><strong>Tni&#39;euomivvs</strong></span> <span class='ocrx_word' id='word_1_793' title='bbox 1845 1380 1936 1415; x_wconf 78' lang='lat' dir='ltr'><strong>libro</strong></span> <span class='ocrx_word' id='word_1_794' title='bbox 1968 1390 2064 1415; x_wconf 89' lang='lat' dir='ltr'><strong>nono</strong></span> <span class='ocrx_word' id='word_1_795' title='bbox 2099 1379 2380 1426; x_wconf 78' lang='lat' dir='ltr'><strong>disputationum</strong></span> 
     </span>
     <span class='ocr_line' id='line_1_107' title="bbox 1291 1425 2379 1471; baseline -0.003 -8"><span class='ocrx_word' id='word_1_796' title='bbox 1291 1428 1328 1463; x_wconf 88' lang='lat' dir='ltr'><strong>Si</strong></span> <span class='ocrx_word' id='word_1_797' title='bbox 1360 1427 1407 1463; x_wconf 93' lang='lat' dir='ltr'><strong>ad</strong></span> <span class='ocrx_word' id='word_1_798' title='bbox 1436 1427 1619 1463; x_wconf 89' lang='lat' dir='ltr'><strong>dominum</strong></span> <span class='ocrx_word' id='word_1_799' title='bbox 1657 1426 1881 1471; x_wconf 86' lang='lat' dir='ltr'><strong>ignorantem</strong></span> <span class='ocrx_word' id='word_1_800' title='bbox 1920 1425 2122 1470; x_wconf 88' lang='lat' dir='ltr'><strong>perveniret</strong></span> <span class='ocrx_word' id='word_1_801' title='bbox 2160 1435 2216 1460; x_wconf 90' lang='lat' dir='ltr'><strong>res</strong></span> <span class='ocrx_word' id='word_1_802' title='bbox 2246 1425 2379 1461; x_wconf 80' lang='lat' dir='ltr'><strong>furtiva</strong></span> 
     </span>
     <span class='ocr_line' id='line_1_108' title="bbox 1290 1470 2379 1518; baseline -0.004 -9"><span class='ocrx_word' id='word_1_803' title='bbox 1290 1473 1345 1509; x_wconf 91' lang='lat' dir='ltr'><strong>vel</strong></span> <span class='ocrx_word' id='word_1_804' title='bbox 1367 1473 1425 1508; x_wconf 82' lang='lat' dir='ltr'><strong>vi⁹</strong></span> <span class='ocrx_word' id='word_1_805' title='bbox 1448 1482 1628 1518; x_wconf 88' lang='lat' dir='ltr'><strong>possessa,</strong></span> <span class='ocrx_word' id='word_1_806' title='bbox 1658 1473 1764 1507; x_wconf 84' lang='lat' dir='ltr'><strong>¹⁰n0n</strong></span> <span class='ocrx_word' id='word_1_807' title='bbox 1780 1470 1945 1507; x_wconf 88' lang='lat' dir='ltr'><strong>videatur</strong></span> <span class='ocrx_word' id='word_1_808' title='bbox 1959 1471 1998 1506; x_wconf 93' lang='lat' dir='ltr'><strong>in</strong></span> <span class='ocrx_word' id='word_1_809' title='bbox 2015 1473 2231 1515; x_wconf 86' lang='lat' dir='ltr'><strong>potestatem</strong></span> <span class='ocrx_word' id='word_1_810' title='bbox 2251 1470 2379 1506; x_wconf 88' lang='lat' dir='ltr'><strong>domiui</strong></span> 
     </span>
     <span class='ocr_line' id='line_1_109' title="bbox 1289 1515 2381 1562; baseline -0.003 -8"><span class='ocrx_word' id='word_1_811' title='bbox 1289 1529 1443 1561; x_wconf 81' lang='lat' dir='ltr'><strong>reversa,</strong></span> <span class='ocrx_word' id='word_1_812' title='bbox 1468 1518 1548 1553; x_wconf 92' lang='lat' dir='ltr'><strong>ideo</strong></span> <span class='ocrx_word' id='word_1_813' title='bbox 1565 1518 1592 1539; x_wconf 88' lang='lat'><strong>¹¹</strong></span> <span class='ocrx_word' id='word_1_814' title='bbox 1611 1527 1679 1553; x_wconf 92' lang='lat' dir='ltr'><strong>nec</strong></span> <span class='ocrx_word' id='word_1_815' title='bbox 1695 1516 1727 1553; x_wconf 92' lang='lat' dir='ltr'><strong>si</strong></span> <span class='ocrx_word' id='word_1_816' title='bbox 1742 1520 1826 1562; x_wconf 91' lang='lat' dir='ltr'><strong>post</strong></span> <span class='ocrx_word' id='word_1_817' title='bbox 1841 1516 1950 1552; x_wconf 87' lang='lat' dir='ltr'><strong>talem</strong></span> <span class='ocrx_word' id='word_1_818' title='bbox 1970 1515 2102 1551; x_wconf 91' lang='lat' dir='ltr'><strong>domini</strong></span> <span class='ocrx_word' id='word_1_819' title='bbox 2120 1516 2381 1560; x_wconf 81' lang='lat' dir='ltr'><strong>possessionem</strong></span> 
     </span>
     <span class='ocr_line' id='line_1_110' title="bbox 1290 1561 2222 1607; baseline -0.004 -7"><span class='ocrx_word' id='word_1_820' title='bbox 1290 1565 1386 1600; x_wconf 85' lang='lat' dir='ltr'><strong>bona</strong></span> <span class='ocrx_word' id='word_1_821' title='bbox 1408 1564 1480 1599; x_wconf 90' lang='lat' dir='ltr'><strong>fide</strong></span> <span class='ocrx_word' id='word_1_822' title='bbox 1504 1563 1635 1599; x_wconf 88' lang='lat' dir='ltr'><strong>ementi</strong></span> <span class='ocrx_word' id='word_1_823' title='bbox 1658 1562 1826 1605; x_wconf 90' lang='lat' dir='ltr'><strong>venierit,</strong></span> <span class='ocrx_word' id='word_1_824' title='bbox 1851 1561 2025 1607; x_wconf 87' lang='lat' dir='ltr'><strong>usucapio</strong></span> <span class='ocrx_word' id='word_1_825' title='bbox 2049 1561 2222 1606; x_wconf 80' lang='lat' dir='ltr'><strong>sequitur.</strong></span> 
     </span>
    </p>

    <p class='ocr_par' dir='ltr' id='par_1_17' title="bbox 1288 1603 2382 1828">
     <span class='ocr_line' id='line_1_111' title="bbox 1336 1603 2380 1654; baseline -0.006 -6"><span class='ocrx_word' id='word_1_826' title='bbox 1336 1607 1389 1648; x_wconf 90' lang='lat'><strong>88</strong></span> <span class='ocrx_word' id='word_1_827' title='bbox 1415 1607 1497 1654; x_wconf 88' lang='lat'>(87)</span> <span class='ocrx_word' id='word_1_828' title='bbox 1529 1608 1585 1644; x_wconf 74' lang='grc' dir='ltr'><strong>ΡΑ</strong></span> <span class='ocrx_word' id='word_1_829' title='bbox 1593 1617 1689 1644; x_wconf 64' lang='grc' dir='ltr'><strong>πῶς</strong></span> <span class='ocrx_word' id='word_1_830' title='bbox 1720 1607 1812 1644; x_wconf 82' lang='lat' dir='ltr'><strong>libro</strong></span> <span class='ocrx_word' id='word_1_831' title='bbox 1841 1608 1963 1654; x_wconf 80' lang='lat' dir='ltr'><strong>primo</strong></span> <span class='ocrx_word' id='word_1_832' title='bbox 1987 1606 2211 1642; x_wconf 81' lang='lat' dir='ltr'><strong>decretorum</strong></span> <span class='ocrx_word' id='word_1_833' title='bbox 2259 1603 2380 1643; x_wconf 79' lang='lat' dir='ltr'><strong>Credi-</strong></span> 
     </span>
     <span class='ocr_line' id='line_1_112' title="bbox 1289 1652 2380 1698; baseline -0.003 -7"><span class='ocrx_word' id='word_1_834' title='bbox 1289 1656 1359 1691; x_wconf 90' lang='lat' dir='ltr'><strong>tori</strong></span> <span class='ocrx_word' id='word_1_835' title='bbox 1382 1655 1478 1691; x_wconf 86' lang='lat' dir='ltr'><strong>actio</strong></span> <span class='ocrx_word' id='word_1_836' title='bbox 1501 1653 1591 1690; x_wconf 88' lang='lat' dir='ltr'><strong>furti</strong></span> <span class='ocrx_word' id='word_1_837' title='bbox 1613 1654 1651 1689; x_wconf 92' lang='lat' dir='ltr'><strong>in</strong></span> <span class='ocrx_word' id='word_1_838' title='bbox 1668 1664 1843 1689; x_wconf 88' lang='lat' dir='ltr'><strong>suminam</strong></span> <span class='ocrx_word' id='word_1_839' title='bbox 1862 1652 2032 1698; x_wconf 86' lang='lat' dir='ltr'><strong>pignoris,</strong></span> <span class='ocrx_word' id='word_1_840' title='bbox 2057 1662 2130 1688; x_wconf 91' lang='lat' dir='ltr'><strong>non</strong></span> <span class='ocrx_word' id='word_1_841' title='bbox 2154 1652 2265 1688; x_wconf 88' lang='lat' dir='ltr'><strong>debiti</strong></span> <span class='ocrx_word' id='word_1_842' title='bbox 2285 1663 2380 1689; x_wconf 92' lang='lat' dir='ltr'><strong>com-</strong></span> 
     </span>
     <span class='ocr_line' id='line_1_113' title="bbox 1288 1697 2382 1746; baseline -0.003 -9"><span class='ocrx_word' id='word_1_843' title='bbox 1288 1702 1390 1746; x_wconf 86' lang='lat' dir='ltr'><strong>petit.</strong></span> <span class='ocrx_word' id='word_1_844' title='bbox 1415 1700 1480 1737; x_wconf 86' lang='lat' dir='ltr'><strong>sed</strong></span> <span class='ocrx_word' id='word_1_845' title='bbox 1499 1700 1563 1736; x_wconf 93' lang='lat' dir='ltr'><strong>ubi</strong></span> <span class='ocrx_word' id='word_1_846' title='bbox 1583 1699 1725 1736; x_wconf 89' lang='lat' dir='ltr'><strong>debitor</strong></span> <span class='ocrx_word' id='word_1_847' title='bbox 1741 1699 1820 1744; x_wconf 90' lang='lat' dir='ltr'><strong>ipse</strong></span> <span class='ocrx_word' id='word_1_848' title='bbox 1839 1698 2079 1734; x_wconf 81' lang='lat' dir='ltr'><strong>subtraxisset</strong></span> <span class='ocrx_word' id='word_1_849' title='bbox 2096 1697 2236 1743; x_wconf 87' lang='lat' dir='ltr'><strong>pignus,</strong></span> <span class='ocrx_word' id='word_1_850' title='bbox 2257 1703 2382 1734; x_wconf 88' lang='lat' dir='ltr'><strong>contra</strong></span> 
     </span>
     <span class='ocr_line' id='line_1_114' title="bbox 1288 1743 2379 1792; baseline -0.005 -9"><span class='ocrx_word' id='word_1_851' title='bbox 1288 1747 1482 1792; x_wconf 88' lang='lat' dir='ltr'><strong>probatur,</strong></span> <span class='ocrx_word' id='word_1_852' title='bbox 1506 1749 1548 1782; x_wconf 91' lang='lat' dir='ltr'><strong>ut</strong></span> <span class='ocrx_word' id='word_1_853' title='bbox 1570 1745 1609 1781; x_wconf 93' lang='lat' dir='ltr'><strong>in</strong></span> <span class='ocrx_word' id='word_1_854' title='bbox 1631 1755 1807 1781; x_wconf 88' lang='lat' dir='ltr'><strong>summam</strong></span> <span class='ocrx_word' id='word_1_855' title='bbox 1829 1743 2006 1789; x_wconf 90' lang='lat' dir='ltr'><strong>pecuniae</strong></span> <span class='ocrx_word' id='word_1_856' title='bbox 2029 1743 2171 1779; x_wconf 89' lang='lat' dir='ltr'><strong>debitae</strong></span> <span class='ocrx_word' id='word_1_857' title='bbox 2195 1747 2231 1779; x_wconf 90' lang='lat' dir='ltr'><strong>et</strong></span> <span class='ocrx_word' id='word_1_858' title='bbox 2254 1754 2379 1779; x_wconf 80' lang='lat' dir='ltr'><strong>usura-</strong></span> 
     </span>
     <span class='ocr_line' id='line_1_115' title="bbox 1289 1790 1866 1828; baseline -0.007 0"><span class='ocrx_word' id='word_1_859' title='bbox 1289 1803 1368 1828; x_wconf 89' lang='lat' dir='ltr'><strong>rum</strong></span> <span class='ocrx_word' id='word_1_860' title='bbox 1392 1792 1468 1828; x_wconf 87' lang='lat' dir='ltr'><strong>eius</strong></span> <span class='ocrx_word' id='word_1_861' title='bbox 1492 1791 1583 1827; x_wconf 89' lang='lat' dir='ltr'><strong>furti</strong></span> <span class='ocrx_word' id='word_1_862' title='bbox 1607 1790 1866 1827; x_wconf 90' lang='lat' dir='ltr'><strong>conveniretur.</strong></span> 
     </span>
    </p>

    <p class='ocr_par' dir='ltr' id='par_1_18' title="bbox 1287 1835 2382 2063">
     <span class='ocr_line' id='line_1_116' title="bbox 1336 1835 2382 1882; baseline -0.003 -10"><span class='ocrx_word' id='word_1_863' title='bbox 1336 1835 1390 1876; x_wconf 84' lang='grc'><strong>89</strong></span> <span class='ocrx_word' id='word_1_864' title='bbox 1415 1835 1497 1881; x_wconf 90' lang='grc'>(88)</span> <span class='ocrx_word' id='word_1_865' title='bbox 1529 1836 1635 1872; x_wconf 67' lang='lat' dir='ltr'><em>IDEM</em></span> <span class='ocrx_word' id='word_1_866' title='bbox 1670 1836 1762 1872; x_wconf 87' lang='lat' dir='ltr'><strong>libro</strong></span> <span class='ocrx_word' id='word_1_867' title='bbox 1793 1835 1979 1882; x_wconf 79' lang='lat' dir='ltr'><strong>sinqulari</strong></span> <span class='ocrx_word' id='word_1_868' title='bbox 2009 1835 2055 1870; x_wconf 87' lang='lat' dir='ltr'><strong>de</strong></span> <span class='ocrx_word' id='word_1_869' title='bbox 2085 1835 2382 1871; x_wconf 76' lang='lat' dir='ltr'><strong>concurrentibus</strong></span> 
     </span>
     <span class='ocr_line' id='line_1_117' title="bbox 1289 1880 2381 1927; baseline -0.005 -8"><span class='ocrx_word' id='word_1_870' title='bbox 1289 1884 1492 1920; x_wconf 81' lang='lat' dir='ltr'><strong>actionibus</strong></span> <span class='ocrx_word' id='word_1_871' title='bbox 1532 1882 1571 1918; x_wconf 82' lang='lat' dir='ltr'><strong>Si</strong></span> <span class='ocrx_word' id='word_1_872' title='bbox 1588 1882 1668 1927; x_wconf 91' lang='lat' dir='ltr'><strong>quis</strong></span> <span class='ocrx_word' id='word_1_873' title='bbox 1686 1881 1799 1926; x_wconf 85' lang='lat' dir='ltr'><strong>egerit</strong></span> <span class='ocrx_word' id='word_1_874' title='bbox 1811 1880 1846 1916; x_wconf 88' lang='lat' dir='ltr'><strong>vi</strong></span> <span class='ocrx_word' id='word_1_875' title='bbox 1865 1880 2040 1916; x_wconf 91' lang='lat' dir='ltr'><strong>bonorum</strong></span> <span class='ocrx_word' id='word_1_876' title='bbox 2057 1890 2098 1915; x_wconf 91' lang='lat' dir='ltr'><strong>ra</strong></span> <span class='ocrx_word' id='word_1_877' title='bbox 2124 1883 2253 1924; x_wconf 91' lang='lat' dir='ltr'><strong>torum,</strong></span> <span class='ocrx_word' id='word_1_878' title='bbox 2275 1880 2381 1915; x_wconf 86' lang='lat' dir='ltr'><strong>etiam</strong></span> 
     </span>
     <span class='ocr_line' id='line_1_118' title="bbox 1288 1925 2380 1974; baseline -0.005 -9"><span class='ocrx_word' id='word_1_879' title='bbox 1288 1929 1377 1965; x_wconf 84' lang='lat' dir='ltr'><strong>furti</strong></span> <span class='ocrx_word' id='word_1_880' title='bbox 1401 1939 1506 1974; x_wconf 84' lang='lat' dir='ltr'><strong>agere</strong></span> <span class='ocrx_word' id='word_1_881' title='bbox 1530 1938 1603 1963; x_wconf 92' lang='lat' dir='ltr'><strong>non</strong></span> <span class='ocrx_word' id='word_1_882' title='bbox 1626 1930 1761 1972; x_wconf 89' lang='lat' dir='ltr'><strong>potest:</strong></span> <span class='ocrx_word' id='word_1_883' title='bbox 1795 1925 1892 1971; x_wconf 92' lang='lat' dir='ltr'><strong>quod</strong></span> <span class='ocrx_word' id='word_1_884' title='bbox 1921 1926 1953 1961; x_wconf 92' lang='lat' dir='ltr'><strong>si</strong></span> <span class='ocrx_word' id='word_1_885' title='bbox 1977 1925 2064 1961; x_wconf 89' lang='lat' dir='ltr'><strong>furti</strong></span> <span class='ocrx_word' id='word_1_886' title='bbox 2087 1936 2106 1962; x_wconf 93' lang='lat' dir='ltr'><strong>e</strong></span> <span class='ocrx_word' id='word_1_887' title='bbox 2121 1925 2232 1971; x_wconf 90' lang='lat' dir='ltr'><strong>egerit</strong></span> <span class='ocrx_word' id='word_1_888' title='bbox 2254 1925 2292 1960; x_wconf 92' lang='lat' dir='ltr'><strong>in</strong></span> <span class='ocrx_word' id='word_1_889' title='bbox 2315 1925 2380 1961; x_wconf 93' lang='lat' dir='ltr'><strong>du-</strong></span> 
     </span>
     <span class='ocr_line' id='line_1_119' title="bbox 1287 1971 2379 2020; baseline -0.004 -10"><span class='ocrx_word' id='word_1_890' title='bbox 1287 1975 1388 2020; x_wconf 90' lang='lat' dir='ltr'><strong>plum</strong></span> <span class='ocrx_word' id='word_1_891' title='bbox 1407 1984 1525 2019; x_wconf 87' lang='lat' dir='ltr'><strong>agere,</strong></span> <span class='ocrx_word' id='word_1_892' title='bbox 1572 1976 1666 2009; x_wconf 88' lang='lat' dir='ltr'><strong>otest</strong></span> <span class='ocrx_word' id='word_1_893' title='bbox 1684 1975 1721 2009; x_wconf 92' lang='lat' dir='ltr'><strong>et</strong></span> <span class='ocrx_word' id='word_1_894' title='bbox 1737 1972 1772 2008; x_wconf 92' lang='lat' dir='ltr'><strong>vi</strong></span> <span class='ocrx_word' id='word_1_895' title='bbox 1790 1972 1967 2008; x_wconf 92' lang='lat' dir='ltr'><strong>bonorum</strong></span> <span class='ocrx_word' id='word_1_896' title='bbox 1987 1974 2174 2018; x_wconf 88' lang='lat' dir='ltr'><strong>raptorum</strong></span> <span class='ocrx_word' id='word_1_897' title='bbox 2194 1981 2298 2016; x_wconf 86' lang='lat' dir='ltr'><strong>agere</strong></span> <span class='ocrx_word' id='word_1_898' title='bbox 2317 1971 2379 2014; x_wconf 92' lang='lat' dir='ltr'><strong>sic,</strong></span> 
     </span>
     <span class='ocr_line' id='line_1_120' title="bbox 1290 2017 1915 2063; baseline -0.005 -8"><span class='ocrx_word' id='word_1_899' title='bbox 1290 2024 1330 2056; x_wconf 90' lang='lat' dir='ltr'><strong>ut</strong></span> <span class='ocrx_word' id='word_1_900' title='bbox 1353 2030 1426 2055; x_wconf 91' lang='lat' dir='ltr'><strong>non</strong></span> <span class='ocrx_word' id='word_1_901' title='bbox 1450 2029 1538 2055; x_wconf 87' lang='lat' dir='ltr'><strong>exce</strong></span> <span class='ocrx_word' id='word_1_902' title='bbox 1565 2022 1639 2054; x_wconf 88' lang='lat' dir='ltr'><strong>eret</strong></span> <span class='ocrx_word' id='word_1_903' title='bbox 1688 2017 1915 2063; x_wconf 90' lang='lat' dir='ltr'><strong>uadruplum.</strong></span> 
     </span>
    </p>

    <p class='ocr_par' dir='ltr' id='par_1_19' title="bbox 1287 2062 2380 2238">
     <span class='ocr_line' id='line_1_121' title="bbox 1335 2062 2379 2110; baseline -0.006 -6"><span class='ocrx_word' id='word_1_904' title='bbox 1335 2064 1388 2104; x_wconf 87' lang='grc'><strong>90</strong></span> <span class='ocrx_word' id='word_1_905' title='bbox 1414 2062 1496 2108; x_wconf 89' lang='grc'>(89)</span> <span class='ocrx_word' id='word_1_906' title='bbox 1526 2064 1633 2100; x_wconf 71' lang='lat' dir='ltr'><em>IDEM</em></span> <span class='ocrx_word' id='word_1_907' title='bbox 1673 2064 1750 2100; x_wconf 83' lang='lat' dir='ltr'><strong>ibro</strong></span> <span class='ocrx_word' id='word_1_908' title='bbox 1774 2063 1960 2109; x_wconf 77' lang='lat' dir='ltr'><strong>sinqulari</strong></span> <span class='ocrx_word' id='word_1_909' title='bbox 1981 2063 2026 2098; x_wconf 85' lang='lat' dir='ltr'><strong>de</strong></span> <span class='ocrx_word' id='word_1_910' title='bbox 2053 2063 2185 2108; x_wconf 84' lang='lat' dir='ltr'><strong>poenis</strong></span> <span class='ocrx_word' id='word_1_911' title='bbox 2209 2067 2379 2110; x_wconf 71' lang='lat' dir='ltr'><strong>paqano-</strong></span> 
     </span>
     <span class='ocr_line' id='line_1_122' title="bbox 1287 2108 2379 2155; baseline -0.003 -8"><span class='ocrx_word' id='word_1_912' title='bbox 1287 2122 1369 2147; x_wconf 84' lang='lat' dir='ltr'><strong>rum</strong></span> <span class='ocrx_word' id='word_1_913' title='bbox 1406 2111 1443 2147; x_wconf 88' lang='lat' dir='ltr'><strong>Si</strong></span> <span class='ocrx_word' id='word_1_914' title='bbox 1462 2111 1612 2146; x_wconf 89' lang='lat' dir='ltr'><strong>libertus</strong></span> <span class='ocrx_word' id='word_1_915' title='bbox 1636 2113 1791 2155; x_wconf 88' lang='lat' dir='ltr'><strong>patrono</strong></span> <span class='ocrx_word' id='word_1_916' title='bbox 1814 2108 1871 2144; x_wconf 93' lang='lat' dir='ltr'><strong>vel</strong></span> <span class='ocrx_word' id='word_1_917' title='bbox 1891 2108 2013 2150; x_wconf 89' lang='lat' dir='ltr'><strong>cliens,</strong></span> <span class='ocrx_word' id='word_1_918' title='bbox 2038 2108 2093 2144; x_wconf 90' lang='lat' dir='ltr'><strong>vel</strong></span> <span class='ocrx_word' id='word_1_919' title='bbox 2116 2108 2379 2144; x_wconf 87' lang='lat' dir='ltr'><strong>mercennarius</strong></span> 
     </span>
     <span class='ocr_line' id='line_1_123' title="bbox 1289 2153 2380 2203; baseline -0.005 -10"><span class='ocrx_word' id='word_1_920' title='bbox 1289 2156 1322 2192; x_wconf 88' lang='lat' dir='ltr'><strong>ei</strong></span> <span class='ocrx_word' id='word_1_921' title='bbox 1345 2157 1406 2203; x_wconf 89' lang='lat' dir='ltr'><strong>qui</strong></span> <span class='ocrx_word' id='word_1_922' title='bbox 1431 2167 1512 2193; x_wconf 88' lang='lat' dir='ltr'><strong>euin</strong></span> <span class='ocrx_word' id='word_1_923' title='bbox 1537 2155 1726 2198; x_wconf 85' lang='lat' dir='ltr'><strong>conduxit,</strong></span> <span class='ocrx_word' id='word_1_924' title='bbox 1751 2154 1888 2190; x_wconf 79' lang='lat' dir='ltr'><strong>furtum</strong></span> <span class='ocrx_word' id='word_1_925' title='bbox 1912 2153 2055 2196; x_wconf 85' lang='lat' dir='ltr'><strong>fecerit,</strong></span> <span class='ocrx_word' id='word_1_926' title='bbox 2079 2153 2167 2189; x_wconf 86' lang='lat' dir='ltr'><strong>furti</strong></span> <span class='ocrx_word' id='word_1_927' title='bbox 2190 2153 2284 2189; x_wconf 87' lang='lat' dir='ltr'><strong>actio</strong></span> <span class='ocrx_word' id='word_1_928' title='bbox 2309 2165 2380 2191; x_wconf 90' lang='lat' dir='ltr'><strong>non</strong></span> 
     </span>
     <span class='ocr_line' id='line_1_124' title="bbox 1288 2203 1459 2238; baseline -0.006 0"><span class='ocrx_word' id='word_1_929' title='bbox 1288 2203 1459 2238; x_wconf 85' lang='lat' dir='ltr'><strong>nascitur.</strong></span> 
     </span>
    </p>

    <p class='ocr_par' dir='ltr' id='par_1_20' title="bbox 1287 2245 2381 2746">
     <span class='ocr_line' id='line_1_125' title="bbox 1335 2245 2380 2292; baseline -0.003 -10"><span class='ocrx_word' id='word_1_930' title='bbox 1335 2246 1385 2285; x_wconf 84' lang='lat'><strong>91</strong></span> <span class='ocrx_word' id='word_1_931' title='bbox 1414 2246 1496 2292; x_wconf 84' lang='grc'>(90)</span> <span class='ocrx_word' id='word_1_932' title='bbox 1528 2246 1574 2282; x_wconf 64' lang='lat' dir='ltr'><strong>La</strong></span> <span class='ocrx_word' id='word_1_933' title='bbox 1585 2255 1755 2282; x_wconf 72' lang='lat' dir='ltr'><em>VOLENUS</em></span> <span class='ocrx_word' id='word_1_934' title='bbox 1789 2245 1880 2281; x_wconf 82' lang='lat' dir='ltr'><strong>libro</strong></span> <span class='ocrx_word' id='word_1_935' title='bbox 1910 2255 2006 2281; x_wconf 84' lang='lat' dir='ltr'><strong>nono</strong></span> <span class='ocrx_word' id='word_1_936' title='bbox 2039 2255 2089 2280; x_wconf 78' lang='lat' dir='ltr'><strong>ex</strong></span> <span class='ocrx_word' id='word_1_937' title='bbox 2112 2245 2380 2290; x_wconf 78' lang='lat' dir='ltr'><strong>posterioribus</strong></span> 
     </span>
     <span class='ocr_line' id='line_1_126' title="bbox 1287 2289 2380 2330; baseline -0.005 0"><span class='ocrx_word' id='word_1_938' title='bbox 1287 2293 1469 2330; x_wconf 81' lang='lat' dir='ltr'><strong>Labeonis</strong></span> <span class='ocrx_word' id='word_1_939' title='bbox 1514 2292 1621 2328; x_wconf 87' lang='lat' dir='ltr'><strong>Fullo</strong></span> <span class='ocrx_word' id='word_1_940' title='bbox 1653 2291 1796 2326; x_wconf 90' lang='lat' dir='ltr'><strong>actione</strong></span> <span class='ocrx_word' id='word_1_941' title='bbox 1826 2290 1937 2327; x_wconf 86' lang='lat' dir='ltr'><strong>locati</strong></span> <span class='ocrx_word' id='word_1_942' title='bbox 1968 2289 2012 2325; x_wconf 88' lang='lat' dir='ltr'><strong>de</strong></span> <span class='ocrx_word' id='word_1_943' title='bbox 2041 2289 2182 2326; x_wconf 90' lang='lat' dir='ltr'><strong>domino</strong></span> <span class='ocrx_word' id='word_1_944' title='bbox 2207 2289 2380 2325; x_wconf 87' lang='lat' dir='ltr'><strong>liberatus</strong></span> 
     </span>
     <span class='ocr_line' id='line_1_127' title="bbox 1289 2335 2381 2392; baseline -0.004 -18"><span class='ocrx_word' id='word_1_945' title='bbox 1289 2344 1362 2375; x_wconf 85' lang='lat' dir='ltr'><strong>est:</strong></span> <span class='ocrx_word' id='word_1_946' title='bbox 1392 2342 1501 2392; x_wconf 76' lang='lat' dir='ltr'><strong>negat</strong></span> <span class='ocrx_word' id='word_1_947' title='bbox 1525 2348 1606 2374; x_wconf 86' lang='lat' dir='ltr'><strong>eum</strong></span> <span class='ocrx_word' id='word_1_948' title='bbox 1637 2337 1726 2373; x_wconf 83' lang='lat' dir='ltr'><strong>furti</strong></span> <span class='ocrx_word' id='word_1_949' title='bbox 1749 2339 1847 2372; x_wconf 90' lang='lat' dir='ltr'><strong>recte</strong></span> <span class='ocrx_word' id='word_1_950' title='bbox 1871 2339 2037 2372; x_wconf 90' lang='lat' dir='ltr'><strong>acturum</strong></span> <span class='ocrx_word' id='word_1_951' title='bbox 2060 2335 2194 2371; x_wconf 88' lang='lat' dir='ltr'><strong>Labeo.</strong></span> <span class='ocrx_word' id='word_1_952' title='bbox 2242 2335 2326 2371; x_wconf 90' lang='lat' dir='ltr'><strong>item</strong></span> <span class='ocrx_word' id='word_1_953' title='bbox 2350 2335 2381 2370; x_wconf 88' lang='lat' dir='ltr'><strong>si</strong></span> 
     </span>
     <span class='ocr_line' id='line_1_128' title="bbox 1288 2381 2380 2429; baseline -0.005 -9"><span class='ocrx_word' id='word_1_954' title='bbox 1288 2384 1377 2420; x_wconf 87' lang='lat' dir='ltr'><strong>furti</strong></span> <span class='ocrx_word' id='word_1_955' title='bbox 1400 2386 1549 2429; x_wconf 83' lang='lat' dir='ltr'><strong>egisset,</strong></span> <span class='ocrx_word' id='word_1_956' title='bbox 1580 2382 1680 2429; x_wconf 90' lang='lat' dir='ltr'><strong>prius</strong></span> <span class='ocrx_word' id='word_1_957' title='bbox 1708 2392 1791 2417; x_wconf 88' lang='lat' dir='ltr'><strong>uam</strong></span> <span class='ocrx_word' id='word_1_958' title='bbox 1823 2391 1867 2417; x_wconf 82' lang='lat' dir='ltr'><strong>ex</strong></span> <span class='ocrx_word' id='word_1_959' title='bbox 1889 2381 2009 2418; x_wconf 85' lang='lat' dir='ltr'><strong>locato</strong></span> <span class='ocrx_word' id='word_1_960' title='bbox 2035 2391 2116 2416; x_wconf 92' lang='lat' dir='ltr'><strong>cum</strong></span> <span class='ocrx_word' id='word_1_961' title='bbox 2148 2391 2189 2416; x_wconf 90' lang='lat' dir='ltr'><strong>eo</strong></span> <span class='ocrx_word' id='word_1_962' title='bbox 2214 2385 2380 2426; x_wconf 86' lang='lat' dir='ltr'><strong>ageretur</strong></span> 
     </span>
     <span class='ocr_line' id='line_1_129' title="bbox 1289 2425 2379 2475; baseline -0.004 -10"><span class='ocrx_word' id='word_1_963' title='bbox 1289 2433 1342 2472; x_wconf 89' lang='lat' dir='ltr'><strong>et,</strong></span> <span class='ocrx_word' id='word_1_964' title='bbox 1380 2435 1575 2475; x_wconf 88' lang='lat' dir='ltr'><strong>antequam</strong></span> <span class='ocrx_word' id='word_1_965' title='bbox 1607 2428 1651 2464; x_wconf 90' lang='lat' dir='ltr'><strong>de</strong></span> <span class='ocrx_word' id='word_1_966' title='bbox 1700 2431 1780 2463; x_wconf 89' lang='lat' dir='ltr'><strong>urto</strong></span> <span class='ocrx_word' id='word_1_967' title='bbox 1818 2426 2058 2470; x_wconf 89' lang='lat' dir='ltr'><strong>iudicaretur,</strong></span> <span class='ocrx_word' id='word_1_968' title='bbox 2097 2425 2207 2462; x_wconf 85' lang='lat' dir='ltr'><strong>locati</strong></span> <span class='ocrx_word' id='word_1_969' title='bbox 2239 2426 2379 2461; x_wconf 87' lang='lat' dir='ltr'><strong>actione</strong></span> 
     </span>
     <span class='ocr_line' id='line_1_130' title="bbox 1287 2471 2380 2517; baseline -0.005 -6"><span class='ocrx_word' id='word_1_970' title='bbox 1287 2475 1463 2511; x_wconf 89' lang='lat' dir='ltr'><strong>liberatus</strong></span> <span class='ocrx_word' id='word_1_971' title='bbox 1487 2477 1600 2517; x_wconf 88' lang='lat' dir='ltr'><strong>esset,</strong></span> <span class='ocrx_word' id='word_1_972' title='bbox 1625 2477 1662 2509; x_wconf 92' lang='lat' dir='ltr'><strong>et</strong></span> <span class='ocrx_word' id='word_1_973' title='bbox 1684 2473 1745 2508; x_wconf 82' lang='lat' dir='ltr'><strong>fur</strong></span> <span class='ocrx_word' id='word_1_974' title='bbox 1767 2473 1813 2508; x_wconf 86' lang='lat' dir='ltr'><strong>ab</strong></span> <span class='ocrx_word' id='word_1_975' title='bbox 1837 2482 1881 2509; x_wconf 88' lang='lat' dir='ltr'><strong>eo</strong></span> <span class='ocrx_word' id='word_1_976' title='bbox 1905 2472 2043 2508; x_wconf 88' lang='lat' dir='ltr'><strong>absolvi</strong></span> <span class='ocrx_word' id='word_1_977' title='bbox 2067 2471 2183 2508; x_wconf 90' lang='lat' dir='ltr'><strong>debet.</strong></span> <span class='ocrx_word' id='word_1_978' title='bbox 2231 2471 2325 2517; x_wconf 90' lang='lat' dir='ltr'><strong>quod</strong></span> <span class='ocrx_word' id='word_1_979' title='bbox 2349 2472 2380 2506; x_wconf 88' lang='lat' dir='ltr'><strong>si</strong></span> 
     </span>
     <span class='ocr_line' id='line_1_131' title="bbox 1288 2517 2380 2560; baseline -0.005 -4"><span class='ocrx_word' id='word_1_980' title='bbox 1288 2521 1377 2556; x_wconf 92' lang='lat' dir='ltr'><strong>nihil</strong></span> <span class='ocrx_word' id='word_1_981' title='bbox 1408 2531 1533 2556; x_wconf 88' lang='lat' dir='ltr'><strong>eorum</strong></span> <span class='ocrx_word' id='word_1_982' title='bbox 1571 2523 1655 2554; x_wconf 92' lang='lat' dir='ltr'><strong>ante</strong></span> <span class='ocrx_word' id='word_1_983' title='bbox 1688 2518 1896 2560; x_wconf 89' lang='lat' dir='ltr'><strong>accidisset,</strong></span> <span class='ocrx_word' id='word_1_984' title='bbox 1934 2517 2050 2553; x_wconf 83' lang='lat' dir='ltr'><strong>furem</strong></span> <span class='ocrx_word' id='word_1_985' title='bbox 2086 2517 2119 2552; x_wconf 93' lang='lat' dir='ltr'><strong>ei</strong></span> <span class='ocrx_word' id='word_1_986' title='bbox 2153 2517 2380 2553; x_wconf 89' lang='lat' dir='ltr'><strong>condemnari</strong></span> 
     </span>
     <span class='ocr_line' id='line_1_132' title="bbox 1289 2562 2380 2612; baseline -0.005 -10"><span class='ocrx_word' id='word_1_987' title='bbox 1289 2570 1467 2612; x_wconf 90' lang='lat' dir='ltr'><strong>oportere.</strong></span> <span class='ocrx_word' id='word_1_988' title='bbox 1514 2566 1604 2601; x_wconf 89' lang='lat' dir='ltr'><strong>haec</strong></span> <span class='ocrx_word' id='word_1_989' title='bbox 1627 2564 1773 2607; x_wconf 90' lang='lat' dir='ltr'><strong>idcirco,</strong></span> <span class='ocrx_word' id='word_1_990' title='bbox 1798 2563 1966 2609; x_wconf 89' lang='lat' dir='ltr'><strong>quoniam</strong></span> <span class='ocrx_word' id='word_1_991' title='bbox 1989 2563 2077 2598; x_wconf 87' lang='lat' dir='ltr'><strong>furti</strong></span> <span class='ocrx_word' id='word_1_992' title='bbox 2100 2566 2247 2598; x_wconf 87' lang='lat' dir='ltr'><strong>eatenus</strong></span> <span class='ocrx_word' id='word_1_993' title='bbox 2270 2562 2380 2598; x_wconf 91' lang='lat' dir='ltr'><strong>habet</strong></span> 
     </span>
     <span class='ocr_line' id='line_1_133' title="bbox 1296 2608 2379 2656; baseline -0.005 -9"><span class='ocrx_word' id='word_1_994' title='bbox 1296 2616 1306 2647; x_wconf 87' lang='lat'><em>1</em></span> <span class='ocrx_word' id='word_1_995' title='bbox 1357 2612 1545 2653; x_wconf 88' lang='lat' dir='ltr'><strong>actionem,</strong></span> <span class='ocrx_word' id='word_1_996' title='bbox 1571 2614 1748 2656; x_wconf 88' lang='lat' dir='ltr'><strong>quatenus</strong></span> <span class='ocrx_word' id='word_1_997' title='bbox 1768 2610 1844 2645; x_wconf 88' lang='lat' dir='ltr'><strong>eius</strong></span> <span class='ocrx_word' id='word_1_998' title='bbox 1862 2609 2020 2644; x_wconf 88' lang='lat' dir='ltr'><strong>interest.</strong></span> <span class='ocrx_word' id='word_1_999' title='bbox 2058 2608 2171 2644; x_wconf 90' lang='lat' dir='ltr'><strong>Nemo</strong></span> <span class='ocrx_word' id='word_1_1000' title='bbox 2194 2618 2296 2653; x_wconf 91' lang='lat' dir='ltr'><strong>opem</strong></span> <span class='ocrx_word' id='word_1_1001' title='bbox 2316 2612 2379 2643; x_wconf 87' lang='lat' dir='ltr'><strong>aut</strong></span> 
     </span>
     <span class='ocr_line' id='line_1_134' title="bbox 1291 2652 2379 2701; baseline -0.005 -8"><span class='ocrx_word' id='word_1_1002' title='bbox 1291 2657 1477 2693; x_wconf 89' lang='lat' dir='ltr'><strong>consilium</strong></span> <span class='ocrx_word' id='word_1_1003' title='bbox 1494 2656 1556 2692; x_wconf 90' lang='lat' dir='ltr'><strong>alii</strong></span> <span class='ocrx_word' id='word_1_1004' title='bbox 1573 2659 1760 2701; x_wconf 89' lang='lat' dir='ltr'><strong>praestare</strong></span> <span class='ocrx_word' id='word_1_1005' title='bbox 1782 2658 1914 2701; x_wconf 89' lang='lat' dir='ltr'><strong>potest,</strong></span> <span class='ocrx_word' id='word_1_1006' title='bbox 1938 2654 2000 2700; x_wconf 91' lang='lat' dir='ltr'><strong>qui</strong></span> <span class='ocrx_word' id='word_1_1007' title='bbox 2022 2654 2099 2700; x_wconf 90' lang='lat' dir='ltr'><strong>ipse</strong></span> <span class='ocrx_word' id='word_1_1008' title='bbox 2111 2653 2198 2689; x_wconf 83' lang='lat' dir='ltr'><strong>furti</strong></span> <span class='ocrx_word' id='word_1_1009' title='bbox 2225 2652 2379 2689; x_wconf 85' lang='lat' dir='ltr'><strong>faciendi</strong></span> 
     </span>
     <span class='ocr_line' id='line_1_135' title="bbox 1291 2702 1883 2746; baseline -0.005 -8"><span class='ocrx_word' id='word_1_1010' title='bbox 1291 2702 1479 2738; x_wconf 88' lang='lat' dir='ltr'><strong>consilium</strong></span> <span class='ocrx_word' id='word_1_1011' title='bbox 1504 2713 1546 2738; x_wconf 90' lang='lat' dir='ltr'><strong>ca</strong></span> <span class='ocrx_word' id='word_1_1012' title='bbox 1574 2711 1633 2737; x_wconf 90' lang='lat' dir='ltr'><strong>ere</strong></span> <span class='ocrx_word' id='word_1_1013' title='bbox 1655 2711 1728 2736; x_wconf 93' lang='lat' dir='ltr'><strong>non</strong></span> <span class='ocrx_word' id='word_1_1014' title='bbox 1752 2703 1883 2746; x_wconf 87' lang='lat' dir='ltr'><strong>potest.</strong></span> 
     </span>
    </p>

    <p class='ocr_par' dir='ltr' id='par_1_21' title="bbox 1287 2742 2378 3156">
     <span class='ocr_line' id='line_1_136' title="bbox 1336 2742 2377 2792; baseline -0.009 -6"><span class='ocrx_word' id='word_1_1015' title='bbox 1336 2746 1390 2786; x_wconf 84' lang='lat'><strong>92</strong></span> <span class='ocrx_word' id='word_1_1016' title='bbox 1415 2746 1498 2792; x_wconf 85' lang='lat'><strong>(91)</strong></span> <span class='ocrx_word' id='word_1_1017' title='bbox 1559 2756 1662 2782; x_wconf 70' lang='lat' dir='ltr'><strong>Asso</strong></span> <span class='ocrx_word' id='word_1_1018' title='bbox 1695 2746 1786 2782; x_wconf 84' lang='lat' dir='ltr'><strong>libro</strong></span> <span class='ocrx_word' id='word_1_1019' title='bbox 1815 2745 1973 2781; x_wconf 85' lang='lat' dir='ltr'><strong>secundo</strong></span> <span class='ocrx_word' id='word_1_1020' title='bbox 1999 2742 2183 2792; x_wconf 78' lang='lat' dir='ltr'><strong>pithanon</strong></span> <span class='ocrx_word' id='word_1_1021' title='bbox 2214 2755 2237 2778; x_wconf 88' lang='lat' dir='ltr'><strong>a</strong></span> <span class='ocrx_word' id='word_1_1022' title='bbox 2261 2743 2377 2778; x_wconf 89' lang='lat' dir='ltr'><strong>Paulo</strong></span> 
     </span>
     <span class='ocr_line' id='line_1_137' title="bbox 1289 2788 2377 2840; baseline -0.005 -12"><span class='ocrx_word' id='word_1_1023' title='bbox 1289 2795 1566 2840; x_wconf 83' lang='lat' dir='ltr'><strong>epitomatorum</strong></span> <span class='ocrx_word' id='word_1_1024' title='bbox 1604 2791 1643 2827; x_wconf 89' lang='lat' dir='ltr'><strong>Si</strong></span> <span class='ocrx_word' id='word_1_1025' title='bbox 1667 2792 1765 2837; x_wconf 89' lang='lat' dir='ltr'><strong>quis,</strong></span> <span class='ocrx_word' id='word_1_1026' title='bbox 1791 2801 1873 2826; x_wconf 89' lang='lat' dir='ltr'><strong>cuin</strong></span> <span class='ocrx_word' id='word_1_1027' title='bbox 1897 2790 2007 2826; x_wconf 88' lang='lat' dir='ltr'><strong>sciret</strong></span> <span class='ocrx_word' id='word_1_1028' title='bbox 2030 2789 2115 2835; x_wconf 82' lang='lat' dir='ltr'><strong>quid</strong></span> <span class='ocrx_word' id='word_1_1029' title='bbox 2139 2788 2207 2825; x_wconf 91' lang='lat' dir='ltr'><strong>sibi</strong></span> <span class='ocrx_word' id='word_1_1030' title='bbox 2229 2788 2377 2833; x_wconf 88' lang='lat' dir='ltr'><strong>subripi,</strong></span> 
     </span>
     <span class='ocr_line' id='line_1_138' title="bbox 1289 2834 2376 2886; baseline -0.006 -11"><span class='ocrx_word' id='word_1_1031' title='bbox 1289 2850 1361 2875; x_wconf 88' lang='lat' dir='ltr'><strong>non</strong></span> <span class='ocrx_word' id='word_1_1032' title='bbox 1397 2838 1601 2885; x_wconf 89' lang='lat' dir='ltr'><strong>prohibuit,</strong></span> <span class='ocrx_word' id='word_1_1033' title='bbox 1646 2848 1719 2873; x_wconf 91' lang='lat' dir='ltr'><strong>non</strong></span> <span class='ocrx_word' id='word_1_1034' title='bbox 1758 2839 1879 2882; x_wconf 91' lang='lat' dir='ltr'><strong>potest</strong></span> <span class='ocrx_word' id='word_1_1035' title='bbox 1917 2835 2005 2872; x_wconf 83' lang='lat' dir='ltr'><strong>furti</strong></span> <span class='ocrx_word' id='word_1_1036' title='bbox 2041 2845 2157 2879; x_wconf 88' lang='lat' dir='ltr'><strong>agere.</strong></span> <span class='ocrx_word' id='word_1_1037' title='bbox 2211 2834 2376 2886; x_wconf 59' lang='lat' dir='ltr'><strong>Psaros.</strong></span> 
     </span>
     <span class='ocr_line' id='line_1_139' title="bbox 1288 2879 2378 2927; baseline -0.006 -8"><span class='ocrx_word' id='word_1_1038' title='bbox 1288 2884 1396 2921; x_wconf 92' lang='lat' dir='ltr'><strong>immo</strong></span> <span class='ocrx_word' id='word_1_1039' title='bbox 1421 2888 1564 2920; x_wconf 90' lang='lat' dir='ltr'><strong>contra:</strong></span> <span class='ocrx_word' id='word_1_1040' title='bbox 1596 2893 1679 2918; x_wconf 91' lang='lat' dir='ltr'><strong>nam</strong></span> <span class='ocrx_word' id='word_1_1041' title='bbox 1708 2882 1740 2918; x_wconf 91' lang='lat' dir='ltr'><strong>si</strong></span> <span class='ocrx_word' id='word_1_1042' title='bbox 1770 2881 1888 2927; x_wconf 87' lang='lat' dir='ltr'><strong>quis¹²</strong></span> <span class='ocrx_word' id='word_1_1043' title='bbox 1919 2881 1988 2917; x_wconf 90' lang='lat' dir='ltr'><strong>scit</strong></span> <span class='ocrx_word' id='word_1_1044' title='bbox 2018 2880 2087 2916; x_wconf 90' lang='lat' dir='ltr'><strong>sibi</strong></span> <span class='ocrx_word' id='word_1_1045' title='bbox 2109 2879 2189 2925; x_wconf 89' lang='lat' dir='ltr'><strong>rapi</strong></span> <span class='ocrx_word' id='word_1_1046' title='bbox 2213 2883 2262 2923; x_wconf 90' lang='lat' dir='ltr'><strong>et,</strong></span> <span class='ocrx_word' id='word_1_1047' title='bbox 2294 2889 2378 2923; x_wconf 90' lang='lat' dir='ltr'><strong>quia</strong></span> 
     </span>
     <span class='ocr_line' id='line_1_140' title="bbox 1288 2925 2378 2975; baseline -0.007 -9"><span class='ocrx_word' id='word_1_1048' title='bbox 1288 2940 1365 2966; x_wconf 88' lang='lat' dir='ltr'><strong>non</strong></span> <span class='ocrx_word' id='word_1_1049' title='bbox 1380 2932 1501 2975; x_wconf 89' lang='lat' dir='ltr'><strong>potest</strong></span> <span class='ocrx_word' id='word_1_1050' title='bbox 1519 2928 1721 2974; x_wconf 90' lang='lat' dir='ltr'><strong>prohibere,</strong></span> <span class='ocrx_word' id='word_1_1051' title='bbox 1741 2927 1884 2973; x_wconf 89' lang='lat' dir='ltr'><strong>quievit,</strong></span> <span class='ocrx_word' id='word_1_1052' title='bbox 1904 2926 1993 2962; x_wconf 85' lang='lat' dir='ltr'><strong>furti</strong></span> <span class='ocrx_word' id='word_1_1053' title='bbox 2009 2935 2114 2970; x_wconf 85' lang='lat' dir='ltr'><strong>agere</strong></span> <span class='ocrx_word' id='word_1_1054' title='bbox 2132 2927 2261 2970; x_wconf 89' lang='lat' dir='ltr'><strong>potest.</strong></span> <span class='ocrx_word' id='word_1_1055' title='bbox 2299 2927 2338 2958; x_wconf 90' lang='lat' dir='ltr'><strong>at</strong></span> <span class='ocrx_word' id='word_1_1056' title='bbox 2350 2925 2378 2944; x_wconf 83' lang='lat'><strong>¹³</strong></span> 
     </span>
     <span class='ocr_line' id='line_1_141' title="bbox 1288 2968 2376 3022; baseline -0.008 -11"><span class='ocrx_word' id='word_1_1057' title='bbox 1288 2975 1319 3011; x_wconf 90' lang='lat' dir='ltr'><strong>si</strong></span> <span class='ocrx_word' id='word_1_1058' title='bbox 1342 2975 1461 3021; x_wconf 90' lang='lat' dir='ltr'><strong>potuit</strong></span> <span class='ocrx_word' id='word_1_1059' title='bbox 1484 2974 1675 3020; x_wconf 89' lang='lat' dir='ltr'><strong>prohibere</strong></span> <span class='ocrx_word' id='word_1_1060' title='bbox 1699 2983 1764 3008; x_wconf 92' lang='lat' dir='ltr'><strong>nec</strong></span> <span class='ocrx_word' id='word_1_1061' title='bbox 1787 2971 1987 3018; x_wconf 86' lang='lat' dir='ltr'><strong>prohibuit,</strong></span> <span class='ocrx_word' id='word_1_1062' title='bbox 2020 2971 2136 3022; x_wconf 44' lang='lat' dir='ltr'><strong>nihilo·</strong></span> <span class='ocrx_word' id='word_1_1063' title='bbox 2153 2970 2267 3004; x_wconf 88' lang='lat' dir='ltr'><strong>minus</strong></span> <span class='ocrx_word' id='word_1_1064' title='bbox 2291 2968 2376 3020; x_wconf 76' lang='lat' dir='ltr'><strong>furti</strong></span> 
     </span>
     <span class='ocr_line' id='line_1_142' title="bbox 1288 3015 2373 3065; baseline -0.008 -9"><span class='ocrx_word' id='word_1_1065' title='bbox 1288 3025 1387 3065; x_wconf 83' lang='lat' dir='ltr'><strong>aget:</strong></span> <span class='ocrx_word' id='word_1_1066' title='bbox 1425 3023 1461 3055; x_wconf 89' lang='lat' dir='ltr'><strong>et</strong></span> <span class='ocrx_word' id='word_1_1067' title='bbox 1498 3021 1566 3055; x_wconf 93' lang='lat' dir='ltr'><strong>hoc</strong></span> <span class='ocrx_word' id='word_1_1068' title='bbox 1598 3017 1704 3054; x_wconf 89' lang='lat' dir='ltr'><strong>modo</strong></span> <span class='ocrx_word' id='word_1_1069' title='bbox 1734 3019 1909 3063; x_wconf 88' lang='lat' dir='ltr'><strong>patronus</strong></span> <span class='ocrx_word' id='word_1_1070' title='bbox 1943 3026 2083 3062; x_wconf 88' lang='lat' dir='ltr'><strong>quoque</strong></span> <span class='ocrx_word' id='word_1_1071' title='bbox 2114 3015 2241 3050; x_wconf 92' lang='lat' dir='ltr'><strong>liberto</strong></span> <span class='ocrx_word' id='word_1_1072' title='bbox 2272 3018 2308 3049; x_wconf 89' lang='lat' dir='ltr'><strong>et</strong></span> <span class='ocrx_word' id='word_1_1073' title='bbox 2330 3024 2373 3065; x_wconf 58' lang='grc' dir='ltr'><strong>ιβ,</strong></span> 
     </span>
     <span class='ocr_line' id='line_1_143' title="bbox 1287 3060 2376 3110; baseline -0.007 -9"><span class='ocrx_word' id='word_1_1074' title='bbox 1287 3066 1390 3102; x_wconf 89' lang='lat' dir='ltr'><strong>cuius</strong></span> <span class='ocrx_word' id='word_1_1075' title='bbox 1430 3075 1560 3110; x_wconf 89' lang='lat' dir='ltr'><strong>magna</strong></span> <span class='ocrx_word' id='word_1_1076' title='bbox 1596 3062 1811 3100; x_wconf 89' lang='lat' dir='ltr'><strong>verecundia</strong></span> <span class='ocrx_word' id='word_1_1077' title='bbox 1821 3064 1848 3085; x_wconf 73' lang='lat'><strong>¹⁴</strong></span> <span class='ocrx_word' id='word_1_1078' title='bbox 1887 3062 1936 3106; x_wconf 92' lang='lat' dir='ltr'><strong>ei,</strong></span> <span class='ocrx_word' id='word_1_1079' title='bbox 1972 3072 2074 3107; x_wconf 91' lang='lat' dir='ltr'><strong>quem</strong></span> <span class='ocrx_word' id='word_1_1080' title='bbox 2106 3060 2143 3095; x_wconf 93' lang='lat' dir='ltr'><strong>in</strong></span> <span class='ocrx_word' id='word_1_1081' title='bbox 2175 3063 2376 3104; x_wconf 87' lang='lat' dir='ltr'><strong>praesentia</strong></span> 
     </span>
     <span class='ocr_line' id='line_1_144' title="bbox 1287 3104 2373 3156; baseline -0.008 -9"><span class='ocrx_word' id='word_1_1082' title='bbox 1287 3111 1404 3156; x_wconf 89' lang='lat' dir='ltr'><strong>pudor</strong></span> <span class='ocrx_word' id='word_1_1083' title='bbox 1427 3110 1474 3146; x_wconf 87' lang='lat' dir='ltr'><strong>ad</strong></span> <span class='ocrx_word' id='word_1_1084' title='bbox 1502 3109 1741 3146; x_wconf 88' lang='lat' dir='ltr'><strong>resistendum</strong></span> <span class='ocrx_word' id='word_1_1085' title='bbox 1763 3109 1810 3144; x_wconf 90' lang='lat' dir='ltr'><strong>im</strong></span> <span class='ocrx_word' id='word_1_1086' title='bbox 1837 3108 1929 3151; x_wconf 91' lang='lat' dir='ltr'><strong>edit,</strong></span> <span class='ocrx_word' id='word_1_1087' title='bbox 1963 3107 2098 3142; x_wconf 87' lang='lat' dir='ltr'><strong>furtum</strong></span> <span class='ocrx_word' id='word_1_1088' title='bbox 2126 3104 2246 3140; x_wconf 86' lang='lat' dir='ltr'><strong>facere</strong></span> <span class='ocrx_word' id='word_1_1089' title='bbox 2269 3104 2373 3140; x_wconf 93' lang='lat' dir='ltr'><strong>solet.</strong></span> 
     </span>
    </p>

    <p class='ocr_par' dir='ltr' id='par_1_22' title="bbox 1286 3119 2376 3473">
     <span class='ocr_line' id='line_1_145' title="bbox 1334 3119 2376 3202; baseline -0.011 -8"><span class='ocrx_word' id='word_1_1090' title='bbox 1334 3153 1386 3194; x_wconf 83' lang='grc'><strong>93</strong></span> <span class='ocrx_word' id='word_1_1091' title='bbox 1428 3153 1511 3199; x_wconf 85' lang='grc'>(92)</span> <span class='ocrx_word' id='word_1_1092' title='bbox 1555 3155 1752 3191; x_wconf 72' lang='lat' dir='ltr'><em>ULPIANUS</em></span> <span class='ocrx_word' id='word_1_1093' title='bbox 1787 3119 1878 3190; x_wconf 54' lang='lat' dir='ltr'><strong>tillim</strong></span> <span class='ocrx_word' id='word_1_1094' title='bbox 1919 3152 2133 3202; x_wconf 45' lang='lat' dir='ltr'><strong>triqensimo·</strong></span> <span class='ocrx_word' id='word_1_1095' title='bbox 2164 3155 2288 3185; x_wconf 83' lang='lat' dir='ltr'><strong>octauo</strong></span> <span class='ocrx_word' id='word_1_1096' title='bbox 2326 3149 2376 3184; x_wconf 81' lang='lat' dir='ltr'><strong>ad</strong></span> 
     </span>
     <span class='ocr_line' id='line_1_146' title="bbox 1287 3194 2374 3245; baseline -0.008 -8"><span class='ocrx_word' id='word_1_1097' title='bbox 1287 3201 1444 3238; x_wconf 83' lang='lat' dir='ltr'><strong>edictum</strong></span> <span class='ocrx_word' id='word_1_1098' title='bbox 1491 3200 1700 3236; x_wconf 90' lang='lat' dir='ltr'><strong>Meminisse</strong></span> <span class='ocrx_word' id='word_1_1099' title='bbox 1729 3199 1910 3245; x_wconf 90' lang='lat' dir='ltr'><strong>oportebit</strong></span> <span class='ocrx_word' id='word_1_1100' title='bbox 1933 3207 2027 3233; x_wconf 88' lang='lat' dir='ltr'><strong>nunc</strong></span> <span class='ocrx_word' id='word_1_1101' title='bbox 2049 3196 2136 3231; x_wconf 83' lang='lat' dir='ltr'><strong>furti</strong></span> <span class='ocrx_word' id='word_1_1102' title='bbox 2164 3194 2374 3240; x_wconf 89' lang='lat' dir='ltr'><strong>plerumque</strong></span> 
     </span>
     <span class='ocr_line' id='line_1_147' title="bbox 1287 3239 2372 3297; baseline -0.008 -15"><span class='ocrx_word' id='word_1_1103' title='bbox 1287 3246 1520 3282; x_wconf 87' lang='lat' dir='ltr'><strong>criminaliter</strong></span> <span class='ocrx_word' id='word_1_1104' title='bbox 1539 3245 1597 3291; x_wconf 84' lang='lat' dir='ltr'><strong>agi</strong></span> <span class='ocrx_word' id='word_1_1105' title='bbox 1615 3249 1651 3281; x_wconf 91' lang='lat' dir='ltr'><strong>et</strong></span> <span class='ocrx_word' id='word_1_1106' title='bbox 1668 3255 1750 3281; x_wconf 91' lang='lat' dir='ltr'><strong>eum</strong></span> <span class='ocrx_word' id='word_1_1107' title='bbox 1768 3244 1830 3297; x_wconf 88' lang='lat' dir='ltr'><strong>qui</strong></span> <span class='ocrx_word' id='word_1_1108' title='bbox 1849 3244 1921 3288; x_wconf 88' lang='lat' dir='ltr'><strong>agit</strong></span> <span class='ocrx_word' id='word_1_1109' title='bbox 1937 3243 1974 3278; x_wconf 92' lang='lat' dir='ltr'><strong>in</strong></span> <span class='ocrx_word' id='word_1_1110' title='bbox 1987 3239 2372 3292; x_wconf 41' lang='lat' dir='ltr'><strong>crimen-subscribere,</strong></span> 
     </span>
     <span class='ocr_line' id='line_1_148' title="bbox 1286 3286 2373 3344; baseline -0.009 -16"><span class='ocrx_word' id='word_1_1111' title='bbox 1286 3302 1360 3327; x_wconf 90' lang='lat' dir='ltr'><strong>non</strong></span> <span class='ocrx_word' id='word_1_1112' title='bbox 1383 3291 1487 3344; x_wconf 82' lang='lat' dir='ltr'><strong>quasi</strong></span> <span class='ocrx_word' id='word_1_1113' title='bbox 1506 3291 1690 3337; x_wconf 90' lang='lat' dir='ltr'><strong>publicum</strong></span> <span class='ocrx_word' id='word_1_1114' title='bbox 1710 3290 1758 3327; x_wconf 91' lang='lat' dir='ltr'><strong>sit</strong></span> <span class='ocrx_word' id='word_1_1115' title='bbox 1777 3289 1959 3329; x_wconf 90' lang='lat' dir='ltr'><strong>iudicium,</strong></span> <span class='ocrx_word' id='word_1_1116' title='bbox 1983 3286 2047 3323; x_wconf 89' lang='lat' dir='ltr'><strong>sed</strong></span> <span class='ocrx_word' id='word_1_1117' title='bbox 2071 3295 2159 3338; x_wconf 68' lang='lat' dir='ltr'><strong>quia</strong></span> <span class='ocrx_word' id='word_1_1118' title='bbox 2177 3295 2290 3336; x_wconf 80' lang='lat' dir='ltr'><strong>visum</strong></span> <span class='ocrx_word' id='word_1_1119' title='bbox 2320 3289 2373 3320; x_wconf 90' lang='lat' dir='ltr'><strong>est</strong></span> 
     </span>
     <span class='ocr_line' id='line_1_149' title="bbox 1286 3329 2371 3383; baseline -0.009 -10"><span class='ocrx_word' id='word_1_1120' title='bbox 1286 3340 1523 3373; x_wconf 90' lang='lat' dir='ltr'><strong>temeritatem</strong></span> <span class='ocrx_word' id='word_1_1121' title='bbox 1554 3336 1736 3382; x_wconf 85' lang='lat' dir='ltr'><strong>agentium</strong></span> <span class='ocrx_word' id='word_1_1122' title='bbox 1767 3335 1873 3372; x_wconf 85' lang='lat' dir='ltr'><strong>etiam</strong></span> <span class='ocrx_word' id='word_1_1123' title='bbox 1903 3330 2186 3382; x_wconf 76' lang='lat' dir='ltr'><strong>extraordinaria</strong></span> <span class='ocrx_word' id='word_1_1124' title='bbox 2214 3329 2371 3383; x_wconf 63' lang='lat' dir='ltr'><strong>aminad3</strong></span> 
     </span>
     <span class='ocr_line' id='line_1_150' title="bbox 1286 3379 2373 3419; baseline -0.01 0"><span class='ocrx_word' id='word_1_1125' title='bbox 1286 3382 1450 3419; x_wconf 89' lang='lat' dir='ltr'><strong>versione</strong></span> <span class='ocrx_word' id='word_1_1126' title='bbox 1473 3381 1719 3418; x_wconf 88' lang='lat' dir='ltr'><strong>coercendam.</strong></span> <span class='ocrx_word' id='word_1_1127' title='bbox 1766 3390 1839 3416; x_wconf 89' lang='lat' dir='ltr'><strong>non</strong></span> <span class='ocrx_word' id='word_1_1128' title='bbox 1861 3379 1940 3414; x_wconf 91' lang='lat' dir='ltr'><strong>ideo</strong></span> <span class='ocrx_word' id='word_1_1129' title='bbox 1965 3381 2084 3411; x_wconf 86' lang='lat' dir='ltr'><strong>tamen</strong></span> <span class='ocrx_word' id='word_1_1130' title='bbox 2107 3385 2235 3418; x_wconf 90' lang='lat' dir='ltr'><strong>minus,</strong></span> <span class='ocrx_word' id='word_1_1131' title='bbox 2259 3385 2291 3411; x_wconf 87' lang='lat' dir='ltr'><strong>si</strong></span> <span class='ocrx_word' id='word_1_1132' title='bbox 2314 3385 2373 3419; x_wconf 88' lang='lat' dir='ltr'><strong>qui</strong></span> 
     </span>
     <span class='ocr_line' id='line_1_151' title="bbox 1287 3427 1849 3473; baseline -0.007 -9"><span class='ocrx_word' id='word_1_1133' title='bbox 1287 3428 1382 3471; x_wconf 87' lang='lat' dir='ltr'><strong>velit,</strong></span> <span class='ocrx_word' id='word_1_1134' title='bbox 1406 3428 1539 3473; x_wconf 90' lang='lat' dir='ltr'><strong>poterit</strong></span> <span class='ocrx_word' id='word_1_1135' title='bbox 1562 3427 1710 3464; x_wconf 85' lang='lat' dir='ltr'><strong>civiliter</strong></span> <span class='ocrx_word' id='word_1_1136' title='bbox 1733 3435 1849 3471; x_wconf 86' lang='lat' dir='ltr'><strong>agere.</strong></span> 
     </span>
    </p>
   </div>
   <div class='ocr_carea' id='block_1_7' title="bbox 1285 3621 2373 3763">
    <p class='ocr_par' dir='ltr' id='par_1_23' title="bbox 1285 3621 2373 3763">
     <span class='ocr_line' id='line_1_152' title="bbox 1285 3621 2373 3674; baseline -0.006 -9"><span class='ocrx_word' id='word_1_1137' title='bbox 1285 3631 1329 3672; x_wconf 86' lang='lat'><strong>(¹1)</strong></span> <span class='ocrx_word' id='word_1_1138' title='bbox 1353 3629 1436 3664; x_wconf 82' lang='lat' dir='ltr'><strong>idF</strong></span> <span class='ocrx_word' id='word_1_1139' title='bbox 1521 3632 1567 3674; x_wconf 86' lang='lat'><strong>(8)</strong></span> <span class='ocrx_word' id='word_1_1140' title='bbox 1591 3632 1743 3664; x_wconf 83' lang='lat' dir='ltr'><strong>nascetur</strong></span> <span class='ocrx_word' id='word_1_1141' title='bbox 1756 3627 1808 3662; x_wconf 76' lang='lat' dir='ltr'><strong>F²</strong></span> <span class='ocrx_word' id='word_1_1142' title='bbox 1901 3630 1946 3669; x_wconf 81' lang='grc'><strong>(9)</strong></span> <span class='ocrx_word' id='word_1_1143' title='bbox 1964 3621 2015 3669; x_wconf 63' lang='lat' dir='ltr'><strong>&#39;vil</strong></span> <span class='ocrx_word' id='word_1_1144' title='bbox 2030 3626 2127 3659; x_wconf 80' lang='lat' dir='ltr'><strong>utiF</strong></span> <span class='ocrx_word' id='word_1_1145' title='bbox 2213 3627 2271 3666; x_wconf 85' lang='grc' dir='ltr'>(ιο)</span> <span class='ocrx_word' id='word_1_1146' title='bbox 2296 3634 2373 3658; x_wconf 86' lang='lat' dir='ltr'><strong>cuin</strong></span> 
     </span>
     <span class='ocr_line' id='line_1_153' title="bbox 1285 3672 2370 3763; baseline -0.009 -51"><span class='ocrx_word' id='word_1_1147' title='bbox 1285 3687 1347 3763; x_wconf 51' lang='lat' dir='ltr'><strong>iffi</strong></span> <span class='ocrx_word' id='word_1_1148' title='bbox 1369 3723 1418 3755; x_wconf 57' lang='lat' dir='ltr'><strong><em>m</em></strong></span> <span class='ocrx_word' id='word_1_1149' title='bbox 1435 3677 1516 3756; x_wconf 50' lang='lat' dir='ltr'><strong>igi)</strong></span> <span class='ocrx_word' id='word_1_1150' title='bbox 1540 3686 1605 3719; x_wconf 87' lang='lat' dir='ltr'><strong>que</strong></span> <span class='ocrx_word' id='word_1_1151' title='bbox 1627 3677 1686 3710; x_wconf 80' lang='lat' dir='ltr'><strong>ins.</strong></span> <span class='ocrx_word' id='word_1_1152' title='bbox 1709 3673 1760 3706; x_wconf 67' lang='lat' dir='ltr'><strong>pa</strong></span> <span class='ocrx_word' id='word_1_1153' title='bbox 1867 3675 1926 3713; x_wconf 84' lang='lat'><strong>(12)</strong></span> <span class='ocrx_word' id='word_1_1154' title='bbox 1952 3672 2009 3714; x_wconf 89' lang='lat' dir='ltr'><strong>qui</strong></span> <span class='ocrx_word' id='word_1_1155' title='bbox 2032 3672 2067 3705; x_wconf 80' lang='lat' dir='ltr'><em>F</em></span> <span class='ocrx_word' id='word_1_1156' title='bbox 2167 3672 2226 3707; x_wconf 79' lang='lat'><strong>(13)</strong></span> <span class='ocrx_word' id='word_1_1157' title='bbox 2250 3679 2289 3702; x_wconf 79' lang='lat' dir='ltr'><strong>au</strong></span> <span class='ocrx_word' id='word_1_1158' title='bbox 2307 3681 2370 3703; x_wconf 69' lang='lat' dir='ltr'><strong>scr.</strong></span> 
     </span>
    </p>
   </div>
  </div>
 </body>
</html>
