2528 3918
144 150 522 185 OBLIGA'I'IONIBUS

143 262 406 300 ventionalibus
429 262 720 310 stipulationibus
744 263 946 300 contractui
969 264 1120 301 formam
1143 274 1228 302 con-

141 309 327 345 trahentes
364 309 462 345 dant.
521 309 698 347 enimvero
740 310 943 355 praetoriae
978 311 1228 357 stipulationes

142 353 254 406 legem
285 355 467 400 accipiunt
496 355 541 391 de
570 358 688 391 mente
717 355 894 401 praetoris
928 356 987 401 qui
1011 366 1073 392 eas
1094 367 1227 411 propo-

142 402 231 435 suit:
266 399 417 445 denique
447 399 637 446 praetoriis
668 400 957 446 stipulationibus
989 401 1078 437 nihil
1100 413 1226 437 11111110-

145 448 158 479 1
208 447 287 480 1010
310 444 395 481 11001
417 455 532 490 neque
555 445 687 481 addere
709 455 826 491 neque
850 445 1050 482 detrahere.
1087 446 1125 483 Si
1172 446 1227 483 uis

141 499 289 525 vacuam
318 491 580 535 possessionem
604 490 698 526 tradi
728 490 950 544 promiserit,
990 503 1063 528 non
1092 503 1143 528 nu
1168 503 1227 527 um

140 534 276 570 factum
309 535 400 571 haec
434 535 616 581 stipulatio
650 537 861 580 contlnebit,
897 536 961 573 sed
994 548 1139 573 causam
1162 538 1226 574 bo-

140 590 278 615 norum.

187 622 240 663 53
263 624 456 661 IULIANUS
482 625 573 662 libro
596 630 701 662 sexto
726 625 862 662 decimo
887 626 1108 674 diqestorum
1156 628 1226 663 Sti-

139 669 342 716 pulationes
378 671 699 724 commodissimum
735 675 790 707 est
820 671 873 707 ita
903 683 1139 726 componere,
1175 676 1225 717 ut,

140 716 1110 808 &liissiffiffuioffpssffissssl‘ffiassssffl'rssiessff9335&ss
1135 729 1227 808 {322

139 806 178 841 in
207 807 411 851 praesentia
441 817 631 843 occurrere
662 818 735 844 non
765 807 904 853 possint
935 811 971 844 et
995 808 1041 845 ad
1070 809 1226 845 incertos

141 862 245 887 casus
296 852 447 887 ertinent
457 854 480 888 ¹.

186 896 240 934 54
288 907 371 932 DEM
398 897 489 933 libro
512 898 703 933 vicensimo
727 897 884 933 seeundo
915 897 1136 945 diqestorum
1182 898 1226 934 In

141 942 430 988 stipulationibus
461 942 551 978 alias
585 943 740 988 species,
773 942 863 979 alias
886 952 1018 988 genera
1043 944 1225 979 deducun-

139 991 209 1023 tur.
259 998 339 1023 cum
363 988 500 1033 species
525 988 756 1033 stipulamur,
789 999 937 1024 necesse
961 992 1016 1024 est
1046 988 1139 1025 inter
1162 989 1226 1025 do-

139 1033 255 1069 minos
286 1037 323 1068 et
353 1033 446 1069 inter
476 1034 624 1070 heredes
657 1033 709 1068 ita
732 1033 840 1068 dividi
863 1034 1149 1079 stipulationem,
1185 1038 1227 1070 ut

138 1082 259 1124 partes
279 1089 469 1132 corporum
487 1079 614 1124 cuique
631 1078 857 1132 debebuntur
864 1079 890 1114 ².
924 1080 1088 1134 quotiens
1106 1084 1226 1115 autem

137 1127 339 1204 iissessffl
357 1123 1224 1216 gaer2..¹¹1¹³¹;².:.¹;.<;.51.‡.3123:²2.essa:ts.

138 1213 286 1250 heredes
310 1214 433 1259 aequis
458 1215 618 1260 partibus
642 1215 706 1250 reli
731 1215 802 1257 uit,
835 1225 981 1251 necesse
1005 1219 1060 1252 est
1082 1217 1225 1261 utrique

137 1262 275 1304 partem
299 1259 479 1295 dimidiam
503 1260 616 1295 Stichi
646 1263 683 1295 et
736 1260 882 1305 amphili
905 1260 1045 1296 deberi:
1078 1261 1109 1296 si
1132 1262 1224 1296 idem

138 1305 228 1340 duos
252 1304 413 1340 homines
437 1305 630 1350 stipulatus
653 1304 798 1349 fuisset,
824 1306 954 1351 singuli
976 1307 1135 1343 homines
1161 1307 1223 1342 he-

141 1353 154 1384 1
204 1349 348 1385 redibus
388 1350 463 1385 eius
508 1350 732 1386 deberentur.
797 1350 996 1396 Operarum
1040 1352 1223 1397 stipulatio

137 1394 260 1431 similis
284 1398 339 1431 est
357 1394 412 1430 his
432 1395 734 1441 stipulationibus,
758 1395 797 1431 in
820 1396 948 1441 quibus
971 1407 1104 1442 genera
1128 1408 1224 1433 com-

135 1440 421 1486 prehenduntur:
453 1445 489 1476 et
517 1440 598 1477 ideo
629 1440 753 1477 divisio
785 1441 862 1477 eius
886 1441 1128 1487 stipulationis
1153 1454 1225 1479 non

135 1487 173 1521 in
194 1489 317 1531 partes
342 1496 542 1531 operarum,
567 1486 630 1523 sed
652 1486 690 1521 in
712 1496 900 1522 numerum
924 1487 1029 1523 cedit.
1074 1488 1169 1533 quod
1195 1488 1225 1524 si

136 1541 245 1566 unam
283 1541 430 1576 operam
469 1542 591 1567 servus
631 1531 829 1568 communis
868 1532 1059 1578 stipulatus
1102 1533 1223 1578 fuerit,

135 1586 282 1612 necesse
313 1579 369 1612 est
398 1577 540 1622 utrique
570 1576 793 1613 dominorum
824 1582 964 1630 partem
989 1589 1119 1624 operae
1142 1582 1223 1614 tan-

136 1625 228 1665 tam,
265 1625 434 1667 quantam
468 1622 506 1657 in
542 1632 645 1659 servo
684 1622 868 1667 habuerit,
903 1626 1037 1669 petere.
1093 1624 1223 1660 solutio

135 1670 257 1703 autem
288 1667 364 1703 eius
395 1667 621 1713 obligationis
654 1667 920 1713 expeditissima
942 1672 1012 1713 est,
1050 1670 1082 1705 si
1115 1670 1222 1705 aesti-

134 1712 326 1748 mationem
358 1722 488 1757 operae
518 1713 619 1748 malit
646 1713 795 1748 libertus
826 1713 954 1750 offerre
984 1717 1049 1749 aut
1079 1714 1110 1750 si
1139 1725 1223 1750 0011-

138 1757 296 1793 sentiant
317 1758 481 1803 patroni,
514 1762 556 1793 ut
583 1758 614 1794 is
640 1758 873 1794 communiter
903 1769 1034 1804 operae
1058 1759 1222 1795 edantur.

182 1801 235 1840 55
261 1802 368 1838 IDEM
387 1803 479 1839 libro
504 1804 712 1850 triqensimo
735 1808 841 1839 sexto
865 1804 1087 1851 diqestorum
1135 1805 1223 1840 Cum

136 1848 215 1893 quis
239 1847 309 1884 sibi
331 1851 395 1883 aut
407 1847 502 1884 Titio
526 1848 604 1884 dari
626 1849 819 1894 stipulatus
843 1852 909 1893 est,
934 1849 1002 1885 soli
1022 1850 1127 1895 Titio,
1151 1861 1224 1886 non

135 1893 242 1929 etiam
266 1894 534 1929 successoribus
557 1894 634 1930 eius
657 1897 755 1930 recte
778 1893 938 1930 solvitur.

182 1936 235 1977 56
258 1938 366 1974 IDEM
382 1938 473 1975 libro
486 1939 812 1992 quinquaqensimo
824 1939 981 1976 secundo
1002 1939 1223 1987 diqestorum

135 1983 248 2028 Eum,
282 1984 343 2029 qui
370 1983 423 2019 ita
453 1984 664 2029 stlpulatur:
691 1984 788 2020 ‘mihi
812 1988 848 2020 et
871 1985 966 2020 Titio
991 1985 1113 2021 decem
1137 1985 1224 2022 dare

136 2028 300 2075 ‘spondes
309 2029 338 2065 Υ
361 2039 445 2065 vero
469 2029 618 2065 similius
643 2033 698 2066 est
720 2040 861 2076 semper
882 2040 956 2065 una
980 2030 1102 2066 decem
1127 2042 1222 2066 com-

135 2075 290 2110 muniter
313 2074 382 2110 sibi
405 2077 441 2110 et
465 2074 561 2111 Titio
585 2075 769 2120 stipulari,
794 2075 901 2111 sicuti
923 2075 984 2121 qui
1006 2075 1103 2121 legat
1125 2076 1222 2112 Titio

135 2123 172 2155 et
202 2119 429 2166 Sempronio,
460 2130 534 2155 non
566 2120 664 2155 aliud
686 2120 904 2166 intellegitur
957 2131 1040 2156 uam
1064 2132 1138 2157 una
1161 2122 1221 2158 de-

139 2168 153 2199 1
204 2175 282 2201 cem
312 2166 546 2201 communiter
577 2164 718 2201 duobus
748 2166 876 2210 legare.
926 2167 947 2185 ‘'
970 2176 990 2202 e
1020 2170 1056 2202 et
1087 2167 1222 2203 Titium

136 2210 311 2246 ‘heredem
334 2214 436 2245 tuum
460 2210 583 2246 decem
606 2211 773 2246 daturum
796 2211 950 2257 spondes
960 2212 989 2247 ‘P’
1032 2212 1118 2247 Titii
1141 2223 1222 2257 per-

135 2266 226 2291 sona
254 2265 479 2300 supervacua
509 2256 766 2308 comprehensa
797 2260 870 2292 est:
909 2257 983 2293 sive
1007 2257 1100 2293 enim
1124 2258 1222 2294 solus

135 2301 239 2336 heres
262 2300 449 2344 exstiterit,
473 2301 511 2335 in
530 2301 683 2338 solidum
705 2302 895 2346 tenebitur,
920 2302 994 2338 sive
1042 2313 1082 2338 ro
1133 2307 1222 2347 arte,

137 2346 260 2382 eodem
283 2346 408 2389 modo,
433 2356 503 2391 quo
529 2346 639 2382 ceteri
662 2347 855 2383 coheredes
879 2347 967 2390 eius,
992 2358 1013 2383 o
1040 2348 1112 2394 liga
1136 2348 1221 2384 itur.

136 2394 172 2427 et
202 2391 361 2437 quamvis
395 2391 602 2428 convenisse
631 2391 811 2437 videatur,
843 2402 889 2428 ne
919 2394 966 2429 ab
999 2393 1068 2429 alio
1092 2394 1223 2430 herede

136 2447 243 2482 quam
266 2447 289 2472 a
311 2436 405 2472 Titio
429 2440 628 2482 peteretur,
661 2441 782 2473 tamen
810 2438 935 2474 inutile
964 2442 1111 2484 pactum
1137 2450 1221 2475 con-

136 2485 156 2516 2
202 2485 345 2517 ventum
369 2482 604 2518 coheredibus
628 2483 704 2518 eius
728 2483 806 2519 erit.
856 2483 923 2528 Qui
953 2484 1023 2519 sibi
1053 2488 1117 2520 aut
1147 2485 1221 2520 filio

136 2537 201 2563 000
231 2526 309 2563 (1011
339 2527 550 2573 stipulatur,
580 2528 768 2564 manifeste
789 2538 982 2574 personam
1004 2528 1069 2565 filii
1091 2529 1130 2565 in
1152 2530 1222 2566 11οο

136 2572 401 2618 complectitur,
437 2576 479 2608 ut
509 2572 543 2608 ei
572 2577 670 2608 recte
701 2573 878 2609 solvatur:
913 2584 958 2609 ne
982 2584 1028 2610 ue
1061 2574 1220 2619 interest,

135 2617 205 2653 sibi
227 2621 292 2653 aut
314 2620 484 2653 extraneo
510 2618 674 2662 cuilibet,
706 2628 753 2653 an
776 2618 845 2654 sibi
867 2622 932 2654 aut
993 2619 1027 2655 io
1051 2630 1117 2656 suo
1142 2621 1220 2666 quis

135 2662 345 2708 stipuletur:
370 2673 481 2708 quare
499 2663 556 2698 vel
573 2664 753 2698 manenti³
775 2664 813 2698 111
829 2667 1009 2709 potestate
1027 2665 1084 2700 vel
1100 2675 1221 2700 eman-

137 2708 255 2752 cipato
286 2707 360 2743 filio
391 2711 489 2743 recte
520 2708 679 2743 solvitur.
726 2718 841 2753 neque
872 2708 920 2744 ad
948 2719 1024 2745 rem
1055 2711 1219 2755 pertinet,

136 2752 233 2798 quod
255 2752 318 2798 qui
338 2752 412 2788 filio
436 2763 503 2788 suo
527 2752 606 2788 dari
630 2753 832 2799 stipulatur,
857 2754 925 2790 sibi
948 2754 1113 2800 adquirit,
1138 2756 1221 2801 quia

137 2797 328 2833 coniuncta
352 2808 418 2833 sua
439 2808 596 2843 persona
619 2798 809 2844 stipulator
832 2798 961 2842 efficit,
996 2803 1038 2835 ut
1059 2811 1132 2836 non
1156 2801 1220 2836 ad-

137 2842 330 2889 quirendae
360 2842 431 2878 obli
456 2842 585 2878 ationis
616 2844 749 2888 gratia,
788 2843 853 2880 sed
892 2844 1079 2881 solutionis
1111 2856 1222 2881 causa

138 2891 158 2924 3
203 2898 395 2933 personam
450 2887 488 2922 lii
518 2887 795 2933 adprehendisse
824 2889 1062 2935 intellegatur.
1117 2890 1221 2935 Quod

137 2933 168 2969 si
190 2933 258 2968 soli
280 2932 355 2969 filio
379 2943 464 2977 suo,
497 2933 558 2979 qui
587 2934 624 2968 in
680 2937 831 2971 otestate
854 2945 920 2970 sua
943 2935 1006 2978 sit,
1040 2935 1116 2971 dari
1141 2937 1220 2982 quis

136 2978 329 3024 stipulatus
352 2978 409 3020 sit,
435 2989 508 3014 non
531 2981 629 3014 10010
678 2979 726 3015 110
750 2980 916 3023 solvetur,
942 2981 1026 3033 quia
1048 2980 1114 3016 filii
1138 2992 1219 3027 per-

137 3033 226 3059 sona
261 3023 469 3069 obligationi
506 3023 618 3068 magis
678 3035 760 3060 uam
796 3025 965 3061 solutiom
1005 3026 1218 3072 applicatur.

137 3071 159 3103 4
205 3068 274 3113 Qui
306 3069 359 3104 ita
387 3068 595 3113 stipulatur:
635 3071 645 3088 ⁴
672 3079 784 3114 ecem,
821 3070 939 3116 quoad
970 3071 1101 3115 vivam,
1142 3072 1220 3107 dari

137 3113 350 3159 ‘spondes?’,
391 3113 578 3149 confestim
615 3113 737 3150 decem
767 3119 865 3151 recte
901 3115 979 3151 dari
1009 3117 1117 3162 petit:
1156 3117 1220 3153 sed

135 3158 240 3194 heres
276 3158 352 3195 eius
384 3159 593 3204 exceptione
606 3159 722 3239 dpacti
752 3161 916 3196 conventi
946 3162 1219 3198 summovendus

136 3207 206 3239 est:
231 3214 314 3239 nam
330 3204 576 3249 stipulatorem
592 3203 605 3239 i
648 3204 772 3250 egisse,
793 3215 838 3242 ne
854 3205 960 3243 heres
977 3207 1052 3242 eius
1069 3210 1218 3252 peteret,

136 3249 254 3330 galam
277 3253 351 3292 est,
376 3248 672 3295 quemadmodum
693 3250 741 3294 is,
766 3250 828 3295 qui
850 3261 963 3296 usque
985 3252 1021 3287 in
1046 3252 1219 3288 kalendas

162 3294 216 3330 ari
246 3294 455 3341 stipulatur,
486 3298 607 3340 potest
634 3295 775 3341 quidem
807 3295 913 3331 etiam
941 3301 1024 3342 post
1046 3297 1218 3333 kalendas

135 3342 276 3419 petere,
311 3339 375 3375 sed
404 3340 611 3385 exceptione
640 3340 740 3385 pacti
770 3345 1020 3377 summovetur.
1068 3353 1151 3378 nam
1183 3346 1220 3378 et

162 3394 240 3421 eres
264 3385 355 3429 eius,
381 3385 438 3420 cui
461 3386 613 3422 servitus
637 3385 774 3430 praedii
795 3385 847 3421 ita
870 3396 1041 3423 concessa
1063 3391 1134 3431 est,
1166 3391 1218 3430 ut,

137 3429 254 3475 quoad
277 3430 419 3472 viveret,
443 3430 500 3466 100
525 3431 632 3466 eundi
656 3431 815 3473 haberet,
846 3432 945 3476 pacti
968 3432 1132 3468 conventi
1156 3442 1217 3468 ex-

137 3478 157 3509 5
205 3474 368 3520 ceptione
392 3475 669 3512 submovebitur.
717 3475 785 3520 Qui
807 3476 858 3511 ita
880 3476 926 3512 sti
952 3477 1093 3514 ulatur:
1123 3480 1220 3513 ‘ante

136 3518 319 3555 ‘kalendas
338 3520 521 3565 proximas
544 3520 622 3556 dari
643 3521 796 3567 spondes
805 3521 833 3556 ?’
859 3521 933 3556 nihi
962 3521 1080 3558 differt
1101 3522 1146 3558 ab
1165 3533 1218 3567 eo,

1213 138 1299 186 725

2120 149 2329 194 XXXXV
2365 155 2380 193 1

1298 268 1318 300 6
1366 265 1426 310 (101
1458 265 1630 302 ‘kalendis
1655 265 1743 301 dari'
1780 268 1981 313 stipulatur.
2031 271 2097 315 Qui
2129 273 2382 318 proprietatem

1297 311 1374 346 sine
1398 322 1467 347 usu
1489 310 1611 347 fructu
1634 311 1762 355 habet,
1787 318 1884 350 10010
1907 326 2010 351 usum
2033 317 2190 353 fructum
2215 318 2291 354 dari
2315 318 2383 355 sibi

1297 356 1508 401 stipulatur:
1543 356 1582 392 id
1617 357 1709 392 enim
1741 358 1778 392 in
1807 359 2055 404 obligationem
2087 362 2249 407 deducit,
2311 364 2384 401 uod

1300 405 1318 435 7
1366 412 1438 437 non
1460 402 1583 445 habet,
1608 401 1671 437 sed
1694 402 1827 438 habere
1850 408 1978 448 potest.
2027 407 2063 442 Si
2088 418 2110 443 a
2133 412 2168 444 te
2191 409 2287 454 stipu
2302 412 2382 445 01110

1297 446 1399 483 10010
1431 446 1582 483 fundum
1612 447 1692 483 Sem
1719 448 1924 494 ronianum,
1965 450 2090 488 deinde
2120 454 2270 490 eundem
2301 454 2378 490 fun-

1297 492 1381 527 dum
1404 491 1567 528 detracto
1590 503 1660 528 usu
1698 496 1803 528 10010
1827 494 1871 529 011
1901 496 1971 531 0110
1997 497 2165 542 stipulor,
2196 500 2295 544 prior
2318 501 2381 535 sti-

1295 537 1432 617 pulatio
1464 549 1537 574 non
1568 537 1773 580 novabitur,
1816 539 1900 583 quia
1930 551 1995 576 nec
2033 543 2200 579 solvendo
2232 544 2380 580 fundum

1320 586 1458 618 etracto
1497 594 1568 619 usu
1605 583 1728 619 fructu
1766 583 1974 621 liberaberis
1985 587 2009 629 ⁴,
2048 588 2110 623 sed
2139 589 2258 625 adhuc
2292 601 2315 625 a
2346 595 2382 625 10

1295 631 1394 663 10010
1425 628 1528 664 fundi
1551 639 1656 664 usum
1686 628 1843 664 fructum
1875 634 2042 675 peterem.
2091 634 2174 677 quid
2198 645 2279 679 ergo
2304 636 2382 671 est?

1296 683 1376 708 cum
1401 674 1486 708 mihi
1516 673 1667 709 fundum
1699 673 1857 717 (10(10110,
1890 675 1921 710 10
1947 686 2086 722 quoque
2109 679 2335 722 liberabitur,
2361 692 2383 715 a

1296 728 1367 762 quo
1392 718 1552 755 detracto
1576 730 1644 755 usu
1677 718 1797 754 fructu
1830 720 1980 755 fundum
2011 722 2201 767 stipulatus
2233 725 2379 760 fueram.

1296 765 1316 798 8
1364 762 1401 798 Si
1421 765 1609 807 hominem,
1635 775 1738 809 quem
1758 775 1781 800 a
1800 765 1894 801 Titio
1914 776 2004 810 pure
2023 768 2212 812 stipulatus
2233 770 2380 813 fueram,

1295 808 1397 844 Seius
1420 809 1506 844 mihi
1530 810 1597 845 sub
1623 810 1832 845 condicione
1862 811 2065 856 promiserit
2089 818 2124 848 et
2147 814 2177 849 is
2208 815 2381 859 pendente

1297 853 1506 890 condicione
1545 859 1628 900 post
1659 865 1795 890 moram
1827 855 1912 891 Titii
1946 856 2155 900 decesserit,
2197 860 2380 896 confestim

1296 909 1376 934 cum
1394 899 1488 935 Titio
1508 910 1613 944 agere
1628 903 1766 945 potero,
1783 911 1849 936 nec
1868 901 1969 937 Seius
1988 902 2159 939 existente
2176 905 2381 940 condicione

1296 944 1508 989 obligetur⁵z
1534 949 1572 980 at
1595 946 1627 981 si
1651 945 1745 981 Titio
1770 950 1959 992 acceptum
1981 946 2157 990 fecissem,
2182 949 2283 985 Seius
2309 951 2379 985 exi-

1295 993 1411 1025 stente
1443 990 1652 1026 condicione
1685 991 1836 1036 obligari
1858 995 1987 1036 potest.
2034 992 2166 1028 idcirco
2196 995 2285 1030 haec
2309 998 2380 1030 tam

1294 1035 1401 1078 varie,
1428 1035 1524 1081 quod
1547 1036 1688 1072 homine
1711 1040 1852 1072 mortuo
1877 1037 2007 1072 desinit
2027 1048 2105 1073 esse
2128 1049 2196 1082 res,
2221 1040 2258 1074 in
2277 1051 2380 1085 quam

1297 1081 1400 1116 Seius
1425 1081 1659 1126 obligaretur:
1684 1082 1958 1127 acceptilatione
1981 1083 2194 1128 interposita
2221 1090 2384 1130 superest

1294 1125 1413 1170 homo,
1462 1137 1543 1162 uem
1568 1126 1670 1163 Seius
1693 1128 1919 1172 promiserat.

1341 1169 1393 1208 57
1442 1182 1526 1207 DEM
1554 1172 1645 1208 libro
1677 1173 2002 1220 quinquagensimo
2034 1175 2138 1209 tertio
2163 1175 2380 1220 diqestorum

1295 1216 1333 1252 Si
1373 1217 1451 1262 quis
1483 1217 1526 1252 ‘si
1557 1217 1674 1253 Titius
1713 1218 1838 1253 consul
1869 1217 1989 1254 factus
2021 1219 2104 1263 0111,
2141 1219 2263 1255 decem
2295 1219 2381 1255 dari‘

1293 1262 1545 1308 spoponderit,
1571 1263 1729 1308 quamvis
1753 1264 1932 1308 pendente
1956 1264 2165 1300 condicione
2188 1265 2383 1310 promissor

1292 1308 1477 1352 moriatur,
1501 1308 1680 1354 relinquet
1702 1308 1869 1344 heredem
1893 1309 2099 1354 obligatum.

1339 1350 1392 1391 58
1417 1353 1522 1388 IDEM
1543 1354 1634 1389 libro
1658 1354 1984 1401 quinquaqensinzo
2009 1358 2140 1401 quarto
2164 1355 2381 1402 diqestorum

1294 1397 1361 1442 Qui
1393 1409 1497 1434 usum
1529 1398 1685 1434 fructum
1709 1398 1810 1434 fundi
1833 1399 2042 1444 stipulatur,
2073 1400 2199 1436 deinde
2221 1400 2381 1443 fundum,

1292 1444 1418 1479 similis
1453 1447 1508 1480 est
1538 1444 1588 1486 ei,
1622 1444 1683 1489 qui
1712 1448 1849 1489 partem
1881 1445 1984 1480 fundi
2007 1445 2054 1481 sti
2080 1445 2220 1489 ulatur,
2255 1446 2381 1482 deinde

1292 1492 1425 1534 totum,
1461 1488 1546 1535 quia
1574 1489 1707 1525 fundus
1743 1489 1819 1525 dari
1857 1501 1929 1526 non
1959 1490 2047 1526 intel
2062 1491 2194 1536 egitur,
2234 1491 2264 1527 si
2295 1503 2380 1527 usus

1292 1533 1431 1570 fructus
1456 1535 1678 1570 detrahatur.
1712 1538 1749 1571 et
1768 1545 1788 1571 0
1812 1536 1990 1571 0011110110
2015 1536 2074 1581 (101
2097 1536 2248 1572 fundum
2268 1537 2380 1582 stipu-

1292 1579 1386 1616 latus
1411 1583 1484 1622 est,
1517 1579 1646 1615 deinde
1675 1591 1778 1616 usum
1807 1580 1983 1624 fructum,
2014 1581 2136 1617 similis
2161 1586 2215 1618 est
2237 1582 2288 1625 ei,
2321 1582 2381 1627 qui

1293 1628 1408 1661 totum
1439 1625 1650 1670 stipulatur,
1683 1625 1809 1661 deinde
1841 1629 1980 1672 partem
1989 1627 2014 1661 ⁸.
2061 1626 2145 1662 sed⁷
2201 1627 2238 1662 ui
2261 1631 2378 1663 actum

1292 1670 1502 1723 stipulatur,
1536 1671 1661 1707 deinde
1689 1670 1777 1714 iter,
1812 1671 2012 1716 posteriore
2042 1672 2270 1717 stipulatione
2294 1672 2381 1708 nihil

1293 1719 1384 1769 agit,
1420 1715 1526 1751 sicuti
1558 1716 1618 1761 qui
1656 1715 1797 1759 decem,
1836 1716 1961 1752 deinde
1990 1717 2146 1797 30111300
2177 1717 2380 1763 stipulatur,

1292 1761 1381 1796 nihil
1404 1771 1426 1796 a
1451 1761 1488 1796 't.
1525 1762 1609 1796 item
1633 1761 1665 1797 si
1688 1762 1767 1806 quis
1790 1761 1965 1804 fructum,
2015 1763 2071 1798 ein
2098 1773 2117 1798 e
2140 1774 2243 1799 usum
2268 1763 2379 1808 stipu-

1292 1806 1388 1842 latus
1442 1806 1550 1850 uerit,
1590 1806 1678 1841 nihil
1711 1807 1794 1852 agit.
1842 1807 1912 1843 nisi
1948 1808 1986 1842 in
2026 1808 2189 1843 omnibus
2227 1808 2379 1844 novandi

1293 1851 1411 1886 animo
1442 1851 1512 1887 hoc
1542 1851 1662 1887 facere
1692 1852 1898 1897 specialiter
1921 1854 2153 1898 expresserit:
2178 1857 2264 1888 tunc
2288 1853 2380 1888 enim

1292 1897 1411 1942 priore
1434 1897 1650 1941 obligatione
1670 1897 1877 1942 exspirante
1900 1909 1944 1934 ex
1968 1899 2126 1933 secunda
2143 1899 2381 1934 introducitur

1291 1941 1416 1987 petitio
1440 1945 1477 1978 et
1499 1945 1574 1977 tam
1596 1942 1664 1977 iter
1687 1952 1795 1988 quam
1814 1954 1901 1979 usus
1926 1953 1992 1978 nec
2015 1954 2088 1979 non
2110 1944 2265 1989 quinque
2288 1944 2379 1988 exigi

1318 1990 1455 2023 ossunt.

1291 1998 1315 2032 p
1338 2029 1392 2070 59
1431 2031 1540 2067 IDEM
1581 2032 1673 2068 libro
1712 2035 1794 2068 octa
1821 2034 1955 2068 ensimo
1995 2036 2120 2069 octavo
2160 2033 2379 2080 diqestorum

1293 2076 1465 2122 Quotiens
1488 2078 1527 2113 in
1549 2077 1642 2113 diem
1665 2078 1721 2113 vel
1744 2088 1787 2113 00
1845 2078 2053 2114 condicione
2075 2078 2192 2114 oleum
2215 2079 2293 2124 quis
2317 2079 2379 2114 sti-

1291 2123 1456 2168 pulatur,
1502 2123 1579 2158 eius
1624 2123 1907 2159 aestimationem
1945 2134 1986 2159 eo
2025 2127 2187 2169 tempore
2226 2125 2379 2169 spectari

1292 2171 1454 2214 oportet,
1490 2179 1561 2214 quo
1592 2167 1667 2204 dies
1698 2168 1926 2213 obligationis
1957 2168 2068 2204 venit:
2100 2174 2187 2205 tunc
2218 2169 2310 2205 enim
2333 2171 2378 2205 ab

1292 2224 1334 2250 οο
1358 2212 1433 2259 peti
1457 2217 1595 2259 potest:
1621 2213 1780 2258 alioquin
1803 2214 1917 2250 alias⁸
1940 2214 1992 2250 rei
2017 2214 2136 2259 captio
2160 2215 2238 2250 erit.

1337 2257 1390 2297 60
1423 2259 1618 2295 ULPIANUS
1652 2259 1744 2295 libro
1776 2260 1967 2295 vicensimo
2005 2259 2054 2294 ad
2084 2259 2237 2295 edietum
2282 2259 2378 2294 Idem

1291 2304 1359 2340 erit
1391 2306 1427 2340 et
1455 2304 1485 2340 si
1517 2304 1663 2349 Capuae
1693 2305 1852 2340 certum⁹
1892 2304 1960 2340 olei
2025 2304 2118 2340 oudo
2131 2306 2159 2326 ¹⁰
2190 2304 2267 2339 dari
2300 2306 2377 2349 quis

1291 2350 1484 2395 stipulatus
1509 2349 1571 2385 sit:
1597 2360 1681 2385 nam
1704 2349 1781 2385 eius
1804 2350 1973 2395 temporis
2023 2353 2039 2384 t
2061 2349 2271 2392 aestimatio,
2297 2360 2378 2385 cum

1290 2395 1363 2441 peti
1386 2397 1522 2440 potest:
1555 2395 1629 2448 peti
1652 2398 1771 2431 autem
1795 2399 1931 2441 potest,
1957 2396 2063 2440 qu0¹¹
2088 2394 2239 2440 primum
2262 2395 2300 2430 in
2324 2395 2377 2430 lo-

1291 2451 1371 2476 cum
1394 2440 1571 2486 perveniri
1591 2441 1721 2486 potuit.

1337 2483 1382 2523 61
1415 2485 1439 2521 I
1443 2495 1608 2521 emamus
1636 2485 1727 2522 libro
1757 2485 1913 2520 secundo
1944 2485 1994 2520 ad
2023 2483 2181 2520 Urseium
2205 2485 2376 2520 Ferocem

1291 2530 1481 2576 Stipulatio
1505 2530 1575 2566 hoc
1606 2531 1711 2566 modo
1737 2533 1927 2575 concepta:
1966 2530 2007 2565 ‘si
2030 2530 2196 2565 heredem
2224 2540 2280 2565 me
2304 2541 2375 2565 non

1291 2575 1447 2618 ‘feceris,
1478 2579 1619 2611 tantum
1659 2575 1744 2611 dare
1782 2575 1936 2620 spondes
1945 2575 1973 2609 ‘?'
2019 2575 2154 2610 inutilis
2186 2577 2258 2618 est,
2294 2575 2375 2620 quia

1291 2623 1418 2657 contra
1441 2621 1556 2657 bonos
1580 2631 1696 2657 mores
1718 2624 1772 2656 est
1793 2620 1883 2656 haec
1907 2619 2103 2665 stipulatio.

1336 2664 1389 2704 62
1414 2666 1521 2702 IDEM
1540 2666 1632 2703 libro
1655 2666 1812 2702 seeundo
1833 2676 1883 2701 ex
1898 2665 2048 2701 Minicio
2083 2665 2212 2700 Servus
2234 2668 2376 2700 vetante

1290 2711 1431 2747 domino
1457 2712 1487 2747 si
1510 2711 1700 2756 pecuniam
1723 2711 1770 2747 ab
1799 2710 1868 2746 alio
1881 2711 1908 2732 ¹²
1943 2710 2134 2755 stipulatus
2166 2710 2230 2754 sit,
2265 2710 2374 2745 nihilo

1288 2757 1406 2792 minus
1430 2757 1566 2801 obligat
1590 2757 1732 2792 domino
1756 2756 2019 2802 promissorem.

1335 2800 1388 2840 63
1420 2802 1647 2837 AFRICANUS
1683 2802 1775 2837 libro
1812 2804 1918 2837 sexto
1951 2801 2200 2854 quaestionum
2255 2799 2291 2835 Si
2320 2800 2375 2852 ita

1289 2847 1368 2892 quis
1392 2847 1599 2892 stipuletur:
1625 2847 1709 2882 ‘sive
1726 2846 1825 2882 navis
1846 2856 1890 2881 ex
1911 2846 1999 2881 Asia
2015 2845 2152 2880 venerit
2169 2855 2240 2880 sive
2258 2845 2373 2880 Tit1us

1290 2893 1427 2928 ‘consul
1450 2893 1569 2927 factus
1592 2891 1721 2935 fuerit',
1754 2895 1835 2926 utra
1857 2890 1958 2936 prius
1983 2890 2143 2926 condicio
2167 2889 2371 2931 exstitisset,

1289 2937 1472 2983 stipulatio
1504 2937 1747 2972 committetur
1773 2939 1810 2971 et
1841 2936 1994 2981 amplius
2019 2935 2283 2987 committi-non
2306 2945 2371 2987 pq-

1287 2987 1368 3018 test.
1415 2982 1479 3019 sed
1502 2982 1596 3017 enim
1610 2983 1636 3003 ¹³
1668 2992 1748 3017 cum
1772 2991 1819 3016 ex
1842 2980 1982 3017 duabus
2006 2980 2224 3015 disiunctivis
2249 2979 2370 3014 condi-

1289 3028 1450 3063 cionibus
1481 3027 1596 3062 altera
1628 3026 1815 3070 defecerit,
1848 3035 1994 3062 necesse
2023 3028 2095 3068 est,
2127 3027 2168 3059 ut
2190 3034 2249 3067 ea,
2280 3033 2370 3068 quae

1288 3073 1474 3114 exstiterit,
1500 3071 1766 3117 stipulationem
1791 3071 1999 3106 committat.

1334 3115 1388 3155 64
1419 3117 1529 3152 IDEM
1563 3117 1653 3152 libro
1684 3117 1835 3163 septimo
1866 3116 2112 3162 quaestionum
2158 3112 2368 3148 Huiusmodi

1288 3162 1472 3208 stipulatio
1511 3161 1723 3207 interposita
1755 3163 1826 3197 est:
1868 3160 1911 3196 ‘si
1942 3160 2055 3195 Titius
2097 3158 2222 3193 consul
2252 3157 2368 3209 factus

1289 3207 1426 3251 ί100111,
1459 3209 1537 3242 tum
1560 3216 1604 3241 ex
1628 3207 1696 3242 hac
1720 3206 1776 3242 die
1799 3207 1836 3241 in
1859 3215 1972 3241 annos
1996 3203 2151 3248 singulos
2176 3202 2267 3237 dena
2291 3201 2369 3254 dari

1289 3251 1490 3297 ‘spondes?’
1516 3254 1600 3296 post
1621 3252 1814 3287 triennium
1839 3249 1998 3286 condicio
2016 3247 2167 3284 exstitit:
2193 3257 2240 3281 an
2262 3247 2368 3299 huius

1286 3297 1457 3342 temporis
1487 3297 1630 3332 nomine
1653 3297 1712 3341 agi
1734 3297 1866 3341 possit,
1898 3305 1971 3330 non
1993 3292 2164 3328 immerito
2189 3291 2367 3344 dubitabi-

1286 3346 1358 3378 tur.
1405 3341 1589 3387 respondit
1627 3351 1705 3377 eam
1745 3340 2009 3386 stipulationem
2040 3337 2161 3372 utilem
2199 3346 2275 3371 esse
2305 3340 2366 3377 ita,

1286 3391 1328 3423 ut
1349 3387 1387 3422 in
1410 3396 1453 3422 ea
1476 3396 1598 3422 eorum
1623 3396 1762 3432 quoque
1786 3394 1974 3426 annorum,
2000 3382 2060 3433 qui
2083 3385 2166 3433 ante
2187 3381 2367 3426 impletam

1287 3431 1531 3467 condicionem
1560 3431 1845 3473 intercesserint,
1880 3430 2072 3473 praestatio
2095 3437 2134 3478 111
2156 3425 2206 3478 ld·
2226 3429 2366 3470 tempus

1289 3476 1420 3513 collata
1441 3476 1684 3522 intellegatur,
1714 3480 1754 3511 ut
1776 3473 1952 3510 sententia
1974 3471 2050 3507 eius
2074 3474 2122 3506 011
2142 3471 2243 3522 talis:
2279 3474 2366 3506 tunc

1288 3532 1368 3557 cum
1393 3521 1511 3557 Titius
1543 3522 1668 3557 consul
1700 3521 1815 3555 factus
1839 3517 1963 3560 fuerit,
2000 3516 2036 3550 in
2061 3525 2172 3550 annos
2198 3515 2367 3560 singulos,

137 3633 178 3674 (1)
199 3631 370 3676 pertinent
383 3634 443 3667 del.

136 3677 198 3710 uni
208 3678 329 3720 cuique
342 3678 525 3712 debeantur
535 3692 596 3712 scr.

137 3723 221 3755 reris
237 3735 302 3758 scr.
408 3725 450 3763 (5)
475 3723 681 3766 obligaretur
697 3737 760 3758 scr.

685 3681 727 3720 (3)
752 3681 907 3713 1110001110
920 3680 954 3712 F
1027 3682 1070 3722 (4)
1094 3680 1216 3714 libera-

867 3726 913 3768 (6)
937 3724 1051 3767 itaque
1070 3726 1218 3758 fruct-um
1285 3736 1383 3757 mann

137 3766 328 3810 stipulando
346 3768 436 3801 nihil
453 3768 535 3811 agit,
554 3768 619 3801 nisi
638 3769 776 3802 fortasse
794 3769 843 3802 ita
862 3768 1041 3812 stipulatus
1061 3773 1119 3812 est,
1139 3772 1179 3803 ut
1197 3780 1218 3803 a
1285 3778 1352 3811 qno
1365 3769 1441 3803 den.

553 3635 598 3676 (2)
621 3635 661 3667 ut
670 3635 782 3677 partes
793 3635 941 3677 corporis
952 3635 1216 3678 uniuscuiusque
1283 3635 1394 3678 priore
1406 3633 1611 3677 obligatione
1622 3632 1771 3666 recedere
1780 3630 1864 3663 velle
1875 3640 1909 3662 se
1921 3628 2123 3671 significaret
2133 3629 2292 3663 similiave
2303 3629 2362 3662 :'ns.

2023 3674 2066 3714 (9)
2092 3676 2222 3706 centum
2238 3674 2365 3707 Breuc-

1548 3680 1591 3720 (8)
1617 3677 1710 3719 alias]
1724 3676 1860 3709 alterius
1872 3687 1932 3708 scr.

2217 3720 2278 3760 (12)
2301 3718 2362 3751 ah·-

1464 3726 1524 3767 (10)
1547 3722 1678 3767 pondus
1689 3722 1723 3754 F
1729 3721 1744 3741 ²
1820 3721 1874 3762 (11)
1899 3718 1977 3761 quo]
1991 3729 2065 3751 cum
2079 3731 2141 3752 scr.

1536 3769 1595 3811 (18)
1618 3766 1674 3799 sed
1687 3765 1787 3808 enim]
1801 3764 1923 3798 etenim
1933 3776 1996 3798 ecr-

1286 3681 1329 3720 (Ἰ)
1354 3681 1387 3712 et
1399 3679 1459 3713 ins.
