2528 3918
147 121 379 166 xxxvm
410 123 476 166 15.
502 124 555 166 16

1223 114 1310 166 586

1484 1 1487 31 l

1485 33 1591 158 ἡ

2116 129 2179 164 DE
2209 128 2304 165 sms
2332 131 2385 162 m

146 244 282 281 sionem
318 242 513 290 acceperis,
551 242 767 291 quandoque
789 242 938 282 coheres
976 246 1062 280 tuus
1099 242 1235 280 consti·
1302 242 1390 280 vivit
1411 218 1561 289 nepotes
1583 251 1657 279 non
1678 240 1888 279 succedunt.
1934 240 2087 288 proinde
2111 241 2181 279 etsi
2201 240 2312 279 fuerit
2332 251 2391 278 re·

146 290 256 326 tuerit
278 289 374 326 nolle
392 293 520 343 petere
542 289 718 326 bonorum
739 289 1020 336 possessionem,
1050 287 1118 325 tibi
1149 287 1237 324 data

145 339 224 371 tota
245 333 479 380 intellegitur,
510 334 659 372 coheres
686 338 772 372 tuus
795 334 949 381 amplius
998 333 1149 370 etendae
1169 333 1236 370 bo·

150 383 162 414 1
214 389 343 415 norum
358 378 597 426 possessionis
608 379 820 416 facultatem
835 390 909 415 non
924 379 972 414 ha
999 378 1082 415 ebit.
1122 377 1236 414 Filius

146 435 220 460 non
242 424 359 461 solum
381 424 413 461 si
434 428 618 470 tamquam
639 423 748 468 filius,
771 424 836 461 sed
858 428 896 460 et
917 423 950 461 si
971 428 1155 470 tamquam
1171 423 1236 459 ad-

145 474 277 515 gnatus
304 469 361 506 vel
388 473 573 515 tamquam
602 475 776 516 cognatus
811 470 858 505 ad
887 469 1065 505 bonorum
1088 478 1236 522 posses·

146 515 282 551 sionem
303 519 465 559 vocatur,
489 525 647 551 annuum
667 515 823 562 spatium
840 514 967 550 habet:
993 514 1098 550 sicuti
1122 518 1235 560 pater,

146 560 230 606 qui¹
268 559 381 595 filium
419 559 702 603 manumisisset,
740 559 901 606 quamvis
931 563 973 594 ut
999 560 1239 595 manumissor

145 605 323 641 bonorum
347 605 609 651 possessionem
631 605 798 651 accipiat,
831 608 952 640 tamen
984 604 1031 639 ad
1062 604 1238 640 bonorum

146 650 410 695 possessionem
432 650 512 686 acci
538 650 680 686 iendam
703 661 863 686 annuum
890 650 1046 696 spatium
1069 649 1191 685 habet.

192 694 217 732 5
249 694 491 732 Manantes
532 696 610 731 ibro
641 706 739 731 nono
768 696 989 741 digestorum
1043 694 1133 731 Cum
1163 692 1237 729 filio

146 739 300 776 familias
324 741 502 777 bonorum
524 740 705 787 possessio
735 739 854 776 delata
878 744 951 783 est,
984 739 1077 783 dies,
1107 739 1238 785 quibus

147 785 342 821 certiorare
364 789 504 832 patrem
528 797 601 822 non
623 790 754 832 potest,
779 790 822 820 ut
843 785 898 820 vel
922 785 1045 821 iubeat
1067 784 1239 838 adgnosci

145 831 324 867 bonorum
346 830 608 876 possessionem
630 830 687 867 vel
715 835 831 866 ratam
860 830 993 866 habeat
1021 830 1238 875 agnitionem

146 876 322 912 bonorum
345 876 602 922 possessionis,
627 886 702 912 non
725 875 868 912 cedunt.
914 875 1092 921 fingamus
1117 875 1239 911 statim

146 921 261 968 primo
285 921 362 965 die,
394 932 466 975 quo
489 921 599 957 fuerit
623 921 760 964 delata,
785 921 995 966 adgnovisse
1019 931 1101 956 eum
1125 921 1238 956 bono-

145 977 227 1003 rum
250 977 525 1012 possessionem,
551 966 746 1003 certiorare
768 970 920 1012 patrem,
951 970 994 1001 ut
1018 966 1238 1011 comprobet,

145 1022 221 1049 non
242 1022 362 1058 posse,
386 1022 460 1047 non
485 1011 614 1048 cedent
636 1011 713 1048 dies
737 1016 897 1047 centum:
922 1011 1095 1057 incipient
1119 1014 1239 1047 autem

147 1056 284 1101 cedere,
303 1067 385 1093 cum
399 1056 533 1093 certior
545 1057 624 1093 fieri
637 1057 768 1103 potuit.
828 1056 1005 1093 raeteritis
1019 1060 1140 1092 autem
1156 1066 1238 1091 cen-

149 1106 165 1138 1
213 1107 292 1138 tum
315 1102 440 1138 diebus
462 1102 602 1138 frustra
624 1106 742 1138 ratum
763 1103 812 1137 ha
838 1102 923 1138 ebit.
959 1101 1093 1147 Quaeri
1107 1105 1239 1153 potest,

145 1147 197 1191 si,
228 1158 311 1184 cum
341 1151 466 1193 posset
493 1147 588 1184 filius
617 1151 739 1193 petere
763 1148 941 1183 bonorum
963 1156 1239 1192 possessionem,

144 1196 249 1239 patre
271 1193 325 1228 ita
346 1193 511 1236 absente,
544 1198 586 1228 ut
609 1193 802 1229 certiorare
826 1203 907 1228 eum
930 1203 1003 1228 non
1025 1192 1160 1237 possit,
1183 1191 1241 1226 vel

146 1237 254 1274 etiam
275 1237 431 1280 furente,
455 1242 579 1290 petere
602 1237 806 1283 neglexerit,
831 1247 879 1273 an
900 1237 977 1283 peti
996 1237 1149 1283 amplius
1167 1247 1241 1272 non

143 1283 270 1329 possit.
320 1283 383 1319 sed
415 1282 501 1328 quid
529 1287 660 1319 noceat
686 1293 760 1319 non
783 1283 932 1328 petitam
955 1283 1133 1318 bonorum
1154 1292 1240 1328 pos-

145 1328 351 1372 sessionem,
377 1338 479 1373 quae,
505 1328 537 1364 si
557 1328 673 1374 petita
696 1332 803 1371 esset,
827 1331 948 1364 tamen
970 1338 1045 1363 non
1068 1331 1152 1364 ante
1175 1327 1239 1362 ad-

147 1376 168 1408 2
217 1373 429 1418 quii-eretur,
454 1384 562 1418 quam
583 1378 688 1419 pater
712 1373 1008 1419 comprobasset?
1054 1372 1094 1408 Si
1116 1381 1240 1408 servus

146 1418 284 1454 alienus
307 1419 410 1454 heres
432 1418 620 1454 institutus
641 1418 808 1462 venisset,
833 1418 1029 1464 quaeritur,
1054 1428 1103 1453 an
1117 1423 1239 1463 poste-

144 1464 233 1499 riori
257 1463 398 1500 domino
425 1463 499 1499 dies
522 1464 700 1499 bonorum
722 1463 959 1509 possessionis
979 1463 1155 1508 petendae
1174 1463 1239 1498 im-

145 1508 268 1555 putari
290 1513 484 1554 oporteret.
532 1513 570 1545 et
591 1508 731 1554 placet,
764 1513 938 1555 quantum
959 1508 1073 1555 priori
1097 1508 1239 1544 domino

145 1553 377 1600 superfuerit,
401 1554 435 1590 ei
456 1554 636 1600 imputari.

735 1692 751 1713 2

275 1759 340 1794 DE
363 1758 460 1794 sms
483 1758 545 1792 ET
567 1692 809 1792 mggms
831 1758 1110 1791 HEREDIBUS.

197 1824 217 1862 1
230 1826 246 1847 ³
281 1824 477 1861 Ulmanus
505 1823 597 1861 libro
628 1824 840 1860 duodecimo
872 1824 923 1859 ad
952 1823 1128 1860 Sabinum
1181 1824 1242 1859 In-

147 1870 271 1907 testati
293 1881 359 1916 pro
387 1871 439 1906 rie
462 1869 709 1916 appellantur,
742 1869 820 1915 qui,
853 1879 935 1905 cum
958 1873 1108 1914 possent
1129 1872 1242 1905 testa-

149 1920 308 1952 mentum
362 1925 486 1958 acere,
522 1915 646 1951 testati
677 1925 750 1951 non
781 1919 876 1950 sunt.
930 1914 995 1950 sed
1025 1918 1062 1950 et
1091 1914 1141 1957 is,
1182 1914 1243 1960 qui

147 1965 400 1998 testamentum
431 1960 536 2002 fecit,
573 1961 604 1996 si
635 1960 711 1996 eius
742 1959 922 1996 hereditas
954 1959 1054 1995 adita
1084 1970 1158 1996 non
1188 1964 1244 1995 est

149 2006 204 2043 vel
232 2010 378 2051 ruptum
409 2007 462 2042 vel
494 2005 636 2041 irritum
666 2009 722 2042 est
749 2008 1021 2048 testamentum,
1050 2005 1243 2042 intestatus

148 2062 223 2088 non
244 2051 438 2096 improprie
461 2051 602 2086 dicetur
630 2050 838 2086 decessisse.
885 2050 994 2096 plane
1025 2051 1087 2096 qui
1117 2049 1245 2086 testari

151 2107 226 2133 non
247 2096 367 2142 potuit
388 2096 535 2149 proprie
558 2106 631 2132 non
654 2100 710 2132 est
730 2096 942 2139 intestatus,
965 2100 1057 2141 puta
1079 2095 1243 2141 impubes

149 2141 308 2178 furiosus
332 2141 388 2177 vel
412 2152 471 2178 cui
493 2141 598 2177 bonis
620 2141 850 2176 interdictum
873 2145 947 2177 est:
975 2140 1040 2177 sed
1062 2141 1129 2177 hos
1154 2152 1243 2186 quo-

150 2197 220 2233 que
274 2197 316 2223 ro
346 2186 526 2223 intestatis
558 2186 722 2232 accipere
742 2186 944 2238 debemus:
977 2196 1059 2222 eum
1090 2197 1160 2232 quo
1187 2196 1244 2230 ue,

151 2232 214 2278 qui
236 2198 283 2268 ag>
305 2232 471 2268 hostibus
495 2235 624 2284 captus
648 2235 714 2274 est,
741 2241 909 2277 quomam
932 2242 999 2278 per
1021 2231 1134 2277 legem
1185 2242 1243 2267 or-

151 2277 282 2314 neliam
305 2277 486 2314 successio
510 2277 567 2313 his
591 2276 769 2319 defertur,
802 2277 931 2322 quibus
962 2276 1181 2319 deferretur,
1213 2277 1245 2313 si

149 2323 188 2359 in
212 2323 356 2359 civitate
379 2322 610 2358 decessisset:
641 2332 727 2357 nam
760 2325 797 2358 et
827 2321 903 2358 eius
927 2322 1109 2358 hereditas
1133 2322 1244 2357 fuisse

154 2372 169 2404 1
219 2367 388 2404 creditur.
437 2367 569 2413 Quaeri
591 2367 736 2413 poterit,
765 2367 798 2403 si
821 2377 865 2403 ex
888 2377 943 2410 ea,
969 2377 1061 2413 quae
1083 2367 1120 2402 in
1143 2367 1244 2402 fidei-

151 2413 342 2450 commissa
373 2413 540 2449 libertate
569 2423 709 2448 moram
738 2422 848 2458 passa
878 2416 952 2456 est,
987 2417 1184 2457 conceptus
1209 2416 1245 2448 et

151 2462 259 2494 natus
283 2458 340 2502 sit,
366 2469 414 2494 an
437 2469 524 2494 suus
547 2458 644 2504 patri
667 2458 809 2494 existat.
847 2462 884 2493 et
907 2469 989 2494 cum
1004 2458 1148 2503 placeat
1163 2467 1244 2494 eum

150 2504 343 2549 ingenuum
373 2504 495 2546 nasci,
525 2508 568 2539 ut
597 2507 653 2539 est
683 2513 706 2538 a
734 2502 824 2539 divis
854 2503 983 2539 Marco
1014 2508 1051 2539 et
1079 2503 1175 2539 Vero
1209 2506 1246 2539 et

151 2550 367 2595 imperatore
390 2553 517 2585 nostro
540 2549 724 2584 Antonino
739 2549 903 2593 Augusto
927 2548 1153 2594 rescriptum,
1179 2559 1245 2584 cur

151 2605 225 2631 non
247 2595 285 2630 in
307 2598 422 2630 totum
446 2605 512 2640 pro
532 2593 754 2630 manumissa
772 2594 864 2629 haec
880 2594 1070 2636 habeatur,
1094 2598 1135 2629 ut
1153 2604 1246 2630 uxor

152 2639 262 2675 ducta
284 2650 389 2675 suum
411 2639 557 2685 pariat?
602 2649 669 2676 nec
700 2639 829 2674 mirum
859 2638 922 2683 sit,
953 2649 997 2674 ex
1020 2649 1124 2675 serva
1146 2639 1244 2684 inge-

153 2695 263 2720 nuum
291 2684 409 2729 nasci,
440 2696 523 2720 cum
546 2688 583 2720 et
605 2694 651 2721 ex
674 2684 817 2729 captiva
839 2684 1053 2737 rescriptum
1077 2684 1124 2720 sit
1146 2684 1244 2736 inge·

152 2740 264 2765 nuum
287 2730 400 2765 nasci.
449 2740 562 2775 quare
589 2729 706 2765 ausim
736 2729 870 2773 dicere,
903 2734 970 2766 etsi
1000 2733 1107 2775 pater
1137 2730 1244 2765 hu1us

152 2774 256 2828 pueri
279 2774 435 2810 eiusdem
456 2775 562 2811 sortis
580 2774 700 2818 fuerit,
726 2774 829 2810 cuius
848 2779 964 2810 mater
983 2785 1119 2810 moram
1136 2785 1246 2820 passa

152 2831 191 2856 in
214 2819 378 2856 libertate
401 2820 687 2862 fideicommissa,
711 2820 860 2865 ipseque
874 2830 1011 2855 moram
1026 2830 1157 2865 passus
1177 2824 1244 2862 est,

153 2875 260 2902 suum
289 2874 371 2900 eum
404 2866 499 2910 patri
529 2866 630 2901 nasci
661 2866 823 2910 exemplo
855 2866 1078 2918 captivorum
1113 2875 1244 2911 paren-

154 2909 262 2963 tium,
302 2921 383 2945 cum
416 2911 545 2955 quibus
574 2910 679 2946 rediit
689 2911 714 2946 ⁴.
767 2920 852 2956 ergo
883 2921 957 2946 eive
986 2915 1114 2956 postea
1142 2915 1245 2956 pater

156 2965 233 2991 eius
256 2960 339 3000 post
363 2965 497 2990 moram
521 2956 810 2998 manumittatur,
841 2955 992 3001 recipiet
1014 2966 1095 2992 eum
1118 2956 1154 2991 in
1178 2967 1245 3001 po-

155 3004 305 3044 testate,
338 3000 412 3036 sive
435 3005 518 3036 ante
543 3001 754 3044 decesserit,
786 3000 1026 3037 definiendum
1050 3002 1118 3037 erit
1140 3012 1246 3037 suum

156 3048 176 3081 2
224 3046 386 3081 existere.
442 3045 534 3082 Suos
567 3046 716 3082 heredes
751 3046 915 3092 accipere
947 3046 1117 3083 debemus
1152 3046 1246 3083 filios

156 3094 175 3126 3
222 3090 316 3126 filias
332 3090 406 3127 sive
422 3092 605 3127 naturales
620 3091 693 3127 sive
709 3091 778 3127 ado
804 3092 907 3128 tivos.
939 3091 1122 3127 Interdum
1137 3092 1246 3128 etiam

155 3135 251 3172 filius
279 3146 367 3172 suus
397 3136 502 3172 heres
533 3136 735 3172 excluditur
809 3147 851 3173 co
875 3137 1056 3182 praelato,
1086 3141 1128 3173 ut
1158 3141 1247 3182 puta

156 3181 187 3218 si
217 3181 472 3227 perduellionis
501 3180 609 3217 fuerit
640 3181 830 3218 damnatus
888 3186 966 3218 ater
988 3186 1073 3228 post
1095 3188 1246 3219 mortem

156 3237 269 3269 suam,
294 3227 364 3262 hoc
387 3237 458 3272 quo
469 3227 494 3269 ⁸,
518 3231 560 3261 ut
583 3236 647 3262 nec
671 3227 751 3262 iura
773 3238 838 3273 sep
878 3227 1047 3263 ebrorum
1070 3227 1130 3264 hic
1150 3227 1245 3264 filius

156 3275 178 3307 4
224 3272 368 3308 habeat.
416 3271 454 3308 si
476 3270 572 3308 filius
596 3282 681 3307 suus
706 3273 808 3308 heres
833 3282 911 3308 esse
935 3272 1058 3315 desiit,
1089 3273 1128 3308 in
1150 3273 1245 3309 eius·

157 3316 236 3353 dem
260 3322 399 3362 partem
424 3316 622 3353 succedunt
645 3326 765 3352 omnes
795 3322 943 3363 nepotes
974 3322 1170 3364 neptesque
1201 3328 1246 3354 ex

157 3372 200 3398 eo
226 3362 300 3397 nati
324 3362 384 3414 qui
407 3361 445 3398 in
468 3366 648 3408 potestate
671 3366 773 3397 sunt:
807 3362 903 3407 quod
934 3363 1091 3399 naturali
1122 3363 1244 3408 aequi-

157 3412 232 3443 tate
256 3412 377 3443 contin
403 3407 439 3443 ‘t.
487 3406 583 3443 filius
613 3412 734 3442 autem
763 3418 851 3443 suus
875 3408 978 3444 heres
1003 3418 1082 3444 esse
1106 3408 1244 3450 desinit,

158 3453 187 3488 si
212 3453 339 3498 capitis
389 3452 604 3488 eminutione
626 3452 682 3488 vel
705 3462 834 3497 magna
857 3453 912 3488 vel
932 3453 1068 3490 minore
1093 3454 1178 3489 exiit
1201 3453 1246 3489 de

159 3503 348 3543 potestate.
395 3497 493 3544 quod
522 3498 555 3535 si
586 3496 682 3534 filius
710 3497 808 3543 apud
836 3497 958 3534 hostes
982 3498 1045 3542 sit,
1076 3498 1246 3544 quamdiu

158 3613 197 3651 (1)
223 3612 282 3653 qui
303 3625 360 3644 om.
375 3612 409 3646 Γ
1191 3624 1197 3629 ’

205 3662 248 3693 m
274 3656 540 3696 Sab.1...e.s.o;
561 3657 625 3691 Ed.
643 3664 802 3698 7.1o...1⁴;
818 3656 906 3701 Pap.
919 3665 963 3692 ιο.
976 3665 1020 3692 ιο.
1033 3658 1247 3700 -Βω.45,

540 3750 584 3791 (4)
609 3746 699 3781 flliu-
711 3747 800 3791 apud
817 3748 927 3781 hostes
943 3749 1042 3781 natus
1057 3704 1117 3782 Sc.3
1134 3704 1184 3782 ⁴1¹?
1185 3708 1245 3782 13⁸¹.

159 3708 312 3742 1,u...2c.
330 3720 366 3726 -
394 3703 444 3746 Cs.
457 3702 538 3736 last.
552 3703 585 3744 3,
604 3709 677 3742 1-23
706 3702 783 3737 Cod.
797 3704 831 3745 6,
850 3710 897 3738 ss.
915 3710 952 3738 ss

160 3749 201 3789 cst
218 3745 295 3781 Coa.
310 3747 342 3787 8,
355 3754 399 3789 ⁵1,
410 3754 424 3782 1

1305 286 1490 333 demptus,
1512 287 1671 324 nondum
1693 286 1916 324 succedunt⁸
1938 290 2023 324 ante
2045 287 2246 324 luitionem:
2274 286 2339 323 sed
2361 286 2392 323 si

1304 332 1447 369 interim
1477 331 1688 377 decesserit,
1719 343 1802 369 cum
1829 333 1975 379 placeat
2005 342 2085 368 eum
2117 336 2216 369 statu
2245 336 2390 377 recepto

1307 381 1326 413 5
1374 377 1585 421 decessisse,
1615 377 1806 423 nepotibus
1838 378 2007 414 obstabit.
2056 377 2127 414 Sed
2155 377 2187 413 si
2215 376 2296 423 quis
2318 387 2392 413 non

1305 422 1411 459 desiit
1433 432 1512 459 esse
1533 421 1572 458 in
1590 426 1779 468 potestate,
1804 422 1868 459 sed
1883 432 2077 468 numquam
2095 422 2223 468 coepit,
2248 425 2290 457 ut
2304 426 2393 467 puta

1306 468 1336 504 si
1359 467 1454 503 filius
1477 477 1578 503 meus
1599 467 1678 503 vivo
1727 472 1804 504 atre
1826 478 1905 503 meo
1929 468 1975 503 ab
2000 467 2165 504 hostibus
2181 473 2309 512 captus
2326 474 2392 509 est,

1306 523 1390 549 mox
1412 513 1464 549 ibi
1487 522 1544 548 me
1566 516 1669 558 patre
1707 513 1844 549 amilias
1873 512 1971 548 facto
2001 512 2213 556 decesserit,
2245 516 2393 557 nepotes

1308 562 1328 593 6
1375 558 1414 593 in
1437 558 1514 594 eius
1537 557 1655 593 locum
1678 558 1881 594 succedent.
1917 558 2000 594 Non
2023 557 2140 594 minus
2163 560 2283 593 autem
2307 566 2393 602 nep-

1306 608 1361 639 tes
1401 613 1507 648 quam
1544 613 1589 638 ne
1615 606 1692 639 otes
1730 603 1925 640 succedent
1958 603 1997 638 in
2030 603 2149 639 locum
2179 602 2393 647 parentium.

1308 652 1325 683 ’1
1375 647 1560 683 Interdum
1603 647 1671 683 'cet
1701 659 1832 693 parens
1863 648 2014 684 alicuius
2046 649 2084 684 in
2140 652 2294 683 otestate
2318 657 2396 682 esse

1308 704 1380 729 non
1404 693 1558 734 desierit,
1583 692 1646 728 sed
1669 703 1734 728 nec
1759 693 1927 739 coeperit,
1955 698 2077 730 tamen
2138 693 2249 728 cimus
2274 702 2395 727 succe-

1309 738 1433 774 dentes
1450 738 1482 774 ei
1498 738 1629 774 liberos
1646 747 1732 774 suos
1752 738 1921 774 existere:
1946 743 1988 774 ut
2007 743 2096 784 puta
2114 737 2284 782 adrogavi
2303 747 2394 778 eum,

1310 783 1413 819 cuius
1436 783 1532 819 filius
1556 783 1602 819 ab
1627 783 1790 819 hostibus
1814 788 1891 819 erat
1914 788 2052 829 captus,
2081 794 2192 829 nepos
2217 786 2336 818 autem
2359 782 2396 816 in

1309 829 1468 864 civitate:
1509 833 1649 864 mortuo
1682 828 1754 863 filio
1786 828 1976 881 adrogat0‚
2014 833 2156 864 mortuo
2189 832 2240 881 et·
2256 827 2395 880 captivo

1309 874 1569 954 ”s‘pugcssssffi
1600 884 1802 954 ἓέιοῖἳξίἓῗη
1820 873 2396 964 ffitpssssszssffsffncffmzssss

1310 964 1407 1007 dum,
1431 964 1571 1000 etiamsi
1593 968 1761 1010 parentes
1793 974 1855 1000 eos
1886 964 2011 1000 mortis
2041 969 2201 1009 tempore
2230 972 2396 1008 praeces-

1310 1014 1451 1052 semnt,
1483 1014 1602 1044 tamen
1625 1019 1733 1062 posse
1756 1020 1839 1045 suos
1863 1009 2013 1045 heredes
2038 1010 2207 1051 existere,
2240 1007 2397 1053 quamvis

1310 1054 1491 1090 successio
1523 1055 1560 1089 in
1591 1065 1666 1090 suis
1697 1054 1887 1090 heredibus
1918 1066 1991 1090 non
2014 1054 2072 1091 sit.
2121 1053 2218 1100 quod
2239 1053 2292 1089 ita
2314 1064 2397 1098 pro·

1312 1100 1418 1136 cedit.
1466 1100 1498 1135 si
1528 1104 1633 1145 pater
1661 1099 1814 1135 familias
1843 1104 2057 1136 testamento
2086 1100 2184 1135 facto
2209 1099 2400 1135 decesserit

1311 1145 1527 1180 exheredato
1557 1144 1650 1187 filio,
1690 1156 1771 1180 mox
1811 1144 2031 1180 deliberante
2068 1144 2199 1181 herede
2234 1144 2398 1179 instituto

1311 1191 1405 1227 filius
1430 1190 1602 1233 decessit,
1634 1194 1761 1236 postea
1793 1190 1920 1226 deinde
1948 1189 2150 1236 repudiavit
2171 1190 2275 1226 heres
2298 1188 2399 1224 insti-

1311 1240 1429 1271 tutus:
1455 1245 1567 1288 nepos
1590 1236 1723 1280 poterit
1746 1246 1832 1271 suus
1856 1236 1959 1272 heres
1983 1245 2073 1278 esse,
2098 1240 2139 1270 ut
2155 1239 2191 1270 et
2205 1234 2399 1270 Marcellus

1310 1281 1402 1317 libro
1433 1280 1569 1317 decimo
1601 1281 1759 1326 scripsit,
1792 1281 1961 1326 quoniam
1990 1291 2058 1317 nec
2091 1280 2211 1316 delata
2243 1283 2297 1316 est
2326 1279 2399 1314 filio

1309 1326 1501 1362 hereditas.
1548 1326 1641 1361 idem
1674 1326 1742 1361 erit
1771 1326 1962 1362 dicendum
1994 1330 2030 1362 et
2060 1325 2092 1362 si
2119 1325 2215 1362 filius
2245 1336 2290 1362 ex
2319 1334 2401 1360 asse

1310 1372 1378 1408 sub
1403 1371 1632 1415 condicione,
1665 1381 1757 1416 quae
1780 1371 1849 1407 fuit
1871 1372 1908 1407 in
1933 1371 2080 1407 arbitrio
2104 1371 2236 1417 ipsius,
2260 1370 2316 1406 vel
2338 1380 2400 1405 ne-

1309 1427 1376 1462 pos
1401 1417 1467 1453 sub
1493 1416 1589 1452 omni
1611 1417 1799 1453 institutus
1822 1427 1895 1452 non
1923 1417 2069 1462 impleta
2101 1416 2308 1452 condicione
2340 1415 2400 1450 de-

1311 1462 1503 1498 cesserint:
1536 1472 1620 1498 nam
1652 1462 1842 1498 dicendum
1868 1462 1936 1498 erit
1959 1473 2043 1498 suos
2066 1472 2174 1507 posse
2198 1460 2401 1503 succedere,

1311 1508 1341 1543 si
1363 1507 1470 1543 modo
1494 1507 1620 1543 mortis
1643 1508 1828 1543 testatoris
1852 1512 2014 1553 tempore
2042 1508 2099 1543 vel
2129 1507 2166 1542 in
2197 1507 2305 1542 rebus
2334 1506 2402 1541 hu-

1310 1552 1426 1588 manis
1457 1552 1512 1587 vel
1543 1552 1670 1588 saltem
1700 1553 1865 1597 concepti
1888 1552 2040 1588 fuerint:
2073 1552 2180 1598 idque
2204 1557 2241 1588 et
2262 1551 2401 1587 Iuliano

1311 1601 1332 1632 9
1380 1601 1417 1633 et
1432 1597 1605 1633 Marcello
1621 1597 1752 1643 placet.
1789 1598 1878 1633 Post
1901 1609 1987 1634 suos
2011 1598 2133 1634 statim
2149 1607 2285 1633 consan
2335 1596 2344 1604 ‘
2372 1596 2403 1631 ei

1317 1646 1355 1677 10
1402 1646 1587 1679 vocantur.
1638 1643 1928 1688 consanguineos
1960 1648 2081 1678 autem
2105 1643 2250 1678 Cassius
2306 1641 2404 1677 efmit

1311 1698 1392 1731 eos,
1427 1688 1511 1733 qui⁷
1535 1688 1707 1732 sanguine
1729 1689 1822 1724 inter
1845 1699 1884 1724 se
1911 1688 2038 1724 conexi
2062 1693 2158 1724 sunt.
2206 1692 2242 1724 et
2267 1690 2321 1723 est
2344 1697 2398 1722 ve-

1310 1744 1389 1768 rum
1413 1743 1474 1769 eos
1499 1743 1578 1769 esse
1602 1733 1898 1779 consanguineos,
1923 1733 2062 1770 etiamsi
2086 1733 2143 1769 sui
2161 1732 2310 1769 heredes
2331 1742 2403 1767 non

1312 1779 1505 1814 extiterunt
1528 1779 1635 1824 patri,
1659 1783 1701 1814 ut
1721 1783 1812 1824 puta
1834 1779 2091 1815 exheredatos:
2115 1778 2179 1814 sed
2196 1782 2233 1814 et
2251 1778 2283 1814 si
2301 1782 2404 1823 pater

1313 1834 1435 1859 eorum
1459 1823 1669 1869 deportatus
1692 1823 1819 1867 fuerit,
1851 1824 1961 1860 nihilo
1994 1825 2110 1860 minus
2140 1825 2226 1860 eos⁸
2247 1823 2342 1859 inter
2365 1833 2404 1858 se

1313 1879 1392 1905 esse
1416 1870 1718 1914 consanguineos,
1748 1869 1833 1905 licet
1861 1870 1957 1915 patri
1986 1870 2043 1906 sui
2070 1869 2222 1905 heredes
2246 1879 2319 1905 non
2342 1879 2403 1904 ex·

1312 1915 1489 1950 titissent:
1515 1918 1552 1950 et
1574 1914 1636 1967 qui
1658 1925 1852 1960 numquam
1867 1916 1906 1950 in
1923 1919 2104 1960 potestate
2117 1915 2276 1958 fuerunt,
2300 1919 2402 1949 erunt

1313 1960 1383 1995 sibi
1400 1960 1667 2005 consanguinei,
1692 1964 1734 1996 ut
1747 1965 1836 2005 puta
1854 1960 1915 2005 qui
1930 1965 2015 2005 post
2030 1971 2073 1996 ca
2098 1960 2272 1995 tivitatem
2289 1959 2402 2004 patris

1316 2009 1354 2039 11
1405 2010 1607 2040 nascuntur
1621 2005 1677 2041 vel
1691 2006 1751 2051 qui
1764 2009 1848 2050 post
1861 2010 2023 2042 mortem.
2092 2017 2139 2042 on
2154 2006 2269 2042 solum
2285 2009 2402 2040 autem

1313 2050 1515 2093 naturales,
1555 2061 1677 2086 verum
1713 2051 1819 2086 etiam
1850 2051 2009 2096 adoptivi
2039 2061 2181 2097 quoque
2208 2051 2288 2086 iura
2318 2060 2402 2085 con-

1314 2095 1564 2140 sanguinitatis
1593 2096 1779 2132 habebunt
1809 2107 1891 2132 cum
1919 2097 1976 2132 his
2005 2097 2067 2142 qui
2097 2100 2182 2132 sunt
2209 2096 2247 2131 in
2269 2094 2402 2130 familia

1313 2140 1368 2177 vel
1390 2141 1427 2176 in
1451 2145 1555 2178 utero
1578 2141 1634 2176 vel
1657 2146 1741 2187 post
1764 2146 1915 2178 mortem
1938 2143 2051 2188 patris
2074 2141 2162 2178 nati.

1360 2183 1386 2223 2
1410 2186 1519 2222 IDEM
1537 2186 1629 2222 libro
1654 2187 1758 2223 tertio
1783 2187 1920 2223 decimo
1941 2188 1991 2222 ad
2004 2187 2178 2224 Sabinum
2214 2186 2303 2222 Post
2318 2196 2402 2222 con-

1315 2231 1531 2277 sanguineos
1555 2231 1794 2268 admittuntur
1817 2232 1974 2278 adgnati,
2000 2233 2031 2268 si
2055 2232 2310 2277 consanguinei
2332 2242 2403 2267 non

1314 2282 1414 2319 sunt,
1445 2277 1583 2313 merito.
1631 2287 1714 2312 nam
1747 2277 1778 2313 si
1807 2283 1893 2313 sunt
1921 2288 2056 2314 consan
2106 2278 2115 2286 '
2144 2278 2195 2321 ei,
2226 2277 2311 2312 licet
2332 2287 2403 2312 non

1314 2322 1466 2358 adierint
1488 2322 1734 2365 hereditatem,
1759 2323 1922 2368 legitimis
1945 2334 2020 2360 non
2068 2322 2214 2359 efertur.
2252 2322 2315 2358 sed
2335 2322 2403 2357 hoc

1314 2367 1366 2403 sic
1390 2367 1458 2403 erit
1481 2367 1738 2412 accipiendum,
1764 2368 1795 2404 si
1818 2379 1885 2404 nec
1909 2373 2101 2414 sperantur
2123 2378 2220 2404 esse:
2246 2371 2403 2403 ceterum

1314 2412 1344 2447 si
1367 2412 1423 2448 vel
1446 2412 1548 2448 nasci
1573 2413 1858 2458 consanguineus
1892 2414 1946 2449 vel
1978 2413 2022 2449 de
2047 2413 2252 2458 captivitate
2275 2414 2404 2449 reverti

1318 2461 1332 2492 1
1382 2463 1513 2503 potest,
1538 2458 1683 2503 adgnati
1706 2458 1959 2503 impediuntur.
1995 2458 2152 2504 Adgnati
2176 2462 2295 2494 autem
2319 2463 2404 2494 sunt

1315 2503 1458 2548 cognati
1479 2502 1590 2538 virilis
1614 2514 1722 2539 sexus
1746 2504 1792 2539 ab
1817 2504 1942 2539 eodem
1965 2505 2045 2539 orti.
2093 2514 2176 2539 nam
2205 2508 2288 2549 post
2318 2513 2402 2539 suos

1314 2552 1351 2583 et
1382 2548 1666 2593 consanguineos
1699 2549 1819 2584 statim
1848 2549 1935 2584 mihi
1963 2549 2147 2595 proximus
2170 2555 2226 2585 est
2251 2559 2403 2584 consan-

1313 2593 1433 2638 guinei
1455 2594 1526 2629 mei
1547 2593 1642 2628 filius
1667 2597 1703 2633 et
1724 2604 1745 2630 e
1769 2604 1790 2630 o
1815 2594 1866 2630 ei:
1890 2595 2005 2640 patris
2032 2605 2172 2648 quoque
2196 2594 2319 2637 frater,
2343 2594 2402 2639 qui

1313 2643 1465 2684 patruus
1489 2639 1711 2684 appellatur:
1744 2605 1912 2685 deinceps
1939 2650 1985 2676 ue
2017 2645 2142 2682 ceteri,
2175 2639 2206 2676 si
2236 2639 2297 2685 qui
2319 2643 2405 2675 sunt

1315 2687 1335 2719 2
1381 2684 1465 2719 hinc
1489 2685 1578 2727 orti,
1608 2684 1645 2719 in
1674 2685 1864 2720 infinitum.
1910 2652 2011 2721 flaec
2039 2685 2219 2721 hereditas
2267 2684 2403 2719 roximo

1314 2728 1488 2781 adgnato,
1519 2729 1556 2764 id
1579 2733 1635 2765 est
1658 2730 1709 2773 ei,
1764 2740 1846 2766 uem
1877 2740 1980 2766 nemo
2005 2730 2202 2774 antecedit,
2234 2696 2402 2771 defertur,

1315 2778 1360 2817 et,
1386 2785 1417 2810 s1
1436 2774 1559 2820 plures
1580 2775 1653 2810 sint
1667 2775 1742 2811 eius
1770 2786 1824 2811 em
1839 2775 1982 2821 gradus,
2008 2776 2182 2818 omnibus,
2206 2775 2243 2810 in
2260 2775 2404 2820 capita⁹

1315 2819 1462 2855 scilicet.
1499 2823 1540 2855 ut
1561 2824 1651 2865 puta
1675 2820 1765 2856 duos
1788 2820 1920 2857 fratres
1940 2821 2049 2856 habui
2065 2821 2121 2857 vel
2136 2820 2226 2856 duos
2243 2824 2402 2866 patruos,

1314 2875 1408 2901 unus
1433 2875 1476 2900 ex
1499 2865 1556 2901 his
1580 2876 1691 2901 unum
1714 2865 1846 2908 filium,
1878 2866 1970 2902 alius
1994 2866 2085 2902 duos
2108 2866 2269 2910 reliquit:
2300 2865 2402 2901 here-

1315 2914 1335 2945 3
1383 2910 1476 2946 ditas
1500 2920 1580 2946 mea
1601 2910 1639 2945 in
1662 2915 1736 2946 tres
1759 2916 1880 2956 partes
1913 2911 2099 2947 dividetur.
2147 2911 2253 2946 Parvi
2283 2914 2402 2946 autem

1314 2954 1435 2999 refert,
1460 2955 1634 3000 adgnatus
1659 2956 1718 2991 hic
1742 2957 1926 2992 nativitate
1950 2967 1997 2992 an
2021 2956 2089 2992 ado
2117 2956 2213 2992 tione
2231 2957 2277 2992 sit
2293 2966 2401 3001 quae-

1315 3001 1423 3036 situs:
1448 3011 1531 3036 nam
1555 3001 1616 3046 qui
1640 3001 1835 3046 adoptatur
1857 3002 1969 3038 isdem
1991 3001 2033 3037 fit
2055 3012 2078 3036 a
2100 3006 2246 3047 gnatus,
2272 3000 2402 3054 quibus

1314 3050 1418 3092 pater
1453 3047 1465 3081 i
1492 3046 1566 3082 sius
1604 3045 1689 3090 fuit,
1727 3051 1764 3082 et
1797 3047 1987 3092 legitimam
2019 3057 2140 3083 eorum
2170 3047 2402 3082 hereditatem

1315 3095 1336 3126 4
1382 3091 1475 3126 habe
1501 3091 1529 3126 it
1551 3090 1607 3127 vel
1629 3091 1699 3136 ipsi
1722 3092 1812 3128 eius.
1859 3092 2034 3137 Legitima
2063 3091 2243 3127 hereditas
2268 3096 2401 3127 tantum

1340 3136 1476 3172 roximo
1501 3135 1669 3172 defertur.
1706 3147 1773 3173 nec
1795 3137 1955 3179 interest,
1979 3147 2074 3172 unus
2098 3137 2194 3173 solus
2218 3138 2266 3173 sit
2288 3147 2335 3172 an
2360 3147 2402 3172 ex

1313 3148 1457 3218 guobus
1488 3181 1588 3226 prior
1618 3182 1824 3226 pluribusve
1853 3193 1900 3218 an
1924 3182 1995 3218 duo
2019 3182 2183 3228 pluresve
2206 3183 2253 3218 ab
2278 3181 2401 3218 eodem

1313 3226 1428 3272 gradu
1450 3226 1648 3269 venientes,
1682 3227 1744 3273 qui
1774 3228 1829 3264 vel
1858 3232 1996 3264 ceteros
2020 3227 2235 3263 antecedant
2257 3227 2312 3263 vel
2335 3227 2401 3263 soli

1314 3272 1402 3308 sint:
1433 3272 1519 3318 quia
1543 3272 1573 3308 is
1599 3276 1655 3308 est
1677 3273 1860 3318 proximus
1884 3282 1989 3318 quem
2013 3282 2116 3308 nemo
2140 3271 2334 3316 antecedit,
2367 3278 2402 3307 et

1313 3317 1344 3353 is
1373 3316 1519 3352 ultimus
1551 3327 1655 3363 quem
1686 3328 1790 3354 nemo
1819 3318 1997 3363 sequitur,
2036 3322 2073 3353 et
2102 3317 2279 3353 interdum
2307 3317 2401 3353 idem

1315 3366 1334 3396 5
1381 3363 1518 3407 primus
1542 3366 1832 3408 postremusque,
1864 3362 1925 3408 qui
1948 3362 2046 3398 solus
2070 3363 2239 3399 occurrit.
2285 3362 2400 3398 Inter-

1315 3407 1398 3443 dum
1423 3407 1627 3443 ulteriorem
1651 3408 1843 3453 adgnatum
1867 3407 2104 3444 admittimus:
2137 3412 2178 3443 ut
2204 3411 2295 3454 puta
2316 3407 2402 3443 fecit

1312 3452 1393 3534 gffs
1425 3457 1695 3497 testamentum,
1726 3464 1806 3490 cum
1836 3452 1987 3489 haberet
2015 3457 2184 3499 patruum
2215 3457 2253 3489 et
2282 3453 2401 3499 patrui

1354 3498 1441 3541 'um,
1477 3498 1697 3535 deliberante
1731 3498 1863 3535 herede
1892 3499 2027 3544 scripto
2055 3503 2207 3545 patruus
2237 3497 2400 3540 decessit,

1317 3614 1359 3653 ιο)
1383 3612 1446 3645 hoo
1458 3611 1537 3655 quo]
1550 3621 1589 3644 eo
1600 3621 1706 3654 usque
1717 3624 1778 3644 scr.
1885 3615 1928 3652 (θ)
1953 3611 2100 3645 succedit
2111 3624 2175 3646 scr.
2279 3616 2321 3650 (7)
2346 3622 2401 3645 eos

1315 3657 1386 3700 qui]
1406 3658 1527 3691 fratres
1546 3659 1581 3691 et
1597 3666 1725 3690 sorores
1742 3666 1782 3689 ex
1802 3656 1916 3691 eodem
1926 3661 2021 3700 patre
2033 3657 2114 3700 quia
2132 3657 2186 3691 vel
2199 3657 2303 3694 simila
2321 3658 2401 3702 quid

1315 3703 1493 3746 roquirfmr
1584 3702 1629 3742 (8)
1652 3701 1714 3735 ho·
1727 3699 1778 3736 Ρ
1869 3702 1915 3744 (9)
1938 3701 2059 3744 incipit
2069 3712 2090 3734 a
2102 3702 2137 3736 F
