2528 3918
159 105 372 149 XXXXII
402 106 428 150 8

165 232 202 264 12
251 226 506 273 locupletiores
529 226 618 263 facti
641 230 736 271 sunt,
761 227 857 264 ultra
881 238 964 264 non.
1009 228 1121 264 Simili
1142 227 1249 264 modo

160 274 359 319 quaeritur,
398 272 429 308 si
464 281 586 308 servus
618 273 665 309 ab
698 282 759 316 eo,
797 273 858 319 qui
890 272 1058 310 solvendo
1088 283 1162 309 non
1192 271 1251 317 sit,

163 322 346 364 ignorante
371 317 514 353 domino
538 317 618 363 ipse
641 318 758 354 sciens
782 329 854 355 rem
880 318 1075 364 acceperit,
1108 328 1154 354 an
1186 319 1249 354 do-

160 364 276 400 minus
300 367 494 399 teneretur.
542 367 580 399 et
603 363 655 399 ait
673 363 798 400 Labeo
822 365 996 409 hactenus
1021 373 1101 400 eum
1125 364 1249 406 teneri,

159 414 199 445 ut
230 408 397 445 restituat
430 407 526 453 quod
557 407 605 444 ad
633 418 674 445 se
703 410 865 456 pervenit
895 413 958 444 aut
989 408 1177 444 dumtaxat
1206 409 1251 444 de

158 454 301 501 peculio
325 453 516 489 damnetur
538 453 593 489 vel
617 454 648 490 si
667 453 752 500 quid
772 454 809 489 in
828 465 903 490 rcm
925 454 1001 490 cius
1019 464 1161 489 versum
1183 458 1249 489 est.

158 499 281 536 eadem
313 499 350 535 in
380 498 454 534 filio
485 498 639 535 familias
668 500 857 552 probanda
889 502 983 534 sunt.
1033 499 1096 534 sed
1125 499 1156 534 si
1186 499 1249 535 do-

163 549 202 580 13
250 544 367 580 minus
393 543 471 587 scit,
496 553 563 580 suo
587 554 729 581 nomine
753 545 992 580 convenietur.
1029 544 1118 579 Item
1139 544 1169 580 si
1188 555 1250 580 nc-

159 589 338 626 cessarius
362 589 467 625 heres
491 588 610 635 legata
631 590 870 636 praestiterit,
905 588 1031 625 deinde
1054 590 1131 625 eius
1155 590 1251 625 bona

158 634 341 678 venierint,
366 633 542 670 Proculus
565 635 627 677 ait,
652 635 790 670 etiamsi
814 635 1055 680 ignoraverint
1074 635 1248 679 legatarii,

158 685 278 716 tamen
314 679 437 715 utilem
475 680 651 716 actionem
685 679 858 715 dandam:
898 679 993 725 quod
1026 690 1249 726 nequaquam

162 729 201 761 14
249 725 395 761 dubium
420 728 486 761 est.
526 725 642 761 Huius
666 725 819 761 actionis
843 736 976 760 annum
1000 729 1250 778 computamus

158 771 299 851 utilgm
332 781 403 823 quo
434 770 643 817 experiundi
674 774 834 816 potestas
865 770 951 813 fuit,
983 780 1025 806 ex
1051 770 1108 806 die
1131 770 1250 807 factae

158 827 224 852 ven
252 816 382 852 itionis.

205 859 228 898 7
257 861 310 896 ΡΑ
319 870 415 897 vsvs
441 860 534 897 libro
557 861 813 907 sexaqensimo
836 860 993 896 secundo
1023 860 1074 896 ad
1095 860 1249 896 edictum

158 907 195 943 Si
220 906 361 942 debitor
384 905 421 942 in
445 905 608 941 fraudem
634 905 849 941 creditorum
874 906 1011 942 minore
1031 906 1147 951 pretio
1168 906 1248 941 fun-

159 953 242 988 dum
267 951 394 988 scienti
418 951 569 997 emptori
593 950 801 993 vendiderit,
826 951 953 987 deinde
976 952 1023 995 hi,
1049 951 1179 997 quibus
1205 951 1249 987 de

157 996 359 1034 revocando
379 1007 422 1033 eo
443 997 538 1032 actio
559 996 676 1039 datur,
701 1006 780 1031 eum
802 1000 938 1042 petant,
965 997 1164 1042 quaesitum
1183 1001 1248 1040 cst,

158 1054 205 1079 an
243 1042 397 1097 pretium
436 1042 627 1078 restituere
667 1041 808 1077 debent.
862 1042 1039 1078 Proculus
1070 1042 1251 1078 existimat

159 1087 362 1125 omnimodo
379 1086 637 1123 restituendum
653 1096 733 1123 esse
753 1086 914 1129 fundum,
935 1087 1074 1123 etiamsi
1094 1087 1247 1133 pretium

157 1145 230 1170 non
262 1133 442 1169 solvatur:
482 1136 519 1168 et
548 1132 763 1178 rescriptum
794 1136 849 1168 est
879 1133 1073 1168 secundum
1106 1133 1250 1168 Proculi

158 1179 382 1215 sententiam.

205 1222 230 1262 8
264 1224 493 1260 memvs
514 1222 563 1258 SA
572 1232 766 1258 wnwmvs
793 1222 884 1258 libro
908 1226 1014 1258 sexto
1042 1223 1249 1259 interdicto-

157 1281 237 1306 rum
293 1269 349 1304 Ex
387 1269 442 1304 his
481 1267 598 1312 colligi
636 1271 756 1313 potest
793 1278 838 1303 ne
876 1267 1019 1313 quidem
1051 1269 1250 1313 portionem

157 1315 310 1361 emptori
334 1313 550 1349 reddendam
574 1323 618 1348 ex
643 1312 779 1358 pretio:
805 1323 911 1358 posse
933 1316 1053 1349 tamen
1078 1313 1148 1349 dici
1171 1324 1250 1350 eam

158 1372 232 1397 rem
264 1359 361 1405 apud
394 1359 568 1394 arbitrum
594 1368 638 1393 ex
662 1368 774 1393 causa
798 1357 1165 1403 animadvertendam,
1199 1363 1249 1402 ut,

157 1405 345 1450 sinummi
369 1403 477 1440 soluti
510 1404 546 1439 in
569 1403 674 1440 bonis
698 1407 856 1448 exstent,
888 1403 1014 1440 iubeat
1044 1414 1106 1441 eos
1137 1404 1249 1450 reddi,

157 1451 243 1497 quia
266 1461 310 1486 ea
334 1450 474 1486 ratione
497 1460 602 1485 nemo
626 1448 826 1484 fraudetur.

203 1494 229 1534 9
253 1496 309 1532 ΡΑ
319 1505 414 1531 vsvs
440 1495 532 1531 libro
555 1495 811 1541 sexaqensimo
834 1495 993 1531 secundo
1022 1495 1073 1531 ad
1095 1495 1249 1532 edictum

156 1542 203 1584 Is,
229 1541 290 1587 qui
313 1551 335 1576 a
359 1540 530 1584 debitore,
555 1540 658 1575 cuius
679 1540 776 1575 bona
795 1543 986 1585 possessa¹
1012 1544 1107 1583 sunt,
1133 1540 1250 1577 sciens

157 1597 230 1623 rem
249 1586 345 1629 emit,
363 1586 491 1622 iterum
509 1585 570 1621 alii
589 1586 685 1621 bona
703 1585 775 1621 fide
792 1586 921 1621 ementi
938 1585 1113 1622 vendidit:
1140 1597 1248 1631 quae-

157 1633 264 1668 situm
289 1636 354 1675 est,
379 1642 426 1667 an
450 1630 630 1667 secundus
654 1634 795 1676 emptor
819 1631 999 1667 conveniri
1020 1635 1150 1677 potest.
1187 1631 1250 1667 sed

156 1678 273 1715 verior
296 1680 353 1714 est
376 1676 500 1713 Sabini
524 1676 702 1712 sententia
732 1677 828 1712 bona
855 1676 927 1712 fide
958 1681 1152 1722 emptorem
1177 1688 1249 1713 non

156 1724 287 1766 teneri,
321 1722 406 1769 quia
437 1722 542 1758 dolus
571 1722 604 1758 ei
635 1722 824 1757 dumtaxat
855 1732 985 1758 nocere
1010 1723 1158 1765 debeat,
1189 1723 1250 1768 qui

157 1779 236 1804 eum
262 1768 416 1811 admisit,
465 1766 737 1803 uemadmodum
758 1767 911 1803 diximus
934 1779 1005 1804 non
1025 1769 1138 1804 tenori
1158 1779 1249 1810 eum,

156 1815 186 1851 si
219 1814 266 1850 ab
298 1814 377 1860 ipso
408 1814 453 1849 de
477 1813 570 1848 itore
597 1812 767 1858 ignorans
791 1813 933 1848 emerit:
964 1813 996 1849 is
1020 1817 1157 1857 autem,
1189 1813 1251 1859 qui

159 1859 243 1895 dolo
266 1860 362 1895 malo
387 1858 482 1901 emit,
507 1858 605 1894 bona
627 1858 699 1894 fide
722 1862 839 1894 autem
864 1859 996 1894 ementi
1019 1858 1188 1902 vendidit,
1213 1859 1251 1894 in

159 1905 312 1942 solidum
336 1904 491 1950 pretium
514 1903 578 1946 rei,
604 1903 699 1949 quod
723 1905 863 1949 accepit
872 1904 897 1947 ²,
922 1905 1113 1940 tenebitur.

210 1949 259 1988 10
292 1949 489 1986 Ulmanus
517 1949 608 1985 libro
631 1950 923 1996 septuaqensimo
949 1951 1053 1986 tertio
1085 1949 1136 1985 ad
1157 1949 1251 1986 edic-

158 1999 231 2031 tum
285 1995 350 2031 Ait
388 1997 550 2040 praetor:
593 1994 705 2039 ‘Quae
734 1994 870 2030 Lucius
902 1994 1020 2030 Titius
1059 1994 1251 2031 fraudandi

159 2044 284 2078 ‘causa
307 2040 443 2076 sciente
466 2042 503 2076 te
524 2039 562 2075 in
585 2039 709 2082 bonis,
739 2040 868 2085 quibus
893 2040 938 2075 de
962 2050 1005 2075 ea
1027 2041 1093 2076 re³
1121 2041 1250 2085 agitur,

159 2085 275 2122 ‘fecitz
302 2095 345 2122 ea
368 2085 448 2130 illis,
474 2084 505 2121 si
529 2095 570 2121 eo
595 2085 753 2128 nomine,
778 2096 848 2130 quo
874 2085 919 2121 de
941 2085 1075 2131 agitur,
1101 2087 1194 2122 actio
1219 2085 1252 2122 ei

160 2134 216 2168 ‘ex
241 2131 358 2167 edicto
380 2141 460 2167 meo
485 2133 687 2176 competere
710 2140 832 2167 esseve
853 2134 1007 2176 oportet,
1033 2131 1065 2166 ei
1075 2132 1102 2174 ⁴,
1125 2132 1156 2166 si
1179 2142 1251 2167 non

161 2176 255 2223 ‘plus
279 2187 385 2229 quam
409 2186 525 2212 annus
550 2178 615 2219 est,
641 2186 722 2211 cum
747 2176 791 2211 de
815 2186 859 2212 ea
881 2186 933 2219 re,
958 2187 1030 2222 qua
1053 2176 1098 2212 de
1122 2177 1251 2221 agitur,

162 2221 383 2268 ‘experiundi
410 2224 572 2267 potestas
604 2224 679 2264 est,
711 2221 892 2258 restituas.
939 2221 1116 2258 interdum
1141 2232 1253 2258 causa

161 2267 319 2313 ‘cognita
346 2270 384 2303 et
415 2266 444 2302 si
476 2266 628 2303 scientia
657 2277 728 2303 non
760 2267 825 2311 sit,
853 2267 891 2302 in
914 2267 1050 2302 factum
1074 2267 1252 2303 actionem

165 2316 179 2349 1
230 2317 240 2332 ·
269 2312 469 2348 ermittam'.
523 2311 582 2347 Ita
613 2311 753 2348 demum
782 2315 991 2355 revocatur,
1026 2312 1123 2359 quod
1152 2312 1252 2348 frau-

161 2357 232 2394 dan
260 2368 360 2393 orum
386 2357 602 2394 creditorum
628 2368 738 2393 causa
760 2358 895 2403 factum
919 2361 993 2401 est,
1025 2358 1056 2394 si
1088 2361 1252 2394 eventum

154 2403 254 2439 fraus
277 2403 421 2446 habuit,
452 2402 590 2439 scilicet
612 2403 642 2439 si
666 2403 703 2438 hi
743 2403 954 2446 creditores,
1003 2414 1131 2440 uorum
1154 2403 1252 2439 frau-

156 2448 355 2485 dandorum
376 2458 487 2484 causa
506 2447 603 2492 fecit,
627 2448 724 2484 bona
744 2448 859 2494 ipsius
878 2449 983 2485 vendi
1009 2452 1124 2485 erunt.
1159 2452 1252 2485 cete-

155 2505 234 2530 rum
264 2494 295 2530 si
325 2493 406 2530 illos
440 2493 590 2536 dimisit,
633 2504 785 2540 quorum
821 2494 1104 2531 fraudandorum
1143 2504 1254 2531 causa

159 2538 264 2582 fecit,
296 2542 333 2576 et
356 2539 447 2575 alios
471 2539 618 2575 sortitus
644 2542 716 2582 est,
745 2539 777 2575 si
801 2539 944 2585 quidem
967 2540 1032 2575 sim
1059 2539 1176 2576 liciter
1199 2540 1252 2575 di-

157 2584 275 2622 missis
299 2584 496 2631 prioribus,
531 2595 621 2630 quos
649 2584 819 2620 fraudare
841 2585 971 2628 voluit,
1004 2596 1026 2620 a
1041 2596 1094 2621 ios
1123 2588 1253 2631 postea

160 2630 310 2667 sortitus
335 2633 400 2674 est,
426 2633 544 2666 cessat
566 2630 767 2666 revocatio:
792 2630 823 2666 si
846 2633 967 2666 autem
990 2630 1118 2667 horum
1141 2641 1252 2677 pecu-

156 2676 226 2717 nia,
251 2686 342 2722 quos
366 2675 536 2711 fraudare
559 2675 686 2717 noluit,
711 2675 849 2728 priores
870 2675 1014 2720 dimisit,
1038 2686 1129 2722 quos
1151 2675 1251 2712 frau-

157 2720 245 2756 dare
267 2720 399 2762 voluit,
434 2720 627 2756 Marcellus
660 2721 746 2756 dic1t
774 2721 995 2757 revocationi
1018 2721 1137 2758 locum
1161 2721 1250 2758 fore.

159 2765 356 2801 secundum
385 2766 480 2801 hanc
504 2765 768 2801 distinctionem
793 2770 829 2801 et
852 2766 899 2802 ab
923 2766 1165 2812 imperatore*⁵
1188 2767 1250 2803 Se·

156 2821 241 2847 vero
268 2814 304 2847 et
327 2811 509 2846 Antonino
533 2811 747 2863 rescriptum
782 2815 836 2847 est
867 2822 981 2857 eoque
1004 2812 1081 2847 iure
1105 2812 1250 2848 utimur.

159 2859 178 2891 2
227 2855 330 2901 Quod
355 2856 405 2891 ait
453 2860 574 2892 raetor
598 2857 770 2899 ‘sciente',
796 2857 848 2893 sic
871 2857 1067 2903 accipimus
1093 2859 1140 2893 ‘te
1165 2868 1251 2894 con·

159 2900 245 2937 ‘scio
270 2904 307 2937 et
329 2900 410 2936 frau
437 2911 490 2936 em
515 2901 788 2947 participante’:
823 2913 896 2938 non
927 2903 1020 2938 enim
1052 2902 1083 2939 si
1115 2903 1250 2948 simpli-

159 2946 250 2982 citer
280 2945 357 2982 scio
387 2945 487 2980 illum
521 2946 715 2983 creditores
746 2947 898 2990 habere,
939 2947 1009 2984 hoc
1040 2947 1175 2984 sufficit
1205 2948 1251 2984 ad

156 2990 439 3027 contendendum
478 2991 590 3026 teneri
615 3002 694 3027 eum
718 2992 755 3027 in
779 2992 914 3028 factum
938 2993 1098 3036 actione,
1129 2992 1191 3029 sed
1221 2994 1251 3029 si

156 3039 175 3070 3
235 3036 415 3083 particeps
446 3035 582 3071 fraudis
615 3040 678 3073 est.
728 3038 764 3073 Si
793 3038 872 3083 quis
903 3038 1041 3084 partice
1067 3049 1084 3074 s
1109 3038 1251 3084 quidem

155 3081 292 3117 fraudis
322 3091 395 3117 non
418 3079 506 3124 fuit,
531 3086 772 3118 verumtamen
795 3083 969 3119 vendente
993 3083 1037 3119 de
1063 3084 1154 3120 itore
1178 3088 1249 3121 tes-

160 3130 236 3162 tato
261 3130 457 3163 conventus
480 3130 536 3161 est
558 3136 581 3161 a
605 3127 858 3172 creditoribus,
891 3139 936 3165 ne
961 3133 1109 3171 emeret,
1142 3139 1188 3164 an
1212 3130 1249 3165 in

156 3171 294 3210 factum
318 3171 461 3208 actione
483 3174 668 3215 teneatur,
693 3173 723 3208 si
748 3174 1034 3218 comparaverit?
1077 3178 1114 3210 et
1138 3175 1248 3219 magis

156 3220 232 3260 est,
264 3219 306 3252 ut
336 3216 452 3253 teneri
483 3215 631 3252 debeat:
664 3228 736 3253 non
767 3219 860 3254 euim
885 3223 986 3255 caret
1007 3219 1153 3263 fraude,
1187 3220 1247 3265 qui

159 3265 176 3297 4
227 3265 423 3298 conventus
462 3263 595 3297 testato
630 3267 845 3307 perseverat.
901 3264 1003 3301 Alias
1035 3268 1154 3301 autem
1187 3265 1247 3310 qui

159 3306 229 3342 scit
251 3306 404 3360 aliquem
428 3305 624 3342 creditores
647 3307 798 3349 habere,
831 3309 861 3345 si
885 3319 966 3345 cum
990 3320 1033 3346 eo
1058 3309 1249 3346 contrahat

158 3351 368 3399 simpliciter
391 3351 468 3387 sine
491 3350 629 3387 fraudis
653 3352 890 3397 conscientia,
920 3365 992 3390 non
1016 3354 1156 3391 videtur
1179 3355 1247 3392 hac

153 3468 194 3506 (1)
219 3475 287 3499 non
300 3466 361 3499 ins.
375 3464 406 3499 S
501 3466 545 3508 (2)
570 3463 661 3507 quod
672 3465 800 3508 accepit
812 3466 875 3500 del.
890 3467 999 3501 Faber
1089 3470 1132 3512 (a)
1157 3479 1197 3503 ea
1208 3479 1244 3503 re

154 3511 217 3544 del.
231 3510 306 3545 edd.
392 3511 435 3553 (s)
460 3519 500 3543 ea
516 3509 581 3552 illi,
592 3509 622 3543 si
634 3520 674 3543 eo
684 3511 830 3553 nomine,
844 3521 911 3554 quo
923 3511 964 3545 de
975 3513 1099 3556 agitur,
1111 3514 1200 3548 aetio
1212 3513 1243 3547 ei

153 3565 193 3589 ex
204 3554 314 3589 edicto
324 3564 398 3589 meo
409 3564 482 3588 eom
526 3557 574 3589 tet
586 3565 694 3589 essere
705 3558 837 3599 oportet
852 3559 886 3589 et
902 3569 965 3590 scr.
986 3559 1047 3599 (sic
1058 3561 1136 3602 sere
1154 3560 1242 3602 edd.)

154 3602 197 3642 (s)
220 3599 263 3634 ab
282 3600 328 3634 im
409 3601 481 3634 tore
514 3610 536 3634 a
554 3612 618 3634 scr.
746 3602 791 3641 (6)
815 3600 886 3634 fore
905 3600 1016 3635 locum
1033 3604 1159 3637 actioni
1178 3604 1241 3638 del.

154 3647 197 3685 (7)
222 3645 281 3688 qui
446 3646 493 3688 (8)
516 3644 631 3689 etiam]
645 3645 706 3679 del.
721 3646 755 3680 F
758 3646 784 3688 ²,
805 3649 838 3679 et
849 3646 929 3679 item
940 3659 1002 3680 scr.
1103 3650 1148 3691 (9)
1173 3651 1241 3682 tam

155 3690 194 3722 de
213 3690 255 3723 iis
276 3699 360 3733 quae
377 3689 415 3723 in
433 3689 583 3724 fraudem
607 3689 810 3724 creditorum
834 3691 914 3724 fecit
931 3691 1000 3734 ipse
1018 3703 1117 3734 quam
1139 3692 1179 3727 de
1199 3694 1242 3727 iis

154 3746 237 3775 quae
257 3736 336 3768 fecit
354 3737 493 3769 tentator
510 3736 670 3769 nimiunn:
687 3737 873 3769 exciderunt
977 3738 1038 3779 (10)
1062 3738 1114 3771 vel
1134 3739 1239 3780 pacis—

1245 102 1334 151 678
1548 95 1563 129 ³*
1581 139 1597 144 s

1488 7 1559 91 “n

1754 120 1874 161 QUAE
1902 122 1952 154 m
1980 122 2196 155 mutium
2225 124 2402 158 OREDIT.

1323 231 1343 262 5
1390 229 1533 265 actione
1562 230 1688 266 teneri.
1742 230 1806 266 Ait
1835 235 1981 277 praetor
2010 233 2158 269 ‘sciente
2187 234 2248 277 ω’,
2283 234 2322 270 id
2352 239 2407 271 est

1323 283 1376 317 eo,
1400 274 1462 318 qui
1485 275 1714 311 convenietur
1736 277 1806 312 hac
1828 277 1978 313 actione.
2027 277 2113 324 quid
2136 289 2236 324 ergo,
2260 279 2292 315 si
2313 279 2407 316 forte

1322 322 1422 354 tutor
1443 319 1570 372 pupilli
1593 320 1678 364 scit,
1702 321 1778 367 ipse
1801 322 1958 368 pupillus
1980 323 2179 368 ignoravit?
2212 323 2407 368 videamus,

1323 373 1369 398 an
1393 364 1526 400 actioni
1549 364 1651 401 locus
1674 366 1734 409 sit,
1757 370 1799 403 ut
1821 368 1972 403 scientia
1993 368 2124 404 tutoris
2142 373 2289 405 noceat:
2313 369 2405 406 idem

1324 412 1360 444 et
1381 409 1419 444 in
1443 413 1610 463 curatore
1631 409 1757 447 furiosi
1781 416 1817 448 et
1840 412 2090 449 adulescentis.
2126 418 2165 450 et
2181 418 2303 468 putem
2319 415 2406 451 hac-

1323 457 1427 490 tenus
1450 458 1528 490 istis
1551 465 1683 491 nocere
1706 457 1960 493 conscientiam
1984 462 2144 494 tutorum
2167 469 2240 495 sive
2263 464 2405 496 curato-

1324 503 1344 534 6
1390 510 1487 542 rum,
1520 503 1695 545 quatenus
1727 502 1812 548 quid
1842 503 1888 538 ad
1913 514 1974 539 eos
2023 504 2168 540 ervenit.
2215 504 2407 541 Praeterea

1319 543 1507 580 sciendum
1529 548 1585 581 est
1607 556 1713 599 posse
1737 548 1878 592 quaeri,
1911 559 1980 594 quo
2030 549 2162 585 dicitur
2183 549 2221 585 in
2244 550 2406 586 fraudem

1322 589 1539 642 creditorum
1573 590 1767 627 ahenatum
1797 594 1956 629 revocari
1988 604 2113 647 posse,
2152 594 2183 630 si
2213 594 2306 630 idem
2337 596 2408 631 sint

1324 634 1535 687 creditores:
1564 640 1605 687 et
1628 636 1658 671 si
1682 647 1773 676 uuus
1797 638 1954 674 creditor
1976 643 2024 675 sit
2047 650 2090 674 ex
2113 639 2200 683 illis,
2224 640 2285 685 qui
2308 640 2406 676 frau-

1320 680 1398 714 datl
1422 684 1518 722 sunt,
1543 690 1616 716 swe
1634 681 1732 717 solus
1751 685 1839 718 tunc
1856 683 1926 718 fuit
1945 684 2028 727 sive,
2053 695 2135 720 cum
2155 685 2282 720 ceteris
2302 687 2407 721 satis-

1319 725 1459 760 factum
1482 729 1554 767 est,
1578 726 1638 761 hic
1662 727 1760 763 solus
1782 729 1970 771 remansit,
2019 730 2218 765 robandum
2242 741 2320 766 esse
2343 731 2407 766 ad-

1321 773 1339 804 7
1389 770 1462 806 huc
1485 770 1618 806 actioni
1642 771 1720 807 fore
1742 772 1872 809 locum.
1911 773 1979 809 Illu
2030 779 2127 810 certe
2150 774 2294 818 sufficit,
2318 780 2355 811 et
2377 776 2407 811 si

1319 826 1432 851 unum
1452 815 1521 851 scit
1540 816 1750 853 creditorem
1766 818 1939 861 fraudari,
1965 823 2103 856 ceteros
2121 820 2306 865 ignoravit,
2330 821 2407 857 fore

1323 863 1342 895 8
1390 860 1508 896 locum
1532 862 1665 897 actioni
1675 864 1701 898 ⁶.
1739 862 1831 907 Quid
1855 874 1950 908 ergo,
1975 864 2007 900 si
2029 865 2073 907 ei,
2097 876 2202 910 quem
2225 866 2304 911 quis
2327 867 2407 908 scit,

1320 905 1546 942 satisfactum
1581 908 1662 943 est?
1708 908 1878 954 numquid
1910 909 2053 945 deficiat
2080 910 2192 953 actio,
2229 911 2313 956 quia
2347 912 2408 956 qui

1321 955 1532 996 supersunt,
1565 963 1637 987 non
1662 957 1746 988 sunt
1767 953 1951 989 fraudati?
1988 958 2025 990 et
2047 955 2116 990 hoc
2139 959 2227 1000 puto
2250 957 2407 1001 proban·

1322 996 1421 1032 dum:
1452 1007 1523 1032 non
1553 1001 1673 1033 tamen
1703 999 1732 1033 si
1758 998 1855 1034 dicat
1878 999 2025 1044 aliquis:
2059 1000 2198 1043 ‘offero‚
2228 1001 2323 1046 quod
2346 1001 2407 1037 de-

1321 1042 1439 1078 ‘betur
1461 1042 1513 1084 ei,
1538 1053 1641 1088 quem
1667 1044 1741 1079 scio
1767 1044 2003 1088 creditorcm’,
2029 1045 2226 1081 audiendus
2250 1046 2336 1087 erit,
2368 1050 2409 1082 ut

1320 1090 1342 1122 9
1390 1087 1566 1123 actionem
1592 1088 1723 1123 eludat.
1764 1089 1801 1124 Si
1824 1089 2012 1129 fraudator
2034 1090 2200 1126 heredem
2223 1091 2350 1127 habuit
2373 1096 2409 1127 et

1319 1132 1461 1168 heredis
1486 1134 1581 1168 bona
1603 1134 1792 1176 venierint,
1826 1145 1899 1170 non
1928 1139 1984 1171 est
2013 1136 2051 1171 in
2082 1136 2186 1172 bonis
2211 1137 2339 1181 quibus
2364 1138 2407 1173 de

1323 1181 1364 1212 10
1411 1178 1530 1223 agitur
1552 1179 1688 1214 factum
1712 1183 1749 1214 et
1771 1179 1850 1215 ideo
1876 1184 1996 1216 cessat
2013 1181 2103 1217 haec
2123 1182 2229 1218 actio.
2265 1182 2303 1218 Si
2321 1182 2407 1228 quid

1318 1223 1357 1258 in
1380 1223 1542 1259 fraudem
1568 1224 1784 1260 creditorum
1808 1225 1935 1260 fecerit
1958 1226 2072 1268 filius,
2105 1228 2165 1272 qui
2196 1237 2235 1262 se
2265 1231 2409 1273 poterat

1320 1269 1511 1313 abstinere,
1537 1273 1574 1305 et
1596 1270 1634 1304 in
1656 1269 1831 1315 integrum
1856 1271 1904 1306 sit
1924 1272 2122 1314 restitutus,
2147 1272 2241 1316 quod
2265 1283 2304 1308 se
2322 1273 2407 1308 mis-

1320 1319 1465 1356 cuerat,
1498 1315 1552 1350 vel
1577 1315 1607 1350 si
1631 1315 1733 1361 quis⁷
1757 1315 1844 1351 fecit
1867 1316 2088 1352 voluntarius
2113 1317 2244 1353 etiam⁸
2265 1318 2320 1354 vel
2344 1328 2408 1363 per

1319 1363 1472 1395 aetatem
1497 1360 1551 1395 vel
1576 1371 1681 1405 quam
1706 1361 1812 1396 aliam
1837 1371 1983 1397 causam
2006 1362 2136 1398 iustam
2166 1363 2204 1398 in
2232 1363 2406 1408 integrum

1320 1405 1450 1440 meruit
1472 1406 1752 1448 restitutionem,
1782 1406 1970 1442 dicendum
1996 1408 2063 1443 erit
2086 1408 2207 1444 utilem
2231 1408 2406 1444 actionem

1320 1454 1522 1496 competere
1533 1451 1557 1484 ⁹.
1598 1451 1690 1487 idem
1715 1455 1752 1486 et
1774 1453 1812 1487 in
1836 1463 1938 1488 servo
1963 1454 2177 1489 necessario.
2215 1464 2303 1498 sane
2326 1465 2407 1489 cum

1319 1496 1380 1531 illa
1404 1496 1632 1532 distinctione
1655 1497 1725 1532 hoc
1749 1497 2006 1533 admittendum
2031 1509 2108 1534 esse
2128 1499 2250 1535 Labeo
2271 1499 2407 1542 scribit,

1320 1545 1380 1583 ut,
1412 1541 1443 1576 si
1473 1542 1614 1587 quidem
1643 1542 1807 1587 protinus
1836 1543 1933 1578 bona
1955 1543 2189 1580 vendiderunt
2213 1544 2407 1580 creditores

1319 1586 1374 1622 vel
1414 1587 1623 1623 absentibus
1661 1588 1716 1623 vol
1755 1588 2019 1633 paciscentibus
2033 1591 2061 1611 ¹⁰
2095 1589 2332 1626 creditoribus
2367 1601 2407 1626 se

1319 1632 1544 1668 necessarius
1568 1633 1720 1677 miscuit,
1745 1633 1932 1679 utriusque
1953 1634 2053 1669 fraus
2074 1639 2272 1678 revocetur,
2295 1635 2332 1670 id
2353 1639 2409 1671 est

1319 1677 1503 1713 testatoris
1527 1682 1563 1712 et
1586 1678 1716 1723 ipsius:
1749 1679 1781 1714 si
1812 1689 1894 1714 vero
1927 1680 2025 1724 passi
2054 1685 2140 1715 sunt
2168 1681 2407 1716 necessarium

1321 1722 1515 1758 creditores
1539 1727 1576 1758 et
1617 1723 1695 1759 uasi
1712 1724 1749 1759 in
1769 1724 1940 1759 creditum
1961 1725 2166 1760 habuerunt
2183 1736 2311 1761 nomen
2331 1725 2407 1761 eius

1319 1768 1375 1804 vel
1389 1769 1413 1789 ¹¹
1448 1767 1585 1803 dulcitu
1613 1769 1669 1804 ine
1701 1779 1891 1805 usurarum
1923 1770 1978 1805 vel
2002 1781 2073 1815 qua
2096 1771 2168 1806 alia
2191 1771 2329 1807 ratione
2352 1781 2407 1807 se-

1321 1813 1394 1848 cuti
1418 1815 1554 1856 sunt¹²‚
1579 1813 1767 1850 dicendum
1792 1818 1847 1850 est
1869 1815 1957 1850 nihil
1981 1817 2141 1851 revocari
2160 1826 2204 1852 ex
2224 1816 2291 1859 his,
2315 1826 2407 1862 quae

1324 1862 1359 1893 11
1411 1862 1564 1894 testator
1595 1859 1776 1895 alienavit.
1827 1860 1865 1895 Si
1895 1861 2057 1906 impubes
2086 1861 2183 1907 patri
2212 1862 2317 1898 heres
2346 1872 2407 1897 ex-

1320 1903 1433 1939 titerit
1456 1904 1603 1950 eiusque
1625 1905 1757 1940 mortui
1781 1905 1876 1941 bona
1898 1910 2068 1951 veneant,
2094 1907 2318 1952 separatione
2339 1907 2406 1942 im·

1321 1952 1464 1995 petrata
1494 1950 1681 1995 utriusque
1710 1950 1808 1987 fraus
1838 1951 1907 1986 erit
1937 1952 2157 1996 revocanda,
2195 1952 2322 1999 pupilli
2351 1952 2406 1988 vel

1325 1997 1364 2030 12
1412 1995 1519 2030 etiam
1535 1995 1675 2039 tutoris,
1693 1996 1778 2032 item
1796 1997 1973 2032 curatoris
1986 1998 2025 2032 ¹³.
2057 1997 2105 2040 Si,
2123 2008 2203 2033 cum
2219 1998 2258 2033 in
2273 1997 2366 2034 diem
2378 1998 2408 2021 ¹⁴

1322 2040 1523 2083 deberetur,
1547 2040 1737 2077 fraudator
1759 2052 1930 2087 praesens
1954 2042 2109 2085 solverit,
2134 2042 2321 2079 dicendum
2339 2043 2408 2079 erit

1321 2086 1358 2121 in
1381 2096 1435 2130 eo,
1461 2085 1557 2131 quod
1581 2087 1675 2122 sensi
1700 2087 1923 2123 commodum
1947 2088 1984 2123 in
2007 2088 2346 2134 repraesentatione,
2370 2089 2406 2124 in

1322 2130 1457 2166 factum
1482 2132 1615 2167 actioni
1638 2132 1756 2167 locum
1780 2132 1878 2168 fore:
1903 2143 1986 2168 nam
2009 2137 2154 2178 praetor
2173 2133 2335 2169 fraudem
2353 2133 2406 2169 in-

1325 2180 1375 2212 13>
1413 2177 1548 2221 tellegit
1578 2177 1682 2212 etiam
1712 2177 1748 2212 in
1781 2181 1941 2224 tempore
1971 2177 2060 2215 fieri.
2108 2178 2146 2215 Si
2170 2179 2228 2215 cui
2251 2178 2407 2215 solutum

1322 2221 1462 2267 quidem
1485 2233 1558 2258 non
1582 2221 1700 2266 fuerit,
1725 2223 1789 2259 sed
1811 2223 1849 2258 in
1871 2227 1973 2259 vetus
1998 2224 2171 2260 creditum
2195 2224 2322 2270 pignus
2346 2234 2407 2260 ac·

1323 2268 1466 2312 ceperit,
1491 2267 1561 2303 hac
1585 2268 1726 2303 actione
1748 2268 1938 2313 tenebitur,
1962 2273 2003 2304 ut
2021 2273 2076 2305 est
2094 2280 2156 2305 sae
2182 2270 2301 2306 issime
2322 2280 2406 2306 con-

1325 2316 1373 2348 14·
1413 2313 1587 2348 stitutum.
1628 2313 1677 2355 Si,
1703 2324 1784 2348 cum
1803 2314 1970 2349 mulier¹⁵
1991 2314 2146 2350 fraudan
2172 2325 2274 2351 orum
2293 2315 2406 2351 credi-

1322 2361 1441 2395 torum
1465 2358 1651 2394 consilium
1675 2358 1810 2404 inisset,
1834 2359 1962 2396 marito
1978 2370 2044 2395 suo
2060 2360 2172 2395 eidem
2199 2370 2243 2396 ue
2258 2360 2408 2396 debitori

1321 2403 1359 2440 in
1374 2403 1539 2439 fraudem
1559 2403 1773 2439 creditorum
1791 2408 1979 2450 acceptum
1996 2405 2154 2441 debitum
2187 2405 2299 2441 ecerit
2314 2405 2407 2441 dotis

1323 2448 1594 2485 constituendae
1618 2459 1745 2492 causa,
1779 2449 1898 2486 locum
1921 2450 2032 2486 habet
2054 2451 2144 2487 haec
2168 2451 2262 2487 actio
2285 2454 2322 2487 et
2343 2460 2408 2496 per

1321 2494 1416 2530 hanc
1435 2494 1548 2530 omnis
1595 2494 1734 2538 eeunia,
1758 2506 1863 2540 quam
1880 2495 2030 2531 maritus
2049 2495 2232 2540 debuerat,
2256 2496 2408 2542 exigitur

1322 2550 1389 2576 nec
1411 2539 1539 2575 mulier
1585 2549 1605 2575 e
1628 2539 1711 2576 dote
1734 2540 1845 2576 habet
1868 2540 2062 2577 actionem:
2086 2551 2201 2587 neque
2224 2541 2318 2577 enim
2341 2541 2405 2577 dos

1321 2585 1357 2621 in
1382 2584 1543 2621 fraudem
1568 2585 1782 2621 creditorum
1801 2585 2049 2622 constituenda
2069 2590 2140 2623 est:
2165 2590 2202 2622 et
2220 2587 2290 2623 hoc
2308 2591 2405 2623 certo

1322 2630 1454 2667 certius
1479 2634 1534 2666 est
1557 2634 1593 2665 et
1616 2630 1824 2676 saepissime
1848 2631 2095 2667 constitutum.
2143 2631 2259 2668 exitus
2288 2635 2406 2668 autem

1322 2676 1473 2712 actionis
1497 2675 1575 2719 erit,
1600 2679 1641 2711 ut
1664 2676 1860 2722 stipulatio,
1884 2687 1976 2722 quae
1994 2680 2145 2723 accepta
2161 2677 2259 2713 facta
2275 2676 2405 2720 fuerat,

1326 2724 1364 2756 15
1412 2732 1457 2757 ex
1480 2721 1617 2766 integro
1640 2722 1899 2767 interponatur.
1947 2722 2018 2758 Per
2046 2723 2139 2759 hanc
2169 2723 2346 2759 actionem
2370 2726 2405 2758 et

1321 2778 1407 2803 usus
1431 2766 1569 2802 fructus
1594 2770 1629 2802 et
1651 2766 1855 2803 huiusmodi
1879 2767 1926 2803 sti
1952 2767 2082 2804 ulatio:
2113 2767 2161 2804 ‘in
2191 2777 2305 2804 annos
2334 2769 2404 2804 sin-

1325 2816 1364 2848 16
1413 2812 1527 2857 ‘gulos
1551 2811 1644 2847 dena
1668 2812 1746 2847 dari
1769 2812 1923 2858 spondes
1950 2813 1960 2827 ’
1989 2813 2083 2858 exigi
2105 2818 2235 2859 potest.
2283 2813 2322 2850 Si
2344 2813 2405 2849 de-

1320 2858 1471 2894 bitorem
1495 2867 1610 2893 meum
1634 2860 1671 2893 et
1694 2858 1930 2903 complurium
1953 2858 2168 2894 creditorum
2192 2862 2404 2895 consecutus

1321 2913 1434 2939 essem
1457 2902 1648 2947 fugientem
1673 2913 1794 2938 secum
1818 2902 1991 2940 ferentem
2013 2904 2202 2949 pecuniam
2226 2908 2263 2940 et
2280 2904 2403 2940 abstu-

1319 2948 1439 2985 lissem
1477 2948 1509 2983 ei
1545 2948 1582 2983 id
1618 2948 1714 2993 quod
1743 2948 1831 2984 mihi
1862 2948 2035 2985 debeatur
2047 2950 2086 2992 ¹⁶,
2126 2949 2247 2996 placet
2276 2949 2404 2985 Iuliani

1320 2993 1497 3030 sententia
1535 2992 1685 3028 dicentis
1723 2993 1874 3029 multum
1911 2994 2102 3040 interesse,
2141 2998 2333 3041 antequam
2366 2994 2403 3030 in

1346 3038 1580 3075 ossessionem
1604 3038 1779 3074 bonorum
1803 3039 1878 3075 eius
1899 3039 2093 3076 creditores
2113 3039 2311 3083 mittantur,
2334 3039 2404 3075 hoc

1336 3087 1454 3120 actum
1491 3083 1539 3119 sit
1568 3094 1615 3119 an
1643 3088 1792 3137 postea:
1832 3084 1863 3120 si
1894 3088 1995 3129 ante,
2027 3095 2171 3121 cessare
2200 3085 2239 3121 in
2268 3085 2401 3121 factum

1324 3133 1360 3164 17
1409 3129 1598 3172 actionem,
1623 3139 1653 3164 ει
1670 3133 1808 3174 postea,
1832 3129 1916 3165 huic
1936 3129 2053 3166 locum
2071 3129 2161 3167 fore.
2197 3130 2236 3167 Si
2255 3140 2299 3167 ex
2319 3141 2402 3166 con·

1318 3174 1503 3210 stitutione
1522 3173 1591 3209 divi
1608 3174 1724 3209 Marci
1748 3175 1843 3211 bona
1865 3174 1938 3211 sint
1961 3175 2104 3211 addicta
2127 3176 2234 3211 alicui
2247 3177 2274 3198 ¹⁷
2296 3175 2402 3211 liber·

1317 3219 1444 3255 tatium
1469 3219 1793 3255 conservandarum
1818 3230 1944 3264 causa,
1974 3219 2161 3256 dicendum
2192 3221 2260 3256 erit
2290 3220 2402 3256 actio-

1317 3275 1397 3301 nem
1422 3273 1581 3300 cessare:
1606 3264 1658 3300 ita
1681 3265 1772 3301 enim
1796 3265 2005 3308 succedunt,
2034 3269 2075 3301 ut
2098 3270 2178 3302 rata
2202 3266 2283 3308 sint,
2310 3274 2402 3311 quae

1321 3312 1361 3346 18
1407 3313 1510 3355 pater
1532 3309 1685 3346 familias
1708 3314 1878 3355 gesserat.
1925 3310 2052 3346 Annus
2076 3312 2181 3347 huius
2206 3311 2244 3347 in
2267 3310 2400 3347 factum

1316 3354 1467 3391 actionis
1505 3355 1773 3400 computabitur
1806 3365 1851 3392 ex
1881 3355 1939 3391 die
1970 3356 2181 3393 venditionis
2213 3356 2399 3392 bonorum.

1313 3467 1475 3511 centibus]
1490 3466 1540 3501 vel
1554 3469 1616 3502 del.
1630 3468 1693 3512 F'0,
1712 3468 1957 3513 paciscentibus
1969 3470 2031 3503 del.
2045 3469 2110 3512 ΙΝ,
2131 3480 2192 3504 nec
2203 3470 2398 3514 paciscenti-

1313 3513 1374 3546 bus
1393 3525 1456 3547 eer.
1569 3516 1625 3557 (11)
1649 3524 1669 3547 a
1688 3515 1748 3549 ins.
1768 3513 1820 3548 Γ*
1928 3516 1987 3556 (12)
2011 3517 2045 3548 et
2066 3515 2162 3558 quasi
2181 3515 2219 3549 in
2238 3515 2397 3549 creditum

1311 3557 1468 3592 abierunt
1484 3559 1546 3601 (sic
1563 3559 1605 3601 S)
1626 3569 1747 3593 nomeu
1767 3558 1839 3592 eins
1922 3559 2028 3593 secuti
2050 3561 2140 3602 (sunt
2153 3561 2215 3594 del.
2227 3561 2323 3599 Hal)
2336 3573 2390 3594 scr

1312 3605 1371 3645 (¹³)
1394 3603 1475 3636 item
1488 3604 1664 3648 curatoris]
1677 3604 1824 3648 itemque
1834 3604 1941 3648 patris
1951 3617 2016 3639 scr.
2092 3609 2151 3647 (11)
2176 3605 2259 3639 mihi
2273 3607 2332 3639 ine.
2347 3606 2380 3639 F
2383 3604 2399 3628 ¹

1311 3650 1371 3691 (¹⁵)
1395 3648 1432 3681 in
1446 3650 1506 3682 im.
1523 3647 1577 3682 Γ*
1680 3651 1741 3692 (ιο)
1765 3648 1947 3683 debebatur
1959 3650 2033 3684 edd.
2137 3655 2195 3691 (11)
2219 3649 2320 3686 alicui
2335 3650 2388 3684 de!

1311 3694 1471 3734 (similiter
1486 3694 1652 3736 Huschke)
