2528 3918
103 139 157 169 ΡΑ
162 138 350 170 LCIDIAM

149 250 218 288 25¹
241 249 444 286 Seuerou
462 251 553 286 libro
570 254 701 296 quarto
727 261 982 305 responsorum
1020 250 1191 286 Maritum

103 309 205 334 suum
230 300 266 331 et
296 296 408 331 filium
439 306 660 331 communem
692 306 816 341 aeqms
848 296 1011 341 partibus
1043 296 1190 331 heredes

106 341 276 378 instituit:
302 341 503 386 quaesitum
527 345 591 385 est,
616 351 662 376 an
685 342 723 376 in
746 342 885 376 ratione
909 342 994 386 legis
1010 341 1192 377 Falcidiae

105 389 150 423 im
178 386 352 422 utandum
376 387 423 422 sit
445 386 592 430 marito,
617 386 713 432 quod
737 387 784 422 ad
807 397 889 422 eum
913 397 956 422 ex
982 387 1103 422 eadem
1128 387 1190 421 he-

101 444 138 469 re
163 433 249 467 itate
299 443 337 468 er
366 431 478 467 filium
512 431 684 477 pervenit.
731 432 933 478 respondit,
969 433 997 468 si
1024 443 1066 468 ex
1089 433 1190 467 insti-

101 478 237 513 tutione
286 477 324 512 lii
346 480 485 512 tantum
512 477 685 520 retineat,
718 481 891 522 quantum
923 478 970 512 ad
993 478 1189 513 Falcidiam

104 528 116 559 1
168 523 255 558 satis
289 523 353 567 sit,
385 522 471 558 nihil
504 526 654 568 quartae
683 523 826 558 nomine
851 522 1109 558 deducendum.
1156 523 1191 558 A

103 570 247 613 liberto,
279 568 337 604 cui
369 567 519 603 fundum
550 568 748 613 legaverat,
782 579 847 613 per
878 568 1190 604 fideicommissum

100 614 201 650 Seiae
239 624 361 649 annua
399 613 520 649 decem
556 613 671 649 dedit:
708 614 909 659 quaesitum
947 618 1019 657 est,
1060 614 1092 649 si
1132 615 1190 649 lex

100 659 260 695 Falcidia
283 658 402 694 liberti
432 658 589 703 legatum
620 660 802 702 minuerit,
836 670 882 694 an
915 659 1017 695 Seiae
1049 669 1190 705 quoque

100 715 257 740 annuum
280 704 592 740 fideicommissum
616 704 791 739 minutum
822 705 1002 748 videatur,
1029 716 1110 740 cum
1132 708 1206 740 re-'

100 751 194 786 ditus
219 750 392 795 largiatur
415 760 572 785 annuam
594 751 886 795 praestationem.
924 751 1110 797 respondit
1133 761 1188 786 se-

100 795 255 831 cundum
280 806 323 831 ea
346 805 438 840 quae
461 799 747 840 proponerentur
770 807 843 832 non
867 796 978 832 videri
1002 797 1188 839 minutum,

99 841 166 876 nisi
189 841 260 876 alia
282 851 381 876 mens
405 840 588 876 testatoris
612 841 795 886 probetur.

145 884 197 924 26
222 886 330 922 IDEM
350 886 441 922 libro
466 887 591 932 quinto
616 897 872 967 responsorum
919 887 1069 923 Lineam
1094 897 1188 922 mar-

98 933 294 977 garitorum
317 931 462 976 triginta
486 931 642 977 quinque
681 933 811 977 egavit,
850 943 942 978 quae
973 933 1068 968 linea
1092 931 1189 977 apud

97 977 306 1023 legatarium
342 976 462 1012 fuerat
492 978 616 1013 mortis
648 982 826 1023 tempore:
863 988 1017 1023 quaero,
1061 989 1108 1013 an
1146 988 1189 1013 ea

98 1023 192 1058 linea
222 1022 344 1058 heredi
374 1022 515 1058 restitui
555 1022 702 1059 deberet
739 1027 886 1069 propter
925 1024 1037 1069 legem
1069 1023 1187 1059 Falci-

98 1069 203 1104 diam.
251 1068 436 1113 respondit
458 1078 566 1113 posse
589 1069 755 1104 heredem
781 1070 967 1115 consequi,
993 1073 1034 1104 ut
1057 1069 1089 1104 ei
1113 1079 1188 1104 res-

97 1114 269 1157 tituatur,
303 1125 364 1158 ac,
390 1114 421 1149 81
444 1114 562 1157 1110111,
587 1124 694 1159 posse
717 1115 900 1151 vindicare
923 1119 1061 1160 partem
1084 1115 1122 1150 in
1146 1124 1189 1150 ea

97 1160 191 1195 linea
207 1187 216 1203 ,
242 1170 334 1205 quae
357 1170 422 1205 pro
450 1163 504 1195 ter
527 1159 614 1205 legis
640 1160 823 1196 Falcidiae
845 1161 1020 1196 rationem
1045 1160 1190 1195 deberet

101 1209 116 1240 1
165 1215 360 1241 remanere.
408 1171 617 1249 &uaesitum
641 1210 713 1247 est,
738 1216 785 1241 an
808 1207 962 1251 pretium
987 1210 1188 1241 statuarum

98 1250 296 1286 Falcidiam
318 1250 394 1297 pati
418 1251 558 1286 debeat.
583 1251 768 1297 respondit
792 1251 933 1287 debere.

143 1294 196 1333 27
221 1296 331 1331 [Dim
348 1296 438 1331 libro
462 1300 566 1331 sexto
590 1307 846 1343 responsorum
895 1297 1008 1333 ‘Seius
1034 1300 1069 1332 et
1093 1297 1186 1342 Age-

98 1342 182 1377 ‘rius
206 1342 237 1377 si
268 1341 363 1376 intra
386 1340 478 1376 diem
507 1342 726 1387 trigesimum
754 1342 879 1378 mortis
911 1353 1011 1378 meae
1040 1342 1092 1377 rei
1120 1353 1186 1387 pu-

98 1387 224 1423 ‘blicae
260 1390 406 1423 nostrae
445 1388 601 1422 caverint
644 1392 831 1423 contentos
875 1399 913 1424 se
950 1387 1093 1423 futuros
1133 1391 1188 1423 tot

97 1432 227 1468 ‘aureis
250 1432 336 1477 legis
361 1432 542 1467 Falcidiae
566 1433 740 1468 beneficio
761 1434 903 1476 omisso,
929 1433 1078 1469 heredes
1102 1433 1187 1468 mihi

98 1482 228 1514 ‘sunto.
275 1488 366 1523 quos
397 1477 545 1514 invicem
577 1479 768 1514 substituo.
817 1479 913 1524 quod
950 1479 982 1514 si
1013 1479 1188 1514 voluntati

97 1527 209 1559 ‘meae
231 1533 303 1559 non
328 1524 584 1567 consenserint,
610 1524 804 1561 exheredes
829 1525 960 1560 sunto’.
986 1524 1186 1570 quaesitum

100 1573 173 1611 est,
198 1579 246 1604 an
277 1569 428 1604 heredes
459 1569 612 1604 instituti
641 1570 876 1605 hereditatem
908 1570 1006 1606 adire
1035 1570 1186 1615 possint,

96 1615 126 1650 si
150 1614 353 1650 condicioni
381 1624 510 1660 parere
531 1616 668 1659 nolunt,
695 1626 776 1651 cum
795 1617 953 1651 habeant
973 1616 1186 1651 substitutos

97 1660 220 1695 eadem
258 1660 467 1696 condicione
504 1661 737 1706 praescripta.
785 1662 971 1706 respondit
1000 1661 1120 1697 Seium
1151 1665 1188 1696 et

101 1705 265 1750 Agerium
288 1706 402 1751 primo
427 1705 508 1741 1000
544 1707 727 1742 institutos
759 1707 907 1751 perinde
939 1707 1037 1742 adire
1067 1717 1186 1752 posse,

99 1762 139 1786 ac
164 1752 193 1786 si
217 1761 260 1786 ea
285 1750 464 1794 condicio,
498 1762 589 1797 quae
612 1751 750 1787 fraudis
777 1763 888 1788 causa
912 1753 1096 1798 adscripta
1121 1757 1185 1795 est,

97 1796 278 1842 adscripta
301 1807 372 1832 non
397 1800 502 1832 esset.

140 1839 194 1880 28
219 1842 456 1877 MAECJANUS
464 1842 555 1878 libro
562 1844 686 1889 primo
696 1843 1055 1888 fideicommissorum
1079 1843 1187 1879 Pater

96 1898 236 1933 quoque
258 1888 297 1922 in
319 1887 457 1932 legatis,
483 1899 574 1933 quae
597 1887 691 1924 filius
716 1888 749 1924 ei
773 1889 871 1924 dedit
882 1889 953 1925 alio
977 1889 1108 1925 herede
1131 1889 1186 1924 in-

97 1934 232 1975 stituto,
258 1932 346 1978 legis
360 1927 543 1969 Falcidiae
567 1934 743 1969 rationem
766 1935 913 1979 patitur.

141 1976 193 2016 29
219 1978 380 2014 PAULUS
401 1978 492 2014 libro
516 1979 673 2014 secundo
695 1979 1054 2024 fideicommissorum
1102 1978 1140 2014 Si
1164 1989 1186 2014 a

95 2035 150 2059 me
173 2024 239 2059 tibi
262 2023 574 2059 fideicommissum
585 2025 640 2060 vel
663 2025 820 2070 legatum
833 2030 887 2061 est
910 2029 1021 2070 tuque
1043 2024 1080 2060 id
1103 2028 1187 2070 post

93 2074 233 2115 tempus
257 2073 403 2114 rogatus
427 2070 476 2105 sis
501 2070 586 2104 mihi
607 2071 806 2114 restituere,
832 2082 904 2106 non
928 2074 1015 2115 puto
1028 2071 1098 2106 1100
1120 2071 1187 2105 1111-

93 2114 293 2160 putandum
328 2125 407 2150 esse
441 2114 479 2150 in
514 2115 727 2158 Falcidiam,
774 2116 858 2161 quia
892 2117 1024 2161 incipio
1059 2119 1186 2161 postea

97 2161 200 2206 quasi
222 2160 570 2196 fideicommissarius
593 2160 631 2196 id
653 2161 824 2206 recipere.

140 2203 193 2243 30
220 2205 459 2241 MAEGIANUS
478 2206 570 2242 libro
595 2211 719 2242 octavo
741 2207 1100 2252 fideicommissorum
1142 2207 1185 2242 In

94 2252 233 2287 ratione
256 2251 343 2297 legis
360 2251 543 2287 Falcidiae
558 2256 691 2287 mortes
708 2263 892 2288 servorum
916 2256 1186 2298 ceterorumque

94 2297 310 2340 animalium,
335 2297 444 2340 furta,
469 2297 627 2342 rapinae,
643 2297 818 2342 incendia,
830 2299 967 2342 ruinae,
986 2298 1184 2342 naufragia,

94 2343 146 2378 vis
175 2342 332 2378 hostium
355 2342 578 2388 praedonum
609 2343 809 2386 latronum,
841 2343 1045 2379 debitorum
1087 2343 1185 2379 facta

94 2389 216 2432 peiora
240 2389 402 2431 nomina,
433 2388 471 2423 in
495 2399 633 2423 summa
657 2389 907 2434 quodcumque
931 2389 1119 2432 damnum,
1155 2390 1185 2425 si

94 2433 198 2468 modo
224 2434 331 2478 culpa
354 2433 515 2479 legatarii
539 2438 696 2478 careant,
722 2435 844 2470 heredi
867 2438 1036 2480 pereunt:
1062 2445 1183 2480 quem-

94 2478 286 2514 admodum
336 2478 383 2514 ad
436 2479 579 2515 heredis
625 2480 764 2515 lucrum
806 2480 988 2525 pertinent
1030 2480 1182 2523 fruetus,

94 2528 219 2568 partus
245 2524 456 2559 ancillarum
480 2529 516 2559 et
537 2535 630 2569 quae
652 2536 718 2570 per
742 2536 863 2561 servos
887 2525 1066 2570 adquisita
1089 2529 1182 2569 sunt,

94 2574 135 2603 ut
158 2570 427 2615 stipulationes,
451 2580 572 2605 rerum
601 2570 830 2614 traditiones,
861 2571 981 2616 legata
1003 2571 1182 2606 heredita-

93 2620 190 2650 tesve
214 2616 270 2650 his
296 2615 421 2658 datae,
448 2620 587 2651 ceterae
620 2615 850 2658 donationes,
875 2617 959 2651 item
983 2617 1182 2660 servitutes,

94 2660 224 2705 quibus
248 2661 400 2696 liberata
424 2661 573 2705 praedia
596 2661 811 2705 pretiosiora
834 2661 970 2704 fierent,
1004 2663 1182 2698 actiones-

95 2716 163 2750 que
192 2706 409 2751 adquisitae,
450 2710 492 2740 ut
520 2706 610 2741 furti
640 2706 759 2741 damni
790 2706 939 2742 iniuriae
969 2707 1182 2753 similesque,

95 2762 247 2795 quorum
291 2751 380 2786 nihil
422 2752 459 2786 in
502 2751 677 2786 rationem
722 2752 809 2797 legis
856 2752 1038 2788 Falcidiae
1074 2753 1182 2788 cadit.

98 2801 109 2830 1
160 2796 324 2832 Vendere
347 2800 467 2832 autem
478 2798 532 2832 vel
556 2807 671 2832 emere
694 2797 814 2832 iussus
839 2801 937 2833 certo
961 2797 1075 2842 pretio
1100 2797 1182 2832 fun-

95 2841 177 2876 dum
190 2842 338 2878 aliamve
361 2843 564 2887 quampiam
580 2852 655 2877 rem
672 2843 710 2877 in
733 2843 820 2887 legis
833 2842 1017 2878 Falcidiae
1032 2843 1181 2886 ratione,

96 2897 176 2921 cum
201 2891 374 2932 quantum
398 2887 443 2922 sit
466 2888 623 2932 legatum
645 2888 860 2933 requiratur,
885 2892 1025 2923 tantum
1050 2899 1092 2924 eo
1116 2899 1181 2924 no-

94 2932 186 2968 mine
214 2932 404 2968 inducetur
415 2937 454 2978 ¹³,
472 2937 605 2978 quanto
634 2933 748 2978 pluris
772 2934 963 2969 minorisve
988 2934 1034 2969 sit
1058 2944 1115 2969 res
1139 2944 1183 2969 ea

94 2977 312 3021 quantitate,
347 2988 453 3023 quam
477 2988 547 3023 quo
573 2979 715 3023 pretio2
747 2982 898 3014 testator
922 2979 1038 3024 accipi
1062 2979 1182 3014 darive

94 3022 207 3065 iussit,
233 3022 296 3060 sed
318 3028 361 3058 ut
385 3023 416 3058 ei
440 3023 583 3068 quidem
605 3024 773 3068 portioni,
799 3031 889 3069 quae
909 3025 1035 3069 legatis
1049 3024 1180 3060 deduc-

94 3067 140 3103 tis
171 3067 335 3104 facienda
367 3070 453 3112 erit,
482 3069 635 3114 amplius
672 3069 909 3106 deducetur-³:
947 3070 1079 3115 quippe
1109 3081 1181 3105 non

95 3113 209 3148 nostri
232 3123 342 3149 causa
367 3114 447 3158 capi
469 3114 507 3149 id
530 3114 693 3159 pretium,
718 3115 781 3150 sed
795 3126 836 3151 eo
850 3115 1003 3151 deducto
1054 3116 1183 3151 retium

96 3160 114 3190 2
163 3158 338 3203 reliquum
370 3159 527 3204 legatum
558 3170 635 3195 esse
666 3160 885 3196 intellectum
917 3164 982 3196 est.
1059 3171 1182 3196 rorsus

96 3202 281 3246 diligenter
322 3204 674 3240 animadvertendum
718 3210 790 3249 081,
833 3217 878 3241 110
918 3206 1013 3252 (111οᾱ
1052 3206 1183 3241 (11011111

96 3247 225 3283 (10111110
248 3253 330 3292 post
353 3254 503 3286 mortem
534 3250 716 3286 testatoris
747 3251 848 3286 illata
871 3252 917 3286 ad
941 3252 1055 3287 solum
1079 3252 1181 3287 here-

96 3292 175 3344 dem
196 3294 377 3344 respicere
400 3306 514 3340 usque
538 3306 679 3340 quaque
698 3300 734 3331 et
757 3296 832 3331 sine
856 3297 930 3331 ulla
954 3296 1182 3332 distinctione

95 3341 300 3382 reciplatur.
325 3339 421 3383 quod
446 3341 538 3375 enim
561 3344 698 3376 remota
721 3341 797 3386 lege
820 3341 983 3377 Falcidia
1005 3342 1043 3377 in
1066 3346 1181 3377 totum

94 3382 315 3435 1011810101,
351 3384 420 3436 hoc
449 3385 543 3420 idem
572 3386 650 3421 fore
680 3386 718 3421 in
749 3397 793 3421 ea
824 3391 946 3432 parte,
982 3398 1074 3432 quae
1104 3388 1182 3432 lege

95 3427 259 3462 Falcidia
298 3433 590 3466 constitueretur:
635 3431 705 3466 hoc
751 3432 844 3466 enim
886 3433 1014 3467 attinet
1051 3434 1182 3468 damna

95 3476 222 3517 postea
264 3472 362 3508 facta
398 3485 469 3509 non
500 3475 644 3519 deduci,
686 3486 731 3512 ne
761 3480 883 3512 amota
912 3478 1031 3522 portio
1054 3478 1181 3523 legatis

98 3588 424 3629 (1)§1=33,1,21,1

99 3633 206 3674 pretio
221 3632 340 3675 Menye
424 3633 466 3673 (3)
482 3633 656 3674 requiritur
669 3634 863 3667 inducatur:
882 3636 941 3667 sed
953 3642 1048 3667 totum
1061 3648 1180 3668 comma

100 3678 154 3710 sed
167 3680 206 3710 ut
219 3677 266 3710 ei.
279 3702 304 3710 ..
323 3676 467 3719 amplius
479 3676 659 3710 inducatur
672 3681 802 3713 otiosum
816 3688 931 3713 estnec
943 3680 1115 3713 Maeuiani

100 3723 142 3763 (4)
160 3725 259 3756 verba
270 3722 359 3763 quod
371 3722 461 3754 enim
472 3724 599 3754 remota
609 3747 616 3755 .
629 3747 636 3755 .
649 3748 655 3754 .
669 3723 788 3766 legatis
800 3725 917 3758 fideive
929 3725 1113 3758 commissis
1125 3726 1179 3758 de-

102 3768 253 3800 trahatur
267 3769 414 3800 videntur
422 3766 490 3801 loco
507 3775 590 3800 mota
604 3776 633 3800 et
645 3771 871 3812 transfirenda
880 3777 957 3814 post
967 3772 1114 3814 tempore
1127 3771 1179 3803 fu-

486 3588 542 3628 (ss)
555 3588 691 3621 inducet
701 3590 780 3622 Hal.
851 3591 895 3632 (2)
910 3600 976 3630 quo
986 3589 1107 3631 pretio]
1118 3601 1179 3632 pro

1186 122 1264 170 511

2128 124 2349 168 XXXV2

1261 253 1280 284 3
1329 249 1453 284 fideive
1479 248 1675 284 commissis
1700 248 1912 283 detrahatur
1922 249 1947 284 ⁴.
1994 248 2129 284 Verum
2154 252 2208 284 est
2231 251 2349 286 autem

1259 295 1314 331 his
1341 295 1444 337 solis,
1480 303 1572 340 quae
1601 293 1759 338 pondere
1788 304 1936 330 numero
1973 304 2142 329 mensura
2172 299 2348 338 constant,

1259 352 1326 376 nec
1349 340 1479 375 damno
1503 343 1630 384 postea
1654 339 1831 374 incidente
1856 350 1898 374 ex
1921 340 2104 384 portione,
2137 350 2230 385 quae
2252 340 2351 375 11011ὓ

1260 387 1306 422 0(1
1331 385 1614 422 aestimationem
1639 395 1762 420 00111111
1786 385 1971 427 bonorum,
1997 395 2088 430 quae
2112 386 2237 420 mortis
2261 390 2349 421 tem-

1260 436 1280 466 4
1327 442 1416 477 pore
1439 430 1595 473 fuerunt,
1621 431 1811 476 quicquam
1823 430 1971 464 detrahi.
1999 431 2112 465 Certis
2126 441 2207 466 vero
2223 442 2350 476 eorpo-

1241 475 1358 512 ,ribus
1392 480 1427 512 et
1455 476 1510 511 his
1539 475 1626 521 ipsis
1657 476 1710 510 ita
1740 475 1893 511 relictis:
1935 476 2153 520 ‘pecuniam,
2184 487 2289 521 quam
2314 478 2349 512 in

1444 521 1454 536 7

1260 523 1333 557 ‘illa
1357 532 1467 565 arca,
1494 522 1635 564 ‘vinum,
1668 521 1764 567 quod
1795 521 1832 555 in
1855 521 1923 555 illis
1949 521 2083 563 doleis',
2117 522 2267 566 ‘pondus
2293 533 2351 557 ar-

1260 568 1386 613 ‘genti,
1446 567 1519 602 uod
1549 567 1586 602 in
1617 567 1686 602 illis
1718 566 1856 602 horreis
1887 566 2036 608 habeo’,
2066 567 2120 601 siss
2144 567 2219 602 sine
2244 567 2353 613 culpa

1258 612 1399 648 heredis
1423 579 1653 658 deperierunt
1680 612 1735 647 vel
1760 611 1938 647 deteriora
1968 615 2053 646 sunt
2075 611 2192 655 facta,
2224 614 2350 658 procul

1259 658 1368 694 dubio
1393 662 1457 693 aut
1481 658 1569 693 nihil
1593 657 1782 693 debebitur
1806 661 1870 692 aut
1894 667 2017 692 eorum
2041 667 2134 701 quae
2157 659 2352 694 exstabunt

1259 704 1380 762 qualia
1410 707 1513 739 erunt
1542 713 1585 738 ea
1615 704 1732 748 portio
1774 702 1977 745 debebitur,
2017 713 2109 747 quae
2146 713 2211 748 per
2239 705 2350 749 legem

1257 749 1457 785 Falcidiam
1482 748 1660 784 efficiatur
1685 759 1728 784 ex
1752 748 1998 784 aestimatione
2032 749 2224 792 bonorum,
2260 761 2351 795 quae

1259 799 1277 829 5
1325 795 1450 830 mortis
1474 795 1656 829 testatoris
1680 798 1842 839 tempore
1859 792 2030 829 fuerint‘.
2055 793 2219 829 Incertae
2231 799 2350 830 autem

1258 851 1314 876 res
1339 840 1487 875 relictae
1512 839 1777 875 distinctionem
1807 839 2004 884 recipiunt:
2034 849 2118 873 nam
2147 840 2177 874 si
2209 850 2252 875 ex
2277 842 2350 876 suis

1257 886 1365 921 rebus
1396 886 1571 921 incertam
1602 896 1677 921 rem
1706 888 1859 920 testator
1891 884 2111 929 reliquisset,
2142 886 2248 920 veluti
2281 890 2349 921 ‘ar-

1258 933 1413 976 ‘gentum
1437 930 1534 977 quod
1559 931 1725 976 elegerit’,
1751 934 1788 966 et
1818 940 1922 966 omne
1956 933 2143 975 argentum
2167 932 2350 967 testatoris

1257 977 1438 1012 interisset
1470 977 1546 1012 sine
1580 977 1689 1021 culpa
1719 975 1880 1018 heredis,
1921 976 2010 1010 nihil
2044 975 2252 1011 deberetur:
2297 977 2351 1012 sin

1257 1033 1339 1059 vero
1373 1022 1511 1068 argenti
1542 1022 1684 1067 pondus
1715 1031 1805 1067 pure
1839 1021 2004 1057 relictum
2036 1024 2152 1064 esset,
2193 1023 2350 1066 quamvis

1258 1079 1361 1103 omne
1394 1071 1580 1113 argentum
1611 1067 1795 1103 testatoris
1830 1065 2045 1112 deperisset,
2082 1066 2239 1102 admissa
2274 1068 2352 1112 lege

1256 1113 1420 1149 Falcidia
1442 1113 1560 1159 portio
1586 1113 1661 1148 eius
1674 1112 1886 1158 quantitatis
1910 1116 2081 1155 sumetur,
2107 1123 2199 1157 quae
2223 1112 2292 1147 fuit
2315 1115 2351 1148 111

1256 1159 1361 1195 1101118
1387 1169 1428 1195 eo
1451 1163 1614 1204 tempore
1637 1169 1707 1204 quo
1732 1162 1886 1194 testator
1910 1157 2081 1200 decessit,
2114 1168 2181 1193 1100
2213 1158 2260 1193 ad
2284 1160 2348 1193 im-

1258 1205 1486 1240 minuendam
1512 1215 1591 1239 eam
1614 1204 1806 1250 quicquam
1838 1203 1969 1239 damna
1999 1207 2128 1248 postea
2157 1204 2353 1239 incidentia

1258 1255 1277 1285 6
1325 1250 1525 1296 proficient.
1558 1249 1630 1285 Res
1655 1253 1787 1292 tamen,
1812 1259 1905 1330 quae
1928 1248 2139 1292 interierint,
2164 1260 2230 1294 pro
2253 1250 2352 1284 nulla

1257 1301 1361 1342 parte
1385 1306 1429 1331 ac
1453 1306 1498 1331 ne
1523 1295 1725 1331 aestimatio
1751 1295 1810 1339 qui
1836 1306 1891 1330 em
1921 1294 2111 1337 debeatur,
2144 1305 2216 1330 non
2240 1296 2352 1339 magis

1258 1352 1365 1386 quam
1389 1342 1419 1377 si
1444 1352 1567 1377 omnes
1598 1352 1655 1376 res
1688 1352 1752 1386 per
1775 1341 1931 1386 speciem
1955 1343 2183 1376 enumeratae
2206 1341 2352 1376 relictae

1258 1391 1275 1421 7
1326 1390 1446 1423 essent
1455 1388 1480 1422 ⁷.
1531 1386 1691 1422 Tametsi
1723 1390 1844 1422 autem
1875 1385 1961 1431 legis
1986 1385 2171 1421 Falcidiae
2201 1387 2350 1430 ratione,

1257 1443 1349 1478 quae
1373 1432 1595 1468 condicionis
1631 1431 1832 1478 implendae
1857 1442 1968 1467 causa
1999 1431 2121 1466 heredi
2145 1435 2230 1467 sunt
2254 1432 2351 1475 data,

1255 1479 1293 1513 in
1317 1482 1482 1524 quartam
1507 1489 1580 1513 non
1605 1480 1879 1523 computantur,
1914 1481 2034 1512 tamen
2070 1477 2127 1520 id,
2160 1478 2255 1522 quod
2279 1489 2351 1513 non

1256 1524 1372 1569 figura
1387 1523 1609 1559 condicionis
1626 1524 1792 1568 accipere
1806 1523 1927 1559 iussus
1946 1526 2000 1558 est
2014 1523 2061 1558 ab
2087 1533 2141 1565 eo,
2167 1523 2224 1558 cui
2248 1523 2350 1559 here-

1257 1569 1404 1605 ditatem
1427 1570 1616 1605 restituere
1639 1572 1786 1614 rogatus
1803 1573 1867 1612 est,
1893 1568 1995 1604 Celso
2012 1572 2047 1603 et
2069 1568 2207 1604 Iuliano
2226 1573 2349 1605 nostro

1256 1615 1393 1660 placuit
1405 1615 1617 1660 computari,
1643 1614 1940 1660 quemadmodum
1965 1615 1995 1649 si
2020 1624 2062 1649 ea
2085 1624 2224 1649 summa
2246 1614 2350 1650 heres

1256 1660 1409 1696 vendere
1441 1670 1501 1696 eas
1535 1670 1593 1696 res
1623 1660 1743 1696 iussus
1769 1664 1883 1703 esset,
1940 1660 2001 1694 uia
2032 1670 2105 1695 non
2130 1660 2350 1696 condicionis

1254 1706 1456 1752 implendae
1481 1716 1602 1749 causa,
1628 1705 1691 1741 sed
1703 1705 1914 1752 quodammo
1942 1716 1962 1740 0
1988 1716 2053 1750 pro
2074 1705 2193 1758 pretio
2217 1705 2350 1741 inferre

1255 1756 1341 1787 sunt
1373 1751 1462 1787 111881
1476 1753 1501 1787 ⁸.
1557 1762 1627 1797 quo
1659 1752 1740 1787 1000
1774 1752 1927 1797 amplius
1960 1754 2161 1796 quaesitum
2194 1755 2266 1794 est,
2301 1762 2349 1787 an

1255 1797 1605 1833 fideicommissarius
1630 1807 1772 1843 quoque
1803 1797 1934 1832 invitus
1968 1799 2118 1842 cogatur
2151 1796 2238 1832 dare
2271 1807 2349 1832 eam

1255 1854 1431 1878 summam
1455 1846 1491 1878 et
1513 1843 1673 1888 recipere
1697 1842 1944 1885 hereditatem,
1969 1842 2072 1895 quasi
2087 1846 2122 1877 et
2140 1842 2254 1887 ipsius
2267 1843 2349 1878 fidei

1256 1889 1483 1924 commissum
1519 1892 1631 1924 esset:
1668 1888 1732 1923 sed
1762 1888 1799 1923 id
1831 1888 2021 1923 verisimile
2053 1898 2126 1923 non
2157 1892 2230 1931 est,
2268 1899 2349 1923 cum

1255 1934 1337 1970 talis
1362 1934 1476 1970 oratio
1501 1933 1613 1979 magis
1636 1934 1749 1979 ipsius
1782 1944 1911 1977 causa,
1949 1943 2057 1978 quam
2082 1936 2208 1968 contra
2231 1933 2348 1979 ipsum

1256 1983 1275 2014 8
1322 1979 1441 2024 posita
1463 1979 1637 2014 videatur.
1672 1979 1761 2015 Cum
1785 1979 1843 2014 lex
1866 1978 2029 2014 Falcidia
2051 1978 2253 2023 intervenit,
2277 1990 2349 2015 non

1254 2026 1401 2060 veniunt
1423 2025 1461 2060 in
1476 2025 1794 2069 contributionem,
1820 2035 1912 2070 quae
1934 2024 2003 2070 ipsi
2026 2024 2150 2060 heredi
2174 2035 2196 2059 a
2219 2029 2348 2060 semet—

1254 2070 1265 2105 i
1293 2081 1332 2106 so
1368 2071 1423 2106 vel
1454 2081 1556 2106 servo
1596 2071 1671 2106 eius
1712 2071 1831 2115 legata
1870 2070 1997 2106 fideive
2029 2070 2219 2105 commissa
2253 2074 2346 2106 sunt.

1255 2082 1327 2151 aliia
1342 2126 1454 2152 causa
1465 2119 1520 2152 est
1544 2126 1679 2159 eorum,
1705 2127 1797 2161 quae
1820 2116 1857 2151 in
1870 2115 1927 2150 die
1940 2118 2039 2151 certa
2053 2116 2067 2136 ⁹
2091 2115 2240 2151 dantur:
2265 2126 2347 2151 nam

1254 2161 1285 2197 si
1315 2161 1492 2197 libertatis
1524 2161 1599 2197 dies
1625 2162 1744 2207 coepit
1776 2161 1921 2204 cedere,
1946 2161 1979 2196 ei
2003 2160 2228 2196 debebuntur
2251 2166 2288 2198 et
2311 2163 2348 2197 in

1255 2207 1555 2243 contributionem
1579 2207 1734 2242 veniunt.
1768 2218 1811 2242 ac
1836 2217 1881 2243 ne
1905 2217 1948 2242 ea
1972 2207 2124 2252 quidem,
2151 2217 2244 2259 quae
2268 2207 2347 2253 quis

1254 2253 1364 2288 servis
1400 2252 1474 2288 suis
1508 2253 1682 2288 inutiliter
1724 2253 1800 2288 sine
1849 2253 2016 2287 libertate
2058 2253 2188 2297 legant
2221 2253 2347 2288 fideive

1255 2298 1448 2341 commisit,
1493 2299 1531 2333 in
1588 2298 1891 2343 computationem
1945 2298 2021 2333 eius
2070 2298 2157 2342 legis
2200 2298 2344 2333 cedunt.

1254 2347 1274 2379 9
1322 2343 1414 2386 Res,
1447 2354 1536 2389 quas
1572 2354 1688 2389 neque
1734 2353 1799 2389 per
1841 2342 2152 2379 fideicommissum
2193 2344 2346 2389 relinqui

1252 2399 1358 2434 posse
1384 2394 1521 2424 certum
1545 2393 1617 2433 est,
1653 2389 1691 2424 in
1715 2389 1802 2434 legis
1827 2388 2011 2424 Falcidiae
2044 2389 2345 2434 computationem

1252 2445 1325 2470 non
1347 2435 1504 2470 veniunt.

1299 2478 1347 2518 31
1379 2480 1608 2516 ΡοΜΡοΝῙσε
1629 2479 1720 2516 libro
1741 2479 1900 2515 secundo
1918 2479 2275 2524 fideicommissorum
2308 2481 2344 2516 Is

1253 2526 1308 2560 cui
1333 2525 1647 2562 fideicommissum
1679 2526 1829 2562 solvitur
1860 2525 1954 2559 sicut
1977 2524 2007 2559 is
2033 2525 2089 2559 cui
2113 2524 2267 2569 legatum
2291 2530 2346 2561 est

1254 2572 1434 2607 satisdare
1471 2573 1601 2614 debet,
1640 2571 1737 2617 quod
1767 2570 1918 2615 amplius
1956 2570 2106 2614 ceperit,
2143 2581 2251 2616 quam
2279 2582 2345 2616 per

1252 2617 1365 2661 legem
1389 2617 1588 2652 Falcidiam
1612 2617 1645 2652 ei
1668 2616 1819 2658 licuerit,
1845 2615 1962 2650 reddi:
1995 2615 2106 2650 veluti
2130 2627 2212 2651 cum
2262 2628 2345 2663 rop-

1252 2666 1308 2697 ter
1333 2662 1578 2698 condicionem
1609 2662 1760 2697 aliorum
1784 2661 2137 2696 fideicommissorum
2160 2662 2216 2697 vel
2261 2673 2342 2708 ega-

1252 2711 1371 2743 torum
1394 2708 1481 2752 legis
1505 2707 1691 2743 Falcidiae
1716 2717 1826 2742 causa
1848 2706 2030 2751 pendebit.
2068 2706 2132 2742 sed
2155 2711 2191 2742 et
2213 2718 2341 2744 secun-

1252 2753 1338 2787 dum
1373 2753 1488 2788 Cassii
1529 2757 1566 2788 et
1610 2757 1769 2788 veterum
1813 2752 2039 2797 opinionem,
2082 2752 2113 2787 si
2149 2763 2172 2787 a
2206 2764 2256 2798 pu
2282 2754 2342 2789 illo

1250 2797 1525 2834 fideicommissa
1549 2799 1756 2843 capiuntur,
1788 2801 1936 2842 propter
1961 2807 2021 2840 ea,
2047 2808 2140 2843 (11100
2165 2809 2187 2833 a
2210 2809 2252 2834 su
2280 2800 2341 2834 sti-

1251 2847 1328 2878 tuto
1361 2847 1466 2879 erunt
1495 2844 1640 2886 relicta,
1677 2853 1804 2879 cavere
1834 2842 1978 2878 debebit
2017 2843 2049 2878 is
2082 2844 2140 2878 cui
2170 2844 2340 2879 solvatur.

1251 2899 1333 2923 nam
1358 2889 1517 2934 quamvis
1540 2889 1703 2934 repetitio
1728 2888 1776 2924 sit
1799 2898 1934 2930 eorum,
1961 2898 2057 2934 quae
2080 2887 2341 2925 fideicommissi

1250 2934 1392 2969 1101111110
1416 2945 1489 2970 11011
1501 2934 1622 2970 debita
1646 2934 1840 2976 solventur,
1864 2938 1985 2969 tamen
2008 2933 2182 2970 satisdato
2196 2939 2340 2970 cautum

1250 2979 1356 3014 debet
1378 2989 1456 3014 esse
1480 2980 1524 3022 ei,
1548 2989 1571 3014 a
1595 2990 1663 3024 quo
1688 2980 1842 3024 pecunia
1861 2979 2161 3024 proficisceretur,
2185 2990 2231 3015 ne
2241 2980 2340 3024 damf

1250 3036 1335 3059 num
1359 3025 1490 3060 sentiat
1513 3024 1701 3060 deficiente
1725 3035 1779 3067 eo,
1806 3025 1865 3059 cui
1887 3025 2045 3060 solutum
2068 3025 2147 3060 erit.

1297 3067 1350 3106 32
1375 3069 1614 3105 MAECJANUS
1634 3070 1725 3105 libro
1749 3081 1846 3105 nono
1867 3070 2224 3115 fideicommissorum
2248 3071 2337 3105 Poc-

1251 3116 1349 3150 nales
1375 3115 1534 3150 actiones
1559 3115 1632 3150 sive
1656 3115 1834 3159 legitimae
1859 3115 1932 3152 sive
1955 3116 2168 3151 honorariae
2181 3117 2337 3160 exceptis

1250 3160 1484 3205 popularibus
1507 3161 1545 3195 in
1568 3160 1671 3196 bonis
1696 3161 1829 3196 actoris
1853 3172 1925 3196 non
1948 3161 2028 3197 ideo
2052 3161 2167 3196 minus
2193 3171 2337 3206 compu-

1250 3206 1382 3241 tandae
1406 3209 1502 3248 sunt,
1528 3206 1611 3251 quia
1634 3210 1749 3241 morte
1771 3217 1914 3242 reorum
1938 3206 2151 3242 intercidere
2173 3210 2335 3252 possunt.

1251 3262 1270 3286 e
1304 3251 1482 3286 contrario
1515 3255 1635 3286 autem
1667 3252 1810 3287 eaedem
1841 3252 2001 3287 actiones
2033 3251 2120 3286 nihil
2151 3251 2253 3286 bonis
2285 3252 2335 3288 rei

1252 3296 1420 3331 defuncto
1445 3306 1486 3332 eo
1513 3296 1716 3333 detrahunt.
1742 3297 1805 3333 sed
1828 3307 1874 3332 ne
1896 3297 1934 3332 in
1958 3297 2090 3332 actoris
2107 3296 2248 3341 quidem
2273 3299 2333 3331 bo-

1251 3343 1305 3377 nis
1331 3341 1499 3376 defuncto
1523 3352 1566 3377 eo
1590 3342 1800 3378 iniuriarum
1831 3343 1925 3378 actio
1983 3342 2088 3376 oterit
2123 3342 2333 3386 computari,

1251 3387 1334 3432 quia
1359 3390 1394 3422 et
1416 3387 1495 3431 ipsa
1518 3387 1625 3422 simul
1648 3398 1729 3422 cum
1754 3398 1795 3423 eo
1819 3388 1945 3422 interci
1971 3387 2009 3430 it,
2033 3391 2073 3421 ut
2089 3397 2172 3421 usus
2196 3387 2335 3421 fructus

1252 3437 1287 3467 et
1310 3432 1348 3466 id
1379 3432 1476 3477 quod
1506 3432 1543 3467 in
1576 3432 1651 3469 dies
1679 3443 1820 3469 menses
1856 3442 2011 3467 annosve
2041 3431 2197 3475 singulos
2229 3431 2334 3466 alicui

1252 3477 1370 3523 quoad
1402 3477 1497 3512 vivat
1529 3477 1713 3514 debeatur.
1762 3478 1890 3513 etenim
1921 3488 1963 3511 ea
1995 3476 2133 3511 demum
2167 3476 2334 3520 obligatio

1248 3591 1335 3622 erint
1351 3596 1392 3629 §4
1406 3599 1483 3624 extr·
1498 3601 1670 3635 praeterea
1686 3596 1834 3628 videntur
1852 3596 1991 3627 insiticia
2006 3606 2072 3626 esse
2090 3601 2119 3626 et
2135 3606 2173 3626 ex
2186 3595 2331 3636 maryine

1248 3638 1279 3669 in
1295 3643 1408 3669 textum
1422 3637 1517 3670 illata
1631 3642 1675 3680 (5)
1691 3639 1775 3680 fieri]
1791 3639 1935 3671 efficitur
1951 3652 2012 3671 scr.
2129 3639 2171 3679 (ὅ)
2189 3639 2217 3670 81
2231 3651 2287 3671 om.
2304 3640 2336 3670 F

1247 3683 1292 3723 (7)
1315 3692 1368 3714 res
1379 3684 1490 3716 tamen
1500 3708 1507 3715 .
1518 3708 1526 3723 ‚
1538 3708 1546 3716 .
1559 3683 1695 3716 relictae
1708 3685 1815 3715 essent
1827 3684 1897 3715 item
1911 3684 2037 3715 videtur
2051 3684 2262 3724 interpolator
2274 3684 2331 3715 ad-

1246 3728 1368 3760 didisse
1376 3736 1454 3771 post
1465 3728 1554 3761 nihil
1566 3729 1742 3761 deberetur
1755 3732 1771 3767 §
1786 3736 1803 3761 5
1867 3729 1910 3767 (8)
1937 3728 2031 3768 quia.
2045 3752 2050 3757 .
2064 3753 2068 3756 .
2084 3731 2161 3758 sunt
2176 3728 2253 3758 iussi
2270 3729 2328 3763 del.

1245 3774 1289 3814 (9)
1314 3783 1398 3815 quae
1412 3773 1447 3807 in
1460 3774 1515 3808 die
1528 3774 1628 3817 certa]
1642 3784 1725 3815 quae
1738 3783 1811 3805 cum
1824 3771 1976 3804 liberate
1988 3785 2050 3805 scr.
