2528 3918
179 127 368 171 XXVIII
399 130 424 169 5

179 249 252 285 hoc
276 258 439 284 sermone
462 248 504 283 ‘si
527 247 631 283 heres
656 257 728 283 non
753 247 830 283 erit'
862 248 950 284 nihil
978 247 1074 283 aliud
1098 247 1270 293 intellegi-

179 298 240 330 tur
271 293 490 345 significare,
525 302 631 338 quam
662 292 693 328 si
724 292 957 329 hereditatem
988 293 1043 328 vel
1076 293 1144 328 sibi
1174 294 1270 328 nou¹

179 338 390 384 adquisierit
408 337 464 373 vel
482 341 621 373 mutata
645 337 855 374 condicione
879 339 987 374 alium
1011 337 1175 373 heredem
1198 347 1272 373 non

177 383 321 419 fecerit:
360 392 451 428 quae
486 382 639 418 adiectio
676 382 722 418 ad
757 393 819 419 eos
852 383 1023 429 pertinet,
1058 382 1119 428 qui
1149 386 1271 428 patres

178 427 333 463 familias
356 427 504 463 heredes
529 427 653 474 scripti
676 433 804 473 postea
835 429 871 463 in
895 428 1104 463 servitutem
1127 426 1272 462 deducti

177 472 322 508 fuerint.
379 473 488 518 igitur
518 473 555 508 in
585 473 656 509 hoc
689 483 775 508 casu
808 473 972 509 semisses
1004 472 1092 507 fient
1121 472 1191 515 ita,
1230 475 1272 508 ut

179 518 269 553 alter
292 517 398 553 semis
422 518 514 552 inter
538 528 630 561 eum,
656 518 717 564 qui
741 518 904 553 dominus
928 517 1107 552 instituti²
1129 516 1270 553 heredis

176 562 297 605 fuerit,
323 566 359 598 et
379 562 613 598 substitutum
637 563 760 608 aequis
784 562 1007 608 portionibus
1031 561 1229 597 dividatur:

224 605 279 644 42
312 605 393 651 (41)
428 606 680 644 ³Pom=omvs
708 608 799 643 libro
831 607 1042 643 duodecimo
1077 618 1128 643 ex
1159 607 1271 643 variis

179 652 390 688 lectionibus
435 655 472 688 et
494 653 563 689 hoc
583 653 747 689 Tiberius
765 652 897 688 Caesar
921 652 1107 688 constituit
1128 652 1166 687 in
1188 661 1269 697 per-

177 707 268 733 sona
290 697 487 740 Parthenii,
542 698 580 733 ui
602 702 784 743 tamquam
808 697 1006 743 ingenuus⁴
1028 697 1133 733 heres
1157 696 1269 742 scrip-

177 746 236 778 tus
260 742 421 778 adierat⁶
444 743 529 779 here
555 743 688 786 tatem,
714 753 795 778 cum
820 746 913 778 esset
937 741 1102 778 Caesaris
1126 752 1269 778 servus:

177 798 261 823 nam
285 786 399 823 divisa
421 787 600 824 hereditas
626 792 680 823 est
703 789 795 823 inter
819 788 1002 823 Tiberium
1034 790 1070 822 et
1101 798 1181 823 eum
1211 787 1271 832 qui

177 833 371 868 Parthenio
404 833 621 869 substitutus
655 838 749 875 erat,
790 837 830 868 ut
861 832 969 868 refert
1001 831 1131 868 Sextus
1162 832 1269 868 Pom-

177 878 307 923 ponius
317 878 342 912 ⁶.

224 920 277 960 43
312 920 393 967 (42)
426 922 454 958 Ι
454 932 620 959 omanus
648 923 739 959 libro
775 922 1004 968 seaeaqesae'mo
1045 927 1177 968 quarto
1217 922 1270 958 di-

204 971 361 1003 estorum
440 968 477 1003 ui
508 968 676 1004 solvendo
711 978 784 1002 non
816 972 911 1009 erat,
945 966 1035 1004 duos
1060 967 1269 1013 Apollonios

193 1013 309 1048 ‘beros
333 1013 418 1048 here
443 1023 551 1058 esque
571 1023 648 1048 esse
667 1014 822 1048 iusserat
831 1013 856 1047 ⁷.
894 1011 1007 1048 altero
1024 1016 1108 1048 ante
1125 1016 1269 1058 apertas

177 1058 319 1093 tabulas
355 1058 559 1094 testamenti
593 1063 734 1094 mortuo
769 1068 842 1093 non
876 1057 1096 1103 ineleganter
1127 1057 1271 1094 defendi

176 1103 311 1149 poterit
342 1113 422 1139 eum
446 1103 506 1148 qui
529 1103 706 1149 supererit
728 1103 879 1138 liberum
903 1106 939 1137 et
962 1102 1079 1138 solum
1102 1113 1268 1139 necessa-

178 1148 270 1184 rium
300 1147 467 1183 heredem
491 1147 579 1184 fore.
628 1147 722 1194 quod
754 1148 785 1183 si
815 1151 965 1192 uterque
995 1148 1096 1189 vivit,
1127 1148 1269 1184 institu-

179 1193 310 1229 tionem
341 1193 472 1229 nullius
507 1203 585 1229 esse
615 1193 783 1229 momenti
814 1197 963 1238 propter
992 1192 1106 1238 legem
1131 1193 1270 1229 Aeliam

178 1238 354 1280 Sentiam,
383 1248 474 1283 quae
498 1238 649 1283 amphus
675 1248 782 1283 quam
806 1248 918 1273 unum
941 1238 1182 1273 necessarium
1206 1239 1269 1275 he-

178 1283 297 1319 redem
320 1283 398 1318 fieri
420 1287 535 1318 vetat:

223 1327 278 1366 44
312 1326 391 1367 (43)
428 1327 535 1364 Pata
543 1337 588 1364 vs
619 1327 711 1364 libro
740 1327 863 1374 primo
899 1327 950 1363 ad
983 1327 1096 1375 leqem
1129 1328 1268 1364 Aeliam

177 1372 338 1409 Sentium
384 1373 534 1408 invicem
558 1373 651 1408 enim
675 1382 736 1408 eos
761 1372 830 1408 sibi
855 1372 1009 1408 obstare.

222 1417 275 1455 45
303 1416 382 1458 (44)
409 1419 593 1454 ALFENUS
620 1416 711 1454 libro
737 1418 863 1464 quinto
895 1417 1115 1465 diqestorum
1160 1418 1271 1454 Pater

176 1463 328 1498 familias
368 1466 582 1499 testamento
624 1463 714 1499 duos
753 1462 902 1499 heredes
941 1463 1163 1499 instituerat:
1207 1474 1269 1500 eos

176 1512 445 1544 monumentum
467 1507 589 1544 facere
611 1508 765 1544 iusserat
787 1508 825 1543 in
845 1508 970 1544 diebus
991 1509 1116 1544 certis:
1142 1508 1270 1545 deinde

174 1553 226 1588 ita
258 1553 327 1588 scri
355 1556 469 1589 serat:
506 1553 580 1614 ‘qui
615 1564 737 1589 eorum
771 1564 846 1589 non
879 1554 931 1588 ita
963 1553 1108 1596 fecerit,
1145 1564 1269 1590 omnes

176 1598 318 1634 ‘exhere
346 1608 383 1634 es
415 1602 522 1634 sunto
545 1611 554 1634 :
588 1599 679 1634 alter
708 1599 813 1634 heres
844 1598 1077 1634 hereditatem
1109 1603 1268 1644 praeter-

175 1643 331 1686 miserat,
355 1643 512 1689 reliquus
536 1644 640 1680 heres
665 1643 896 1686 consulebat,
930 1654 1012 1679 cum
1041 1644 1119 1689 ipse
1142 1655 1268 1680 monu-

175 1692 333 1723 mentum
359 1689 603 1732 exstruxisset,
636 1688 809 1734 numquid
832 1690 949 1724 minus
973 1689 1077 1725 heres
1103 1693 1198 1725 esset
1221 1690 1267 1726 ob

176 1744 254 1769 eam
278 1743 365 1776 rem,
391 1733 488 1779 quod
512 1734 659 1770 coheres
685 1734 760 1769 eius
782 1734 1017 1770 hereditatem
1032 1745 1105 1770 non
1123 1734 1267 1771 adisset.

175 1778 360 1824 respondit
378 1778 555 1815 neminem
580 1790 623 1815 ex
648 1779 795 1814 alterius
819 1779 917 1815 facto
941 1779 1131 1815 hereditati
1154 1790 1270 1826 neque

175 1823 313 1869 alligari
336 1834 453 1869 neque
477 1824 686 1860 exheredari
709 1834 828 1870 posse,
854 1824 918 1860 sed
936 1824 991 1859 uti
1010 1825 1161 1871 quisque
1182 1835 1268 1861 con·

175 1869 350 1904 dicionem
372 1868 421 1904 im
447 1869 567 1912 lesset‚
599 1869 759 1915 quamvis
783 1879 886 1906 nemo
913 1869 1047 1905 adisset
1070 1873 1267 1915 praeterea,

174 1918 296 1949 tamen
321 1924 401 1949 eum
451 1914 590 1950 eredem
614 1925 702 1951 esse.

221 1956 275 1996 46
302 1958 383 2002 (45)
408 1958 517 1995 lom
544 1960 635 1996 libro
666 1959 823 1996 secundo
856 1959 1077 2006 diqestorum
1103 1971 1126 1995 a
1149 1959 1267 1996 Paulo

174 2005 451 2050 epitomatorum
498 2004 549 2040 ‘Si
571 2005 713 2040 Maevia
744 2008 858 2040 mater
881 2014 961 2040 mea
985 2008 1022 2040 et
1045 2004 1172 2040 Fulvia
1194 2005 1269 2040 filia

175 2052 268 2084 ‘mea
297 2049 433 2091 vivent,
473 2053 550 2084 tum
589 2050 674 2085 mihi
704 2050 839 2085 Lucius
873 2050 990 2085 Titius
1028 2050 1133 2086 heres
1166 2051 1267 2086 esto’.

175 2093 319 2129 Servius
354 2094 557 2140 respondit,
589 2095 621 2130 si
651 2098 804 2130 testator
834 2094 945 2130 filiam
977 2105 1172 2147 numquam
1202 2095 1268 2131 ha-

174 2139 302 2182 buerit,
328 2144 442 2174 mater
458 2144 576 2175 autem
593 2140 858 2185 supervixisset,
876 2143 997 2175 tamen
1013 2140 1148 2175 Titium
1165 2141 1267 2176 here-

175 2183 256 2220 dem
286 2183 383 2227 fore,
415 2185 499 2230 quia
530 2185 584 2227 id,
619 2185 715 2230 quod
746 2184 965 2230 impossibile
991 2185 1030 2220 in
1053 2189 1267 2222 testamento

175 2229 246 2265 scri
273 2233 350 2265 tum
374 2233 479 2272 esset,
505 2230 640 2265 nullam
662 2230 733 2265 vim
755 2230 915 2265 haberet.

220 2273 246 2311 4
309 2271 390 2318 (46)
422 2276 650 2310 Ammianus
689 2275 780 2311 libro
818 2274 975 2311 secundo
1019 2276 1267 2328 quaestionum

175 2319 327 2363 Quidam
351 2330 432 2355 cum
455 2319 568 2355 filium
587 2319 742 2355 familias
761 2319 927 2355 heredem
946 2320 1134 2356 instituere
1152 2321 1266 2363 vellet,

174 2375 220 2400 ne
252 2364 298 2400 ad
327 2368 468 2411 patrem
501 2365 576 2400 eius
609 2376 654 2401 ex
685 2375 728 2401 ea
752 2364 948 2410 hereditate
972 2365 1054 2418 quic
1079 2375 1164 2401 uam
1186 2376 1267 2411 per-

174 2410 329 2453 veniret,
362 2409 582 2446 voluntatem
613 2420 715 2446 suam
747 2410 914 2463 exposuit
943 2409 1035 2446 fihoz
1082 2410 1162 2446 ''us
1187 2421 1268 2446 cum

174 2455 286 2500 patris
311 2455 483 2491 offensam
505 2458 708 2499 vereretur,
740 2459 831 2501 petit
853 2465 876 2490 a
899 2458 1091 2499 testatore,
1123 2465 1169 2492 ne
1199 2456 1266 2492 sub

175 2500 386 2536 condicione
417 2501 461 2536 ‘si
491 2510 513 2536 a
545 2504 650 2546 patre
681 2501 929 2546 emancipatus
961 2501 1065 2536 esset‘
1101 2500 1268 2537 heredem

175 2556 255 2580 eum
271 2546 484 2588 institueret,
510 2549 544 2581 et
560 2546 764 2592 impetravit
784 2546 830 2581 ab
851 2556 904 2589 eo,
929 2549 970 2582 ut
990 2546 1144 2582 amicum
1163 2556 1267 2582 suum

175 2590 339 2626 heredem
362 2590 582 2626 institueret:
606 2594 715 2637 atque
738 2592 790 2627 ita
811 2594 1026 2627 testamento
1048 2591 1185 2627 amicus
1204 2591 1267 2627 filii

175 2636 316 2680 ignotus
348 2636 511 2671 testatori
543 2636 645 2672 heres
676 2636 859 2672 institutus
893 2640 948 2672 est
978 2646 1045 2672 nec
1077 2636 1267 2682 quicquam

175 2681 220 2715 ab
246 2691 287 2716 eo
312 2681 463 2725 petitum
487 2685 551 2716 est.
601 2681 861 2726 quaerebatur,
893 2681 925 2717 si
953 2681 1012 2718 ille
1044 2682 1180 2717 amicus
1204 2686 1268 2717 aut

175 2724 274 2760 adire
298 2725 407 2761 nollet
430 2729 494 2760 aut
517 2726 651 2761 aditam
674 2727 786 2762 nollet
808 2727 997 2763 restituere
1019 2726 1265 2770 hereditatem,

174 2780 223 2805 an
247 2769 556 2806 fideicommissum
581 2771 626 2807 ab
652 2782 694 2807 eo
718 2771 792 2818 peti
815 2771 930 2817 possit
951 2774 1013 2807 aut
1032 2771 1153 2817 aliqua
1171 2772 1265 2808 actio

175 2815 346 2851 adversus
378 2825 459 2851 eum
491 2820 585 2851 esset
615 2821 652 2852 et
683 2821 803 2852 utrum
833 2816 928 2869 patri
951 2827 998 2853 an
1022 2816 1094 2852 filio
1119 2827 1265 2863 compe-

180 2861 276 2898 teret.
332 2860 535 2905 respondit,
577 2861 715 2898 etiamsi
748 2861 977 2898 manifestum
1012 2861 1059 2898 sit
1093 2862 1266 2908 scriptum

173 2904 342 2940 heredem
365 2904 472 2940 fidem
495 2916 597 2941 suam
620 2907 895 2953 interposuisse,
923 2918 995 2943 non
1019 2910 1140 2943 tamen
1163 2908 1267 2943 aliter

174 2950 221 2985 ab
254 2959 295 2986 eo
327 2949 635 2986 fideicommissum
668 2952 742 2997 peti
773 2962 879 2998 posse
906 2962 1013 2998 quam
1037 2952 1067 2988 si
1091 2956 1127 2988 et
1148 2953 1266 2998 ipsum

174 2998 383 3031 testatorem
416 2994 522 3030 fidem
554 2996 629 3032 eius
662 3001 826 3033 secutum
857 3007 935 3033 esse
961 2997 1188 3043 probaretur.
1235 2998 1266 3034 si

174 3044 306 3083 tamen,
332 3050 414 3076 cum
437 3049 460 3074 a
482 3040 555 3076 filio
580 3041 733 3078 familias
754 3046 952 3088 rogaretur,
977 3042 1113 3079 amicus
1134 3046 1170 3079 et
1188 3042 1264 3079 adi·

174 3089 295 3121 turum
318 3095 358 3121 se
380 3083 614 3121 hereditatem
637 3088 830 3132 recepisset
854 3092 889 3123 et
908 3087 1155 3124 restituturum
1171 3087 1265 3141 patri

173 3130 328 3166 familias
358 3129 479 3174 facto.
510 3141 582 3166 non
614 3132 768 3168 absurde
791 3132 863 3168 dici
885 3133 999 3179 possit
1022 3133 1179 3168 mandati
1204 3144 1263 3169 ac·

174 3175 308 3211 tionem
330 3174 509 3211 futuram:
534 3180 571 3211 et
590 3186 667 3211 eam
689 3178 864 3213 actionem
884 3178 980 3223 patri
998 3178 1159 3214 inutilem
1174 3177 1264 3222 fore,

174 3220 260 3266 quia
282 3230 356 3256 non
379 3221 427 3256 sit
450 3229 494 3255 ex
518 3220 613 3256 bona
637 3220 706 3256 fide
730 3222 765 3257 id
789 3223 822 3258 ei
845 3222 1003 3266 restitui,
1038 3223 1134 3268 quod
1157 3226 1265 3260 testa-

172 3269 232 3301 tor
254 3265 301 3301 ad
324 3275 405 3302 eum
428 3265 611 3311 pervenire
635 3266 805 3302 noluerit:
831 3268 895 3304 sed
915 3278 980 3304 nec
997 3267 1069 3303 filio
1086 3268 1265 3314 vulgarem

174 3310 459 3356 competituram,
484 3320 606 3346 verum
630 3311 769 3354 utilem,
798 3313 905 3348 sicuti
929 3313 1015 3349 dare
1062 3314 1197 3349 laceret
1221 3314 1264 3357 ei,

174 3356 247 3401 qui,
273 3366 355 3391 cum
379 3355 472 3391 filius
496 3354 651 3391 familias
676 3360 781 3399 esset,
807 3368 869 3402 pro
895 3358 1013 3403 aliquo
1057 3358 1265 3395 deiussisset

173 3411 217 3436 ac
267 3405 343 3436 ater
365 3399 519 3436 familias
544 3400 663 3436 factus
687 3401 857 3437 solvisset.

221 3410 273 3484 4}
308 3444 388 3487 (47)
420 3445 527 3481 Imm
555 3445 647 3482 libro
679 3451 809 3498 quarto
842 3449 1091 3492 quaestionum
1146 3447 1184 3484 Si
1214 3448 1265 3483 ita

173 3491 347 3536 scriptum
379 3490 505 3526 fuerit:
546 3490 693 3533 ‘Titius‚
734 3502 839 3527 immo
880 3492 981 3527 Seius
1021 3494 1124 3529 heres
1163 3493 1263 3535 esto',

175 3534 294 3571 Seium
318 3536 434 3571 solum
458 3535 622 3572 heredem
647 3535 724 3571 fore
748 3537 941 3581 respondit.
990 3538 1052 3573 sed
1081 3542 1116 3573 et
1139 3538 1170 3573 si
1193 3538 1262 3574 ita:

174 3650 214 3688 ιι)
238 3649 286 3681 sic
297 3660 359 3682 sec.
375 3649 468 3689 Insa,
482 3659 550 3681 non
563 3662 623 3682 om.
639 3649 671 3682 F
730 3652 772 3691 (2)
798 3649 951 3682 instituit
965 3651 997 3682 F
1055 3654 1098 3693 (3)
1123 3668 1167 3681 =
1179 3652 1259 3686 [nu.

174 3693 205 3733 2,
221 3701 261 3730 ¹5,
275 3700 290 3726 ⁴
384 3695 426 3734 (4)
452 3694 578 3736 inguus
591 3694 625 3727 F
711 3696 752 3735 (5)
778 3694 902 3727 adierit
918 3694 954 3727 F
1040 3700 1084 3735 (6)
1110 3699 1209 3731 verba
1225 3698 1264 3729 ut

174 3737 277 3770 refert
296 3737 417 3771 Sextus
440 3739 644 3782 Pomponius
670 3752 732 3774 non
756 3751 824 3774 esne
847 3741 1033 3783 Pomponii.
1059 3742 1119 3774 sed
1137 3741 1264 3775 Iuliani

1259 122 1347 170 384

1516 12 1586 78 52*

1575 79 1585 134 ἶ

2086 138 2146 170 DE
2174 138 2428 173 mamitus

1341 247 1469 282 ‘Titius
1493 247 1596 284 heres
1621 251 1715 284 esto:
1740 248 1846 284 immo
1867 247 1970 284 Seius
1993 248 2096 284 heres
2119 249 2221 292 esto‘,
2243 249 2339 286 idem
2361 250 2429 287 erit

1344 295 1360 327 1
1409 292 1608 327 dicendum.
1655 291 1807 337 Quidam
1838 296 2053 329 testamento
2080 294 2132 329 ita
2154 293 2302 330 heredes
2325 295 2428 331 insti-

1339 337 1426 372 tuit:
1453 336 1561 372 ‘Titia
1583 337 1659 372 fllia
1682 348 1761 374 mea
1783 339 1885 374 heres
1918 343 2013 374 esto:
2045 338 2076 374 si
2107 338 2194 384 quid
2222 339 2309 374 mihi
2338 340 2426 377 libe·

1341 385 1473 417 ‘rorum
1504 392 1560 417 me
1585 382 1662 418 vivo
1685 386 1869 419 mortuove
1892 387 2079 426 nascetur,
2111 388 2198 419 tunc
2252 384 2289 419 ui
2318 385 2428 421 virilis

1341 429 1459 462 ‘sexus
1483 437 1577 462 unus
1601 427 1764 480 pluresve
1787 432 2000 471 nascentur,
2031 438 2075 464 ex
2097 432 2200 474 parte
2251 429 2368 465 'midia
2391 434 2428 466 et

1341 474 1493 517 ‘quarta,
1518 472 1579 518 qui
1601 472 1761 508 feminini
1783 483 1891 509 sexus
1915 483 1989 509 una
2010 474 2175 519 pluresve
2188 478 2296 509 natae
2312 479 2426 518 erunt,

1341 520 1398 551 ‘ex
1419 520 1524 562 parte
1572 521 1677 552 uarta
1699 518 1785 553 mihi
1807 518 1909 554 heres
1934 519 2010 554 sit’:
2043 522 2232 564 postumus
2265 519 2297 554 ei
2320 524 2427 556 natus

1341 565 1413 597 est:
1450 571 1537 597 cons
1579 562 1724 605 ebatur,
1756 568 1867 608 quota
1898 573 1942 599 ex
1972 570 2075 608 parte
2106 567 2292 608 postumus
2323 564 2427 600 heres

1341 609 1443 642 esset.
1491 617 1549 642 res
1576 607 1677 642 ondit
1708 618 1786 643 eam
1815 608 2048 644 hereditatem
2078 609 2116 644 in
2148 612 2284 654 septem
2306 612 2428 655 partes

1340 651 1536 687 distribuen
1563 662 1632 695 am,
1657 662 1701 687 ex
1723 652 1779 688 his
1798 652 1909 688 filiam
1928 657 2107 699 quattuor,
2132 658 2337 699 postumum
2354 658 2428 690 tres

1341 696 1541 740 habituros,
1566 696 1651 742 quia
1673 697 1768 734 filiae
1791 701 1888 734 totus
1913 707 1965 741 as,
2019 702 2159 735 ostumo
2184 698 2340 735 dodrans
2365 699 2427 735 da-

1339 745 1398 777 tus
1422 744 1487 784 est,
1512 745 1554 777 ut
1601 745 1706 778 uarta
1728 743 1893 788 portione
1913 753 1994 788 amp
2010 743 2063 779 ’us
2082 743 2157 779 filia
2177 754 2283 789 quam
2302 748 2427 790 postu-

1339 797 1418 823 mus
1437 786 1531 822 ferre
1547 786 1591 823 de
1618 791 1685 822 eat.
1717 787 1798 824 ideo
1819 788 1849 823 si
1870 792 2035 833 postuma
2054 798 2196 834 quoque
2216 792 2304 824 nata
2324 793 2427 829 esset,

1338 831 1549 867 tantundem
1572 832 1650 867 sola
1673 832 1765 876 filia,
1797 837 1970 878 quantum
2001 837 2151 879 uterque
2182 838 2428 879 postumorum

1339 877 1498 912 habituri
1522 881 1652 912 essent.
1700 878 1821 924 itaque
1851 878 1889 912 in
1920 878 2103 923 proposito
2136 889 2218 914 cum
2249 889 2290 914 as
2322 879 2428 922 filiae,

1340 921 1496 958 dodrans
1521 926 1687 967 postumo
1711 922 1759 959 sit
1781 923 1897 965 datus,
1945 923 1953 930 “
1980 922 2046 958 'nti
2067 933 2176 958 unam
2198 927 2319 969 partes
2339 924 2428 967 fieri,

1340 969 1360 1002 2
1406 970 1448 1002 ut
1471 966 1546 1002 filia
1569 967 1767 1011 duodecim,
1795 977 1921 1004 novem
1944 968 2038 1003 iilius
2062 968 2204 1003 habeat.
2251 969 2294 1003 In
2317 972 2427 1004 testa-

1339 1015 1458 1047 mento
1490 1012 1542 1047 ita
1572 1012 1746 1058 scriptum
1777 1016 1849 1048 est:
1884 1013 2029 1048 ‘Lucius
2063 1013 2179 1048 Titius
2211 1022 2257 1048 ex
2287 1013 2429 1050 duabus

1340 1056 1479 1100 ‘unciis,
1505 1056 1616 1093 Gaius
1631 1058 1752 1094 Attius
1777 1068 1821 1094 ex
1870 1062 1948 1094 arte
1972 1068 2054 1100 una,
2079 1057 2240 1094 Maevius
2265 1068 2310 1094 ex
2328 1063 2430 1104 parte

1341 1104 1435 1145 ‘una‚
1462 1101 1563 1138 Seius
1589 1113 1632 1138 ex
1655 1103 1818 1148 partibus
1870 1103 1983 1138 uabus
2007 1103 2155 1138 heredes
2182 1103 2268 1138 mihi
2291 1104 2428 1139 sunto':

1340 1147 1595 1183 consulebatur
1618 1148 1703 1193 quid
1725 1149 1812 1184 iuris
1839 1152 1942 1183 esset.
1990 1148 2174 1194 respondit
2196 1149 2292 1184 hanc
2316 1149 2428 1194 scrip·

1339 1196 1458 1227 turam
1480 1192 1578 1228 illam
1601 1193 1930 1239 interpretationem
1954 1192 2119 1239 accipere
2141 1203 2260 1238 posse,
2291 1197 2332 1229 ut
2354 1194 2428 1229 Lu·

1340 1238 1417 1273 cius
1443 1237 1561 1273 Titius
1589 1237 1679 1274 duas
1703 1239 1828 1274 uncias
1852 1239 2001 1280 habeat,
2036 1239 2145 1274 ceteri
2176 1243 2296 1274 autem
2327 1240 2430 1284 quasi

1339 1283 1416 1318 sine
1450 1283 1614 1328 partibus
1647 1283 1801 1319 instituti
1833 1295 1878 1320 ex
1907 1283 2042 1336 reliquo
2079 1283 2248 1319 dextante
2281 1283 2430 1320 heredes

1338 1327 1428 1363 sint:
1466 1338 1571 1373 quem
1602 1328 1806 1364 dextantem
1837 1329 1888 1363 ita
1922 1328 2030 1364 div1di
2060 1332 2222 1374 oportet,
2253 1333 2296 1364 ut
2327 1328 2430 1365 Seius

1337 1373 1594 1453 guzmuncem,
1626 1375 1747 1410 Attius
1772 1378 1808 1410 et
1830 1373 1992 1409 Maevius
2016 1374 2168 1409 alterum
2192 1373 2429 1419 quincuncem

1364 1428 1386 1454 a
1412 1421 1505 1453 eant.

1384 1460 1438 1501 49
1473 1459 1554 1505 (48)
1591 1464 1848 1500 quaesamus
1879 1464 1969 1500 libro
2002 1467 2134 1510 quarto
2166 1463 2429 1500 institutionum

1337 1507 1403 1544 His
1434 1508 1569 1544 verbis:
1602 1509 1730 1544 ‘Titius
1761 1509 1969 1545 hereditatis
2001 1518 2101 1544 meae
2133 1508 2296 1545 dominus
2328 1510 2427 1552 esto’,

1341 1557 1357 1588 1
1406 1557 1504 1590 recte
1538 1553 1713 1590 institutio
1751 1553 1801 1590 fit.
1858 1554 1923 1590 Illa
1956 1553 2133 1589 institutio
2169 1554 2281 1590 valet:
2322 1553 2429 1590 ‘filius

1338 1602 1450 1635 ‘meus
1480 1598 1707 1651 inpiissimus.
1729 1599 1833 1652 male·
1852 1599 1897 1635 de
1927 1609 1983 1634 me
2013 1599 2159 1651 meritus
2188 1599 2292 1635 heroe
2316 1600 2427 1635 esto‘t

1337 1644 1896 1726 ἒωίηῗέἒζοὲῗῗὲεὲῐῗὲῖὲῗὲῗ
1913 1643 2221 1735 τέἓὲὲὲἕὲἓὲῗ
2246 1647 2430 1725 isstt'ffinuffi

1338 1743 1405 1770 nec
1430 1744 1512 1770 cum
1534 1734 1698 1770 libertate
1721 1734 1856 1770 utiliter
1886 1744 2009 1770 servus
2034 1744 2056 1769 a
2079 1733 2224 1769 domina
2245 1733 2351 1770 heres
2373 1734 2428 1770 in-

1338 1779 1510 1822 stituitur,
1533 1782 1575 1814 ut
1598 1779 1855 1815 constitutione
1878 1779 2040 1816 divorum
2060 1778 2182 1815 Severi
2206 1781 2242 1815 et
2255 1779 2430 1816 Antonini

1338 1824 1569 1869 significatur,
1596 1825 1697 1860 cuius
1722 1825 1830 1860 verba
1852 1825 1943 1860 haec
1967 1828 2070 1860 sunt:
2097 1827 2249 1860 ‘servum
2264 1824 2430 1861 adulterii

1339 1872 1561 1905 ‘accusatum
1592 1880 1665 1905 non
1697 1870 1774 1905 iure
1807 1873 2019 1906 testamento
2056 1868 2311 1905 manumissum
2345 1874 2430 1906 ante

1338 1915 1563 1950 ‘sententiam
1598 1915 1644 1950 ab
1677 1924 1721 1950 ea
1751 1915 1896 1951 muliere
1927 1914 2057 1957 videri,
2098 1924 2191 1960 quae
2224 1924 2287 1950 rea
2320 1914 2431 1951 fuerit

1338 1959 1509 1996 ‘eiusdem
1533 1960 1687 1996 criminis
1710 1961 1904 2006 postulata,
1927 1960 2075 1995 rationis
2105 1959 2183 1995 est'.
2231 1969 2342 2005 qnare
2372 1971 2428 1996 se-

1338 2005 1468 2050 quitur,
1492 2008 1534 2040 ut
1556 2005 1594 2040 in
1618 2005 1769 2041 eundem
1793 2016 1815 2041 a
1839 2005 1982 2041 domina
2002 2005 2133 2040 collata
2147 2004 2325 2041 institutio
2342 2005 2429 2041 nihil

1338 2053 1357 2085 3
1405 2050 1576 2086 momenti
1607 2050 1752 2086 habeat.
1801 2050 1839 2086 Si
1866 2051 1904 2086 in
1936 2054 2040 2096 patre
2061 2050 2119 2086 vel
2141 2050 2258 2095 patria
2280 2050 2335 2086 vel
2358 2051 2430 2086 alia

1337 2094 1441 2147 simili
1465 2095 1714 2141 adsumptione
1737 2095 1867 2148 falsum
1888 2095 2063 2149 scriptum
2086 2099 2159 2148 est,
2192 2094 2276 2131 dum
2309 2095 2354 2132 de
2385 2106 2428 2132 eo

1342 2139 2144 2238 Ψιὲ(ῗῖῗίὃΐΒῗῧὲἓὲἒῗφῗὲἒέᾞῖὀνΐὲἳᾞὲἶ
2162 2140 2428 2238 {afflatam

1338 2230 1376 2266 Si
1400 2230 1555 2266 ahenum
1579 2241 1719 2267 servum
1742 2231 1894 2267 liberum
1919 2234 1955 2266 et
1976 2230 2144 2266 heredem
2169 2240 2246 2267 esse
2272 2231 2361 2267 iussi
2393 2234 2429 2267 et

1336 2276 1367 2311 is
1392 2279 1518 2320 postea
1537 2286 1637 2311 meus
1657 2275 1804 2312 effectus
1821 2280 1886 2318 est,
1910 2280 2077 2312 neutrum
2091 2275 2196 2318 valet,
2221 2275 2305 2321 quia
2320 2276 2427 2312 liber·

1344 2324 1372 2355 ι·
1406 2324 1462 2356 tas
1487 2320 1603 2357 alieno
1628 2330 1729 2357 servo
1754 2321 1927 2357 inutiliter
1951 2320 2036 2356 data
2061 2324 2126 2356 est.
2174 2320 2217 2355 In
2249 2321 2427 2356 extraneis

1337 2365 1528 2402 heredibus
1551 2365 1613 2401 illa
1637 2365 1889 2401 observantur:
1914 2370 1956 2401 ut
1978 2366 2025 2401 sit
2048 2376 2130 2401 cum
2153 2365 2204 2401 eis
2223 2366 2428 2401 testamenti

1336 2409 1459 2453 factio,
1483 2411 1557 2446 sive
1581 2411 1651 2456 ipsi
1664 2412 1692 2432 ¹⁰
1718 2411 1867 2447 heredes
1889 2411 2125 2447 instituantur
2147 2410 2221 2446 sive
2244 2410 2281 2446 hi
2305 2411 2366 2457 qui
2390 2411 2427 2446 in

1336 2459 1516 2501 potestate
1547 2466 1669 2491 eorum
1700 2460 1804 2499 sunt,
1837 2458 1873 2492 et
1902 2455 1940 2492 id
1967 2456 2106 2492 duobus
2130 2456 2349 2501 temporibus
2373 2456 2426 2491 in·

1336 2500 1497 2546 spicitur,
1529 2502 1733 2537 testamenti
1756 2500 1854 2544 facti,
1879 2504 1920 2536 ut
1944 2500 2144 2537 constiterit
2169 2501 2358 2544 institutio,
2391 2505 2428 2536 et

1336 2545 1460 2582 mortis
1484 2546 1686 2588 testatoris,
1718 2550 1758 2581 ut
1790 2545 1956 2582 effectum
1985 2546 2127 2581 habeat.
2175 2546 2245 2582 hoc
2275 2546 2426 2592 amplius

1336 2594 1372 2627 et
1396 2601 1478 2627 cum
1502 2591 1615 2627 adibit
1637 2591 1869 2628 hereditatem
1893 2602 1972 2627 esse
1996 2591 2101 2627 debet
2132 2601 2213 2627 cum
2245 2601 2287 2628 eo
2314 2595 2424 2627 testa-

1335 2636 1446 2672 menti
1468 2635 1591 2679 factio,
1617 2636 1690 2672 sive
1713 2647 1803 2683 pure
1827 2637 1900 2673 sive
1924 2637 1991 2672 sub
2012 2635 2221 2672 condicione
2243 2636 2347 2672 heres
2370 2637 2424 2671 in·

1337 2681 1483 2717 stitutus
1508 2682 1571 2717 sit:
1597 2691 1681 2717 nam
1703 2682 1759 2718 ius
1783 2681 1923 2718 heredis
1948 2692 1989 2718 eo
2013 2681 2069 2717 vel
2091 2681 2244 2717 maxime
2265 2685 2426 2727 tempore

1334 2726 1593 2772 inspiciendum
1624 2730 1698 2769 est,
1731 2737 1801 2772 quo
1833 2727 1989 2773 adquirit
2019 2725 2262 2762 hereditatem.
2309 2726 2424 2762 medio

1335 2775 1455 2807 autem
1478 2775 1638 2817 tempore
1660 2772 1755 2808 inter
1778 2772 1914 2808 factum
1937 2774 2191 2808 testamentum
2217 2775 2254 2807 et
2276 2775 2425 2807 mortem

1334 2817 1516 2853 testatoris
1555 2817 1610 2853 vel
1649 2817 1893 2854 condicionem
1930 2816 2163 2853 institutionis
2197 2816 2424 2852 exsistentem

1334 2862 1484 2898 mutatio
1516 2862 1603 2898 iuris
1636 2862 1758 2898 heredi
1781 2873 1854 2898 non
1877 2865 2001 2904 nocet,
2034 2862 2136 2908 quia,
2169 2864 2211 2897 ut
2232 2860 2322 2904 dixi,
2354 2861 2425 2897 tria

1334 2911 1405 2943 tem
1433 2917 1498 2943 ora
1523 2907 1578 2943 ins
1605 2906 1743 2943 icimus.

1381 2950 1406 2990 5
1462 2950 1540 2993 (50)
1570 2954 1580 2973 ¹
1614 2951 1808 2988 viennas
1837 2952 1928 2988 libro
1951 2955 2057 2988 sexto
2083 2962 2124 2986 re
2149 2950 2306 3002 alarum·
2341 2950 2422 3003 Ser·

1334 3008 1417 3033 vum
1440 3007 1557 3033 meum
1579 2996 1746 3033 heredem
1768 2997 1970 3032 institutum
1994 3006 2075 3032 cum
2097 2996 2123 3031 li
2149 2999 2262 3031 ertate
2277 3005 2308 3030 si
2323 3006 2422 3031 vivus

1333 3042 1524 3079 vendidero
1556 3042 1608 3086 ei,
1648 3052 1729 3078 cum
1768 3052 1838 3087 quo
1874 3041 2077 3078 testamenti
2106 3040 2218 3076 factio
2250 3050 2322 3075 non
2356 3044 2422 3083 est,

1333 3091 1530 3134 posteaque
1553 3097 1635 3123 eum
1657 3086 1859 3130 redemero,
1891 3097 1935 3123 ex
1966 3089 2179 3122 testamento
2210 3085 2295 3120 mihi
2318 3085 2422 3122 heres

1335 3143 1413 3169 esse
1435 3132 1568 3185 poterit
1591 3142 1657 3168 nec
1681 3132 1836 3168 medium
1859 3136 2010 3178 tempus,
2035 3141 2104 3177 quo
2126 3130 2223 3176 apud
2242 3140 2322 3166 eum
2340 3129 2422 3172 fuit,

1334 3178 1470 3214 vitiavit
1484 3177 1753 3220 institutionem,
1803 3177 1863 3212 uia
1878 3186 2001 3213 verum
2020 3179 2075 3212 est
2091 3179 2244 3221 utroque
2262 3178 2422 3222 tempore

1334 3227 1408 3258 tam
1431 3222 1635 3258 testamenti
1658 3189 1813 3258 faciendi
1845 3231 1952 3268 quam
1974 3221 2098 3257 mortis
2115 3224 2283 3273 'temp-ore
2306 3230 2421 3273 meum

1333 3267 1455 3304 fuisse.
1503 3266 1598 3303 unde
1630 3267 1661 3303 si
1692 3267 1790 3313 apud
1821 3277 1900 3303 eum
1931 3270 2160 3308 remanserit,
2191 3269 2337 3301 Vitiatur
2367 3276 2420 3300 m-

1333 3313 1492 3349 stitutio:
1526 3312 1580 3348 vel
1612 3312 1644 3348 si
1675 3322 1756 3348 cum
1787 3322 1828 3348 eo
1857 3311 2059 3348 testamenti
2082 3310 2192 3347 factio
2218 3313 2290 3353 est,
2321 3310 2421 3346 iussu

1336 3361 1350 3393 1
1401 3357 1477 3393 eius
1506 3357 1669 3393 adeundo
1694 3356 1857 3403 adquiret
1880 3356 1913 3392 ei
1936 3356 2178 3392 hereditatem.
2227 3354 2265 3391 Si
2287 3355 2324 3390 in
2348 3365 2421 3390 non

1331 3401 1497 3438 faciendo
1528 3402 1757 3448 impossibilis
1789 3401 1950 3438 condicio
1964 3402 1993 3423 ¹²
2026 3400 2251 3437 institutione
2280 3399 2420 3435 heredis

1333 3447 1380 3484 sit
1412 3457 1598 3492 expressa,
1637 3446 1832 3483 secundum
1871 3446 2029 3482 omnium
2067 3445 2278 3482 sententiam
2316 3445 2420 3480 heres

1333 3495 1354 3528 2
1401 3492 1486 3534 erit,
1511 3492 1657 3538 perinde
1688 3502 1731 3528 ac
1762 3491 1792 3528 si
1824 3501 1912 3537 purc
1943 3491 2127 3527 institutus
2154 3494 2259 3527 esset.
2306 3489 2419 3525 Here-

1333 3537 1425 3573 ditas
1457 3537 1662 3583 plerumque
1689 3536 1857 3572 dividitur
1879 3537 1915 3572 in
1942 3535 2129 3572 duodecim
2151 3534 2296 3577 uncias,
2328 3544 2420 3580 quae

1989 3651 2032 3690 ‹s›
2061 3649 2259 3690 §2-1mt.
2275 3649 2305 3689 2,
2320 3655 2352 3683 ιι
2365 3658 2417 3690 pr.

2135 3695 2190 3735 (ιι)
2218 3699 2234 3734 5
2250 3701 2266 3728 ²
2278 3710 2323 3723 —
2335 3694 2417 3727 Inar.

1331 3651 1414 3685 vidie
1426 3651 1544 3684 Blume
1646 3653 1688 3691 (7)
1714 3651 1852 3683 iusserit
1870 3651 1905 3684 F

1332 3699 1374 3735 (9)
1402 3696 1598 3735 51=Insa
1611 3697 1642 3734 2,
1657 3702 1731 3735 um
1832 3698 1890 3736 (ιο)
1916 3695 1991 3738 ipse
2009 3694 2041 3727 F

1332 3742 1364 3781 2,
1378 3747 1421 3782 u,
1435 3749 1451 3775 s
1546 3744 1603 3780 (η)
1629 3741 1666 3773 in
1680 3742 1738 3774 ins.
1754 3742 1828 3775 add.
