2528 3918
107 128 168 158 DE
199 126 299 158 OFF.
328 125 517 157 PROCUR.
550 124 670 156 CAES.
703 124 797 154 CET.

154 233 204 273 21
221 236 232 257 ¹
255 235 415 271 Panos
435 234 525 270 libro
548 235 605 269 sin
631 232 731 268 utari
751 231 795 267 de
818 231 944 277 officio
966 232 1192 268 adsessorum

106 281 257 317 Praeses
281 290 361 315 cum
386 282 579 324 cognoscat
627 288 646 313 e
669 287 769 312 servo
795 280 964 322 corrupto
988 278 1045 313 vel
1063 277 1194 313 ancilla

108 326 326 371 devirginata
347 324 401 359 vel
424 334 523 359 servo
549 325 731 367 stuprato,
764 322 794 357 si
818 325 920 357 actor
942 333 1062 358 rerum
1085 332 1192 367 agen-

105 371 178 406 tis²
202 372 391 414 corruptus
423 379 501 404 esse
533 369 672 403 dicetur
702 367 758 402 vel
792 367 964 402 eiusmodi
993 367 1121 410 homo,
1153 370 1195 402 ut

106 426 179 450 non
202 414 271 450 ad³
294 414 407 449 solam
429 413 605 448 iacturam
636 411 807 447 adversus
838 412 1097 455 substantiam,
1129 411 1193 447 sed

107 459 154 495 ad
187 459 297 494 totius
331 458 457 493 domus
493 458 710 494 eversionem
743 456 938 502 pertineat:
975 457 1194 493 severissime

107 504 212 540 debet
236 504 525 539 animadvertere.

580 595 706 635 XIX‘.

149 663 211 696 DE
237 661 414 695 OFFICIO
438 660 778 694 PROCURATORIS
804 659 1022 694 CAESARIS
1047 661 1139 695 VEL

175 715 179 720 ·
505 706 793 740 RATIONALIS.

154 771 172 809 1
208 771 402 808 Uzpzms
422 772 514 808 libro
538 775 645 808 sexto
669 771 805 808 decimo
830 771 881 807 ad
902 771 1056 807 edictum
1092 771 1192 815 Quae

103 821 186 854 acta
207 821 308 862 gesta
332 827 378 853 ue
401 820 485 853 sunt
508 827 530 852 a
553 820 787 862 procuratore
812 816 984 859 Caesaris,
1010 817 1062 852 sic
1082 817 1128 852 ab
1150 826 1191 852 eo

107 867 121 898 1
173 873 314 907 compro
343 866 459 905 antur,
484 866 591 907 atque
611 863 641 897 si
665 873 687 897 a
707 862 862 897 Caesare
879 865 980 907 gesta
998 865 1084 897 sunt
1093 862 1118 897 ⁵.
1155 861 1193 896 Si

102 918 177 944 rem
209 907 371 943 Caesaris
405 911 618 952 procurator
654 908 729 942 eius
765 907 868 952 quasi
901 917 977 942 rem
1010 907 1192 952 propriam

102 953 240 995 tradat,
276 963 349 988 non
383 956 471 997 puto
508 963 589 987 eum
626 952 820 988 dominium
854 952 1068 988 transferre:
1103 955 1192 987 tunc

102 998 196 1034 enim
226 997 416 1040 transfert,
449 1009 530 1033 cum
561 998 742 1042 negotium
767 997 931 1032 Caesaris
955 1007 1080 1042 gerens
1105 1008 1191 1033 con-

101 1053 209 1080 sensu
231 1043 344 1088 ipsius
367 1042 487 1078 tradit.
537 1042 688 1088 denique
711 1043 742 1079 si
764 1042 976 1078 venditionis
999 1042 1056 1077 vel
1079 1042 1191 1078 dona-

100 1088 208 1124 tionis
231 1088 287 1123 vel
309 1088 563 1123 transactionis
588 1098 699 1123 causa
724 1088 809 1133 quid
841 1091 942 1133 agat,
976 1088 1063 1122 nihil
1095 1087 1190 1132 agit:

101 1144 174 1169 non
207 1133 299 1168 enim
330 1133 485 1168 alienare
518 1133 550 1168 ei
581 1143 655 1168 rem
687 1132 870 1176 Caesaris,
908 1133 972 1168 sed
1006 1133 1192 1177 diligenter

102 1181 122 1214 2
169 1188 292 1223 gerere
316 1178 544 1214 commissum
575 1181 639 1213 est.
688 1178 758 1213 Est
789 1179 858 1214 hoc
889 1178 1124 1223 praecipuum
1153 1177 1192 1213 in

99 1227 334 1269 procuratore
359 1223 532 1266 Caesaris,
557 1223 653 1269 quod
676 1227 712 1259 et
735 1223 810 1259 eius
834 1224 935 1258 iussu
958 1234 1081 1259 servus
1102 1223 1191 1258 Cae-

100 1268 191 1304 saris
215 1268 313 1303 adire
335 1268 566 1304 hereditatem
589 1272 708 1313 potest
732 1272 777 1311 et,
804 1269 835 1304 si
859 1268 992 1304 Caesar
1014 1269 1119 1303 heres
1136 1268 1191 1303 in-

101 1313 466 1357 stituatur,miscendo
491 1324 530 1349 se
554 1314 744 1358 opulentae
766 1313 956 1349 hereditati
978 1317 1193 1359 procurator

100 1359 266 1399 heredem
291 1358 479 1394 Caesarem
501 1358 602 1394 facit.

147 1401 171 1440 2
196 1403 356 1440 PAULUS
376 1404 467 1439 libro
492 1405 617 1450 quinto
640 1404 899 1439 sententiarum

99 1449 213 1492 bona,
239 1459 283 1485 ex
306 1449 435 1494 quibus
458 1449 652 1494 imperator
674 1448 779 1484 heres
802 1449 988 1484 institutus
1014 1453 1087 1491 est,
1121 1449 1191 1484 sol-

99 1494 212 1530 vendo
248 1505 322 1529 non
353 1494 442 1536 sint,
474 1504 514 1529 re
546 1497 735 1546 perspecta
759 1494 957 1529 consulitur
979 1494 1190 1539 imperator:

99 1538 239 1574 heredis
275 1539 368 1574 enim
401 1539 555 1574 instituti
589 1539 626 1574 in
662 1539 835 1574 adeundis
870 1540 929 1574 vel
961 1539 1192 1584 repudiandis

99 1584 303 1620 huiusmodi
324 1584 582 1620 hereditatibus
605 1585 770 1620 voluntas
796 1584 1014 1629 exploranda
1039 1588 1104 1620 est.

146 1626 170 1667 3
196 1628 481 1665 CALLJSTRATUS
491 1629 582 1665 libro
594 1633 698 1664 sexto
712 1630 757 1664 de
768 1630 1033 1675 monitionibus
1080 1629 1191 1665 Cura-

99 1675 222 1710 tores⁶
244 1673 407 1710 Caesaris
418 1675 474 1710 ius
487 1674 700 1719 deportandi
718 1685 792 1710 non
810 1675 956 1718 habent,
980 1675 1064 1720 quia
1085 1675 1192 1710 huius

102 1723 117 1754 1
167 1729 306 1765 poenae
338 1720 608 1755 constituendae
631 1720 687 1755 ius
711 1730 784 1755 non
807 1720 954 1755 habent.
1002 1719 1041 1755 Si
1072 1723 1192 1755 tamen

124 1765 203 1800 uasi
225 1765 485 1800 tumultuosum
515 1765 571 1800 vel
600 1764 810 1800 iniuriosum
842 1765 1011 1800 adversus
1045 1765 1191 1801 colonos

131 1810 265 1845 aesaris
300 1810 548 1862 prohibuerint
580 1810 619 1845 in
654 1810 802 1855 praedia
839 1810 1054 1845 Caesariana
1089 1820 1191 1845 acce-

100 1855 194 1898 dere,
220 1855 399 1891 abstinere
424 1855 565 1891 debebit
587 1855 695 1900 idque
720 1855 819 1890 divus
843 1855 930 1890 Pius
951 1855 1040 1891 Iulio
1064 1855 1192 1891 rescri-

101 1902 120 1935 2
167 1900 250 1945 psit.
285 1900 425 1936 Deinde
445 1910 560 1945 neque
579 1900 694 1935 redire
715 1900 881 1945 cuiquam
893 1901 1097 1945 permittere
1109 1911 1191 1953 pos-

101 1949 185 1981 sunt
218 1945 325 2026 idltllue
355 1946 588 1990 imperatores
611 1946 725 1980 nostri
749 1945 900 1980 Severus
926 1950 961 1981 et
984 1947 1191 1981 Antoninus

104 1990 151 2026 ad
173 1991 244 2026 libe
271 2002 331 2026 um
354 1990 521 2026 Hermiae
543 1991 813 2035 rescripserunt.

947 1403 1051 1448 Quod
1086 1404 1117 1439 si
1150 1413 1193 1439 ea

590 2083 661 2122 XX
672 2082 697 2121 ⁷.

397 2150 459 2182 DE
485 2148 664 2182 OFFICIO
689 2146 894 2180 mmmm.

149 2214 168 2251 1
205 2213 400 2251 ULPIANUS
440 2215 530 2251 libro
565 2214 756 2251 vicensimo
791 2215 897 2248 seoeto
933 2212 983 2247 ad
1016 2211 1191 2248 Sabinum

99 2260 285 2312 Adoptare
308 2260 385 2312 quis
411 2260 507 2306 apud
529 2260 718 2295 iuridicum
740 2261 878 2304 potest,
912 2258 996 2303 quia
1028 2257 1114 2292 data
1138 2261 1193 2293 est

101 2315 133 2340 el
146 2305 422 2386 {egl'lgssfftllgbro
453 2350 662 2395 triqensz'mo
686 2359 782 2384 nono
807 2348 856 2383 ad
879 2347 1054 2383 Sabinum
1100 2348 1190 2383 Iuri-

101 2395 200 2438 dico,
234 2395 296 2440 qui
329 2394 567 2430 Alexandriae
599 2394 690 2439 agit,
725 2393 821 2428 datio
853 2393 982 2428 tutoris
1017 2394 1191 2429 constitu-

100 2440 198 2475 tione
222 2440 292 2475 divi
314 2440 429 2475 Marci
454 2449 626 2475 concessa
650 2442 714 2474 est.

585 2532 677 2571 XXI
687 2531 714 2571 ⁸.

215 2599 276 2631 DE
302 2597 480 2631 OFFICIO
505 2598 623 2637 EIUS,
649 2597 725 2629 CUI
749 2596 968 2629 MANDATA
991 2595 1078 2629 EST

498 2642 786 2675 IURISDICTIO.

151 2708 169 2745 1
197 2707 444 2744 PAPINJANUS
454 2708 544 2744 libro
550 2710 675 2754 primo
695 2708 944 2755 quaestionum

103 2764 170 2799 que
194 2754 395 2799 specialiter
416 2754 494 2799 lege
516 2756 572 2790 vel
595 2757 741 2789 senatus
773 2753 936 2789 consulto
971 2752 1026 2786 vel
1059 2751 1190 2786 consti-

101 2799 240 2834 tutione
263 2799 465 2844 principum
487 2799 714 2842 tribuuntur,
746 2798 916 2833 mandata
946 2796 1190 2831 iurisdictione

102 2854 176 2879 non
197 2843 482 2879 transferuntur:
516 2855 609 2889 quae
631 2855 714 2879 vero
738 2844 816 2878 iure
839 2842 1069 2887 magistratus
1095 2851 1190 2876 com-

102 2892 247 2933 petunt,
282 2889 446 2924 mandari
479 2893 641 2934 possunt.
687 2892 722 2924 et
755 2888 837 2923 ideo
872 2887 1037 2922 videntur
1073 2896 1192 2921 errare

103 2934 349 2979 magistratus,
375 2934 445 2978 qui,
472 2944 552 2969 cum
575 2934 710 2980 publici
732 2933 853 2969 iudicii
874 2932 1032 2967 habeant
1056 2930 1190 2982 exerci3

102 2978 235 3014 tionem
258 2979 334 3024 lege
364 2979 419 3013 vel
450 2983 595 3015 senatus
632 2979 794 3015 consulto
832 2978 1050 3022 delegatam,
1083 2976 1191 3011 velut]

103 3023 189 3068 legis
218 3024 331 3059 Iuliae
364 3023 407 3059 de
438 3023 620 3060 adulteriis
644 3029 680 3060 et
704 3024 735 3059 si
758 3033 850 3069 quae
873 3026 958 3058 sunt
981 3021 1072 3057 aliae
1096 3021 1190 3056 simi-

103 3067 166 3111 les,
189 3068 467 3104 iurisdictionem
490 3079 592 3104 suam
615 3069 797 3104 mandant.
832 3068 940 3103 huius
963 3067 1016 3102 rei
1037 3066 1190 3101 fortissi-

103 3123 199 3149 mum
223 3117 491 3159 argumentum,
525 3114 621 3159 quod
644 3115 720 3159 lege
743 3114 835 3149 Iulia
859 3113 902 3148 de
925 3113 959 3148 vi
983 3111 1191 3147 nominatim

106 3162 267 3201 cavetur,
300 3162 342 3193 ut
362 3158 405 3201 is,
431 3159 488 3194 cui
512 3159 678 3204 optigerit
701 3159 888 3200 exercitio,
920 3157 1036 3203 possit
1059 3166 1138 3191 eam
1161 3155 1192 3191 si

104 3202 353 3246 proficiscatur
387 3204 575 3239 mandare:
620 3214 694 3239 non
729 3203 832 3238 aliter
864 3203 987 3247 itaque
1020 3201 1192 3236 mandare

104 3248 244 3291 poterit,
270 3259 376 3293 quam
400 3249 430 3284 si
454 3249 580 3284 abesse
604 3249 772 3294 coeperit,
798 3259 879 3283 cum
892 3248 980 3282 alias
992 3246 1190 3282 iurisdictio

105 3291 211 3327 etiam
226 3302 248 3327 a
267 3297 456 3338 praesente
475 3294 674 3329 mandetur.
711 3297 747 3329 et
770 3293 801 3328 si
824 3303 846 3328 a
868 3292 1004 3327 familia
1028 3291 1191 3327 dominus

105 3336 244 3373 occisus
268 3348 346 3373 esse
369 3338 524 3381 dicetur,
559 3338 797 3384 cognitionem
819 3341 983 3383 praetor,
1016 3346 1123 3381 quam
1147 3345 1192 3370 ex

991 2706 1190 2751 Quaecum-

107 3449 145 3490 (1)
172 3449 193 3482 l.
208 3456 295 3484 20-21
307 3451 514 3495 coniunyitF

106 3494 180 3526 dum
191 3494 238 3533 B,
251 3507 310 3527 om.
323 3495 382 3528 FS

151 3538 193 3579 (4)
205 3539 272 3571 Ed.
286 3546 309 3571 1.
321 3546 356 3578 33
372 3539 456 3583 Pap.
466 3547 493 3574 2.
504 3558 551 3564 --
562 3540 648 3574 Bas.
662 3542 693 3581 6,
704 3547 739 3574 23
833 3542 874 3580 (5)
890 3540 919 3572 si
932 3537 973 3571 ab
987 3548 1025 3571 eo
1037 3548 1189 3580 compro-

106 3580 239 3623 bantur,
253 3585 352 3624 atque
365 3583 394 3615 si
407 3594 426 3616 a
438 3583 578 3617 Caesare
587 3587 680 3626 gesta
690 3587 801 3618 essent
809 3585 859 3618 ita
868 3587 946 3617 sunt
955 3596 1009 3618 scr
1055 3584 1099 3625 (6)
1112 3592 1190 3625 pro·

105 3629 276 3660 curatores
287 3638 367 3667 scr.;
381 3623 400 3660 ὁ
413 3626 608 3663 munienda
621 3630 656 3662 Β

586 3452 628 3493 (2)
654 3450 803 3483 absentis
813 3463 875 3484 scr.
956 3451 997 3491 (3)
1024 3449 1066 3481 ad
1075 3460 1188 3482 secun·

1209 107 1259 154 17
2135 111 2155 153 Ι
2190 114 2353 156 18-22

1264 237 1279 268 1
1329 237 1477 269 senatus
1502 232 1665 268 consulto
1686 233 1807 275 habet,
1831 232 2000 268 mandare
2018 243 2090 268 non
2108 233 2248 277 poterit.
2287 234 2353 277 Qui

1261 278 1466 314 mandatam
1485 277 1765 313 iurisdictionem
1787 278 1954 323 suscepit,
1979 288 2044 322 pro
2071 277 2162 312 rium
2182 278 2269 312 nihil
2289 279 2352 313 ha-

1261 324 1340 366 bet,
1381 323 1468 359 sed⁹
1503 323 1579 358 eius
1623 322 1684 367 qui
1726 323 1908 358 mandavit
1947 322 2035 358 iuris
2063 322 2190 359 'ctione
2227 323 2352 360 utitur.

1260 369 1378 404 verius
1404 371 1459 404 est
1482 368 1574 404 enim
1597 377 1697 402 more
1720 368 1893 403 maiorum
1912 368 2192 404 iurisdictionem
2213 368 2354 413 quidem

1261 413 1458 456 transferri,
1483 412 1547 448 sed
1570 423 1706 447 merum
1728 412 1913 457 imperium
1938 413 2034 457 quod
2056 413 2132 458 lege
2157 413 2262 448 datur
2281 423 2354 448 non

1287 469 1367 494 osse
1401 458 1572 493 transire:
1609 467 1721 502 quare
1755 468 1859 492 nemo
1894 458 1979 492 dicit
2015 458 2354 494 animadversionem

1276 507 1416 548 egatum
1450 503 1675 548 proconsulis
1710 503 1844 538 habere
1886 502 2057 538 mandata
2096 503 2351 539 iurisdictione.

1261 548 1422 584 Paows
1441 550 1563 583 notat:
1596 550 1631 583 et
1653 548 1701 582 im
1730 548 1860 590 erium,
1898 547 1993 592 quod
2024 548 2261 584 iurisdictioni
2293 559 2352 584 co-

1260 594 1395 634 haeret,
1420 592 1591 628 mandata
1613 593 1700 628 iuris
1729 592 1857 628 'ctione
1879 592 2034 627 transire
2056 594 2173 629 verius
2198 597 2263 629 est.

1308 636 1333 675 2
1365 638 1562 674 Uzmmss
1582 637 1673 673 libro
1707 638 1811 673 tertio
1844 637 1889 673 de
1919 638 2084 673 omnibus
2114 639 2353 675 tribunalibus

1260 683 1436 719 Mandata
1465 683 1710 718 iurisdictione
1734 693 1756 718 a
1779 682 1943 728 praeside
1968 683 2153 718 consilium
2177 694 2249 719 non
2272 686 2353 729 pot-

1265 732 1278 763 1
1330 732 1384 764 est
1418 739 1583 764 exercere
1620 728 1670 771 is,
1714 728 1772 763 cui
1803 728 2004 763 mandatur.
2054 727 2091 763 Si
2125 731 2262 764 tutores
2298 728 2354 764 vel

1262 778 1446 810 curatores
1470 774 1579 809 velint
1610 773 1757 819 praedia
1789 773 1961 815 vendere,
1999 783 2110 808 causa
2146 774 2287 818 cognita
2317 773 2355 809 id

1260 823 1404 871 praetor
1441 819 1497 854 vel
1530 828 1675 863 praeses
1706 818 1908 864 permittat:
1946 818 2042 863 quod
2073 818 2103 853 si
2133 818 2355 854 mandaverit

1259 864 1550 906 iurisdictionem,
1559 874 1784 909 nequaquam
1792 863 1925 908 poterit
1932 863 2103 899 mandata
2110 863 2354 900 iurisdictione

1261 920 1339 944 eam
1387 910 1609 944 uaestionem
1632 908 1839 944 transferre.

1307 952 1331 992 3
1385 964 1551 989 ULJANUS
1572 954 1662 989 libro
1687 955 1814 999 quinto
1838 954 2059 1000 dz’yestorum
2106 953 2156 987 Et
2187 954 2218 988 si
2249 964 2352 998 prae-

1259 1003 1317 1035 tor
1340 1000 1387 1035 sit
1409 1001 1450 1042 is,
1477 999 1537 1044 qui
1561 999 1712 1034 alienam
1736 999 2018 1035 iurisdietionem
2042 998 2258 1044 exsequitur,
2282 1009 2354 1033 non

1259 1048 1379 1080 tamen
1402 1055 1467 1090 pro
1493 1055 1558 1080 suo
1583 1044 1730 1090 imperio
1757 1044 1848 1090 agit,
1881 1045 1944 1080 sed
1966 1055 2032 1097 pro
2059 1055 2099 1079 eo
2127 1043 2229 1079 cuius
2253 1054 2353 1078 man-

1260 1090 1348 1126 datu
1370 1090 1426 1125 ius
1452 1090 1548 1132 dicit,
1574 1090 1736 1135 quotiens
1760 1090 1923 1135 partibus
1949 1099 2023 1125 eius
2046 1089 2217 1134 fungitur.

1306 1134 1331 1172 4
1356 1134 1500 1171 Maom
1525 1135 1616 1171 libro
1633 1136 1758 1181 primo
1783 1135 1828 1170 de
1852 1136 1978 1181 officio
1996 1135 2183 1181 praesidis
2227 1133 2353 1179 Cogni-

1259 1181 1308 1216 tio
1334 1181 1379 1216 de
1402 1180 1579 1226 suspectis
1602 1181 1782 1216 tutoribus
1806 1181 1970 1216 mandari
1992 1183 2122 1225 potest.
2170 1179 2275 1214 immo
2302 1183 2354 1214 et-

1259 1226 1330 1261 iam
1363 1236 1407 1261 ex
1438 1226 1610 1261 mandata
1639 1226 1796 1271 generali
1818 1226 2064 1261 iurisdictione
2086 1228 2235 1278 propter
2258 1224 2353 1259 utili-

1259 1275 1370 1306 tatem
1400 1272 1617 1316 pupillorum
1650 1281 1728 1306 eam
1752 1272 1956 1316 contingere
1982 1274 2217 1306 constitutum
2241 1273 2296 1305 est
2317 1270 2355 1305 in

1260 1317 1350 1352 haec
1374 1317 1500 1352 verba:
1525 1314 1778 1362 ‘Imperatores
1801 1316 1951 1351 Severus
1976 1320 2012 1351 et
2034 1315 2239 1351 Antoninus
2263 1315 2353 1350 Bra-

1259 1359 1364 1397 ‘duae
1386 1362 1595 1407 proconsuli
1617 1361 1774 1397 Africae.
1821 1361 1911 1397 Cum
1933 1361 2115 1407 propriam
2138 1360 2353 1395 iurisdictio-

1258 1404 1353 1442 ‘nem
1375 1407 1499 1452 legatis
1523 1408 1594 1442 tuis
1616 1407 1766 1450 dederis,
1791 1417 2013 1453 consequens
2033 1409 2098 1449 est,
2122 1409 2164 1441 ut
2185 1405 2291 1441 etiam
2311 1405 2355 1440 de

1263 1456 1278 1487 1
1326 1450 1516 1497 ‘suspectis
1540 1453 1720 1488 tutoribus
1744 1452 1883 1498 possint
1907 1446 2144 1498 cognoscere?
2191 1450 2240 1487 Ut
2270 1461 2354 1496 pos-

1261 1498 1372 1533 sessio
1405 1499 1582 1534 bonorum
1615 1498 1736 1541 detur,
1769 1498 1825 1533 vel
1856 1498 1886 1533 si
1911 1499 1969 1533 cui
1993 1497 2112 1533 damni
2134 1495 2259 1531 infecti
2282 1506 2354 1530 non

1263 1546 1429 1579 caveatur
1453 1547 1494 1578 ut
1518 1544 1548 1578 is
1573 1543 1759 1588 possidere
1782 1543 1960 1586 iubeatur,
1988 1547 2051 1578 aut
2065 1541 2198 1577 ventris
2211 1541 2355 1576 nomine

1260 1589 1298 1623 in
1321 1589 1584 1633 possessionem
1607 1588 1751 1630 mulier,
1785 1589 1840 1623 vel
1863 1589 1894 1624 is
1920 1589 1978 1623 cui
2001 1589 2157 1632 legatum
2182 1590 2236 1621 est
2258 1586 2354 1631 lega-

1260 1637 1380 1669 torum
1412 1634 1666 1672 servandorum
1698 1644 1809 1669 causa
1832 1634 1870 1668 in
1893 1633 2156 1679 possessionem
2179 1632 2353 1673 mittatur,

1261 1679 1424 1714 mandari
1448 1683 1578 1723 potest.

1309 1723 1333 1761 5
1358 1723 1416 1760 ΡΑ
1424 1733 1519 1761 ULUS
1538 1724 1630 1760 libro
1655 1726 1779 1760 octavo
1801 1723 1937 1760 decimo
1958 1722 2008 1758 ad
2028 1721 2213 1757 Plautium
2248 1721 2354 1756 Man-

1262 1769 1383 1809 datam
1395 1771 1423 1791 ¹⁰
1446 1770 1514 1804 sibi
1537 1769 1817 1805 iurisdictionem
1840 1768 2010 1803 mandare
2035 1767 2139 1802 alteri
2157 1778 2231 1802 non
2249 1776 2355 1811 posse

1264 1818 1278 1849 1
1329 1814 1558 1849 manifestum
1595 1818 1659 1850 est.
1717 1814 1893 1848 Mandata
1927 1812 2172 1847 iurisdictione
2214 1811 2353 1856 privato

1262 1860 1368 1895 etiam
1399 1860 1586 1905 imperium
1617 1859 1712 1904 quod
1743 1869 1815 1894 non
1849 1862 1903 1894 est
1933 1868 2069 1893 merum
2091 1856 2231 1892 videtur
2253 1867 2353 1891 man-

1263 1905 1350 1947 dari,
1370 1905 1453 1950 quia
1472 1905 1668 1940 iurisdictio
1691 1905 1767 1940 sine
1787 1903 1928 1939 modica
1947 1902 2164 1939 coercitione
2176 1902 2275 1937 nulla
2288 1905 2352 1937 est.

1724 1998 1836 2036 XXII
1848 1997 1887 2036 ¹¹.

1505 2064 1566 2095 DE
1594 2063 1771 2096 OFFICIO
1796 2061 2105 2096 ADSESSORUM.

1311 2119 1327 2155 1
1358 2118 1518 2154 Panos
1545 2118 1637 2154 libro
1668 2118 1853 2164 sinqulari
1882 2118 1927 2153 de
1958 2117 2085 2163 officio
2127 2116 2354 2152 adsessorum

1262 2164 1373 2200 Omne
1397 2164 1556 2199 officium
1580 2163 1789 2206 adsessoris,
1815 2174 1885 2209 quo
1909 2162 1996 2198 iuris
2021 2162 2173 2198 studiosi
2191 2162 2355 2207 partibus

1261 2210 1334 2244 suis
1358 2209 1577 2254 funguntur,
1600 2209 1638 2243 in
1661 2209 1717 2244 his
1740 2208 1816 2244 fere
1841 2208 1959 2243 causis
1985 2210 2144 2243 constat:
2171 2207 2209 2241 in
2234 2206 2353 2251 cogni-

1259 2255 1416 2334 tiorlilibus
1449 2253 1752 2299 postulationibus
1784 2253 1912 2289 libellis
1945 2252 2070 2288 edictis
2103 2252 2255 2287 decretis
2280 2251 2350 2296 epi-

1260 2303 1318 2335 stu
1335 2299 1373 2335 's.

1307 2342 1331 2381 2
1356 2343 1594 2380 MAROIANUS
1614 2343 1704 2379 libro
1722 2344 1847 2390 primo
1871 2342 1916 2378 de
1939 2343 2082 2379 iudiciis
2099 2342 2258 2388 publicis
2292 2341 2353 2375 Li-

1260 2389 1353 2425 berti
1376 2389 1539 2425 adsidere
1562 2392 1724 2434 possunt.
1758 2387 1907 2423 infames
1931 2391 2051 2423 autem
2073 2387 2158 2422 licet
2180 2397 2253 2422 non
2270 2397 2353 2431 pro-

1260 2435 1452 2470 hibeantur
1476 2434 1613 2479 legibus
1638 2433 1819 2475 adsidere,
1845 2437 2004 2468 attamen
2028 2432 2201 2473 arbitror,
2225 2435 2265 2466 ut
2289 2431 2352 2466 ali-

1262 2489 1331 2524 quo
1358 2489 1500 2524 quoque
1533 2479 1677 2514 decreto
1701 2478 1890 2524 principali
1922 2478 2077 2513 refertur
2107 2476 2353 2518 constitutum,

1261 2535 1334 2560 non
1358 2534 1464 2569 posse
1487 2523 1608 2560 officio
1634 2523 1830 2559 adsessoris
1854 2523 1963 2567 fungi.

1308 2567 1332 2607 3
1358 2569 1501 2605 MACER
1526 2569 1616 2605 libro
1634 2569 1759 2615 primo
1783 2568 1828 2603 de
1851 2568 1977 2613 officio
1995 2566 2184 2613 praesidis
2231 2565 2269 2601 Si
2294 2577 2352 2601 ea-

1263 2614 1342 2650 dem
1364 2614 1548 2667 provincia
1578 2617 1705 2658 postea
1739 2613 1849 2648 divisa
1873 2613 1939 2647 sub
1965 2611 2104 2647 duobus
2127 2611 2353 2656 praesidibus

1262 2663 1457 2696 constituta
1469 2662 1534 2701 est,
1547 2659 1643 2694 velut
1656 2658 1858 2701 Germania,
1871 2657 1999 2703 Mysia,
2022 2667 2066 2692 ex
2078 2657 2191 2692 altera
2204 2659 2304 2692 ortus
2316 2656 2353 2692 in

1262 2706 1374 2739 altera
1394 2703 1571 2740 adsidebit
1590 2714 1656 2739 nec
1675 2703 1815 2738 videtur
1830 2702 1868 2737 in
1881 2713 1948 2738 sua
1960 2702 2144 2747 provincia
2157 2701 2351 2737 adsedisse.

1307 2749 1332 2786 4
1346 2751 1373 2771 ¹2
1396 2750 1645 2785 PAPJNJANUS
1673 2748 1764 2783 libro
1790 2751 1921 2793 quarto
1944 2758 2202 2793 responsorum
2248 2746 2352 2781 Diem

1260 2795 1384 2830 functo
1419 2795 1536 2839 legato
1574 2793 1737 2828 Caesaris
1783 2793 1952 2829 salarium
1988 2792 2177 2828 comitibus
2220 2791 2353 2827 residui

1261 2840 1448 2919 temffioris,
1475 2838 1571 2884 quod
1595 2849 1616 2873 a
1639 2839 1764 2883 legatis
1795 2838 2048 2882 praestitutum
2081 2840 2154 2879 est,
2190 2836 2351 2879 debetur,

1261 2896 1317 2920 mo
1346 2895 1366 2920 o
1400 2885 1430 2919 si
1460 2895 1532 2919 non
1564 2887 1692 2928 postea
1724 2884 1871 2918 comites
1906 2894 1986 2918 cum
2011 2883 2089 2918 aliis
2115 2882 2238 2917 eodem
2261 2885 2350 2917 tem-

1260 2940 1347 2974 pore
1370 2929 1527 2964 fuerunt.
1577 2928 1753 2963 diversum
1776 2929 1813 2963 in
1837 2939 1879 2964 eo
1905 2931 2086 2970 servatur,
2119 2928 2180 2972 qui
2204 2937 2349 2962 succes-

1260 2984 1377 3011 sorem
1400 2977 1485 3010 ante
1507 2976 1578 3009 tem
1604 2983 1647 3009 us
1670 2973 1819 3020 accepit.

1307 3019 1330 3056 5
1355 3019 1464 3054 PAUL
1472 3029 1516 3054 vs
1543 3019 1570 3054 Zz‘
1592 3030 1634 3054 ro
1658 3020 1782 3064 primo
1815 3018 2074 3053 sententiarum
2122 3017 2309 3053 Consiliari
2324 3017 2351 3038 ¹³

1261 3075 1301 3099 eo
1338 3067 1497 3109 tempore
1532 3075 1602 3109 quo
1638 3064 1778 3100 adsidet
1811 3063 1953 3109 negotia
1986 3066 2143 3098 tractare
2178 3062 2214 3097 in
2247 3072 2351 3097 suum

1262 3109 1402 3154 quidem
1437 3108 1653 3144 auditorium
1684 3109 1780 3144 nullo
1817 3108 1922 3144 modo
1959 3118 2168 3143 concessum
2205 3110 2277 3150 est,
2312 3107 2350 3141 in

1261 3154 1415 3189 alienum
1439 3156 1558 3188 autem
1581 3164 1653 3189 non
1676 3154 1898 3200 prohibetur.

1306 3197 1331 3236 6
1356 3198 1603 3234 ΡΑΡΙΝΙΑΝυε
1631 3200 1722 3236 libro
1739 3200 1863 3246 primo
1887 3208 2143 3245 responsorum
2189 3196 2232 3231 In
2264 3206 2349 3232 con·

1261 3244 1377 3279 silium
1414 3244 1590 3279 curatoris
1622 3245 1674 3280 rei
1708 3245 1874 3290 publicae
1907 3244 1960 3279 vir
1996 3242 2152 3278 eiusdem
2196 3240 2349 3276 civitatis

1259 3289 1425 3368 adsidere
1449 3299 1522 3324 non
1552 3290 1781 3334 prohibetur,
1818 3289 1901 3334 quia
1932 3288 2078 3334 publico
2114 3287 2243 3322 salario
2276 3295 2348 3320 non

1276 3334 1402 3369 ruitur.

1304 3448 1347 3488 (7)
1364 3447 1444 3479 Sab.
1457 3466 1504 3471 —
1519 3448 1601 3480 Bas.
1616 3449 1647 3487 6,
1660 3455 1738 3488 24,1.
1753 3466 1798 3471 —
1813 3447 1862 3490 Cf.
1881 3447 1958 3480 C'od.
1976 3449 2005 3486 1,
2016 3455 2050 3480 57

1304 3492 1348 3533 (s)
1363 3492 1447 3535 Pap.
1462 3500 1486 3531 13
1500 3492 1580 3525 Sab.
1592 3500 1618 3525 2.
1631 3500 1658 3526 3.
1669 3501 1686 3526 4
1697 3503 1705 3532 ;
1718 3493 1784 3526 Ed.
1799 3500 1874 3526 5.-
1883 3493 1968 3525 Bas.
1984 3494 2014 3530 6,
2026 3498 2071 3531 24,
2086 3496 2155 3523 2...o

1259 3537 1319 3570 ins.
1331 3537 1365 3568 F
1436 3538 1495 3578 (10)
1521 3538 1768 3570 mandatarium
1780 3537 1970 3569 mandatam
1983 3549 2045 3569 scr.

1305 3582 1360 3621 (11)
1373 3580 1504 3616 Sab.2.3
1516 3582 1731 3626 3Pap.1.4...e.
1744 3600 1789 3607 --
1801 3583 2125 3621 Bas.6‚24,7...12.—
2141 3579 2191 3621 Cf.
2199 3578 2352 3618 Cod.1‚5i.

1261 3626 1320 3667 (12)
1346 3627 1425 3659 citat
1439 3627 1602 3670 Ulpianus
1611 3628 1653 3660 D.
1668 3629 1832 3668 19,2,19‚10
1882 3627 1938 3667 (13)
1965 3624 2158 3657 consiliario
2168 3623 2320 3656 Breuem.

2244 3489 2287 3529 (9)
2313 3490 2347 3520 et

2046 3771 2066 3802 3
