2528 3918
147 176 205 208 ET
232 173 527 206 FIDEICOMMIS
531 173 594 204 SIS

192 282 246 324 60
278 283 474 321 ULPJANUS
493 283 585 320 libro
607 285 714 319 sexto
738 282 875 319 decimo
899 282 950 318 ad
972 282 1004 318 le
1031 293 1084 318 em
1101 280 1237 318 Iuliam

145 334 182 368 et
204 329 360 383 Papiam
405 328 567 365 Iulianus
598 328 669 371 ait,
704 327 736 364 si
766 337 789 363 a
811 326 886 364 filio
917 327 1003 363 here
1029 337 1048 363 e
1078 328 1238 373 legatum

146 375 194 414 sit
217 374 298 411 Seio
321 373 474 420 fideique
498 374 578 410 eius
601 372 828 409 commissum
851 371 962 408 fuerit
984 373 1052 409 sub
1077 372 1237 409 condici-

146 430 225 463 one,
256 423 298 455 ut
322 419 417 455 Titio
449 418 570 462 daret,
606 422 643 455 et
666 418 783 453 Titius
816 417 994 463 pendente
1026 417 1238 454 condicione

146 464 351 508 decesserit,
374 464 688 500 fideicommissum
710 462 878 499 deficiens
904 462 1001 508 apud
1018 463 1139 500 Seium
1161 473 1238 498 ma-

144 514 217 553 net,
241 520 315 546 non
337 509 384 545 ad
407 509 521 545 filium
550 508 719 545 heredem
768 508 915 551 ertinet‚
951 508 1036 553 quia
1065 508 1105 544 in
1135 507 1237 544 fidei-

145 554 342 592 commissis
366 554 542 600 potiorem
566 564 714 590 causam
762 553 870 589 abere
893 563 986 596 eum,
1021 554 1123 590 cuius
1146 553 1237 590 fides

144 600 260 637 electa
284 600 341 643 sit,
366 603 514 636 senatus
537 599 662 635 voluit.

190 643 241 683 61
277 645 472 682 ULPIANUS
483 645 575 681 libro
592 650 717 680 octavo
742 644 879 680 decimo
896 644 947 679 ad
969 644 1084 690 leqem
1101 643 1238 680 Iuliam

144 693 180 726 et
204 690 359 737 Papiam
406 689 446 726 Si
476 689 572 726 Titio
605 694 642 726 et
663 689 805 725 Maevio
837 688 1030 726 heredibus
1062 688 1237 725 institutis

143 735 205 781 qui
228 734 489 781 quadringenta.
521 735 747 780 relinquebat
777 745 801 770 a
825 733 920 770 Titio
953 734 1110 771 ducenta
1139 734 1237 789 lega-

143 780 234 817 verit
257 783 303 823 et,
328 780 490 826 quisquis
505 781 610 817 heres
629 783 734 823 esset,
761 782 914 822 centum,
939 790 985 816 ne
1009 790 1056 816 ue
1074 779 1238 816 Maevius

147 829 161 861 1
210 825 445 862 hereditatem
469 825 614 868 adierit,
646 828 810 861 trecenta
840 825 958 860 Titius
1011 824 1142 861 ebebit.
1177 825 1238 860 Iu-

142 870 261 907 lianus
285 870 426 916 quidem
450 871 511 914 ait,
536 870 568 908 si
591 871 685 907 alter
708 881 753 906 ex
776 870 941 916 legitimis
965 870 1159 907 heredibus
1179 880 1238 906 re-

142 915 330 962 pudiasset
351 916 564 961 portionem,
591 926 674 952 cum
696 919 818 952 essent
840 916 887 952 ab
904 925 946 951 eo
963 915 1239 952 fideicommissa

143 961 287 1004 relicta,
324 961 537 997 coheredem
566 961 644 998 eius
679 972 754 997 non
788 971 867 998 esse
903 961 1103 1006 cogendum
1136 960 1238 997 fidei-

144 1006 358 1042 commissa¹
380 1009 587 1053 praestare:
611 1006 814 1053 portionem
838 1006 933 1042 enim
956 1006 1004 1042 ad
1027 1005 1239 1043 coheredem

143 1051 221 1088 sine
253 1061 361 1088 onere
394 1051 588 1097 pertinere.
643 1051 709 1088 sed
741 1055 826 1097 post
857 1051 1073 1098 rescriptum
1105 1051 1237 1094 Severi,

140 1107 215 1178 3¹¹⁰
247 1096 523 1133 fideicommissa
554 1098 601 1133 ab
631 1097 798 1133 instituto
822 1097 949 1133 relicta
980 1107 1003 1133 a
1032 1097 1238 1134 substitutis

168 1142 337 1185 ebentur,
369 1146 406 1178 et
435 1142 495 1178 hic
527 1142 631 1188 quasi
660 1142 878 1179 substitutus
914 1153 996 1178 cum
1027 1153 1094 1179 suo
1130 1152 1238 1179 onere

142 1191 385 1233 consequetur
407 1187 676 1224 adcrescentem
698 1187 911 1234 portionem.

192 1229 246 1270 62
270 1232 484 1268 meivws
513 1232 695 1269 Rzmiws
727 1233 818 1269 libro
854 1236 987 1280 quarto
1025 1233 1238 1280 reqularum

142 1277 183 1314 Si
207 1278 344 1314 alienus
368 1287 491 1314 servus
521 1278 626 1314 heres
659 1278 846 1314 institutus
877 1278 1006 1321 fuerit,
1038 1288 1062 1314 a
1093 1278 1237 1315 domino

142 1323 221 1359 eius
237 1322 548 1359 fideicommissum
562 1323 716 1369 relinqui
730 1327 861 1369 potest.
901 1323 965 1359 sed
979 1324 1032 1359 ita
1046 1324 1117 1359 hoc
1136 1323 1237 1359 fidei-

144 1368 372 1404 commissum
395 1367 559 1404 dominus
583 1372 769 1414 praestare
793 1369 920 1412 debet,
956 1368 987 1405 si
1009 1379 1075 1422 per
1098 1379 1239 1405 servum

143 1413 262 1449 factus
275 1413 322 1448 sit
332 1413 453 1449 heres:
474 1414 570 1459 quod
582 1414 613 1449 si
625 1417 720 1457 ante,
739 1424 847 1460 quam
865 1414 967 1450 iussu
987 1424 1063 1450 eius
1075 1414 1239 1450 adiretur

143 1458 340 1500 hereditas,
370 1468 494 1494 servus
517 1459 757 1494 manumissus
787 1459 896 1495 fuerit
925 1463 962 1495 et
990 1469 1056 1495 suo
1086 1459 1237 1496 arbitrio

143 1503 272 1539 adierit
286 1503 529 1547 hereditatem,
555 1504 718 1540 dominus
732 1503 770 1540 id
783 1504 969 1540 debiturus
984 1515 1058 1540 non
1072 1508 1139 1548 est,
1154 1505 1238 1550 quia

141 1549 245 1585 heres
269 1547 387 1584 factus
411 1559 485 1585 non
508 1553 574 1591 est,
599 1560 666 1586 nec
690 1559 827 1593 servus,
852 1550 937 1595 quia
959 1553 1108 1595 rogatus
1139 1550 1238 1586 n0n²

142 1597 209 1630 est.
248 1594 371 1639 itaque
394 1594 492 1630 utilis
516 1594 612 1630 actio
636 1595 706 1631 hoc
731 1605 820 1631 casu
844 1595 1026 1641 competit,
1051 1599 1093 1631 ut
1114 1595 1158 1638 is,
1190 1595 1238 1631 ad

143 1649 248 1685 quem
264 1639 542 1675 emolumentum
552 1640 762 1676 hereditatis
778 1641 992 1686 pervenerit,
1005 1644 1042 1677 et
1053 1640 1237 1677 fideicom-

141 1685 289 1720 missum
312 1688 497 1730 praestare
522 1696 602 1721 com
627 1686 770 1721 ellatur.

187 1727 240 1767 63
270 1729 557 1766 CALLISTRATUS
576 1731 605 1767 li
627 1742 669 1766 ro
695 1734 828 1777 quarto
851 1730 964 1767 edicti
975 1732 1164 1768 monitorit'
1200 1731 1239 1768 Si

141 1776 245 1811 heres
261 1785 348 1818 rem,
371 1776 527 1821 legatam
541 1776 723 1821 ignorans,
747 1777 786 1812 in
800 1776 910 1812 funus
932 1778 1166 1823 consumpsit,
1191 1776 1240 1812 ad

140 1820 382 1857 exhibendum
405 1821 548 1857 actione
571 1832 645 1858 non
667 1822 860 1865 tenebitur,
886 1822 971 1867 quia
993 1832 1061 1859 nec
1077 1821 1240 1868 possidet

141 1877 208 1902 nec
233 1866 315 1902 dolo
339 1866 435 1902 malo
458 1865 546 1902 fecit
568 1877 639 1912 quo
663 1867 780 1902 minus
809 1867 1022 1912 possideret.
1078 1867 1144 1904 sed
1171 1878 1240 1921 per

141 1912 179 1947 in
194 1911 331 1948 factum
347 1912 525 1947 actionem
540 1911 715 1957 legatario
734 1912 945 1956 consulitur,
962 1916 1004 1948 ut
1023 1912 1239 1950 indemmtas

143 1957 176 1993 ei
200 1957 246 1992 ab
271 1956 404 1992 herede
427 1961 643 2003 praestetur.

189 1999 244 2040 64
268 2002 516 2038 PAPJNJANUS
545 2003 637 2038 libro
674 2003 801 2048 quinto
825 2002 963 2039 decimo
988 2003 1240 2049 quaestionum

143 2047 232 2083 Cum
254 2047 526 2093 proponebatur
547 2047 586 2083 in
609 2048 790 2093 scriptura
820 2047 1106 2091 fideicommissi,
1142 2048 1240 2094 quod

142 2092 307 2138 pluribus
331 2093 399 2128 sub
424 2092 635 2129 condicione
654 2093 775 2128 fuerat
795 2093 972 2136 relictum,
997 2103 1063 2139 per
1079 2104 1240 2130 errorem

142 2138 310 2174 omissam
341 2140 504 2173 mutuam
535 2138 847 2181 substitutionem,
879 2149 988 2184 quam
1018 2142 1172 2175 testator
1200 2139 1240 2175 in

140 2182 309 2219 secundis
332 2183 477 2224 tabulis,
503 2193 585 2219 cum
608 2183 753 2219 eosdem
775 2184 1020 2228 substitueret,
1042 2185 1239 2230 expressit:

140 2228 214 2264 divi
236 2228 384 2263 Marcus
408 2231 446 2264 et
470 2227 684 2264 Commodus
707 2229 942 2282 imperatores
974 2229 1241 2276 rescripserunt

141 2274 363 2310 voluntatem
395 2273 623 2310 manifestam
656 2273 770 2310 videri
808 2277 956 2310 mutuae
997 2274 1119 2311 factae
1154 2276 1239 2312 sub-

141 2319 353 2355 stitutionis.
410 2318 541 2354 etenim
574 2319 612 2354 in
646 2330 758 2355 causa
792 2319 1057 2356 fideicommissi
1099 2324 1240 2356 utcum-

143 2365 236 2444 qidigl³
258 2363 424 2409 precaria
444 2363 611 2400 voluntas
632 2369 875 2410 quaereretur,
901 2366 1110 2401 coniectura
1123 2366 1242 2412 potuit

143 2419 166 2445 a
227 2409 294 2444 itti.

191 2452 244 2492 65
269 2453 477 2490 IDEMlibro
490 2459 597 2491 sexto
615 2454 753 2492 decimo
770 2455 1023 2500 quaestionum
1055 2455 1240 2492 Peculium

143 2499 302 2545 legatum
324 2499 448 2545 augeri
472 2503 508 2535 et
530 2500 643 2535 minui
664 2503 795 2546 potest,
820 2499 852 2535 si
874 2509 933 2536 res
956 2501 1089 2546 peculii
1112 2505 1240 2547 postea

143 2555 223 2581 esse
252 2544 429 2590 incipiant
459 2548 523 2580 aut
554 2545 732 2581 desinant.
786 2544 881 2581 idem
915 2545 954 2580 in
988 2545 1125 2582 familia
1160 2547 1239 2590 erit,

143 2591 219 2626 sive
240 2590 443 2626 universam
464 2589 639 2626 familiam
662 2600 765 2626 suam
781 2590 857 2626 sive
880 2594 1017 2626 certam
1033 2591 1156 2634 (veluti
1179 2603 1239 2628 ur·

143 2635 277 2671 banam
308 2638 372 2670 aut
400 2635 586 2678 rusticam)
618 2635 792 2680 legaverit
821 2645 866 2671 ac
925 2639 1026 2672 ostea
1057 2647 1241 2673 servorum

145 2680 268 2716 officia
289 2681 347 2716 vel
369 2680 567 2716 ministeria
596 2680 798 2716 mutaverit.
848 2691 890 2716 ea
918 2691 973 2717 em
996 2683 1108 2717 sunt⁴
1138 2682 1240 2718 lecti-

148 2730 164 2761 1
214 2725 320 2761 cariis
343 2729 408 2761 aut
437 2725 642 2771 pedisequis
664 2725 804 2771 legatis.
852 2725 1055 2772 Quadrigae
1085 2727 1242 2773 legatum

142 2781 238 2816 equo
269 2774 397 2816 postea
426 2774 568 2806 mortuo
599 2771 718 2816 perire
748 2770 894 2816 quidam
924 2771 977 2807 ita
1008 2771 1178 2816 credunt,
1210 2773 1242 2809 si

143 2826 260 2861 equus
283 2816 343 2851 ille
367 2816 521 2851 decessit
544 2816 606 2861 qui
630 2815 899 2852 demonstrabat
922 2816 1150 2862 quadrigam:
1177 2817 1242 2854 sed

144 2861 178 2897 si
200 2860 317 2896 medio
335 2864 496 2907 tempore
517 2861 700 2897 deminuta
716 2861 940 2907 suppleatur,
965 2861 1012 2897 ad
1027 2862 1242 2908 legatarium

147 2909 168 2941 2
211 2906 417 2959 pertinebit.
482 2905 577 2942 Titio
613 2905 757 2942 Stichus
791 2907 930 2951 legatus
972 2911 1057 2959 post
1090 2912 1243 2944 mortem

146 2951 235 2987 Titii
256 2950 458 2987 libertatem
482 2951 639 2997 accepit:
675 2955 712 2986 et
734 2952 892 2997 legatum
922 2951 1022 2988 adita
1044 2952 1243 2990 hereditate

148 2999 184 3031 et
206 2996 353 3032 libertas
375 3000 458 3042 post
480 3000 630 3032 mortem
654 2996 740 3032 Titii
770 2997 952 3043 competit.
998 2997 1164 3044 idemque
1186 3002 1244 3034 est

149 3043 169 3076 3
217 3045 253 3077 et
275 3041 307 3076 si
329 3041 502 3077 moriente
525 3042 621 3078 Titio
651 3042 742 3078 liber
765 3052 843 3078 esse
866 3043 986 3078 iussus
1010 3047 1075 3079 est.
1124 3043 1163 3079 Si
1185 3046 1241 3079 ta-

148 3097 230 3122 men
253 3086 348 3122 Titio
373 3097 418 3122 ex
439 3090 544 3132 parte
578 3087 733 3123 herede⁵
765 3087 930 3124 instituto
954 3097 1078 3125 servus
1101 3088 1241 3134 legatus

149 3131 197 3167 sit
226 3134 263 3167 et
319 3134 377 3167 ost
406 3136 556 3168 mortem
587 3132 664 3168 eius
693 3132 786 3168 liber
809 3143 888 3169 esse
918 3133 1039 3169 iussus
1070 3133 1136 3177 sit,
1169 3134 1242 3170 sive

150 3175 278 3211 adierit
325 3176 533 3213 ereditatem
557 3177 675 3213 Titius
700 3177 773 3213 sive
796 3188 870 3214 non
885 3178 1014 3214 adierit
1031 3182 1115 3224 post
1140 3179 1241 3215 cuius

152 3223 321 3301 mortem-t
335 3221 484 3258 libertas
519 3223 551 3258 ei
586 3222 671 3258 data
706 3226 780 3266 est,
815 3222 985 3259 defuncto
1022 3234 1063 3259 eo
1095 3224 1242 3260 libertas

150 3275 232 3300 com
259 3275 278 3300 e
293 3277 306 3300 i
323 3293 332 3301 .

199 3307 224 3347 6
276 3309 385 3345 IDEM
402 3311 493 3348 libro
517 3313 669 3359 septimo
693 3312 830 3349 decimo
848 3314 1098 3359 quaestionum
1140 3314 1242 3350 Mae-

152 3354 231 3390 vius
261 3353 411 3391 fundum
441 3357 528 3392 mihi
558 3368 602 3393 ac
634 3357 729 3393 Titio
762 3358 829 3393 sub
863 3358 1071 3395 condicione
1101 3359 1243 3405 legavit,

151 3399 263 3452 heres.
280 3402 399 3435 autem
422 3401 498 3437 eius
522 3402 673 3438 eundem
692 3403 759 3438 sub
785 3403 908 3438 eadem
925 3404 1135 3440 condicione
1159 3404 1244 3439 mihi

152 3444 292 3488 legavit.
338 3446 529 3482 verendum
545 3457 623 3483 esse
640 3447 801 3483 Iulianus
818 3448 879 3490 ait,
904 3458 950 3484 ne
967 3449 1140 3485 existente
1157 3460 1243 3486 con-

154 3489 294 3524 dicione
316 3499 399 3534 pars
425 3491 548 3527 eadem
571 3503 616 3528 ex
638 3496 790 3538 utroque
813 3496 1027 3530 testamento
1059 3494 1147 3530 mihi
1182 3494 1244 3530 de-

154 3534 293 3569 beatur.
341 3534 534 3572 voluntatis
564 3540 685 3573 tamen
709 3538 871 3583 quaestio
897 3539 987 3574 erit:
1019 3550 1104 3575 nam
1126 3540 1243 3575 incre-

155 3578 263 3614 dibile
285 3579 425 3614 videtur
446 3580 484 3615 id
506 3581 620 3625 egisse
642 3583 820 3626 heredem,
843 3587 885 3618 ut
905 3583 1030 3620 eadem
1043 3584 1164 3631 portio
1188 3584 1244 3620 bis

158 3695 198 3734 (ι)
223 3692 478 3726 fideicommisso
490 3693 525 3726 F
600 3696 644 3735 (2)
667 3705 736 3728 non
749 3696 788 3738 S,
801 3709 859 3730 om.
874 3697 908 3730 F
980 3699 1022 3738 (3)
1050 3699 1246 3740 utcumque]

157 3746 233 3768 cum
246 3737 363 3779 utiquc
383 3751 445 3772 scr.
583 3739 626 3780 (4)
651 3740 686 3772 in
708 3742 768 3774 ins.
782 3740 835 3774 F²
984 3743 1028 3783 (5)
1051 3742 1170 3776 heredi
1182 3755 1247 3776 scr.

155 3784 203 3820 (ὃ)
229 3792 371 3825 namque
386 3784 459 3816 dett.
477 3783 608 3826 quidam
666 3786 709 3826 (7)
734 3785 835 3819 desiit
849 3787 923 3820 dett.
938 3788 1073 3830 quidam
1138 3789 1184 3830 (8)
1203 3788 1250 3821 ad

1224 155 1311 203 435

2252 157 2404 201 XXXI

1307 280 1421 317 eidem
1446 280 1630 324 debeatur,
1655 280 1718 316 sed
1734 280 1922 317 verisimile
1939 284 1994 316 est
2010 280 2054 316 de
2074 280 2188 317 altera
2202 284 2306 327 parte
2322 291 2405 317 eum

1308 326 1495 371 cogitasse.
1541 336 1629 362 sane
1653 326 1861 362 constitutio
1885 326 2068 371 principis,
2097 336 2170 372 qua
2191 326 2330 372 placuit
2352 326 2403 363 ei-

1308 372 1389 406 dem
1413 381 1521 418 saepe
1543 371 1700 416 legatum
1725 381 1857 423 corpus
1881 381 1954 406 non
1978 381 2129 407 onerare
2152 371 2332 416 heredem,
2356 371 2406 409 ad

1307 427 1419 452 unum
1440 420 1695 452 testamentum
1710 419 1875 462 pertinet.
1923 416 2062 452 debitor
2085 420 2205 452 autem
2222 428 2295 453 non
2311 428 2404 454 sem-

1334 472 1372 497 er
1395 461 1488 514 quod
1515 461 1622 498 debet
1637 461 1715 497 iure
1730 461 1835 506 legat,
1861 460 1925 496 sed
1943 461 2005 503 ita,
2030 461 2060 496 si
2072 462 2153 506 plus
2170 462 2217 498 sit
2231 463 2270 498 in
2285 462 2406 509 specie

1311 511 1434 586 1egati:
1450 507 1492 587 gi
1508 507 1602 587 enim
1619 507 1714 587 idenz
1730 506 1947 587 snblgadgn}
1957 506 2168 587 ctondicionei
2178 508 2404 589 {elissquitun

1402 563 1448 588 uo
1498 562 1575 588 emo
1591 562 1697 588 umen
1714 562 1775 587 um
1945 562 1969 586 ιι
1986 562 2090 586 urum
2113 562 2151 588 es
2276 564 2405 590 uorum

1307 563 1530 633 testgmentis
1553 607 1640 643 pars
1663 596 1776 640 fundi,
1801 561 1895 642 qiffa’se
1921 596 2053 631 Maevii
2076 600 2141 640 est,
2167 598 2262 635 Titio
2285 599 2407 645 legata

1307 645 1381 678 est:
1418 653 1493 678 non
1527 642 1748 688 ineleganter
1781 642 1975 688 probatum
2007 645 2062 676 est
2097 643 2142 677 ab
2176 654 2248 680 uno
2272 644 2405 680 herede

1307 687 1427 723 soluta
1476 691 1554 723 arte
1576 687 1698 731 fundi,
1731 697 1823 733 quae
1845 687 1979 722 Maevii
2009 686 2098 730 fuit,
2130 697 2175 723 ex
2198 689 2267 725 alio
2292 693 2405 726 testa·

1305 735 1426 785 mento
1449 699 1716 786 {iberationem-
1744 733 1948 785 optingere,
1990 741 2106 776 neque
2141 737 2267 785 postea
2301 738 2406 781 parte

1308 780 1328 813 2
1377 777 1535 813 alienata
1557 788 1719 813 revocari
1746 782 1923 814 actionem
1947 777 2056 813 semel
2081 781 2285 815 extinctam.
2334 779 2407 816 Sed

1309 822 1340 858 si
1362 833 1449 868 pars
1472 822 1576 859 fundi
1600 823 1820 869 simpliciter,
1845 833 1918 859 non
1943 832 2036 868 quae
2054 822 2186 858 Maevii
2209 823 2287 868 fuit,
2311 825 2405 871 lege-

1308 872 1380 910 tur,
1404 868 1536 904 solutio
1560 868 1660 914 prior
1685 879 1756 904 non
1779 869 1930 914 peremit
1952 868 2102 903 alteram
2127 869 2315 913 actionem,
2348 874 2404 906 at-

1307 923 1378 993 que
1401 913 1510 949 etiam
1533 914 1628 949 hanc
1665 914 1814 949 eandem
1837 917 1977 959 partem
2007 914 2128 958 aliquo
2160 914 2266 951 modo
2303 926 2407 951 suam

1324 962 1443 995 actam
1466 959 1599 1004 poterit
1622 959 1713 995 alter
1742 959 1846 994 heres
1871 959 2025 995 solvere:
2058 961 2200 1004 nequess
2223 960 2345 1005 plures
2367 962 2407 996 in

1307 1014 1380 1040 uno
1405 1003 1517 1040 fundo
1543 1004 1738 1040 dominium
1771 1004 1860 1040 iuris
1890 1004 2094 1047 intellectu,
2130 1015 2203 1040 non
2235 1005 2407 1042 divisione

1309 1052 1329 1084 3
1378 1049 1539 1095 corporis
1571 1050 1745 1095 optinent.
1791 1049 1876 1085 Non
1906 1049 2001 1085 idem
2035 1050 2292 1095 respondetur,
2325 1062 2408 1087 cum

1309 1094 1450 1131 duobus
1474 1095 1698 1131 testamentis
1721 1095 1919 1140 generatim
1934 1095 2040 1130 homo
2060 1095 2221 1140 legatur:
2246 1106 2331 1131 nam
2347 1097 2409 1142 qui

1308 1139 1467 1176 solvente
1491 1140 1605 1177 altero
1630 1140 1794 1186 legatarii
1817 1140 1937 1176 factus
1962 1144 2017 1176 est
2033 1140 2192 1186 quamvis
2215 1145 2345 1186 postea
2361 1142 2409 1177 sit

1309 1185 1504 1228 alienatus,
1537 1186 1584 1221 ab
1617 1186 1730 1222 altero
1765 1186 1896 1221 herede
1919 1185 2014 1221 idem
2044 1185 2135 1221 solvi
2157 1196 2231 1222 non
2254 1187 2407 1232 poterit:

1308 1230 1503 1276 eademque
1526 1231 1619 1267 ratio
1644 1231 1890 1276 stipulationis
1915 1234 1979 1266 est.
2025 1230 2180 1266 hominis
2198 1232 2291 1267 enim
2310 1232 2407 1278 lega-

1307 1279 1385 1311 tum
1409 1277 1581 1312 orationis
1617 1276 1829 1322 compendio
1861 1276 2021 1321 singulos
2052 1276 2215 1312 homines
2248 1278 2410 1313 continet

1307 1325 1420 1367 utque
1443 1322 1490 1357 ab
1513 1322 1615 1358 initio
1639 1332 1713 1358 non
1738 1322 1902 1358 consistit
1924 1322 1962 1357 in
1985 1322 2041 1357 his
2066 1322 2128 1374 qui
2142 1322 2306 1368 legatarii
2330 1322 2407 1359 fue-

1307 1370 1404 1410 runt,
1428 1367 1479 1402 ita
1503 1366 1641 1403 frustra
1665 1367 1815 1403 solvitur
1846 1367 1948 1403 cuius
1985 1367 2180 1403 dominium
2203 1371 2332 1413 postea
2355 1369 2407 1404 le-

1307 1412 1468 1457 gatarius
1494 1412 1647 1458 adeptus
1671 1417 1737 1456 est,
1761 1413 1905 1448 tametsi
1936 1412 2101 1448 dominus
2134 1423 2213 1448 esse
2237 1413 2368 1449 desinit
2381 1415 2407 1450 ⁷.

1309 1461 1331 1493 4
1377 1458 1419 1493 Ιιι
1442 1457 1556 1493 fundo
1581 1458 1700 1503 legato
1724 1458 1756 1494 si
1778 1458 1883 1494 heres
1907 1457 2099 1503 sepelierit,
2124 1458 2326 1495 aestimatio
2350 1468 2408 1494 re-

1308 1502 1457 1539 ferenda
1481 1503 1549 1538 erit
1571 1503 1620 1539 ad
1643 1506 1759 1539 totum
1776 1503 1933 1549 pretium
1955 1502 2068 1546 fundi,
2094 1514 2164 1549 quo
2182 1504 2301 1549 potuit
2324 1508 2410 1541 ante

1308 1548 1530 1594 sepulturam
1553 1548 1753 1585 aestimari:
1779 1558 1892 1594 quare
1915 1548 1947 1585 si
1969 1548 2078 1584 fuerit
2101 1549 2262 1592 solutus,
2294 1550 2408 1586 actio-

1309 1604 1391 1629 nem
1415 1593 1535 1630 adhuc
1560 1604 1606 1630 ex
1635 1597 1851 1630 testamento
1883 1597 2032 1640 propter
2061 1594 2182 1629 locum
2213 1594 2409 1631 alienatum

1310 1642 1329 1674 5
1377 1638 1508 1675 durare
1531 1639 1681 1675 rationis
1707 1642 1772 1675 est.
1818 1639 1933 1682 Eum,
1977 1639 2038 1685 qui
2061 1639 2108 1675 ab
2139 1649 2211 1676 uno
2237 1649 2281 1675 ex
2304 1640 2408 1677 here-

1309 1683 1425 1727 dibus,
1451 1684 1512 1730 qui
1536 1684 1635 1720 solus
1660 1687 1831 1720 oneratus
1854 1684 1992 1726 suerat,
2024 1684 2097 1720 litis
2121 1685 2409 1722 aestimationem

1308 1730 1448 1775 legatae
1460 1729 1512 1765 rei
1525 1729 1685 1773 abstulit,
1701 1733 1830 1775 postea
1847 1729 2020 1765 codicillis
2033 1730 2167 1783 apertis
2180 1730 2228 1766 ab
2241 1731 2409 1767 omnibus

1309 1775 1501 1810 heredibus
1542 1775 1701 1810 eiusdem
1731 1775 1785 1811 rei
1822 1775 1969 1811 relictae
2000 1775 2075 1811 dixi
2106 1774 2304 1811 dominium
2334 1787 2410 1813 non

1309 1830 1503 1866 quaerere:
1528 1830 1610 1856 eum
1621 1820 1726 1864 enim,
1752 1820 1813 1866 qui
1854 1820 1993 1856 Iuribus
2009 1820 2199 1866 speciebus
2223 1820 2313 1857 iuris
2328 1826 2409 1858 ute-

1308 1869 1428 1908 retur,
1464 1876 1538 1902 non
1570 1865 1714 1911 saepius
1746 1875 1815 1901 ean
1840 1876 1896 1901 em
1926 1876 2003 1901 rem
2033 1865 2148 1902 eidem
2178 1866 2315 1911 legare,
2346 1866 2411 1903 sed

1310 1914 1330 1947 6
1378 1910 1476 1964 loqui
1500 1911 1656 1956 saepius.
1704 1910 1835 1947 Fundo
1859 1910 1978 1956 legato
2003 1911 2035 1947 si
2057 1921 2145 1947 usus
2162 1910 2303 1948 fructus
2321 1912 2409 1948 alie-

1309 1967 1378 1992 nus
1402 1960 1459 1999 sit,
1484 1956 1595 1992 nihilo
1620 1956 1738 1992 minus
1773 1956 1951 2002 petendus
1982 1959 2039 1992 est
2069 1956 2115 1992 ab
2140 1956 2289 1993 herede:
2321 1968 2410 1994 usus

1309 2001 1450 2037 fructus
1475 2001 1569 2037 enim
1593 2001 1661 2037 etsi
1675 2001 1712 2036 in
1728 2001 1817 2044 iure,
1841 2012 1915 2037 non
1929 2001 1967 2037 in
1989 2005 2094 2054 parte
2111 2002 2287 2046 consistit,
2312 2012 2410 2039 emo-

1309 2047 1506 2082 lumentum
1529 2050 1650 2082 tamen
1672 2046 1725 2082 rei
1742 2047 1924 2083 continet:
1950 2057 2127 2083 emmvero
2152 2046 2265 2083 fundo
2282 2048 2408 2086 relicto

1311 2092 1357 2128 ob
1380 2092 1536 2138 reliquas
1563 2092 1852 2144 praestationes,
1884 2102 1978 2138 quae
2008 2092 2167 2138 legatum
2198 2096 2411 2138 sequuntur,

1310 2140 1449 2183 agetur,
1473 2137 1574 2173 verbi
1588 2137 1706 2183 gratia
1722 2138 1754 2173 si
1776 2137 1910 2173 fundus
1931 2138 1966 2183 pi
2017 2138 2072 2173 ori
2096 2137 2202 2173 datus
2219 2138 2275 2174 vel
2291 2139 2410 2174 aliena

1309 2182 1491 2228 possessio
1509 2182 1566 2218 sit.
1606 2193 1680 2219 non
1695 2183 1790 2218 idem
1805 2182 1946 2228 placuit
1988 2193 2007 2219 e
2020 2183 2148 2219 ceteris
2165 2183 2409 2220 servitutibus.

1310 2229 1367 2263 sin
1391 2232 1512 2263 autem
1526 2237 1585 2263 res
1601 2238 1683 2264 mea
1697 2228 1838 2273 legetur
1854 2228 1951 2271 mihi,
1975 2228 2133 2274 legatum
2152 2239 2218 2273 pro
2246 2233 2302 2264 ter
2320 2229 2411 2266 istas

1312 2276 1329 2307 7
1380 2283 1510 2309 causas
1549 2283 1624 2309 non
1661 2273 1806 2309 valebit.
1871 2274 1907 2309 A
1940 2273 2181 2319 municipibus
2219 2240 2411 2311 Hei-edibus

1310 2318 1455 2364 scriptis
1479 2318 1643 2354 detracto
1667 2328 1739 2355 usu
1762 2318 1885 2355 fructu
1907 2318 2019 2364 legari
2048 2319 2253 2364 proprietas
2276 2323 2410 2365 potest,

1310 2363 1396 2409 quia
1418 2374 1493 2400 non
1515 2363 1648 2399 utendo
1672 2367 1827 2410 possunt
1850 2374 1956 2400 usum
1978 2363 2137 2400 fructum
2159 2363 2335 2400 amittere.

1357 2407 1410 2447 67
1439 2408 1568 2445 ιἸΒΕΜ
1588 2409 1681 2445 libro
1711 2419 1808 2445 nono
1831 2409 1969 2446 decimo
1993 2410 2245 2455 quaestionum
2293 2409 2412 2446 Unum

1311 2464 1355 2490 ex
1377 2454 1514 2490 familia
1534 2457 1684 2500 propter
1705 2454 2020 2490 fideicommissum
2043 2463 2067 2490 a
2090 2464 2129 2490 se
2146 2465 2228 2490 cum
2252 2466 2410 2491 morere-

1309 2503 1370 2535 tur
1392 2500 1558 2536 relictum
1580 2499 1686 2535 heres
1711 2499 1841 2545 eligere
1857 2499 1984 2535 debet:
2010 2499 2043 2535 ei
2067 2509 2171 2545 quem
2193 2500 2300 2546 elegit
2314 2500 2410 2537 frus-

1309 2548 1368 2580 tra
1390 2548 1605 2581 testamento
1639 2555 1704 2580 suo
1738 2545 1834 2590 legat
1865 2544 1978 2590 quod,
2013 2548 2250 2591 posteaquam
2273 2545 2410 2582 electus

1311 2594 1376 2634 est,
1410 2601 1455 2626 ex
1478 2590 1550 2626 alio
1582 2592 1798 2626 testamento
1830 2594 1955 2636 petere
1984 2593 2116 2635 potest.
2171 2593 2294 2626 utrum
2325 2601 2410 2636 ergo

1309 2646 1384 2672 non
1408 2635 1570 2671 constitit
1585 2634 1682 2680 quod
1701 2634 1818 2677 datur,
1868 2635 1948 2671 uasi
1964 2634 2133 2671 creditori
2148 2635 2325 2679 relictum,
2350 2647 2410 2679 an,

1310 2681 1481 2727 quamdiu
1503 2684 1625 2733 potest
1647 2680 1779 2715 mutari
1801 2691 1845 2716 vo
1862 2683 1980 2723 untas,
2013 2690 2088 2716 non
2110 2684 2209 2717 recte
2242 2681 2412 2717 creditori

1311 2726 1608 2772 comparabitur?
1643 2725 1717 2761 sive
1740 2730 1862 2760 tamen
1893 2725 2026 2760 durat⁹
2061 2725 2199 2769 electio,
2223 2725 2335 2763 fuisse
2358 2727 2411 2762 vi-

1311 2771 1417 2807 detur
1440 2771 1617 2814 creditor,
1649 2771 1723 2806 sive
1745 2774 1921 2812 mutetur,
1954 2780 2000 2806 ex
2033 2774 2161 2807 neutro
2193 2774 2410 2808 testamento

1314 2820 1330 2851 1
1378 2816 1503 2862 petitio
1521 2816 1703 2861 competit.
1745 2815 1783 2851 Si
1806 2815 1850 2851 de
1865 2816 1893 2837 ¹⁰
1908 2815 2072 2851 Falcidia
2095 2819 2303 2869 quaeratur,
2327 2827 2410 2863 per·

1310 2861 1394 2897 inde
1417 2861 1537 2897 omnia
1560 2861 1800 2897 servabuntur
1822 2871 1867 2896 ac
1890 2861 1922 2897 si
1944 2862 2155 2897 nominatim
2178 2862 2223 2904 ei,
2249 2862 2310 2907 qui
2325 2873 2410 2908 pos-

1311 2910 1372 2942 tea
1395 2907 1530 2942 electus
1555 2910 1621 2949 est,
1644 2906 1759 2951 primo
1783 2909 1999 2942 testamento
2016 2906 2331 2943 fideicommissum
2353 2918 2409 2944 re-

1310 2952 1434 2987 lictum
1451 2951 1598 2987 fuisset:
1624 2962 1697 2987 non
1714 2950 1806 2987 enim
1818 2951 1974 2988 facultas
1987 2953 2214 2988 necessariae
2227 2952 2410 2988 electionis

1311 3007 1378 3042 pro
1405 2997 1480 3031 riae
1503 2996 1730 3032 liberalitatis
1761 2996 1973 3032 beneficium
1997 3000 2071 3034 est:
2106 2997 2193 3044 quid
2225 3001 2280 3033 est
2304 2998 2409 3040 enim,

1311 3007 1409 3087 quoii
1432 3041 1477 3077 de
1506 3051 1571 3076 suo
1600 3041 1765 3076 videatur
1792 3042 1997 3095 reliquisse,
2031 3042 2094 3088 qui
2118 3043 2215 3095 quod
2238 3043 2409 3087 relinquit

1311 3090 1331 3122 2
1379 3086 1580 3122 omnimodo
1604 3086 1754 3123 reddere
1769 3086 1922 3123 debuit?
1959 3087 2016 3123 Ita
2041 3098 2087 3124 ue
2110 3089 2193 3131 si¹¹,
2219 3098 2300 3123 cum
2315 3088 2411 3123 forte

1310 3136 1384 3168 tres
1409 3142 1454 3167 ex
1482 3131 1620 3166 familia
1650 3134 1770 3167 essent
1793 3133 1889 3175 eius,
1926 3133 1988 3178 qui
2033 3132 2329 3168 ‘deicommissum
2351 3142 2408 3167 re-

1310 3177 1433 3223 liquit,
1470 3176 1595 3212 eodem
1625 3177 1681 3211 vel
1705 3176 1840 3222 dispari
1869 3178 2007 3230 gradu,
2038 3178 2126 3214 satis
2151 3178 2218 3213 erit
2240 3178 2303 3212 uni
2325 3177 2408 3212 reli-

1313 3222 1453 3268 quisse:
1490 3232 1574 3256 nam
1595 3225 1788 3267 postquam
1810 3227 1968 3268 paritum
1992 3227 2047 3258 est
2069 3223 2265 3264 voluntati,
2299 3221 2410 3257 ceteri

1313 3271 1332 3302 3
1382 3266 1594 3303 condicione
1618 3266 1798 3303 deficiunt.
1846 3267 1917 3304 Sed
1951 3268 1983 3304 si
2013 3278 2085 3304 uno
2118 3278 2162 3303 ex
2185 3266 2321 3302 familia
2343 3267 2407 3302 he-

1312 3312 1397 3348 rede
1420 3312 1584 3347 instituto
1608 3311 1667 3347 ille
1690 3311 1825 3349 fundus
1850 3317 2021 3349 extraneo
2045 3312 2192 3348 relictus
2225 3316 2289 3354 est,
2325 3322 2416 3356 per-⁴

1312 3357 1395 3393 inde
1418 3356 1732 3393 fideicommissum
1755 3367 1800 3393 ex
1823 3358 1886 3394 illo
1903 3361 2118 3394 testamento
2139 3360 2293 3402 petetur,
2319 3367 2362 3391 ac
2377 3356 2409 3392 si

1313 3412 1416 3439 nemo
1441 3401 1487 3437 de
1508 3401 1645 3438 familia
1666 3403 1790 3439 heredi
1819 3404 1923 3439 heres
1955 3403 2161 3438 exstitisset.
2218 3412 2341 3436 verum
2363 3402 2408 3444 is,

1336 3448 1374 3483 ui
1395 3447 1500 3482 heres
1524 3447 1679 3493 scriptus
1696 3451 1761 3491 est,
1785 3449 1926 3484 ratione
1947 3447 2021 3483 doli
2041 3446 2261 3492 exceptionis
2279 3446 2407 3482 ceteris

1339 3492 1626 3528 deicommissum
1648 3493 1852 3538 petentibus
1877 3493 1997 3528 facere
2012 3495 2151 3538 partem
2169 3491 2406 3535 intellegitur:

1312 3538 1791 3628 ἓῆῐῗιηῖῗῗῖἔὲἓὲῗίέἓὲῐξοε
1809 3536 2407 3626 ἒῗῖἆῖῗὲῗῡᾱθθέαἶὲιῗῑξέἓῗξῖῗῶἑ

1319 3701 1335 3735 §
1351 3703 1367 3729 8
1382 3697 1425 3739 cs.
1441 3696 1522 3730 Inst.
1538 3697 1569 3736 2,
1583 3703 1632 3737 20,
1646 3704 1663 3731 4
2115 3693 2175 3734 (ιο)
2202 3692 2241 3725 de
2255 3693 2292 3735 S,
2306 3705 2365 3727 om.
2378 3693 2415 3726 F

1320 3742 1374 3783 (11)
1396 3742 1515 3784 utique
1527 3741 1576 3774 sic
1588 3754 1652 3775 scr.

1769 3698 1812 3737 (9)
1839 3695 1936 3727 duret
1948 3693 2001 3726 F²

2063 3837 2130 3871 55*
