2528 3918
195 121 340 165 INST.
371 122 448 177 111,
484 124 647 165 14-16

196 243 355 297 pondere
379 254 525 281 numero
547 253 756 280 mensurave
776 246 953 287 constant,
978 244 1087 282 veluti
1104 244 1185 280 vino
1206 243 1286 280 oleo

198 291 374 325 strumento
395 290 548 335 pecunia
566 292 753 325 numerata
771 298 854 325 aere
873 293 1019 334 argento
1040 300 1138 332 aure,
1169 289 1287 335 ¹'quas

200 336 267 372 'res
291 338 355 371 aut
378 334 598 371 numerando
623 337 687 369 aut
710 333 886 369 metiendo
915 335 980 369 aut
1002 332 1189 378 pendendo
1224 334 1287 369 in²

198 381 277 417 'hoc
301 380 436 422 damus,
461 383 501 415 ut
520 379 770 424 accipientium
786 379 877 415 fiant
895 384 931 415 et
950 381 1164 425 quandoque
1182 379 1286 415 nobis

197 427 278 462 'non
302 426 447 461 eaedem
470 435 539 468 res,
564 424 628 461 sed
651 425 742 460 aliae
766 424 921 460 eiusdem
946 429 1096 460 naturae
1116 428 1151 460 et
1171 425 1284 470 quali-

197 472 291 507 'tatis
315 470 520 506 reddantur.
558 470 653 506 unde
676 470 783 505 etiam
807 474 968 506 mutuum
988 470 1206 515 appellatum
1226 471 1284 512 sit,

196 517 288 562 'quia
310 517 362 552 ita
385 526 408 551 a
430 526 487 551 me
510 515 575 551 tibi
598 515 713 559 datur,
736 519 778 551 ut
801 526 845 551 ex
868 526 945 551 meo
971 519 1071 551 tuum
1095 515 1180 551 fiat:
1216 516 1286 551 ex³

196 573 238 598 eo
272 565 461 597 contractu
492 561 654 598 nascitur
684 562 778 597 actio
803 571 895 613 quae
918 564 1068 596 vocatur
1092 561 1282 597 condictio.

199 611 212 642 1
265 607 333 642 ⁴'Is
366 617 527 652 quoque,
560 607 621 659 qui
643 617 716 642 non
741 606 898 642 debitum
922 606 1063 651 aceepit
1085 606 1132 642 ab
1157 617 1198 642 eo
1224 605 1284 651 qui

196 653 268 698 'per
304 662 458 688 errorem
492 652 613 695 solvit,
646 663 686 688 re
717 651 920 696 obligatur⁴:
958 651 1135 704 daturque
1165 651 1284 696 agenti

194 701 320 733 contra
353 708 433 732 eum
467 702 614 765 propter
647 698 893 743 repetitionem
926 697 1140 733 condicticia
1174 697 1280 732 actio.

195 744 287 778 'nam
318 743 466 788 proinde
499 743 531 779 ei
579 743 719 779 condici
749 746 867 788 potest
891 742 934 777 ‘si
957 746 1061 788 paret
1085 753 1166 778 eum
1197 742 1283 778 dare

194 789 392 834 '‘oportere’
417 799 462 824 ac
485 789 516 825 si
539 792 703 824 mutuum
734 788 949 833 accepisset:
982 787 1079 824 unde
1111 788 1281 833 pupillus,

194 834 234 870 *si
258 833 290 870 ei
313 834 389 869 sine
411 834 540 870 tutoris
565 834 779 870 auctoritate
804 843 876 868 non
901 833 1059 869 debitum
1090 844 1155 879 per
1186 843 1281 869 erro-

194 881 277 915 'rem
302 879 425 915 datum
449 884 515 923 est,
539 890 612 915 non
636 882 777 914 tenetur
794 878 944 913 indebiti
964 878 1190 915 condictione
1210 889 1282 914 non

195 925 314 970 'magis
346 936 453 971 quam
482 925 596 961 mutui
628 924 782 960 datione.
827 924 891 959 sed
914 924 1004 960 haec
1029 924 1167 970 species
1191 924 1280 961 obli-

194 971 353 1017 'gationis
377 981 450 1006 non
473 971 614 1007 videtur
638 981 681 1006 ex
701 973 889 1005 contractu
917 969 1125 1014 consistere,
1150 981 1231 1006 cum
1251 970 1281 1005 is

194 1016 264 1062 'qui
285 1015 445 1052 solvendi
472 1016 590 1052 animo
611 1016 673 1051 dat
690 1015 801 1061 magis
823 1014 1021 1051 distrahere
1040 1015 1152 1051 voluit
1173 1026 1279 1061 nego-

192 1065 213 1097 2
261 1062 359 1097 'tium
383 1072 488 1108 quam
513 1061 744 1097 contrahere.⁴
794 1060 906 1096 ⁶Item
935 1060 966 1096 is
999 1061 1057 1097 cui
1080 1071 1137 1097 res
1162 1061 1282 1107 aliqua

193 1107 326 1143 utenda
356 1107 480 1150 datur,
515 1107 552 1142 id
583 1111 638 1142 est
669 1105 933 1149 commodatur,
964 1117 1004 1142 re
1036 1107 1215 1152 obligatur
1246 1109 1283 1142 et

192 1156 337 1189 tenetur
367 1152 581 1188 commodati
614 1151 764 1187 actione.
802 1151 865 1187 sed
897 1151 928 1187 is
959 1152 1005 1187 ab
1038 1162 1079 1188 eo
1112 1151 1174 1197 qui
1203 1163 1279 1187 mu-

191 1202 293 1234 tuum
310 1198 451 1244 accepit
468 1198 528 1234 lon
554 1209 572 1233 e
591 1197 718 1233 distat:
749 1207 903 1249 namque
922 1207 995 1232 non
1013 1197 1066 1233 ita
1083 1208 1141 1233 res
1163 1197 1280 1240 datur,

192 1248 232 1280 ut
255 1244 330 1280 eius
354 1244 428 1286 fiat,
454 1247 490 1279 et
513 1255 533 1279 o
582 1243 620 1278 id
643 1242 686 1278 de
711 1253 754 1278 ea
776 1252 815 1278 re
838 1253 918 1288 ipsa
939 1243 1163 1278 restituenda
1181 1246 1280 1278 tene-

190 1294 261 1325 tur.
297 1293 333 1326 et
355 1289 386 1325 is
418 1289 557 1334 quidem
589 1288 650 1334 qui
678 1292 841 1323 mutuum
872 1288 1029 1334 accepit,
1063 1288 1094 1324 si
1125 1288 1283 1334 quolibet

189 1335 338 1371 fortuito
364 1346 450 1370 casu
475 1334 570 1379 quod
593 1334 733 1379 accepit
764 1333 941 1376 amiserit,
974 1334 1084 1369 veluti
1114 1333 1279 1370 incendio

190 1381 295 1416 ruina
318 1380 503 1425 naufragio
528 1384 591 1415 aut
614 1380 793 1415 latreum
816 1379 1015 1415 hostiumve
1037 1379 1202 1423 incursu,
1227 1379 1280 1415 ni-

190 1426 262 1462 hilo
295 1426 411 1461 minus
443 1425 620 1470 obligatus
652 1428 846 1470 permanet.
883 1428 923 1460 at
954 1425 984 1460 is
1017 1425 1078 1470 qui
1107 1424 1282 1460 utendum

190 1472 331 1517 accepit
362 1481 447 1506 sane
479 1470 620 1516 quidem
645 1474 808 1506 exactam
832 1469 892 1505 dili
917 1470 1050 1506 entiam
1074 1470 1279 1507 custodien-

191 1517 258 1552 dae
288 1517 340 1552 rei
363 1520 547 1562 praestare
569 1516 713 1552 iubetur
735 1526 802 1551 nec
826 1515 887 1551 suf
913 1516 963 1551 cit
986 1516 1019 1552 ei
1040 1519 1179 1552 tantam
1202 1515 1281 1552 dili-

189 1563 343 1607 gentiam
361 1562 577 1605 adhibuisse,
602 1565 773 1607 quantam
789 1561 863 1597 suis
882 1561 990 1597 rebus
1009 1561 1179 1597 adhibere
1198 1561 1280 1598 soli-

190 1615 249 1643 tus
282 1612 355 1650 est,
386 1607 417 1643 si
447 1607 553 1643 modo
586 1607 677 1643 alius
709 1606 910 1652 diligentior
941 1607 1073 1653 poterit
1104 1617 1182 1643 eam
1205 1617 1281 1643 rem

191 1653 386 1690 custodire:
413 1652 476 1689 sed
498 1663 563 1699 pro
591 1656 646 1689 ter
668 1652 838 1688 maiorem
861 1652 932 1687 vim
955 1652 1151 1689 maioresve
1175 1663 1281 1689 casus

189 1710 262 1735 non
282 1702 434 1741 tenetur,
459 1698 489 1734 si
508 1709 565 1734 mo
592 1710 613 1734 o
633 1709 706 1734 non
725 1697 855 1733 huius⁷
876 1698 982 1743 culpa
997 1698 1028 1734 is
1049 1709 1154 1734 casus
1170 1699 1280 1734 inter-

190 1744 340 1780 venerit:
383 1744 541 1790 alioquin
574 1743 605 1780 si
636 1743 674 1779 id
707 1743 804 1789 quod
834 1743 900 1779 tibi
931 1744 1195 1780 commodatum
1226 1747 1281 1780 est

189 1800 335 1836 peregre
364 1789 460 1826 ferre
483 1793 602 1826 tecum
626 1789 793 1825 malueris
817 1792 854 1824 et
876 1789 930 1825 vel
952 1789 1100 1825 incursu
1123 1789 1280 1825 hostium

188 1835 452 1881 praedonumve
474 1835 529 1870 vel
548 1834 735 1880 naufragio
755 1834 928 1878 amiseris,
954 1834 1102 1870 dubium
1121 1846 1193 1871 non
1214 1839 1279 1878 est,

189 1881 275 1926 quin
294 1880 339 1916 de
359 1880 579 1916 restituenda
599 1891 641 1916 ea
660 1891 699 1915 re
717 1880 882 1916 tenearis.
918 1880 1143 1916 commodata
1161 1884 1280 1916 autem

188 1936 246 1962 res
269 1930 357 1962 tunc
389 1926 534 1972 proprie
563 1926 800 1971 intellegitur,
831 1926 864 1961 si
894 1926 993 1961 nulla
1024 1926 1187 1962 mercede
1218 1937 1279 1962 ac-

190 1974 295 2024 cepta
324 1972 380 2007 vel
411 1972 607 2007 constituta
637 1982 695 2007 res
725 1971 791 2007 tibi
820 1970 957 2007 utenda
980 1971 1066 2007 data
1089 1976 1154 2008 est.
1191 1972 1279 2007 alio-

189 2028 275 2063 qmn
298 2017 461 2053 mercede
484 2017 739 2053 interveniente
762 2017 902 2053 locatus
926 2016 992 2052 tibi
1010 2028 1097 2053 usus
1112 2017 1164 2053 rei
1182 2017 1279 2053 vide-

189 2065 209 2098 3
255 2066 331 2098 tur:
345 2062 540 2108 gratuitum
553 2062 646 2098 enim
658 2062 762 2098 debet
774 2072 852 2098 esse
863 2062 1137 2098 commodatum.
1170 2063 1279 2099 Prae-

188 2112 288 2144 terea
311 2111 347 2144 et
369 2108 412 2151 is,
436 2108 534 2160 apud
582 2118 663 2143 uem
686 2118 742 2144 res
767 2108 888 2154 aliqua
906 2107 1108 2153 deponitur,
1131 2119 1171 2145 re
1190 2108 1278 2145 obli-

188 2157 293 2199 gatur
317 2154 378 2189 et⁸
401 2157 543 2190 actione
592 2153 729 2199 epositi,
755 2154 815 2199 qui
839 2153 970 2199 etipse
991 2153 1035 2189 de
1054 2164 1098 2190 ea
1115 2165 1155 2190 re
1172 2165 1280 2199 quam

190 2199 332 2245 accepit
362 2199 584 2236 restituenda
613 2202 765 2235 tenetur.
802 2198 867 2235 sed
890 2199 921 2234 is
945 2209 990 2235 ex
1014 2209 1054 2235 eo
1079 2200 1156 2235 solo
1180 2204 1278 2235 tene-

188 2249 266 2287 tur,
291 2244 322 2280 si
346 2244 431 2290 quid
454 2244 536 2281 dolo
562 2244 795 2288 commiserit,
828 2244 956 2290 culpae
980 2249 1100 2280 autem
1123 2245 1277 2288 nomine,

187 2290 225 2326 id
248 2294 304 2326 est
327 2289 483 2326 desidiae
506 2293 614 2336 atque
636 2289 896 2336 neglegentiae,
921 2300 995 2326 non
1017 2293 1178 2326 tenetur:
1209 2290 1278 2326 ita-

213 2346 259 2371 ue
282 2345 430 2371 securus
451 2338 506 2371 est
530 2335 591 2381 qui
616 2346 743 2381 parum
762 2335 947 2380 diligenter
967 2335 1182 2372 custoditam
1203 2346 1277 2371 rem

205 2385 285 2416 urto
311 2381 447 2423 amisit,
479 2381 581 2426 quia,
614 2381 674 2426 qui
698 2381 896 2426 neglegenti
919 2381 1033 2417 amico
1057 2392 1133 2417 rem
1157 2385 1276 2418 custo-

189 2426 354 2462 diendam
384 2425 495 2461 tradit
505 2427 531 2469 ⁹,
563 2437 650 2462 suae
673 2426 837 2462 facilitati
859 2425 897 2461 id
910 2427 937 2448 ¹⁰
960 2426 1137 2472 imputare
1161 2427 1275 2463 debet.

189 2475 210 2507 4
257 2471 420 2507 Creditor
443 2482 585 2518 quoque
609 2472 670 2517 qui
693 2471 820 2517 pignus
850 2472 990 2517 accepit
1020 2483 1060 2508 re
1087 2473 1276 2518 obligatur,

190 2517 250 2562 qui
281 2521 318 2552 et
350 2517 428 2562 ipse
458 2517 503 2553 de
535 2527 577 2553 ea
599 2517 680 2563 ipsa
701 2528 742 2553 re
765 2527 871 2563 quam
894 2517 1036 2563 accepit
1057 2518 1278 2554 restituenda

188 2566 330 2598 tenetur
353 2563 495 2599 actione
516 2562 761 2608 pigneraticia.
798 2562 861 2598 sed
885 2562 968 2608 quia
990 2563 1119 2609 pignus
1142 2563 1276 2600 utrius-

189 2618 259 2653 que
282 2608 398 2652 gratia
422 2608 539 2651 datur,
564 2612 601 2644 et
624 2607 814 2651 debitoris,
839 2619 908 2655 quo
932 2609 1044 2653 magis
1069 2609 1102 2645 ei
1123 2609 1278 2655 pecunia

190 2653 412 2696 crederetur,
447 2658 482 2689 et
512 2653 715 2697 creditoris,
748 2663 818 2699 quo
850 2664 908 2689 ma
933 2653 962 2689 ‘s
994 2654 1026 2690 ei
1057 2654 1095 2690 in
1129 2658 1206 2690 tuto
1231 2654 1278 2690 sit

190 2698 372 2741 creditum,
397 2698 534 2743 placuit
557 2698 741 2742 sufficere,
767 2698 861 2744 quod
884 2709 907 2734 a
955 2709 1034 2735 eam
1055 2711 1131 2736 rem
1155 2703 1275 2736 custo-

189 2743 354 2779 diendam
367 2748 529 2779 exactam
543 2743 758 2789 diligentiam
769 2744 974 2780 adhiberet:
996 2756 1102 2790 quam
1120 2745 1152 2782 si
1170 2755 1276 2792 prae-

189 2789 319 2824 stiterit
342 2794 378 2824 et
401 2789 520 2834 aliquo
544 2789 695 2825 fortuitu
719 2800 807 2826 casu
825 2800 900 2825 rem
920 2790 1087 2834 amiserit,
1112 2801 1276 2827 securum

190 2844 269 2870 esse
292 2844 358 2870 nec
382 2834 544 2880 impediri
569 2834 742 2871 creditum
765 2838 898 2881 petere.

679 2929 749 2967 XV
761 2929 787 2949 ii

394 2993 455 3026 DE
475 2993 726 3027 VERBORUM
751 2995 1070 3028 OBLIGATIONE.

241 3060 268 3081 ¹2
276 3059 403 3095 Verbis
435 3059 604 3105 obligatio
630 3060 854 3097 contrahitur
877 3071 921 3097 ex
942 3061 1218 3115 interrogatione
1242 3065 1278 3098 et

188 3115 365 3151 responsu
379 3105 418 3149 ¹³,
450 3116 531 3141 cum
562 3105 646 3150 quid
678 3105 755 3141 dari
785 3106 903 3143 fierive
926 3107 1029 3143 nobis
1053 3107 1274 3153 stipulamur.

189 3161 234 3187 ex
258 3161 329 3195 qua
352 3150 445 3186 duae
468 3150 745 3203 proficiscuntur
768 3152 946 3195 actiones,
979 3157 1053 3189 tam
1086 3151 1275 3196 condictio,

189 3196 222 3232 si
239 3199 343 3232 certa
366 3195 412 3231 sit
435 3195 635 3241 stipulatio,
661 3206 767 3241 quam
791 3207 835 3232 ex
858 3197 1049 3242 stipulatu,
1074 3198 1106 3233 si
1127 3197 1274 3233 incerta.

190 3251 282 3287 quae
312 3241 382 3277 hoc
413 3242 555 3277 nomine
584 3241 668 3276 inde
697 3242 827 3284 utitur,
863 3243 946 3287 quia
980 3243 1150 3288 stipulum
1180 3243 1277 3289 apud

189 3290 327 3367 {oteres
350 3286 490 3322 firmum
514 3286 782 3332 appellabatur,
813 3286 908 3323 forte
938 3299 960 3324 a
984 3288 1105 3335 stipite
1128 3288 1275 3325 descen·

215 3341 289 3368 ens.

194 3381 207 3412 i
302 3377 346 3412 In
364 3376 434 3412 hac
450 3386 490 3412 re
506 3376 589 3412 olim
608 3376 695 3412 talia
711 3376 820 3412 verba
838 3377 970 3413 tradita
980 3378 1146 3415 fuerunt:
1167 3389 1185 3415 s
1235 3390 1276 3414 n-

190 3421 279 3459 des?
298 3421 469 3469 spondeo,
481 3422 684 3468 promittis?
702 3422 883 3468 promitto,
896 3422 1168 3469 fidepromittis?
1186 3389 1276 3461 ffie.

191 3538 230 3578 (1)
259 3536 336 3571 Gai.
349 3538 380 3579 3,
392 3544 429 3571 90
1012 3540 1055 3580 (3)
1081 3540 1134 3580 ex]
1147 3538 1227 3579 ΒΘ,
1242 3542 1275 3571 et

191 3592 230 3614 ex
243 3582 277 3616 T
328 3584 370 3621 (4)
399 3582 475 3616 Gai.
486 3583 516 3624 3,
527 3589 560 3616 91
620 3583 662 3623 (5)
688 3581 733 3623 ei]
747 3581 834 3623 Gai„
848 3581 879 3614 ei
889 3580 929 3613 ab
940 3592 978 3615 eo
990 3582 1062 3616 BT
1114 3585 1159 3624 (6)
1187 3588 1275 3623 §zA

546 3540 589 3574 (2)
614 3535 663 3577 in]
681 3536 801 3577 TGai„
814 3536 856 3569 ob
868 3537 904 3570 B

191 3629 237 3660 in.
251 3639 290 3661 ea·
306 3626 389 3661 Gaii
400 3628 419 3660 l.
435 3634 452 3661 2
465 3640 526 3661 rer.
541 3633 612 3660 cort„
627 3627 721 3670 ‹Di9.
732 3628 786 3667 44,
797 3635 856 3667 ’1,1,
867 3628 939 3669 ³..e)

191 3672 223 3705 h.
235 3672 344 3713 ipsius
359 3673 393 3705 B
485 3674 531 3714 (8)
556 3673 602 3713 et]
619 3671 690 3714 TO,
704 3685 762 3705 om.
778 3672 813 3705 B
898 3672 943 3714 (9)
968 3673 1085 3714 tradit]
1100 3674 1144 3716 B,
1157 3675 1274 3706 comit-

191 3717 236 3749 tit
246 3718 340 3761 Diq„
350 3717 465 3751 mitut
472 3717 615 3750 tradidit
630 3717 676 3750 Ἰ·
834 3718 894 3759 (ιο)
918 3717 968 3759 id]
981 3719 1024 3760 E,
1038 3718 1080 3750 ad
1094 3719 1139 3761 B,
1153 3731 1212 3753 om.
1231 3720 1276 3752 'lu

236 3763 292 3804 (ιι)
320 3763 370 3806 Cr:
386 3762 460 3797 Gai.
472 3764 503 3803 3,
514 3770 562 3797 92.
574 3769 611 3797 9³
634 3763 804 3807 D19.45,1
833 3762 910 3796 Cod.
921 3763 953 3803 8,
962 3770 996 3797 37
1007 3767 1070 3806 (ss)
1141 3765 1199 3806 (η)
1219 3777 1274 3808 pr.

1293 114 1350 163 36

1039 3629 1081 3670 (τ)
1105 3629 1220 3670 huius]
1238 3630 1274 3670 T,
1348 3630 1427 3664 Cocl.
1438 3631 1469 3670 8,
1479 3631 1645 3672 37(³8),10

1767 134 1828 166 DE
1856 135 2102 167 VERBORUM
2131 136 2437 170 OBLIGATIONE

1381 242 1538 296 remitto,
1560 243 1759 282 fideiubes?
1789 245 1984 289 fideiubeo,
2009 245 2137 283 dabis?
2167 246 2280 291 dabo,
2302 247 2440 286 facies?

1369 299 1496 340 aciam.
1533 292 1652 324 utrum
1675 293 1794 326 autem
1817 292 1948 327 Latina
1971 302 2019 327 an
2043 292 2184 328 Graeca
2205 293 2262 329 vel
2279 304 2351 346 qua
2369 295 2440 331 alia

1353 334 1475 380 lingua
1497 334 1679 387 stipulatio
1705 337 1938 390 concipiatur,
1961 337 2049 373 nihil
2065 337 2226 380 interest,
2250 339 2388 376 scilicet
2407 341 2439 376 si

1354 383 1505 425 uterque
1535 379 1782 425 stipulantium
1811 383 2031 418 intellectum
2065 383 2171 419 huius
2202 383 2344 429 linguae
2373 386 2422 421 ha

1353 425 1454 460 beat:
1486 435 1554 460 nec
1585 435 1732 462 necesse
1762 431 1817 462 est
1852 427 1975 463 eadem
2006 427 2127 473 lingua
2156 433 2346 476 utrumque
2374 431 2438 474 uti,

1353 470 1416 505 sed
1440 469 1575 506 sufficit
1598 476 1832 517 congruenter
1856 473 1903 508 ad
1925 472 2181 518 interrogatum
2203 475 2437 520 respondere:

1353 516 1437 561 quin
1473 516 1579 551 etiam
1611 515 1681 552 duo
1714 517 1842 554 Graeci
1870 517 2003 553 Latina
2032 518 2154 564 lingua
2188 520 2439 566 obligationem

1353 561 1565 597 contrahere
1595 566 1757 606 possunt.
1794 563 1858 599 sed
1881 563 1971 599 haec
2002 564 2186 600 sollemnia
2215 566 2325 602 verba
2355 567 2439 602 olim

1352 606 1494 652 quidem
1527 606 1564 642 in
1599 617 1668 642 usu
1700 608 1863 644 fuerunt:
1926 612 2027 644 ostea
2061 612 2180 645 autem
2213 610 2400 648 Leoniana
2412 614 2439 635 ¹⁴

1353 651 1560 687 constitutio
1573 651 1648 687 lata
1661 656 1724 696 est,
1745 664 1838 699 quae
1850 665 1890 690 so
1919 654 2087 690 emnitate
2098 655 2286 691 verborum
2297 657 2440 693 sublata

1351 707 1496 733 sensum
1519 701 1555 732 et
1577 703 1832 735 consonantem
1855 699 2074 735 intellectum
2097 699 2144 736 ab
2169 703 2321 747 utraque
2335 707 2440 748 parte

1351 743 1466 778 solum
1479 742 1695 823 ¹5desiderat,
1730 743 1815 781 licet
1846 744 2130 791 quibuscumque
2151 746 2269 783 verbis
2293 757 2438 795 expres-

1352 798 1414 824 sus
1438 798 1476 823 es
1497 815 1504 823 .

1351 836 1370 868 2
1465 833 1587 869 Omnis
1619 833 1800 879 stipulatio
1825 838 1888 870 aut
1910 845 2000 880 pure
2022 839 2086 872 aut
2108 836 2146 872 in
2169 836 2262 874 diem
2285 841 2350 874 aut
2371 840 2440 876 sub

1351 878 2053 971 ῗὲεζᾞῖἱῖἓξαῗὀοᾞέἑξέἓῗέἑὲὠέἐὲἓ
2071 883 2437 966 Ἦῗιῖἓωᾶῗῗιῶρὲἓ·

1349 970 1441 1006 iecto
1474 969 1531 1005 die
1563 981 1633 1015 quo
1665 971 1819 1015 pecunia
1850 937 2009 1008 solvgtur
2032 973 2215 1026 stipulatio
2240 956 2299 1010 iit:
2331 975 2439 1011 veluti

1351 1015 1485 1051 ‘decem
1505 1026 1633 1051 aureos
1652 1015 1774 1060 primis
1794 1016 1957 1053 kalendis
1977 1017 2117 1054 Martiis
2138 1018 2224 1054 dare
2239 1020 2438 1066 spondes?'

1350 1061 1387 1096 id
1419 1065 1557 1104 autem,
1590 1060 1686 1106 quod
1707 1061 1745 1096 in
1769 1061 1861 1096 diem
1884 1062 2115 1107 stipulamur,
2147 1064 2266 1101 statim
2297 1066 2438 1112 quidem

1350 1106 1510 1149 debetur,
1535 1106 1598 1142 sed
1621 1106 1696 1159 peti
1718 1106 1818 1152 prius
1866 1117 1949 1142 uam
1972 1107 2047 1144 dies
2070 1109 2190 1146 veniat
2207 1121 2279 1146 non
2299 1115 2436 1157 potest:

1350 1162 1393 1188 ac
1425 1162 1470 1188 ne
1502 1162 1545 1187 eo
1577 1151 1719 1197 quidem
1742 1152 1820 1197 ipso
1872 1151 1921 1196 ‘e,
1944 1153 1982 1188 in
2029 1164 2111 1190 uem
2134 1155 2316 1202 stipulatio
2341 1156 2440 1193 facta

1351 1201 1422 1240 est,
1458 1197 1534 1243 peti
1556 1200 1694 1242 potest,
1726 1197 1810 1243 quia
1840 1201 1938 1234 totus
1951 1200 1980 1220 ¹⁵
2029 1199 2078 1236 ‘es
2101 1200 2249 1237 arbitrio
2272 1201 2439 1238 solventis

1349 1243 1459 1279 tribui
1483 1243 1598 1279 debet.
1635 1252 1750 1288 neque
1774 1243 1866 1279 enim
1892 1248 2027 1280 certum
2051 1248 2106 1281 est
2125 1255 2167 1282 eo
2186 1246 2255 1289 die,
2278 1247 2315 1283 in
2335 1258 2439 1293 quem

1350 1289 1565 1334 promissum
1588 1292 1661 1331 est,
1693 1288 1816 1324 datum
1839 1300 1912 1324 non
1936 1299 2033 1333 esse,
2058 1290 2272 1337 priusquam
2285 1294 2313 1315 ¹⁶
2334 1303 2437 1339 prae-

1351 1337 1371 1369 3
1417 1337 1542 1370 tereat.
1590 1335 1640 1369 At
1663 1334 1694 1370 si
1716 1334 1769 1369 ita
1791 1334 1971 1379 stipuleris
1996 1335 2130 1372 ‘decem
2150 1347 2279 1374 aureos
2299 1348 2438 1375 annuos

1351 1379 1483 1425 ‘quoad
1506 1380 1621 1415 vivam
1644 1379 1732 1415 dare
1755 1380 1966 1424 spondes?',
1992 1384 2028 1416 et
2045 1391 2136 1427 pure
2153 1381 2252 1419 facta
2271 1383 2438 1430 obligatio

1349 1425 1564 1470 intellegitur
1602 1428 1639 1460 et
1668 1429 1921 1470 perpetuatur,
1957 1427 2041 1472 quia
2070 1427 2118 1462 ad
2147 1431 2288 1474 tempus
2318 1429 2439 1466 deberi

1350 1470 1983 1552 31¹⁰”mssssssiffimsedsflirffoi'iffiffi‘z
2000 1472 2210 1554 Ξῗῗῗιέἒὲἓθ
2235 1474 2438 1556 {bimuli}

1350 1561 1504 1607 aliquem
1528 1572 1651 1597 casum
1675 1561 1837 1597 differtur
1861 1562 2041 1608 obligatio,
2052 1529 2126 1606 Ῑῖιι,
2150 1564 2181 1600 si
2204 1546 2339 1610 aliquid
2361 1565 2437 1602 fac-

1349 1611 1426 1642 tum
1459 1606 1569 1642 fuerit
1602 1610 1666 1642 aut
1700 1617 1772 1643 non
1805 1607 1932 1650 fuerit,
1968 1608 2151 1654 stipulatio
2187 1610 2439 1654 committatur,

1349 1653 1458 1688 veluti
1482 1652 1524 1689 ‘si
1547 1652 1664 1688 Titius
1688 1653 1814 1688 consul
1837 1652 1957 1689 factus
1979 1653 2107 1698 fuerit,
2131 1654 2288 1709 quinque
2311 1667 2438 1694 aureos

1350 1698 1450 1734 ‘dare
1480 1697 1681 1744 spondes?'
1714 1698 1745 1734 si
1776 1698 1854 1743 quis
1878 1698 1930 1734 ita
1953 1699 1999 1734 sti
2026 1700 2144 1736 uletur
2167 1700 2209 1736 ‘si
2232 1712 2271 1737 in
2294 1701 2435 1748 Capito-

1350 1743 1446 1780 ‘lium
1470 1754 1542 1779 non
1565 1743 1774 1786 ascendero,
1799 1743 1884 1780 dare
1903 1755 1995 1796 spon
2021 1745 2104 1781 es?’
2126 1746 2274 1791 perinde
2293 1747 2370 1791 erit,
2394 1759 2438 1784 ac

1349 1789 1380 1826 si
1403 1789 1595 1834 stipulatus
1619 1792 1713 1825 esset
1736 1799 1817 1824 cum
1840 1793 2011 1826 morietur
2035 1790 2114 1826 dari
2136 1791 2215 1827 sibi.
2248 1802 2292 1828 ex
2316 1793 2436 1829 condi-

1350 1835 1481 1871 cionali
1503 1834 1732 1880 stipulatione
1754 1837 1894 1870 tantum
1917 1845 1999 1880 spes
2017 1839 2072 1872 est
2088 1835 2246 1873 debitum
2262 1837 2318 1881 iri,
2342 1849 2435 1875 eam-

1349 1891 1418 1926 que
1432 1881 1547 1926 ipsam
1563 1890 1662 1926 spem
1677 1879 1961 1924 transmittimus,
1985 1880 2028 1924 si,
2051 1881 2260 1928 priusquam
2275 1883 2437 1921 condicio

1349 1929 1369 1961 5
1417 1926 1559 1968 existat,
1583 1936 1679 1961 mors
1702 1925 1806 1961 nobis
1830 1925 2028 1971 contigerit.
2073 1926 2176 1963 Loca
2199 1928 2306 1964 etiam
2329 1929 2437 1966 inseri

1349 1971 1571 2017 stipulationi
1593 1971 1720 2013 solent,
1743 1971 1853 2007 veluti
1877 1970 2104 2017 ‘Carthagine
2127 1972 2213 2010 dare
2235 1973 2436 2020 spondes?

1349 2027 1442 2069 quae
1472 2016 1654 2062 stipulatio
1685 2016 1773 2069 licet
1799 2026 1889 2069 pure
1919 2016 1997 2053 fieri
2028 2017 2209 2062 videatur,
2244 2022 2366 2057 tamen
2385 2031 2438 2057 vre

1348 2073 1429 2108 ipsa
1459 2062 1568 2115 habet
1598 2066 1670 2098 tem
1696 2072 1739 2098 us
1763 2065 1951 2115 iniectum,
1987 2073 2057 2108 quo
2086 2064 2284 2117 promissor
2315 2068 2438 2102 utatur

1347 2108 1400 2206 {i}
1428 2108 1879 2206 mummpffiaffi
1895 2107 2437 2206 &ss-asiam&

1347 2199 1481 2235 inutilis
1506 2203 1573 2235 erit
1595 2199 1797 2244 stipulatio,
1823 2209 1904 2234 cuni
1926 2210 1974 2234 im
1999 2199 2154 2236 ossibilis
2178 2200 2225 2237 sit
2246 2202 2435 2248 repromis-

1348 2248 1368 2281 6
1415 2244 1480 2280 sio.
1529 2243 1783 2287 Condiciones,
1827 2254 1919 2289 quae
1954 2255 1977 2280 a
2034 2245 2266 2290 praeteritum
2300 2247 2357 2284 vel
2389 2247 2436 2284 ad

1347 2300 1518 2336 praesens
1530 2293 1670 2335 tempus
1682 2288 1898 2333 referuntur,
1919 2294 1985 2325 aut
2003 2290 2124 2326 statim
2143 2290 2326 2328 infirmant
2345 2292 2434 2329 obli-

1346 2335 1526 2381 gationem
1549 2339 1613 2370 aut
1635 2334 1779 2370 omnino
1803 2346 1877 2370 non
1901 2334 2087 2371 differunt:
2119 2336 2228 2373 veluti
2252 2337 2295 2374 ‘si
2318 2337 2436 2374 Titius

1347 2381 1485 2417 ‘consul
1519 2380 1599 2416 fuit‘
1631 2380 1686 2416 vel
1717 2380 1760 2416 ‘si
1789 2379 1945 2416 Maevius
1976 2380 2079 2423 vivit,
2115 2381 2202 2418 dare
2236 2383 2435 2429 spondes?’

1346 2437 1430 2462 nam
1461 2426 1492 2462 si
1522 2436 1566 2462 ea
1595 2425 1647 2461 ita
1670 2436 1743 2462 non
1766 2430 1869 2469 sunt,
1900 2425 1988 2461 nihil
2018 2426 2114 2462 valet
2143 2427 2344 2473 stipulatio:
2380 2429 2435 2466 sin

1346 2475 1465 2508 autem
1487 2472 1540 2507 ita
1572 2481 1611 2507 se
1640 2470 1794 2515 habent,
1825 2470 1947 2507 statim
1976 2471 2080 2507 valet.
2124 2483 2217 2518 quae
2248 2473 2342 2510 enin
2370 2485 2436 2527 per

1345 2528 1464 2553 rerum
1487 2520 1653 2553 naturam
1677 2521 1777 2553 certa
1799 2520 1902 2560 sunt,
1934 2527 2007 2552 non
2036 2522 2224 2555 morantur
2246 2518 2433 2566 obligatio-

1346 2574 1439 2606 nem,
1462 2562 1547 2599 licet
1570 2561 1667 2608 apud
1690 2572 1755 2598 nos
1778 2562 1918 2598 incerta
1941 2562 2023 2598 sint.

1346 2611 1364 2643 7
1457 2608 1542 2644 Non
1572 2608 1688 2644 solum
1717 2618 1775 2644 res
1805 2607 1844 2644 in
1874 2607 2083 2660 stipulatum
2114 2608 2242 2646 deduci
2271 2614 2433 2656 possunt,

1345 2653 1410 2690 sed
1441 2654 1548 2689 etiam
1577 2653 1694 2689 facta:
1726 2656 1768 2689 ut
1798 2652 1830 2689 si
1842 2653 1869 2675 ¹⁷
1892 2653 2103 2699 stipulemur
2125 2653 2202 2690 fleri
2224 2654 2358 2701 aliquid
2379 2657 2435 2692 vel

1345 2710 1418 2735 non
1440 2698 1529 2735 fieri.
1572 2702 1609 2735 et
1639 2699 1676 2734 in
1706 2697 1909 2735 huiusmodi
1938 2698 2231 2745 stipulationibus
2262 2701 2435 2746 optimum

1346 2745 1412 2780 erit
1435 2755 1589 2790 poenam
1619 2744 1801 2788 subicere,
1834 2754 1880 2780 ne
1910 2744 2092 2790 quantitas
2123 2744 2364 2792 stipulationis
2395 2747 2434 2783 in

1344 2791 1481 2827 incerto
1505 2790 1554 2826 sit
1575 2800 1620 2827 ac
1643 2799 1788 2826 necesse
1810 2789 1859 2826 sit
1889 2789 2004 2826 actori
2034 2789 2208 2835 probare,
2263 2791 2326 2827 uid
2356 2791 2433 2829 eius

1344 2836 1496 2872 intersit.
1531 2836 1654 2882 itaque
1677 2835 1709 2872 si
1731 2835 1810 2882 quis
1833 2838 1875 2871 ut
1896 2834 1962 2871 fiat
1983 2833 2118 2881 aliquid
2141 2835 2212 2889 stip
2253 2841 2351 2881 etur,
2381 2837 2433 2874 ita

1345 2881 1439 2917 adici
1462 2891 1580 2927 poena
1604 2881 1729 2917 debet:
1756 2879 1799 2917 ‘si
1820 2880 1872 2916 ita
1894 2879 2032 2916 factum
2055 2891 2129 2917 non
2148 2885 2227 2925 erit,
2250 2885 2328 2918 tum
2371 2893 2431 2919 oe·

1346 2930 1426 2962 ‘nae
1455 2927 1598 2963 nomine
1632 2926 1755 2963 decem
1786 2935 1914 2961 aureos
1946 2924 2032 2962 dare
2062 2925 2263 2972 spondes?’
2305 2938 2323 2964 s
2401 2928 2432 2965 si

1345 2971 1519 3017 quaedam
1542 2971 1629 3014 fieri,
1654 2970 1829 3017 quaedam
1851 2981 1923 3006 non
1945 2970 2023 3007 fieri
2041 2981 2115 3008 una
2133 2971 2257 3009 eadem
2280 2983 2326 3010 ue
2344 2983 2430 3010 con-

1347 3018 1510 3063 ceptione
1530 3017 1731 3062 stipuletur,
1753 3015 1913 3069 clausula
1932 3017 2000 3052 erit
2009 3017 2213 3055 huiusmodi
2224 2984 2430 3056 adicienda:

1346 3063 1389 3099 ‘si
1412 3062 1584 3098 adversus
1608 3073 1651 3098 ea
1673 3061 1810 3098 factum
1833 3065 1900 3097 erit
1922 3062 1995 3098 sive
2018 3061 2104 3108 quid
2122 3062 2174 3098 ita
2191 3062 2330 3100 factum
2357 3075 2431 3100 non

1347 3107 1436 3151 ‘erit,
1456 3111 1543 3144 tunc
1554 3117 1692 3153 poenae
1705 3107 1846 3143 nomine
1857 3105 1981 3144 decem
1992 3117 2120 3145 aureos
2133 3107 2218 3145 dare
2228 3109 2430 3155 spondes?’

1817 3201 1909 3242 XVI
1919 3199 1947 3222 ιι

1345 3267 1407 3301 DE
1420 3267 1597 3301 DUOBUS
1609 3268 1715 3301 REIS
1733 3267 2008 3301 STIPULANDI
2023 3266 2086 3300 ΕΤ
2102 3266 2427 3302 ΡΒΟΜΙΤΤΕΝΒΙ.

1390 3334 1440 3370 Et
1471 3334 1665 3380 stipulandi
1688 3337 1724 3370 et
1745 3333 1974 3380 promittendi
1995 3332 2066 3370 duo
2090 3333 2254 3386 pluresve
2275 3334 2329 3371 rei
2350 3334 2429 3372 fieri

1344 3384 1507 3425 possunt.
1545 3378 1739 3425 stipulandi
1761 3379 1823 3422 ita,
1848 3379 1879 3415 si
1900 3382 1984 3426 post
2005 3389 2161 3415 ommum
2179 3379 2427 3427 interrogatio-

1345 3435 1427 3461 nem
1457 3425 1651 3471 promissor
1678 3423 1896 3470 respondeat
1919 3423 2112 3471 ‘spondeo’.
2155 3428 2198 3461 ut
2226 3429 2316 3472 puta
2346 3436 2427 3463 cum

1346 3539 1392 3574 in.
1404 3552 1444 3573 est
1459 3539 1542 3574 Gaii
1551 3540 1571 3573 l.
1585 3547 1602 3574 2
1615 3552 1676 3574 rer.
1692 3547 1763 3573 cott.
1778 3540 1871 3584 (Diy.
1882 3540 1936 3582 44,
1948 3545 2010 3582 7,1‚
2021 3539 2050 3581 ¹1)
2166 3539 2225 3579 (18)
2249 3541 2425 3582 responsu]

1343 3585 1484 3629 Diqff,
1494 3595 1655 3628 responso
1667 3585 1747 3626 AB,
1760 3584 1976 3627 responsione
1992 3584 2061 3618 Tel
2074 3584 2105 3618 in
2119 3585 2172 3618 Di
2193 3581 2270 3618 ΑΜ
2365 3585 2425 3626 (14)

1761 3632 1820 3673 (1⁶)
1845 3631 1950 3671 totus]
1960 3631 2002 3669 A,
2013 3632 2104 3662 totus
2117 3630 2147 3662 is
2191 3654 2200 3671 ‚
2214 3631 2306 3663 totus
2317 3627 2376 3664 illo
2389 3629 2426 3664 B

1345 3675 1406 3717 (1⁶)
1429 3676 1478 3709 sic
1489 3675 1531 3714 A,
1545 3675 1574 3707 is
1587 3676 1648 3709 im.
1663 3675 1737 3709 BT
1822 3676 1881 3717 (¹7)
1906 3675 1935 3707 si
1949 3686 2006 3708 om.
2022 3675 2101 3709 libri

1390 3722 1450 3762 (ιε)
1479 3720 1528 3764 Cf.
1540 3721 1711 3765 Di9.45‚2
1739 3721 1817 3755 God-
1827 3721 1906 3761 Sao
