2528 3918
177 125 275 169 x2

177 246 273 292 quod
298 257 370 283 non
394 251 447 281 est
470 245 639 280 iudicium
662 244 818 280 familiae
836 245 1069 281 erciscundae
1089 244 1157 281 nisi
1175 244 1269 280 inter

180 291 371 328 coheredes
403 295 608 336 acceptum:
641 289 705 325 sed
736 291 896 336 quamvis
921 301 993 326 non
1016 291 1064 326 sit
1085 289 1268 331 iudicium,

178 342 299 373 tamen
334 335 469 372 sufficit
499 335 547 370 ad
580 335 840 380 impediendam
870 336 1136 382 repetitionem,
1172 335 1268 380 quod

178 382 257 428 quis
287 391 327 417 se
357 385 462 427 putat
492 379 779 416 condemnatum.
817 381 913 426 quod
935 382 966 416 si
989 387 1115 416 neuter
1146 389 1268 415 eorum

177 428 281 463 heres
303 426 385 468 fuit,
409 425 472 461 sed
497 425 599 471 quasi
622 425 770 462 heredes
795 430 915 462 essent
938 426 1142 470 acceperint
1164 424 1267 460 fami-

177 473 246 508 liae
280 470 513 507 erciscundae
547 470 735 514 iudicium,
779 470 824 507 de
857 471 1070 516 repetitione
1104 470 1198 505 idem
1231 470 1268 505 in

177 517 338 563 utrisque
362 516 550 551 dicendum
574 520 641 558 est,
667 515 763 562 quod
783 516 936 551 diximus
955 516 993 550 in
1013 516 1136 551 altero.
1162 515 1269 560 plane

177 563 208 598 si
231 562 308 598 sine
330 561 446 597 iudice
470 561 655 597 diviserint
675 571 753 604 res,
785 562 891 597 etiam
923 560 1183 596 condictionem
1208 570 1267 596 ea-

176 618 255 643 rum
278 617 408 649 rerum,
433 617 526 687 ffiae
548 607 581 642 ei
605 610 801 649 cesserunt,
826 616 930 652 quem
954 605 1165 641 coheredem
1189 615 1268 641 esse

177 652 316 699 putavit
348 651 410 697 qui
483 652 510 687 ‘t
531 652 655 695 heres,
689 655 890 697 competere
922 651 991 686 dici
1023 654 1160 696 potest:
1194 661 1267 686 non

177 698 269 734 enim
292 700 515 733 transactum
538 697 633 732 inter
656 707 716 733 eos
740 696 973 741 intellegitur,
1010 707 1091 732 cum
1122 696 1182 732 ille
1206 707 1266 731 co-

176 742 343 779 heredem
367 752 444 778 esse
466 743 656 788 putaverit.

223 785 275 826 37
301 786 506 824 Scaevoia
538 788 629 823 libro
661 787 871 823 duodecimo
903 787 1152 832 quaestionum
1199 786 1267 831 Qui

175 833 333 869 familiae
357 833 588 869 erciscundae
611 832 742 868 iudicio
775 832 865 877 agit,
899 831 1090 867 confitetur
1104 833 1115 853 ²
1141 831 1266 867 adver-

176 879 309 915 sarium
332 878 402 914 sibi
425 888 504 914 esse
527 877 747 914 coheredem.

222 921 276 962 38
300 923 462 960 PAULUs
498 923 589 959 libro
623 923 727 958 tertio
759 933 1018 969 responsorum
1064 922 1199 957 Lucius
1232 926 1268 957 et

177 969 274 1005 Titia
306 968 439 1004 fratres
471 968 709 1013 emancipati²
744 978 767 1003 a
800 972 904 1013 patre
936 967 1049 1002 adulti
1082 971 1266 1003 curatores

177 1018 411 1060 acceperunt:
444 1014 483 1049 hi
514 1023 719 1049 communes
749 1013 921 1058 pecunias
946 1023 991 1048 ex
1013 1013 1186 1048 reditibus
1210 1023 1266 1048 re-

177 1060 302 1096 dactas
315 1060 462 1111 singulis
474 1058 850 1094 subministraveruntt
876 1062 1005 1103 postea
1027 1068 1133 1093 omne
1155 1058 1265 1103 patri-

176 1106 333 1141 monium
353 1104 566 1140 diviserunt:
592 1108 627 1138 et
638 1107 721 1149 post
731 1103 936 1139 divisionem
953 1103 1049 1138 Titia
1068 1114 1172 1139 soror
1191 1103 1265 1138 Lu-

177 1151 232 1187 cio
256 1150 361 1185 fratri
385 1160 450 1185 suo
477 1148 595 1194 coepit
618 1149 863 1194 quaestionem
887 1159 1039 1191 movere,
1064 1148 1168 1194 quasi
1191 1158 1266 1183 am-

201 1196 271 1231 lius
303 1196 502 1240 accepisset
533 1204 639 1239 quam
669 1194 748 1239 ipsa
780 1197 981 1239 acceperat.
1026 1205 1108 1229 cum
1130 1194 1265 1230 Lucius

175 1207 289 1277 gater
312 1241 387 1276 eius
411 1251 484 1275 non
515 1239 666 1284 amphus
699 1249 765 1274 sua
794 1239 979 1291 portione,
1011 1239 1118 1275 immo
1149 1239 1266 1275 minus

177 1297 283 1332 quam
314 1285 494 1320 dimidiam
529 1288 742 1320 consecutus
778 1288 843 1327 Sit,
879 1294 1032 1330 quaero,
1070 1295 1118 1320 an
1149 1285 1267 1320 Titiae

177 1335 358 1376 competat
381 1330 550 1365 adversus
574 1329 722 1365 fratrem
747 1330 853 1365 actio.
902 1330 1037 1365 Paulus
1068 1330 1265 1375 respondit,

177 1376 376 1413 secundum
403 1386 446 1410 ea
472 1385 563 1420 quae
593 1379 855 1420 proponuntur,
881 1375 911 1410 si
934 1375 1070 1410 Lucius
1094 1385 1167 1410 non
1191 1385 1266 1411 am-

175 1422 269 1469 plius
282 1432 325 1457 ex
345 1420 462 1456 reditu
481 1420 708 1465 praediorum
730 1420 971 1456 communium
990 1420 1140 1465 accepit,
1162 1431 1267 1466 quam

175 1478 240 1514 pro
265 1466 479 1502 hereditaria
502 1466 667 1511 portione
690 1465 723 1501 ei
747 1468 975 1511 competeret,
999 1466 1133 1501 nullam
1152 1466 1268 1501 sorori

176 1513 251 1548 eius
284 1511 453 1547 adversus
489 1521 570 1546 eum
605 1514 809 1563 competere
843 1511 1031 1546 actionem.
1077 1510 1173 1546 idem
1210 1521 1266 1546 re-

176 1568 194 1593 s
222 1557 339 1599 ondit,
373 1567 454 1592 cum
488 1567 531 1591 ex
563 1556 714 1591 decretis
748 1556 923 1591 alimentis
956 1566 978 1591 a
1002 1560 1169 1601 praetore
1192 1567 1266 1591 am-

174 1615 198 1648 p
215 1603 268 1638 ‘us
290 1602 438 1637 fratrem
463 1602 646 1647 accepisse
670 1601 848 1637 diceretur
872 1611 979 1647 quam
1001 1612 1170 1645 sororem,
1194 1612 1268 1637 non

174 1652 295 1683 tamen
316 1647 413 1682 ultra
435 1650 573 1692 partem
598 1646 788 1682 dimidiam.

221 1691 274 1731 39
299 1691 504 1729 SOAEVOLA
528 1692 620 1728 libro
636 1693 762 1739 primo
785 1702 1043 1740 responsorum
1089 1692 1149 1727 Ex
1163 1695 1268 1738 parte

174 1739 278 1774 heres
302 1738 487 1773 institutus
513 1747 659 1773 causam
683 1737 728 1773 de
750 1738 838 1773 totis
862 1737 986 1780 bonis,
1012 1747 1119 1782 quam
1143 1747 1265 1772 omnes

173 1784 321 1820 heredes
345 1783 576 1828 patiebantur
600 1783 645 1818 ob
668 1783 820 1818 inultam
842 1786 992 1818 mortem
1002 1783 1027 1825 ³,
1052 1783 1212 1828 suscepit
1231 1786 1267 1818 et

174 1829 347 1875 optinuit:
381 1829 529 1863 coheres
561 1828 606 1863 ab
639 1838 681 1864 eo
712 1831 852 1873 partem
883 1838 986 1863 suam
1019 1828 1167 1873 petebat
1202 1838 1268 1863 nec

200 1878 313 1910 artem
336 1877 542 1918 sumptuum
565 1872 768 1909 factorum⁴
792 1873 830 1908 in
850 1873 947 1908 litem
965 1877 1153 1918 praestare
1170 1873 1266 1909 vole-

174 1886 255 1955 ἕως
297 1919 496 1964 quaesitum
529 1922 600 1960 est,
633 1929 681 1954 an
712 1918 784 1954 doli
814 1918 976 1964 exceptio
1009 1922 1164 1954 noceret.
1210 1928 1266 1954 re-

175 1964 315 2011 spondi,
340 1964 370 1999 si
381 1964 515 1999 idcirco
537 1964 688 2009 amplius
709 1968 895 2009 erogatum
914 1967 1020 2006 esset,
1041 1963 1137 2009 quod
1155 1963 1267 2009 ipsius

174 2020 317 2056 quoque
353 2019 464 2044 causa
499 2008 647 2044 defensa
690 2013 804 2052 esset,
848 2008 1052 2044 habendam
1093 2009 1267 2044 rationem

175 2059 391 2100 sumptuum.
429 2053 492 2089 sed
511 2058 547 2089 et
567 2055 597 2089 si
618 2054 776 2090 omiserit
795 2054 867 2090 doli
880 2054 1138 2100 exceptionem,
1163 2064 1268 2099 agere

177 2103 193 2135 1
242 2104 362 2146 potest
392 2099 437 2135 de
468 2099 673 2144 recipienda
695 2100 860 2145 portione
883 2102 1102 2144 sumptuum.
1150 2099 1264 2134 Intes-

173 2149 251 2181 tato
283 2145 435 2181 moriens
468 2144 639 2180 codicillis
696 2145 818 2180 raedia
850 2155 918 2180 sua
950 2144 1071 2180 omnia
1095 2147 1131 2180 et
1153 2144 1266 2190 patri·

174 2191 333 2226 monium
362 2190 456 2225 inter
486 2189 618 2225 liberos
676 2190 771 2225 ivisit
801 2191 874 2232 ita,
906 2193 948 2225 ut
979 2189 1084 2234 longe
1115 2189 1266 2234 amplius

173 2235 247 2272 filio
272 2246 379 2281 quam
401 2235 496 2270 filiae
518 2235 752 2281 relinqueret:
778 2235 978 2281 quaesitum
1002 2238 1068 2278 est,
1093 2244 1140 2270 an
1164 2244 1267 2270 soror

173 2281 277 2316 fratri
300 2280 418 2316 dotem
442 2280 606 2316 conferre
630 2280 785 2316 deberet.
817 2291 874 2316 res
903 2280 988 2316 ondi
1006 2279 1205 2316 secundum
1224 2289 1267 2315 ea

172 2336 266 2372 quae
302 2326 605 2371 proponerentur,
642 2326 673 2361 si
707 2325 796 2360 nihil
829 2325 866 2360 in
894 2325 1019 2361 'visum
1053 2324 1266 2370 reliquisset,

173 2372 307 2407 rectius
332 2371 402 2407 dici
435 2381 478 2406 ex
510 2371 693 2406 voluntate
724 2370 885 2406 defuncti
917 2370 1141 2406 collationem
1173 2369 1265 2405 dotis

172 2419 194 2452 2
243 2427 394 2452 cessare.
443 2415 552 2452 Servo
572 2416 773 2451 libertatem
793 2415 891 2451 dedit
909 2415 971 2461 qui
990 2419 1068 2451 erat
1091 2425 1266 2450 annorum

174 2462 384 2507 quindecim,
411 2466 504 2497 ‘cum
529 2461 596 2496 erit
619 2471 793 2496 annorum
816 2461 986 2506 triginta’,
1013 2460 1125 2496 eidem
1145 2470 1190 2496 ex
1209 2459 1266 2496 die

174 2507 296 2543 mortis
326 2517 413 2542 suae
446 2506 565 2552 quoad
595 2506 727 2542 viveret
751 2506 967 2542 cibariorum
990 2506 1132 2541 nomine
1155 2505 1264 2541 dena-

174 2553 246 2588 rios
278 2552 407 2595 denos,
439 2551 621 2588 vestiarii⁵
645 2551 810 2587 denarios
834 2551 958 2596 viginti
981 2551 1137 2596 quinque
1159 2560 1263 2596 prae-

174 2597 263 2633 stari
296 2608 335 2632 se
367 2598 455 2632 velle
487 2596 716 2641 significavit:
753 2597 952 2642 quaesitum
987 2600 1058 2638 est,
1095 2606 1141 2631 an
1177 2595 1264 2631 utile

175 2646 269 2678 esset
282 2643 494 2678 cibariorum
516 2646 551 2677 et
570 2642 818 2678 vestiariorum
839 2642 1004 2687 legatum,
1026 2652 1107 2677 cum
1119 2640 1263 2676 Stichus

174 2691 258 2723 ante
281 2687 453 2723 libertatis
477 2692 617 2732 tempus
642 2687 853 2730 decesserit,
885 2689 922 2722 et
952 2697 1017 2729 an,
1051 2686 1082 2722 si
1104 2697 1176 2722 non
1209 2690 1265 2722 est

175 2732 272 2774 utile,
296 2733 399 2768 heres
424 2733 484 2778 qui
507 2732 735 2778 praestiterat
757 2742 779 2767 a
803 2732 978 2768 coherede
1001 2735 1163 2777 repetere
1178 2742 1263 2777 pos-

175 2778 232 2819 sit,
257 2787 278 2811 a
305 2777 353 2812 ud
377 2788 480 2823 quem
504 2778 721 2813 morabatur.
758 2777 928 2822 respondi
946 2787 1018 2812 non
1039 2776 1181 2822 quidem
1201 2776 1262 2812 de—

175 2822 251 2857 bita
291 2822 401 2865 uisse,
433 2823 495 2857 sed
519 2823 548 2858 si
572 2822 628 2865 id,
662 2822 758 2868 quod
782 2822 904 2858 datum
928 2826 1003 2865 est,
1035 2822 1072 2857 in
1097 2822 1264 2857 alimenta

175 2870 196 2903 3
245 2871 494 2912 consumptum
517 2868 574 2910 sit,
598 2868 710 2913 repeti
735 2878 806 2903 non
830 2878 948 2914 posse.
985 2867 1097 2902 Filius
1120 2867 1171 2902 rei
1220 2878 1262 2902 u-

175 2912 290 2947 blicae
310 2912 440 2954 debita,
459 2923 550 2957 quae
569 2917 651 2957 post
669 2918 819 2948 mortem
838 2913 953 2958 patris
974 2912 1164 2954 contraxit,
1204 2922 1262 2947 ra-

174 2957 221 2992 tri
244 2967 309 2992 suo
334 2967 398 3002 pro
449 2962 524 2993 arte
547 2957 762 2993 hereditaria
785 2963 951 3003 reputare
974 2968 1046 2993 non
1070 2961 1208 3003 potest,
1233 2957 1263 2992 si

174 3012 247 3038 non
270 3002 307 3037 in
332 3002 426 3036 omni
453 3013 494 3037 us
519 3003 606 3037 socii
630 3007 758 3045 essent,
783 3003 867 3039 licet
890 3003 1122 3038 hereditatem
1168 3006 1262 3037 ater-

173 3058 258 3083 nam
282 3057 502 3082 communem
526 3048 699 3082 haberent
722 3052 758 3083 et
780 3053 884 3093 pater
906 3059 972 3094 pro
997 3048 1109 3083 altero
1160 3047 1207 3083 lio
1224 3048 1262 3082 in

174 3096 197 3128 4
236 3092 361 3145 patria
395 3092 603 3136 magistratu
638 3093 784 3129 functus
820 3093 984 3129 decessit.
1032 3093 1133 3128 Duos
1168 3092 1261 3128 filios

172 3137 319 3183 scripsit
347 3136 493 3172 heredes
526 3141 561 3172 et
592 3142 707 3173 certos
740 3138 900 3174 homines
923 3138 1115 3183 unicuique
1138 3147 1261 3173 eorum

173 3182 407 3236 praelegavit,
439 3182 475 3216 in
506 3182 634 3227 quibus
667 3182 727 3217 uni
751 3183 971 3228 Stephanum
996 3194 1076 3218 cum
1099 3182 1259 3228 peculio:

173 3238 203 3264 ιε
227 3228 304 3263 vivo
329 3230 500 3262 testatore
524 3228 761 3263 manumissus
786 3228 956 3271 decessit,
989 3228 1117 3264 deinde
1138 3231 1259 3272 pater:

174 3273 375 3319 quaesitum
407 3277 480 3313 est,
514 3281 559 3306 an
593 3271 647 3314 id,
681 3272 776 3317 quod
807 3273 844 3308 in
868 3273 1007 3318 peculio
1032 3273 1159 3308 habuit
1182 3271 1259 3308 Ste-

173 3318 314 3364 phanus
338 3317 545 3363 priusquam
568 3318 886 3360 manumitteretur,
911 3318 957 3354 ad
977 3322 1149 3364 utrosque
1168 3317 1259 3352 filios

173 3363 352 3409 pertineat
375 3372 421 3398 an
445 3372 528 3397 vero
561 3361 607 3395 ad
639 3372 718 3396 eum
750 3363 882 3405 solum,
916 3364 975 3399 cui
1008 3374 1088 3399 cum
1119 3362 1259 3408 peculio

173 3479 215 3518 (ι)
240 3478 289 3511 eie
300 3489 362 3510 sec.
378 3476 424 3516 B,
437 3485 505 3508 non
519 3475 698 3507 confitetur
708 3475 766 3508 FS
917 3480 959 3518 (2)
984 3481 1019 3509 et
1030 3476 1215 3519 mancipati
1230 3476 1264 3508 F

173 3523 218 3564 (3)
243 3521 571 3565 testatori-sortasse
584 3521 643 3553 ins.
657 3531 720 3553 sec.
735 3519 771 3552 B
982 3523 1023 3562 (41
1049 3521 1216 3554 fauturum
1229 3521 1264 3554 F

174 3568 218 3609 (ὅ)
231 3566 334 3600 denos
342 3568 540 3605 menstruos,
554 3574 684 3598 annuos
694 3564 845 3597 vestiarii
854 3577 915 3599 ser.
927 3568 982 3609 (cf.
993 3567 1039 3600 D.
1049 3567 1103 3606 34,
1114 3573 1138 3608 ι,
1148 3574 1182 3601 18
1190 3572 1256 3610 ρν.)

175 3613 219 3653 (6)
244 3611 334 3645 ἰιιΡ1
427 3615 470 3653 (7)
495 3609 683 3653 pecuniaF
776 3611 820 3650 (8)
845 3610 992 3652 aliquam
1003 3615 1149 3653 pai-atem
1160 3611 1264 3645 insJ'

173 3657 220 3709 (9)
244 3672 289 3685 -ι
297 3657 460 3710 ρ..37,.ιι,
471 3662 506 3689 24
576 3656 635 3696 (ιο)
661 3653 785 3706 Paulus
794 3654 1006 3696 imperalium
1015 3657 1258 3709 sententiarum

173 3699 701 3787 i?b535,233225¹¹÷¹22..¹2552¹¹1›‘?5¹;3
710 3699 1258 3788 ffssssmdsgsssss‘zssptffasszissasgi

1256 119 1337 169 142

2213 139 2430 174 ramus:

1336 243 1565 290 praelegatus
1587 244 1717 281 fuerat.
1753 247 1923 292 respondi
1945 247 2140 284 secundum
2164 258 2208 284 ea
2231 260 2322 302 quae
2339 261 2430 303 pro-

1337 293 1357 324 5
1405 293 1624 335 ponerentur
1646 290 1694 326 ad
1715 294 1898 338 utrosque.
1935 292 2045 329 Pater
2063 293 2180 329 inter⁰
2198 294 2292 330 fihos
2312 294 2430 331 divisit

1337 335 1434 370 bona
1467 338 1504 370 et
1537 344 1617 370 eam
1652 335 1857 373 divisionem
1886 341 2100 373 testamento
2137 338 2360 375 confirmavit
2395 346 2431 376 et

1338 379 1442 423 cavit,
1466 383 1508 415 ut
1526 389 1587 416 aes
1607 380 1773 424 alienum,
1797 382 1895 428 quod
1913 383 2159 429 unusquisque
2179 394 2302 420 eorum
2321 385 2431 421 habet

1337 425 1411 460 sive
1432 424 1598 468 habebit,
1630 425 1728 462 solus
1752 428 1963 464 sustineret:
1995 433 2123 474 postea
2154 439 2247 465 unus
2281 440 2326 466 ex
2348 429 2429 466 filiis

1338 480 1420 506 cum
1443 470 1655 515 pecuniam⁷
1678 475 1922 516 mutuaretur,
1946 473 2135 509 intervenit
2157 478 2261 519 pater
2283 475 2431 521 eiusque

1338 525 1516 551 consensu
1539 515 1687 561 praedia
1709 527 1802 562 quae
1824 517 1897 554 filio
1918 518 2167 564 adsignaverat
2184 519 2324 572 pignori
2344 520 2431 556 data

1338 563 1442 596 sunt:
1472 565 1559 613 post
1589 565 1739 597 mortem
1761 563 1876 615 patris
1900 563 2024 599 eadem
2047 564 2196 610 praedia
2218 564 2311 600 idem
2335 565 2429 601 filius

1336 605 1509 686 Ξοεεςᾶιι,
1532 616 1663 659 usuras
1687 607 1811 643 solvitt
1835 618 1982 653 quaero,
2006 619 2053 644 an
2071 608 2229 644 familiae
2249 610 2429 646 erciscun-

1363 661 1407 686 ae
1435 650 1589 695 mdic1o,
1620 651 1652 687 si
1673 652 1821 697 praedia
1843 653 1983 699 pignori
2006 653 2092 689 data
2114 653 2292 690 distrahat
2316 656 2429 691 credi-

1336 699 1406 738 tor,
1431 695 1566 742 aliquid
1590 696 1623 732 ei
1646 706 1669 733 a
1692 697 1867 733 coherede
1890 699 2146 744 praestandum
2170 699 2227 734 sit.
2259 701 2429 745 respondi

1337 740 1536 822 seguaidum
1569 751 1613 777 ea
1646 752 1739 788 quae
1773 747 2062 789 proponerentur
2096 754 2168 779 non
2205 755 2283 780 esse
2324 755 2428 791 prae-

1336 797 1354 822 s
1395 797 1420 821 n
1445 797 1518 822 um.

1382 830 1437 870 40
1465 831 1589 868 Gema
1617 832 1708 869 libro
1733 833 1890 869 secundo
1912 833 2270 879 fideicommissorum
2315 834 2354 870 Si
2386 845 2429 870 ex

1336 887 1420 930 asse
1428 877 1532 913 heres
1550 877 1736 914 institutus
1754 882 1900 931 rogatus
1920 879 1968 914 sit
1985 879 2071 914 mihi
2089 883 2229 932 partem
2248 880 2404 926 aliquam
2416 882 2430 902 ⁸

1335 925 1535 965 restituere,
1557 922 1667 958 veluti
1689 923 1880 966 dimidiam,
1906 924 1993 959 utile
2015 924 2172 960 famniae
2196 925 2430 961 erciscundae

1335 967 1506 1003 iudicium
1528 970 1627 1004 recte
1649 969 1743 1003 inter
1764 979 1830 1004 nos
1854 972 1991 1014 agetur.

1382 1011 1433 1050 41
1448 1013 1463 1034 ⁹
1496 1012 1657 1049 Panes
1687 1014 1780 1050 libro
1841 1015 1932 1050 rimo
1968 1014 2191 1050 decretorum
2247 1013 2429 1059 Quaedam

1335 1058 1461 1093 mulier
1484 1058 1530 1093 ab
1552 1058 1671 1095 iudice
1694 1068 1787 1105 appe
1814 1063 1947 1102 averat‚
1973 1059 2069 1104 quod
2089 1059 2225 1095 diceret
2244 1070 2325 1095 eum
2341 1062 2367 1082 ¹⁰
2386 1060 2430 1096 de

1336 1102 1525 1139 dividenda
1555 1103 1752 1139 hereditate
1782 1105 1877 1140 inter
1899 1114 1939 1140 se
1962 1109 1998 1140 et
2021 1105 2230 1140 coheredem
2253 1116 2326 1140 non
2349 1109 2429 1141 tan·

1335 1152 1413 1184 tum
1435 1158 1506 1192 res,
1530 1148 1594 1184 sed
1617 1151 1693 1185 et¹¹
1716 1149 1863 1185 libertos
1888 1149 2049 1186 divisisse
2073 1154 2109 1186 et
2132 1150 2312 1193 alimenta,
2337 1161 2430 1196 quae

1336 1194 1416 1229 dari
1448 1197 1602 1230 testator
1638 1194 1745 1230 certis
1780 1194 1918 1230 libertis
1951 1195 2116 1231 iussisset
2128 1196 2173 1230 ¹²:
2206 1195 2304 1231 nullo
2337 1196 2430 1231 enim

1335 1239 1413 1275 iure
1444 1239 1482 1274 id
1513 1250 1594 1275 eum
1626 1239 1766 1275 fecisse.
1782 1240 1787 1244 ”
1804 1250 1849 1275 ex
1871 1240 2010 1276 diverso
2034 1240 2321 1286 respondebatur
2344 1251 2429 1276 con-

1336 1284 1492 1320 sensisse
1515 1294 1576 1321 eos
1601 1284 1764 1321 divisioni
1787 1289 1823 1320 et
1845 1285 1966 1321 multis
1991 1286 2093 1321 annis
2113 1286 2283 1322 alimenta
2301 1296 2429 1321 secun-

1338 1329 1423 1365 dum
1448 1329 1655 1365 divisionem
1678 1331 1901 1375 praestitisse
1915 1331 1954 1366 ¹⁸.
1989 1331 2128 1376 placuit
2151 1331 2319 1366 standum
2351 1342 2430 1367 esse

1337 1375 1585 1410 alimentorum
1607 1375 1862 1421 praestationi:
1886 1375 1950 1411 sed
1973 1380 2010 1412 et
2031 1376 2120 1411 illud
2143 1376 2273 1411 adiecit
2295 1376 2431 1412 nullam

1337 1430 1416 1456 esse
1438 1420 1648 1456 libertorum
1671 1421 1877 1457 divisionem
1888 1422 1928 1456 ¹⁴.

1383 1463 1438 1503 42
1462 1465 1692 1501 Poupomos
1712 1466 1803 1502 libro
1826 1470 1932 1502 sexto
1954 1466 2006 1501 ad
2023 1465 2197 1502 Sabinum
2244 1466 2282 1502 Si
2303 1466 2356 1502 ita
2378 1466 2430 1502 le-

1336 1514 1459 1556 gatum
1470 1510 1654 1546 fuerituni
1667 1522 1711 1547 ex
1721 1511 1930 1547 heredibus:
1953 1511 2062 1557 ‘quod
2080 1511 2167 1546 mihi
2188 1511 2304 1554 debet,
2325 1522 2429 1557 prae·

1338 1556 1472 1602 cipito',
1496 1556 1616 1592 officio
1639 1556 1767 1593 iudicis
1785 1556 1942 1592 familiae
1962 1556 2194 1592 erciscundae
2214 1557 2429 1598 continetur,

1337 1612 1383 1637 ne
1407 1602 1453 1637 ab
1478 1612 1520 1637 eo
1546 1601 1740 1638 coheredes
1770 1602 1932 1647 exigant:
1965 1612 2049 1637 nam
2081 1605 2118 1637 et
2148 1601 2179 1638 si
2209 1602 2308 1647 quod
2338 1603 2429 1638 alius

1338 1646 1486 1682 deberet
1507 1647 1715 1692 praecipere
1737 1658 1831 1682 unus
1854 1647 1974 1682 iussus
1997 1647 2126 1690 fuerit,
2158 1646 2278 1683 officio
2300 1646 2429 1683 iudicis

1337 1692 1498 1773 acgiiones
1533 1692 1565 1728 ei
1597 1692 1774 1738 praestari
1809 1692 1990 1728 debebunt
2023 1703 2089 1738 pro
2125 1692 2291 1738 portione
2322 1693 2429 1728 cohe-

1336 1748 1375 1773 re
1415 1748 1442 1772 s.

1383 1780 1436 1820 43
1469 1781 1663 1818 ULPIANUS
1685 1782 1774 1819 libro
1799 1783 2009 1829 triqensimo
2033 1782 2084 1817 ad
2106 1781 2280 1818 Sabinum
2322 1783 2429 1818 Arbi-

1336 1831 1432 1863 trum
1466 1827 1622 1863 familiae
1657 1827 1890 1863 erciscundae
1921 1827 1976 1863 vel
2006 1837 2099 1863 unus
2162 1831 2258 1863 etere
2291 1831 2428 1873 potest:

1337 1883 1421 1908 nam
1431 1883 1628 1918 provocare
1641 1872 1738 1918 apud
1757 1872 1911 1908 iudicem
1932 1872 1987 1908 vel
2007 1883 2117 1908 unum
2135 1839 2303 1908 heredem
2322 1883 2430 1919 posse

1325 1919 1458 1964 ,palam
1492 1922 1565 1954 est:
1599 1918 1706 1963 igitur
1738 1921 1774 1953 et
1803 1918 2052 1963 praesentibus
2085 1918 2211 1954 ceteris
2244 1922 2281 1953 et
2310 1918 2429 1954 invitis

1336 1963 1470 2009 poterit
1492 1963 1548 1998 vel
1571 1973 1663 1999 unus
1688 1963 1860 1998 arbitrum
1884 1973 2045 2008 poscere.

1383 2007 1438 2046 44
1462 2008 1520 2044 ΡΑ
1529 2018 1625 2044 vsvs
1652 2008 1743 2044 libro
1766 2012 1873 2044 sexto
1897 2008 1948 2043 ad
1969 2007 2143 2044 Sabinum
2189 2007 2289 2043 Inter
2321 2008 2427 2044 cohe-

1337 2054 1439 2090 redes
1465 2054 1573 2089 etiam
1604 2053 1783 2089 communi
1813 2053 2006 2089 dividundo
2038 2053 2096 2098 agi
2126 2055 2266 2098 potest,
2298 2057 2341 2088 ut
2371 2064 2428 2089 res

1338 2099 1525 2134 dumtaxat
1556 2108 1649 2144 quae
1679 2108 1802 2134 eorum
1836 2108 2041 2134 communes
2073 2098 2145 2133 sint
2169 2101 2205 2134 et
2228 2108 2361 2134 causae
2385 2109 2428 2134 ex

1336 2145 1392 2180 his
1416 2144 1525 2180 rebus
1548 2143 1744 2189 pendentes
1768 2143 1806 2178 in
1827 2143 1997 2179 iudicium
2027 2143 2190 2186 veniant,
2224 2143 2268 2179 de
2300 2144 2428 2180 ceteris

1336 2200 1419 2225 vero
1453 2189 1492 2224 in
1525 2188 1662 2234 integro
1698 2189 1746 2224 sit
1778 2188 1936 2224 familiae
1970 2188 2203 2225 erciscundae
2244 2188 2426 2224 iudicium.

1339 2237 1354 2269 1
1405 2234 1444 2270 Si
1472 2233 1629 2269 familiae
1662 2233 1896 2269 erciscundae
1929 2234 1986 2269 vel
2021 2234 2200 2269 communi
2234 2233 2427 2269 dividundo

1336 2283 1458 2325 actum
1482 2279 1546 2322 sit,
1578 2278 1862 2314 adiudicationes
1910 2282 2032 2314 raetor
2054 2282 2176 2314 tuetur
2198 2279 2427 2324 exceptiones

1336 2328 1356 2360 2
1403 2327 1468 2360 aut
1503 2324 1663 2360 actiones
1700 2323 1830 2359 dando.
1879 2290 1917 2359 gi
1948 2323 2142 2359 coheredes
2173 2324 2322 2359 absente
2352 2334 2426 2360 uno

1337 2369 1512 2405 coherede
1542 2379 1617 2405 rem
1640 2369 1877 2404 vendiderunt
1899 2372 1936 2404 et
1957 2369 2063 2404 insea
2085 2378 2124 2404 re
2147 2368 2230 2404 dolo
2254 2368 2348 2405 malo
2371 2369 2425 2404 fe·

1336 2418 1480 2457 cerunt,
1512 2425 1582 2460 quo
1615 2414 1696 2460 plus
1721 2414 1769 2449 ad
1799 2424 1861 2450 eos
1892 2413 2093 2459 perveniret
2105 2414 2152 2456 ¹³,
2184 2414 2240 2449 vel
2269 2413 2427 2450 familiae

1335 2459 1567 2496 erciscundae
1597 2458 1730 2495 iudicio
1763 2459 2000 2505 praestabunt
2030 2458 2062 2494 ei
2086 2458 2147 2504 qui
2170 2458 2262 2494 afuit
2283 2459 2339 2494 vel
2362 2459 2425 2495 he·

1335 2508 1355 2541 3
1401 2504 1564 2540 reditatis
1602 2505 1786 2550 petitione.
1834 2504 2010 2546 Fructus,
2071 2514 2138 2539 uos
2173 2507 2258 2540 ante
2291 2504 2425 2539 aditam

1333 2550 1566 2586 hereditatem
1598 2560 1643 2585 ex
1672 2549 1785 2585 fundo
1817 2549 2032 2585 hereditario
2089 2559 2166 2584 eres
2198 2549 2314 2595 capit,
2352 2560 2424 2585 non

1334 2596 1438 2631 aliter
1458 2595 1615 2630 familiae
1639 2594 1872 2631 erciscundae
1894 2594 2025 2630 iudicio
2050 2598 2236 2639 praestare
2260 2604 2340 2630 eum
2363 2595 2423 2630 Iu-

1332 2641 1449 2676 lianus
1473 2641 1535 2684 ait,
1559 2650 1667 2686 quam
1690 2640 1738 2682 si,
1764 2650 1846 2675 cum
1869 2639 1978 2675 sciret
1999 2638 2252 2675 hereditarium
2273 2638 2424 2675 fundum

1333 2689 1355 2721 4
1402 2696 1499 2729 esse,
1533 2685 1677 2731 ceperit.
1758 2685 1795 2720 ui
1824 2684 1982 2720 familiae
2012 2683 2245 2720 erciscundae
2268 2688 2305 2720 et
2327 2695 2423 2720 com·

1332 2731 1431 2766 muni
1455 2730 1647 2766 dividundo
1671 2734 1707 2765 et
1729 2729 1854 2766 finium
1877 2729 2116 2775 regundorum
2140 2733 2270 2774 agunt,
2303 2733 2339 2765 et
2363 2739 2422 2765 ac-

1332 2780 1428 2812 tores
1453 2779 1537 2812 sunt
1561 2780 1598 2811 et
1615 2775 1667 2811 rei
1687 2779 1724 2810 et
1743 2775 1823 2811 ideo
1842 2775 1962 2810 iurare
1981 2774 2114 2810 debent
2131 2785 2204 2810 non
2225 2774 2424 2810 calumniae

1333 2831 1444 2857 causa
1466 2821 1564 2857 litem
1587 2820 1770 2856 intendere
1794 2823 1830 2856 et
1852 2830 1925 2856 non
1949 2819 2148 2855 calumniae
2172 2829 2283 2855 causa
2306 2820 2353 2855 ad
2368 2819 2422 2855 in-

1332 2870 1352 2902 5
1399 2866 1494 2902 fitias
1526 2866 1589 2902 ire.
1637 2865 1742 2910 Quod
1773 2875 1817 2900 ex
1838 2864 1937 2900 facto
1962 2875 2028 2900 suo
2051 2875 2146 2900 unus
2171 2874 2214 2900 a
2238 2864 2421 2901 coheredi-

1331 2912 1400 2947 bus
1425 2922 1469 2947 ex
1493 2911 1723 2957 stipulatione
1746 2909 1964 2946 hereditaria
2012 2913 2166 2952 raestat,
2200 2919 2224 2945 a
2247 2910 2423 2946 coherede

1332 2967 1404 2992 non
1426 2959 1581 3002 repetet:
1606 2955 1715 2991 veluti
1738 2955 1769 2990 si
1792 2965 1815 2990 a
1837 2965 1876 2991 se
1898 2955 1984 2990 here
2010 2965 2099 3000 eque
2118 2965 2184 2990 suo
2204 2954 2326 2991 dolum
2344 2965 2420 2990 ma-

1330 3002 1404 3037 lum
1428 3001 1610 3036 afuturum
1633 2999 1826 3036 defunctus
1850 3010 1867 3035 s
1893 2999 2044 3045 opondit
2065 2999 2121 3035 vel
2144 3010 2258 3045 neque
2288 3010 2353 3045 per
2382 3010 2422 3036 se

1331 3056 1446 3092 neque
1462 3056 1533 3099 per
1555 3045 1721 3081 heredem
1745 3055 1849 3080 suum
1888 3055 1961 3088 ore,
1986 3056 2057 3091 quo
2081 3045 2197 3080 minus
2222 3045 2300 3097 quis
2321 3048 2381 3081 eat
2393 3046 2422 3068 ¹⁸

1331 3095 1425 3137 agat.
1460 3101 1566 3126 immo
1591 3094 1627 3126 et
1650 3090 1680 3126 si
1703 3090 1830 3135 reliqui
1853 3093 2000 3136 propter
2023 3089 2160 3125 factum
2182 3100 2288 3126 umus
2308 3090 2422 3126 teneri

1332 3136 1532 3182 coeperint,
1599 3135 1678 3171 uasi
1713 3135 1874 3170 condicio
1910 3134 2150 3180 stipulationis
2186 3134 2421 3170 hereditariae

1331 3181 1516 3223 exstiterit,
1537 3181 1585 3216 ha
1612 3181 1720 3216 ebunt
1739 3179 1896 3216 familiae
1914 3179 2146 3215 erciscundae
2156 3179 2326 3215 iudicium
2338 3190 2420 3215 cum

1330 3231 1350 3262 6
1399 3236 1440 3262 eo
1464 3230 1612 3271 propter
1635 3235 1739 3271 quem
1763 3225 1953 3261 commissa
1975 3225 2023 3260 sit
2044 3224 2240 3277 stipulatio.
2278 3224 2317 3260 Si
2339 3225 2419 3270 quis

1330 3271 1521 3317 stipulatus
1543 3270 1654 3306 fuerit
1671 3269 1804 3305 Titium
1827 3269 1992 3305 heredem
2017 3279 2063 3305 ue
2082 3280 2158 3305 elus
2179 3273 2297 3305 ratum
2316 3270 2418 3305 habi-

1329 3320 1450 3352 turum
1481 3319 1518 3352 et
1540 3315 1657 3351 Titius
1671 3316 1699 3337 ¹⁷
1721 3315 1884 3360 pluribus
1908 3315 1992 3350 here
2020 3314 2098 3350 'bus
2129 3314 2263 3350 relictis
2295 3314 2419 3350 deces-

1329 3362 1427 3405 serit,
1452 3372 1533 3397 eum
1556 3360 1671 3397 solum
1692 3359 1807 3396 teneri
1829 3359 1891 3406 qui
1914 3369 1987 3395 non
2009 3359 2137 3395 habuit
2158 3363 2277 3395 ratum
2300 3363 2336 3395 et
2359 3370 2418 3396 so·

1328 3475 1455 3508 diceret
1464 3475 1610 3507 iudicem
1618 3475 1665 3508 D.
1677 3474 1697 3508 l.
1707 3485 1787 3519 qem.
1847 3474 1902 3513 (ιι)
1916 3474 1962 3514 et]
1972 3473 2075 3506 etiam
2083 3473 2129 3506 D.
2141 3473 2162 3506 l.
2171 3485 2251 3517 qem.
2311 3479 2368 3511 (12)
2384 3476 2418 3505 et

1327 3520 1488 3553 alimenta
1497 3544 1505 3552 .
1516 3545 1525 3554 .
1535 3544 1543 3552 .
1554 3519 1710 3552 iussisset
1717 3531 1776 3552 om.
1785 3519 1833 3552 D.
1845 3518 1865 3551 l.
1873 3530 1956 3562 yem.
2094 3519 2153 3559 (13)
2178 3527 2217 3550 ex
2227 3517 2359 3550 diverso
2369 3541 2377 3550 .
2388 3541 2396 3550 .
2406 3541 2414 3548 .

1327 3565 1538 3608 praestitisse
1549 3577 1608 3598 om.
1619 3565 1665 3598 D.
1677 3564 1698 3598 1.
1706 3576 1787 3608 qam.
1870 3569 1930 3605 (1⁴)
1955 3562 2088 3605 placuit
2095 3562 2224 3595 nullam
2233 3572 2304 3596 esse
2312 3562 2411 3595 liber·

1327 3614 1437 3643 torum
1453 3609 1666 3650 divisionem,
1682 3609 1918 3642 alimentorum
1934 3611 2047 3641 autem
2064 3607 2264 3640 divisionem
2273 3617 2294 3640 a
2302 3607 2417 3641 iudice

1326 3654 1417 3688 inter
1424 3654 1601 3688 coheredes
1610 3654 1733 3687 factam
1742 3653 1856 3687 eodem
1866 3652 1964 3686 modo
1972 3656 2080 3686 ratam
2088 3663 2160 3685 esse
2167 3653 2213 3686 D.
2225 3653 2246 3686 l.
2255 3665 2336 3697 qam.

1327 3703 1385 3741 (ιι)
1396 3700 1474 3732 etin
1484 3710 1523 3732 ea
1530 3710 1568 3732 re
1576 3699 1653 3732 dolo
1662 3698 1750 3732 malo
1758 3698 1927 3732 fecerunt:
1941 3708 2008 3741 quo
2017 3697 2094 3741 plus
2103 3697 2146 3730 ad
2155 3708 2214 3730 eos
2223 3696 2415 3740 pervenerit

1326 3757 1387 3778 scr.
1469 3746 1530 3783 (ιδ)
1556 3747 1611 3777 eat
1619 3744 1674 3783 ΡΙ,
1684 3754 1722 3777 ea
1733 3743 1794 3784 F'2,
1805 3755 1864 3777 om.
1874 3743 1904 3777 S
1983 3745 2042 3784 (ιτ)
2066 3742 2192 3783 Titius]
2201 3746 2341 3783 uterquc
2349 3753 2415 3776 scr.
