<?xml version="1.0" encoding="UTF-8"?>
<!DOCTYPE html PUBLIC "-//W3C//DTD XHTML 1.0 Transitional//EN"
    "http://www.w3.org/TR/xhtml1/DTD/xhtml1-transitional.dtd">
<html xmlns="http://www.w3.org/1999/xhtml" xml:lang="en" lang="en">
 <head>
  <title>
</title>
<meta http-equiv="Content-Type" content="text/html;charset=utf-8" />
  <meta name='ocr-system' content='tesseract 3.04.00' />
  <meta name='ocr-capabilities' content='ocr_page ocr_carea ocr_par ocr_line ocrx_word'/>
</head>
<body>
  <div class='ocr_page' id='page_1' title='image "./corpusjuriscivil01krueuoft_0182.png"; bbox 0 0 2528 3918; ppageno 0'>
   <div class='ocr_carea' id='block_1_1' title="bbox 177 81 1321 135">
    <p class='ocr_par' dir='ltr' id='par_1_1' title="bbox 177 81 1321 135">
     <span class='ocr_line' id='line_1_1' title="bbox 177 81 1321 135; baseline -0.004 -1"><span class='ocrx_word' id='word_1_1' title='bbox 177 92 264 135; x_wconf 85' lang='lat'>1111</span> <span class='ocrx_word' id='word_1_2' title='bbox 295 93 374 134; x_wconf 85' lang='lat'>7.8</span> <span class='ocrx_word' id='word_1_3' title='bbox 1265 81 1321 130; x_wconf 80' lang='lat'>66</span> 
     </span>
    </p>
   </div>
   <div class='ocr_carea' id='block_1_2' title="bbox 176 207 1263 703">
    <p class='ocr_par' dir='ltr' id='par_1_2' title="bbox 177 207 1262 388">
     <span class='ocr_line' id='line_1_2' title="bbox 223 207 1262 252; baseline -0.007 -3"><span class='ocrx_word' id='word_1_4' title='bbox 223 210 278 250; x_wconf 84' lang='lat'>44</span> <span class='ocrx_word' id='word_1_5' title='bbox 303 211 461 247; x_wconf 69' lang='lat' dir='ltr'>PAvhvs</span> <span class='ocrx_word' id='word_1_6' title='bbox 482 209 571 245; x_wconf 80' lang='lat' dir='ltr'>libro</span> <span class='ocrx_word' id='word_1_7' title='bbox 595 207 752 243; x_wconf 79' lang='lat' dir='ltr'>secundo</span> <span class='ocrx_word' id='word_1_8' title='bbox 776 207 827 244; x_wconf 86' lang='lat' dir='ltr'>ad</span> <span class='ocrx_word' id='word_1_9' title='bbox 849 207 1023 244; x_wconf 82' lang='lat' dir='ltr'>Sabinum</span> <span class='ocrx_word' id='word_1_10' title='bbox 1059 208 1105 249; x_wconf 92' lang='lat' dir='ltr'>Is,</span> <span class='ocrx_word' id='word_1_11' title='bbox 1131 207 1192 252; x_wconf 86' lang='lat' dir='ltr'>qui</span> <span class='ocrx_word' id='word_1_12' title='bbox 1210 208 1262 242; x_wconf 87' lang='lat' dir='ltr'>rei</span> 
     </span>
     <span class='ocr_line' id='line_1_3' title="bbox 177 252 1261 303; baseline -0.006 -10"><span class='ocrx_word' id='word_1_13' title='bbox 177 257 344 303; x_wconf 89' lang='lat' dir='ltr'>publicae</span> <span class='ocrx_word' id='word_1_14' title='bbox 368 265 478 291; x_wconf 85' lang='lat' dir='ltr'>causa</span> <span class='ocrx_word' id='word_1_15' title='bbox 500 254 620 294; x_wconf 89' lang='lat' dir='ltr'>abest,</span> <span class='ocrx_word' id='word_1_16' title='bbox 653 252 690 287; x_wconf 90' lang='lat' dir='ltr'>in</span> <span class='ocrx_word' id='word_1_17' title='bbox 714 252 763 288; x_wconf 88' lang='lat' dir='ltr'>ali</span> <span class='ocrx_word' id='word_1_18' title='bbox 786 263 835 288; x_wconf 86' lang='grc'>110</span> <span class='ocrx_word' id='word_1_19' title='bbox 856 262 897 289; x_wconf 86' lang='lat' dir='ltr'>re</span> <span class='ocrx_word' id='word_1_20' title='bbox 919 252 1038 288; x_wconf 85' lang='lat' dir='ltr'>laesus</span> <span class='ocrx_word' id='word_1_21' title='bbox 1063 263 1135 287; x_wconf 89' lang='lat' dir='ltr'>non</span> <span class='ocrx_word' id='word_1_22' title='bbox 1157 253 1261 288; x_wconf 86' lang='lat' dir='ltr'>resti-</span> 
     </span>
     <span class='ocr_line' id='line_1_4' title="bbox 177 296 1262 345; baseline -0.006 -7"><span class='ocrx_word' id='word_1_23' title='bbox 177 303 301 343; x_wconf 86' lang='lat' dir='ltr'>tuitur,</span> <span class='ocrx_word' id='word_1_24' title='bbox 320 302 356 336; x_wconf 91' lang='lat' dir='ltr'>in</span> <span class='ocrx_word' id='word_1_25' title='bbox 377 310 457 345; x_wconf 84' lang='lat' dir='ltr'>qua,</span> <span class='ocrx_word' id='word_1_26' title='bbox 479 298 616 333; x_wconf 86' lang='lat' dir='ltr'>etiamsi</span> <span class='ocrx_word' id='word_1_27' title='bbox 634 297 687 332; x_wconf 90' lang='lat' dir='ltr'>rei</span> <span class='ocrx_word' id='word_1_28' title='bbox 707 298 781 342; x_wconf 88' lang='lat' dir='ltr'>pub</span> <span class='ocrx_word' id='word_1_29' title='bbox 797 298 874 334; x_wconf 87' lang='lat' dir='ltr'>’cae</span> <span class='ocrx_word' id='word_1_30' title='bbox 893 308 1004 334; x_wconf 85' lang='lat' dir='ltr'>causa</span> <span class='ocrx_word' id='word_1_31' title='bbox 1015 308 1087 333; x_wconf 93' lang='lat' dir='ltr'>non</span> <span class='ocrx_word' id='word_1_32' title='bbox 1100 296 1262 339; x_wconf 76' lang='lat' dir='ltr'><strong>afuisset,</strong></span> 
     </span>
     <span class='ocr_line' id='line_1_5' title="bbox 179 348 652 388; baseline -0.013 -5"><span class='ocrx_word' id='word_1_33' title='bbox 179 348 345 383; x_wconf 86' lang='lat' dir='ltr'>damnum</span> <span class='ocrx_word' id='word_1_34' title='bbox 370 348 446 380; x_wconf 88' lang='lat' dir='ltr'>erat</span> <span class='ocrx_word' id='word_1_35' title='bbox 468 352 652 388; x_wconf 84' lang='lat' dir='ltr'>passurus.</span> 
     </span>
    </p>

    <p class='ocr_par' dir='ltr' id='par_1_3' title="bbox 177 386 1263 527">
     <span class='ocr_line' id='line_1_6' title="bbox 224 386 1261 439; baseline -0.007 -11"><span class='ocrx_word' id='word_1_36' title='bbox 224 390 276 428; x_wconf 85' lang='lat'>45</span> <span class='ocrx_word' id='word_1_37' title='bbox 291 390 492 426; x_wconf 55' lang='lat' dir='ltr'>Scaevoia</span> <span class='ocrx_word' id='word_1_38' title='bbox 505 387 596 423; x_wconf 81' lang='lat' dir='ltr'>libro</span> <span class='ocrx_word' id='word_1_39' title='bbox 600 387 726 434; x_wconf 83' lang='lat' dir='ltr'>primo</span> <span class='ocrx_word' id='word_1_40' title='bbox 737 386 948 439; x_wconf 69' lang='lat' dir='ltr'>reqularum</span> <span class='ocrx_word' id='word_1_41' title='bbox 982 386 1115 422; x_wconf 83' lang='lat' dir='ltr'>Milites</span> <span class='ocrx_word' id='word_1_42' title='bbox 1128 396 1261 428; x_wconf 89' lang='lat' dir='ltr'>omnes,</span> 
     </span>
     <span class='ocr_line' id='line_1_7' title="bbox 178 431 1263 482; baseline -0.005 -10"><span class='ocrx_word' id='word_1_43' title='bbox 178 437 239 482; x_wconf 90' lang='lat' dir='ltr'>qui</span> <span class='ocrx_word' id='word_1_44' title='bbox 262 434 444 470; x_wconf 82' lang='lat' dir='ltr'><strong>discedere</strong></span> <span class='ocrx_word' id='word_1_45' title='bbox 466 433 575 478; x_wconf 85' lang='lat' dir='ltr'>signis</span> <span class='ocrx_word' id='word_1_46' title='bbox 607 432 684 467; x_wconf 85' lang='lat' dir='ltr'>sine</span> <span class='ocrx_word' id='word_1_47' title='bbox 740 431 871 467; x_wconf 83' lang='lat' dir='ltr'>enculo</span> <span class='ocrx_word' id='word_1_48' title='bbox 904 441 976 466; x_wconf 91' lang='lat' dir='ltr'>non</span> <span class='ocrx_word' id='word_1_49' title='bbox 1007 435 1178 476; x_wconf 79' lang='lat' dir='ltr'><strong>possunt,</strong></span> <span class='ocrx_word' id='word_1_50' title='bbox 1211 432 1263 467; x_wconf 88' lang='lat' dir='ltr'>rei</span> 
     </span>
     <span class='ocr_line' id='line_1_8' title="bbox 177 477 912 527; baseline -0.008 -11"><span class='ocrx_word' id='word_1_51' title='bbox 177 481 341 527; x_wconf 87' lang='lat' dir='ltr'>publicae</span> <span class='ocrx_word' id='word_1_52' title='bbox 365 489 475 514; x_wconf 85' lang='lat' dir='ltr'>causa</span> <span class='ocrx_word' id='word_1_53' title='bbox 499 478 625 512; x_wconf 89' lang='lat' dir='ltr'>abesse</span> <span class='ocrx_word' id='word_1_54' title='bbox 648 477 702 512; x_wconf 92' lang='lat' dir='ltr'>int</span> <span class='ocrx_word' id='word_1_55' title='bbox 750 481 912 521; x_wconf 88' lang='lat' dir='ltr'>eguntur.</span> 
     </span>
    </p>

    <p class='ocr_par' dir='ltr' id='par_1_4' title="bbox 176 520 1263 703">
     <span class='ocr_line' id='line_1_9' title="bbox 223 520 1262 567; baseline -0.006 -6"><span class='ocrx_word' id='word_1_56' title='bbox 223 523 276 562; x_wconf 89' lang='grc'>46</span> <span class='ocrx_word' id='word_1_57' title='bbox 301 523 538 559; x_wconf 65' lang='grc' dir='ltr'><em>ΜΑιῑσΜΝυε</em></span> <span class='ocrx_word' id='word_1_58' title='bbox 558 522 648 558; x_wconf 83' lang='lat' dir='ltr'>libro</span> <span class='ocrx_word' id='word_1_59' title='bbox 672 521 829 557; x_wconf 82' lang='lat' dir='ltr'>secundo</span> <span class='ocrx_word' id='word_1_60' title='bbox 853 520 1063 567; x_wconf 73' lang='lat' dir='ltr'>reqularum</span> <span class='ocrx_word' id='word_1_61' title='bbox 1111 521 1180 566; x_wconf 77' lang='lat' dir='ltr'>Qui</span> <span class='ocrx_word' id='word_1_62' title='bbox 1210 521 1262 556; x_wconf 89' lang='lat' dir='ltr'>rei</span> 
     </span>
     <span class='ocr_line' id='line_1_10' title="bbox 176 566 1263 615; baseline -0.004 -11"><span class='ocrx_word' id='word_1_63' title='bbox 176 570 340 615; x_wconf 84' lang='lat' dir='ltr'>publicae</span> <span class='ocrx_word' id='word_1_64' title='bbox 360 578 471 603; x_wconf 83' lang='lat' dir='ltr'>causa</span> <span class='ocrx_word' id='word_1_65' title='bbox 489 566 591 609; x_wconf 84' lang='lat' dir='ltr'>afuit,</span> <span class='ocrx_word' id='word_1_66' title='bbox 616 566 722 602; x_wconf 85' lang='lat' dir='ltr'>etiam</span> <span class='ocrx_word' id='word_1_67' title='bbox 742 566 913 601; x_wconf 88' lang='lat' dir='ltr'>adversus</span> <span class='ocrx_word' id='word_1_68' title='bbox 934 576 1025 607; x_wconf 91' lang='lat' dir='ltr'>eum,</span> <span class='ocrx_word' id='word_1_69' title='bbox 1050 566 1111 611; x_wconf 91' lang='lat' dir='ltr'>qui</span> <span class='ocrx_word' id='word_1_70' title='bbox 1130 566 1263 611; x_wconf 87' lang='lat' dir='ltr'>pariter</span> 
     </span>
     <span class='ocr_line' id='line_1_11' title="bbox 176 610 1262 659; baseline -0.003 -10"><span class='ocrx_word' id='word_1_71' title='bbox 176 615 227 650; x_wconf 89' lang='lat' dir='ltr'>rei</span> <span class='ocrx_word' id='word_1_72' title='bbox 244 613 408 659; x_wconf 89' lang='lat' dir='ltr'>publicae</span> <span class='ocrx_word' id='word_1_73' title='bbox 429 622 540 648; x_wconf 87' lang='lat' dir='ltr'>causa</span> <span class='ocrx_word' id='word_1_74' title='bbox 555 611 696 654; x_wconf 80' lang='lat' dir='ltr'>afuem&#39;t,</span> <span class='ocrx_word' id='word_1_75' title='bbox 720 610 961 646; x_wconf 88' lang='lat' dir='ltr'>restituendus</span> <span class='ocrx_word' id='word_1_76' title='bbox 985 614 1051 653; x_wconf 90' lang='lat' dir='ltr'>est,</span> <span class='ocrx_word' id='word_1_77' title='bbox 1076 611 1107 647; x_wconf 93' lang='lat' dir='ltr'>si</span> <span class='ocrx_word' id='word_1_78' title='bbox 1130 611 1262 656; x_wconf 85' lang='lat' dir='ltr'>aliquid</span> 
     </span>
     <span class='ocr_line' id='line_1_12' title="bbox 176 657 604 703; baseline -0.007 -9"><span class='ocrx_word' id='word_1_79' title='bbox 176 659 295 695; x_wconf 84' lang='lat' dir='ltr'>damni</span> <span class='ocrx_word' id='word_1_80' title='bbox 318 659 410 693; x_wconf 89' lang='lat' dir='ltr'>iuste</span> <span class='ocrx_word' id='word_1_81' title='bbox 434 657 604 703; x_wconf 89' lang='lat' dir='ltr'>queritur.</span> 
     </span>
    </p>
   </div>
   <div class='ocr_carea' id='block_1_3' title="bbox 229 747 1217 891">
    <p class='ocr_par' dir='ltr' id='par_1_5' title="bbox 229 747 1217 891">
     <span class='ocr_line' id='line_1_13' title="bbox 663 747 777 787; baseline 0 -1"><span class='ocrx_word' id='word_1_82' title='bbox 663 748 737 787; x_wconf 88' lang='lat' dir='ltr'>VH</span> <span class='ocrx_word' id='word_1_83' title='bbox 752 747 777 786; x_wconf 87' lang='lat'>¹.</span> 
     </span>
     <span class='ocr_line' id='line_1_14' title="bbox 229 811 1217 891; baseline -0.005 -42"><span class='ocrx_word' id='word_1_84' title='bbox 229 816 290 849; x_wconf 86' lang='lat' dir='ltr'>DE</span> <span class='ocrx_word' id='word_1_85' title='bbox 314 815 629 848; x_wconf 84' lang='lat' dir='ltr'>ALIENATIONE</span> <span class='ocrx_word' id='word_1_86' title='bbox 648 812 816 891; x_wconf 42' lang='lat' dir='ltr'>&amp;gigan</span> <span class='ocrx_word' id='word_1_87' title='bbox 840 812 1050 845; x_wconf 81' lang='lat' dir='ltr'>MUTANDI</span> <span class='ocrx_word' id='word_1_88' title='bbox 1074 811 1217 846; x_wconf 76' lang='lat' dir='ltr'>CAUSA</span> 
     </span>
    </p>
   </div>
   <div class='ocr_carea' id='block_1_4' title="bbox 170 923 1264 3480">
    <p class='ocr_par' dir='ltr' id='par_1_6' title="bbox 172 923 1264 1457">
     <span class='ocr_line' id='line_1_15' title="bbox 223 923 1262 971; baseline -0.005 -8"><span class='ocrx_word' id='word_1_89' title='bbox 223 925 241 964; x_wconf 91' lang='lat'>1</span> <span class='ocrx_word' id='word_1_90' title='bbox 273 926 397 962; x_wconf 73' lang='lat' dir='ltr'><em>GAIUS</em></span> <span class='ocrx_word' id='word_1_91' title='bbox 405 926 496 962; x_wconf 84' lang='lat' dir='ltr'>libro</span> <span class='ocrx_word' id='word_1_92' title='bbox 509 930 641 971; x_wconf 85' lang='lat' dir='ltr'>quarto</span> <span class='ocrx_word' id='word_1_93' title='bbox 654 924 705 960; x_wconf 85' lang='lat' dir='ltr'>ad</span> <span class='ocrx_word' id='word_1_94' title='bbox 721 924 875 960; x_wconf 80' lang='lat' dir='ltr'>edictum</span> <span class='ocrx_word' id='word_1_95' title='bbox 880 924 1110 970; x_wconf 81' lang='lat' dir='ltr'>provinciale</span> <span class='ocrx_word' id='word_1_96' title='bbox 1142 923 1262 960; x_wconf 90' lang='lat' dir='ltr'>Omni-</span> 
     </span>
     <span class='ocr_line' id='line_1_16' title="bbox 173 969 1264 1016; baseline -0.003 -9"><span class='ocrx_word' id='word_1_97' title='bbox 173 972 241 1007; x_wconf 85' lang='lat' dir='ltr'>bus</span> <span class='ocrx_word' id='word_1_98' title='bbox 264 971 377 1006; x_wconf 91' lang='lat' dir='ltr'>modis</span> <span class='ocrx_word' id='word_1_99' title='bbox 400 970 594 1016; x_wconf 90' lang='lat' dir='ltr'>proconsul</span> <span class='ocrx_word' id='word_1_100' title='bbox 615 970 652 1005; x_wconf 91' lang='lat' dir='ltr'>id</span> <span class='ocrx_word' id='word_1_101' title='bbox 676 970 760 1015; x_wconf 87' lang='lat' dir='ltr'>agit,</span> <span class='ocrx_word' id='word_1_102' title='bbox 785 979 830 1004; x_wconf 88' lang='lat' dir='ltr'>ne</span> <span class='ocrx_word' id='word_1_103' title='bbox 854 969 955 1005; x_wconf 91' lang='lat' dir='ltr'>cuius</span> <span class='ocrx_word' id='word_1_104' title='bbox 979 969 1133 1004; x_wconf 82' lang='lat' dir='ltr'>deterior</span> <span class='ocrx_word' id='word_1_105' title='bbox 1154 979 1264 1005; x_wconf 88' lang='lat' dir='ltr'>causa</span> 
     </span>
     <span class='ocr_line' id='line_1_17' title="bbox 173 1014 1264 1059; baseline -0.003 -7"><span class='ocrx_word' id='word_1_106' title='bbox 173 1017 239 1052; x_wconf 84' lang='lat' dir='ltr'>fiat</span> <span class='ocrx_word' id='word_1_107' title='bbox 262 1027 306 1052; x_wconf 84' lang='lat' dir='ltr'>ex</span> <span class='ocrx_word' id='word_1_108' title='bbox 329 1016 443 1051; x_wconf 89' lang='lat' dir='ltr'>alieno</span> <span class='ocrx_word' id='word_1_109' title='bbox 474 1015 591 1050; x_wconf 82' lang='lat' dir='ltr'>facto:</span> <span class='ocrx_word' id='word_1_110' title='bbox 624 1018 660 1050; x_wconf 90' lang='lat' dir='ltr'>et</span> <span class='ocrx_word' id='word_1_111' title='bbox 692 1025 774 1050; x_wconf 93' lang='lat' dir='ltr'>cum</span> <span class='ocrx_word' id='word_1_112' title='bbox 804 1014 1024 1059; x_wconf 79' lang='lat' dir='ltr'>intellegeret</span> <span class='ocrx_word' id='word_1_113' title='bbox 1052 1014 1264 1050; x_wconf 89' lang='lat' dir='ltr'>iudiciorum</span> 
     </span>
     <span class='ocr_line' id='line_1_18' title="bbox 175 1059 1262 1104; baseline -0.003 -7"><span class='ocrx_word' id='word_1_114' title='bbox 175 1062 307 1098; x_wconf 87' lang='lat' dir='ltr'>exitum</span> <span class='ocrx_word' id='word_1_115' title='bbox 338 1060 516 1096; x_wconf 90' lang='lat' dir='ltr'>interdum</span> <span class='ocrx_word' id='word_1_116' title='bbox 552 1059 731 1095; x_wconf 89' lang='lat' dir='ltr'>duriorem</span> <span class='ocrx_word' id='word_1_117' title='bbox 761 1059 864 1095; x_wconf 91' lang='lat' dir='ltr'>nobis</span> <span class='ocrx_word' id='word_1_118' title='bbox 897 1059 1068 1095; x_wconf 89' lang='lat' dir='ltr'>constitui</span> <span class='ocrx_word' id='word_1_119' title='bbox 1098 1059 1262 1104; x_wconf 90' lang='lat' dir='ltr'>opposito</span> 
     </span>
     <span class='ocr_line' id='line_1_19' title="bbox 174 1104 1262 1150; baseline -0.003 -8"><span class='ocrx_word' id='word_1_120' title='bbox 174 1107 277 1143; x_wconf 93' lang='lat' dir='ltr'>nobis</span> <span class='ocrx_word' id='word_1_121' title='bbox 301 1106 370 1141; x_wconf 87' lang='lat' dir='ltr'>alio</span> <span class='ocrx_word' id='word_1_122' title='bbox 403 1105 618 1147; x_wconf 88' lang='lat' dir='ltr'>adversario,</span> <span class='ocrx_word' id='word_1_123' title='bbox 642 1105 680 1140; x_wconf 91' lang='lat' dir='ltr'>in</span> <span class='ocrx_word' id='word_1_124' title='bbox 704 1115 782 1140; x_wconf 88' lang='lat' dir='ltr'>eam</span> <span class='ocrx_word' id='word_1_125' title='bbox 807 1114 948 1150; x_wconf 86' lang='lat' dir='ltr'>quoque</span> <span class='ocrx_word' id='word_1_126' title='bbox 970 1115 1045 1139; x_wconf 91' lang='lat' dir='ltr'>rem</span> <span class='ocrx_word' id='word_1_127' title='bbox 1068 1104 1262 1149; x_wconf 78' lang='lat' dir='ltr'>prospexit,</span> 
     </span>
     <span class='ocr_line' id='line_1_20' title="bbox 174 1149 1263 1196; baseline -0.004 -8"><span class='ocrx_word' id='word_1_128' title='bbox 174 1157 232 1194; x_wconf 90' lang='lat' dir='ltr'>ut,</span> <span class='ocrx_word' id='word_1_129' title='bbox 264 1152 295 1187; x_wconf 93' lang='lat' dir='ltr'>si</span> <span class='ocrx_word' id='word_1_130' title='bbox 326 1151 404 1196; x_wconf 91' lang='lat' dir='ltr'>quis</span> <span class='ocrx_word' id='word_1_131' title='bbox 436 1149 624 1185; x_wconf 88' lang='lat' dir='ltr'>alienando</span> <span class='ocrx_word' id='word_1_132' title='bbox 655 1160 730 1185; x_wconf 90' lang='lat' dir='ltr'>rem</span> <span class='ocrx_word' id='word_1_133' title='bbox 762 1149 871 1184; x_wconf 86' lang='lat' dir='ltr'>alium</span> <span class='ocrx_word' id='word_1_134' title='bbox 894 1149 998 1184; x_wconf 90' lang='lat' dir='ltr'>nobis</span> <span class='ocrx_word' id='word_1_135' title='bbox 1022 1149 1263 1185; x_wconf 85' lang='lat' dir='ltr'>adversarium</span> 
     </span>
     <span class='ocr_line' id='line_1_21' title="bbox 174 1193 1264 1240; baseline -0.003 -8"><span class='ocrx_word' id='word_1_136' title='bbox 174 1207 239 1233; x_wconf 88' lang='lat' dir='ltr'>suo</span> <span class='ocrx_word' id='word_1_137' title='bbox 274 1196 353 1231; x_wconf 90' lang='lat' dir='ltr'>loco</span> <span class='ocrx_word' id='word_1_138' title='bbox 386 1195 610 1231; x_wconf 90' lang='lat' dir='ltr'>substituerit</span> <span class='ocrx_word' id='word_1_139' title='bbox 638 1194 746 1240; x_wconf 89' lang='lat' dir='ltr'>idque</span> <span class='ocrx_word' id='word_1_140' title='bbox 777 1194 864 1229; x_wconf 90' lang='lat' dir='ltr'>data</span> <span class='ocrx_word' id='word_1_141' title='bbox 894 1204 1005 1239; x_wconf 90' lang='lat' dir='ltr'>opera</span> <span class='ocrx_word' id='word_1_142' title='bbox 1034 1194 1073 1229; x_wconf 93' lang='grc'>111</span> <span class='ocrx_word' id='word_1_143' title='bbox 1101 1193 1264 1229; x_wconf 82' lang='lat' dir='ltr'>fraudem</span> 
     </span>
     <span class='ocr_line' id='line_1_22' title="bbox 173 1239 1262 1283; baseline -0.003 -6"><span class='ocrx_word' id='word_1_144' title='bbox 173 1245 332 1278; x_wconf 87' lang='lat' dir='ltr'>nostram</span> <span class='ocrx_word' id='word_1_145' title='bbox 355 1240 489 1283; x_wconf 87' lang='lat' dir='ltr'>fecerit,</span> <span class='ocrx_word' id='word_1_146' title='bbox 513 1240 605 1275; x_wconf 91' lang='lat' dir='ltr'>tanti</span> <span class='ocrx_word' id='word_1_147' title='bbox 628 1240 732 1276; x_wconf 90' lang='lat' dir='ltr'>nobis</span> <span class='ocrx_word' id='word_1_148' title='bbox 754 1239 793 1275; x_wconf 92' lang='lat' dir='ltr'>in</span> <span class='ocrx_word' id='word_1_149' title='bbox 814 1239 952 1274; x_wconf 84' lang='lat' dir='ltr'>factum</span> <span class='ocrx_word' id='word_1_150' title='bbox 976 1239 1118 1274; x_wconf 90' lang='lat' dir='ltr'>actione</span> <span class='ocrx_word' id='word_1_151' title='bbox 1141 1243 1262 1275; x_wconf 91' lang='lat' dir='ltr'>tenea-</span> 
     </span>
     <span class='ocr_line' id='line_1_23' title="bbox 173 1284 1263 1331; baseline -0.003 -9"><span class='ocrx_word' id='word_1_152' title='bbox 173 1291 243 1329; x_wconf 84' lang='lat' dir='ltr'>tur,</span> <span class='ocrx_word' id='word_1_153' title='bbox 268 1286 390 1331; x_wconf 84' lang='lat' dir='ltr'>quanti</span> <span class='ocrx_word' id='word_1_154' title='bbox 411 1290 534 1321; x_wconf 89' lang='lat' dir='ltr'>nostra</span> <span class='ocrx_word' id='word_1_155' title='bbox 551 1285 694 1320; x_wconf 90' lang='lat' dir='ltr'>intersit</span> <span class='ocrx_word' id='word_1_156' title='bbox 711 1285 821 1320; x_wconf 85' lang='lat' dir='ltr'>alium</span> <span class='ocrx_word' id='word_1_157' title='bbox 842 1284 1084 1319; x_wconf 86' lang='lat' dir='ltr'>adversarium</span> <span class='ocrx_word' id='word_1_158' title='bbox 1104 1294 1170 1320; x_wconf 90' lang='lat' dir='ltr'>nos</span> <span class='ocrx_word' id='word_1_159' title='bbox 1191 1295 1263 1320; x_wconf 91' lang='lat' dir='ltr'>non</span> 
     </span>
     <span class='ocr_line' id='line_1_24' title="bbox 177 1329 1263 1375; baseline -0.003 -8"><span class='ocrx_word' id='word_1_160' title='bbox 177 1335 192 1367; x_wconf 93' lang='lat'>1</span> <span class='ocrx_word' id='word_1_161' title='bbox 242 1331 420 1366; x_wconf 85' lang='lat' dir='ltr'>habuisse.</span> <span class='ocrx_word' id='word_1_162' title='bbox 468 1331 594 1375; x_wconf 89' lang='lat' dir='ltr'>Itaque</span> <span class='ocrx_word' id='word_1_163' title='bbox 625 1330 656 1365; x_wconf 90' lang='lat' dir='ltr'>si</span> <span class='ocrx_word' id='word_1_164' title='bbox 686 1330 834 1365; x_wconf 87' lang='lat' dir='ltr'>alterius</span> <span class='ocrx_word' id='word_1_165' title='bbox 857 1329 1062 1374; x_wconf 87' lang='lat' dir='ltr'>provinciae</span> <span class='ocrx_word' id='word_1_166' title='bbox 1085 1329 1263 1365; x_wconf 89' lang='lat' dir='ltr'>hominem</span> 
     </span>
     <span class='ocr_line' id='line_1_25' title="bbox 172 1374 1262 1457; baseline -0.003 -45"><span class='ocrx_word' id='word_1_167' title='bbox 172 1380 238 1457; x_wconf 56' lang='lat' dir='ltr'>gut</span> <span class='ocrx_word' id='word_1_168' title='bbox 259 1376 494 1422; x_wconf 90' lang='lat' dir='ltr'>potentiorem</span> <span class='ocrx_word' id='word_1_169' title='bbox 518 1375 621 1411; x_wconf 92' lang='lat' dir='ltr'>nobis</span> <span class='ocrx_word' id='word_1_170' title='bbox 646 1374 854 1420; x_wconf 88' lang='lat' dir='ltr'>opposuerit</span> <span class='ocrx_word' id='word_1_171' title='bbox 877 1374 1138 1417; x_wconf 88' lang='lat' dir='ltr'>adversarium,</span> <span class='ocrx_word' id='word_1_172' title='bbox 1162 1378 1262 1410; x_wconf 89' lang='lat' dir='ltr'>tene-</span> 
     </span>
    </p>

    <p class='ocr_par' dir='ltr' id='par_1_7' title="bbox 198 1422 288 1457">
     <span class='ocr_line' id='line_1_26' title="bbox 198 1422 288 1457; baseline -0.011 0"><span class='ocrx_word' id='word_1_173' title='bbox 198 1422 288 1457; x_wconf 90' lang='lat' dir='ltr'>itur:</span> 
     </span>
    </p>

    <p class='ocr_par' dir='ltr' id='par_1_8' title="bbox 172 1464 1263 1556">
     <span class='ocr_line' id='line_1_27' title="bbox 219 1464 1263 1503; baseline -0.004 0"><span class='ocrx_word' id='word_1_174' title='bbox 219 1464 244 1503; x_wconf 84' lang='lat'><strong>2</strong></span> <span class='ocrx_word' id='word_1_175' title='bbox 277 1465 471 1502; x_wconf 73' lang='lat' dir='ltr'><strong><em>ULPIANUS</em></strong></span> <span class='ocrx_word' id='word_1_176' title='bbox 491 1465 581 1501; x_wconf 83' lang='lat' dir='ltr'>libro</span> <span class='ocrx_word' id='word_1_177' title='bbox 607 1465 712 1500; x_wconf 83' lang='lat' dir='ltr'>tertio</span> <span class='ocrx_word' id='word_1_178' title='bbox 745 1464 882 1501; x_wconf 82' lang='lat' dir='ltr'>decimo</span> <span class='ocrx_word' id='word_1_179' title='bbox 917 1464 968 1499; x_wconf 88' lang='lat' dir='ltr'>ad</span> <span class='ocrx_word' id='word_1_180' title='bbox 997 1464 1153 1500; x_wconf 79' lang='lat' dir='ltr'>edictum</span> <span class='ocrx_word' id='word_1_181' title='bbox 1199 1468 1263 1499; x_wconf 91' lang='lat' dir='ltr'>aut</span> 
     </span>
     <span class='ocr_line' id='line_1_28' title="bbox 172 1509 948 1556; baseline -0.004 -9"><span class='ocrx_word' id='word_1_182' title='bbox 172 1512 291 1553; x_wconf 88' lang='lat' dir='ltr'>alium,</span> <span class='ocrx_word' id='word_1_183' title='bbox 317 1511 377 1556; x_wconf 89' lang='lat' dir='ltr'>qui</span> <span class='ocrx_word' id='word_1_184' title='bbox 399 1514 592 1546; x_wconf 86' lang='lat' dir='ltr'>vexaturus</span> <span class='ocrx_word' id='word_1_185' title='bbox 617 1510 663 1545; x_wconf 91' lang='lat' dir='ltr'>sit</span> <span class='ocrx_word' id='word_1_186' title='bbox 686 1509 948 1545; x_wconf 85' lang='lat' dir='ltr'>adversarium:</span> 
     </span>
    </p>

    <p class='ocr_par' dir='ltr' id='par_1_9' title="bbox 170 1553 1263 2309">
     <span class='ocr_line' id='line_1_29' title="bbox 219 1553 1262 1607; baseline -0.004 -14"><span class='ocrx_word' id='word_1_187' title='bbox 219 1553 244 1594; x_wconf 88' lang='grc'><strong>3</strong></span> <span class='ocrx_word' id='word_1_188' title='bbox 272 1556 394 1591; x_wconf 73' lang='lat' dir='ltr'>GAIUs</span> <span class='ocrx_word' id='word_1_189' title='bbox 410 1555 501 1591; x_wconf 82' lang='lat' dir='ltr'>libro</span> <span class='ocrx_word' id='word_1_190' title='bbox 522 1559 655 1601; x_wconf 80' lang='lat' dir='ltr'>quarto</span> <span class='ocrx_word' id='word_1_191' title='bbox 677 1555 727 1590; x_wconf 86' lang='lat' dir='ltr'>ad</span> <span class='ocrx_word' id='word_1_192' title='bbox 747 1554 902 1591; x_wconf 83' lang='lat' dir='ltr'>edictum</span> <span class='ocrx_word' id='word_1_193' title='bbox 914 1553 1145 1607; x_wconf 67' lang='lat' dir='ltr'>provinciale</span> <span class='ocrx_word' id='word_1_194' title='bbox 1178 1554 1262 1599; x_wconf 86' lang='lat' dir='ltr'>quia</span> 
     </span>
     <span class='ocr_line' id='line_1_30' title="bbox 173 1599 1261 1680; baseline -0.002 -44"><span class='ocrx_word' id='word_1_195' title='bbox 173 1601 311 1637; x_wconf 88' lang='lat' dir='ltr'>etiamsi</span> <span class='ocrx_word' id='word_1_196' title='bbox 334 1611 415 1636; x_wconf 92' lang='lat' dir='ltr'>cum</span> <span class='ocrx_word' id='word_1_197' title='bbox 436 1610 499 1643; x_wconf 94' lang='lat' dir='ltr'>eo,</span> <span class='ocrx_word' id='word_1_198' title='bbox 524 1600 585 1645; x_wconf 86' lang='lat' dir='ltr'>qui</span> <span class='ocrx_word' id='word_1_199' title='bbox 606 1599 752 1635; x_wconf 87' lang='lat' dir='ltr'>alterius</span> <span class='ocrx_word' id='word_1_200' title='bbox 772 1599 977 1680; x_wconf 59' lang='lat' dir='ltr'>Erovinciae</span> <span class='ocrx_word' id='word_1_201' title='bbox 995 1599 1063 1641; x_wconf 92' lang='lat' dir='ltr'>sit,</span> <span class='ocrx_word' id='word_1_202' title='bbox 1088 1600 1261 1644; x_wconf 84' lang='lat' dir='ltr'>experiar,</span> 
     </span>
     <span class='ocr_line' id='line_1_31' title="bbox 171 1644 1262 1690; baseline -0.002 -9"><span class='ocrx_word' id='word_1_203' title='bbox 171 1646 209 1682; x_wconf 90' lang='lat' dir='ltr'>in</span> <span class='ocrx_word' id='word_1_204' title='bbox 230 1646 324 1681; x_wconf 90' lang='lat' dir='ltr'>illius</span> <span class='ocrx_word' id='word_1_205' title='bbox 346 1645 529 1690; x_wconf 87' lang='lat' dir='ltr'>provincia</span> <span class='ocrx_word' id='word_1_206' title='bbox 552 1645 706 1690; x_wconf 84' lang='lat' dir='ltr'>experiri</span> <span class='ocrx_word' id='word_1_207' title='bbox 729 1645 773 1680; x_wconf 90' lang='lat' dir='ltr'>de</span> <span class='ocrx_word' id='word_1_208' title='bbox 800 1655 841 1680; x_wconf 91' lang='lat' dir='ltr'>eo</span> <span class='ocrx_word' id='word_1_209' title='bbox 866 1648 902 1680; x_wconf 91' lang='lat' dir='ltr'>et</span> <span class='ocrx_word' id='word_1_210' title='bbox 932 1644 1126 1689; x_wconf 86' lang='lat' dir='ltr'>potentiori</span> <span class='ocrx_word' id='word_1_211' title='bbox 1155 1655 1262 1689; x_wconf 87' lang='lat' dir='ltr'>pares</span> 
     </span>
     <span class='ocr_line' id='line_1_32' title="bbox 177 1689 1262 1735; baseline -0.002 -9"><span class='ocrx_word' id='word_1_212' title='bbox 177 1695 190 1726; x_wconf 88' lang='lat'>1</span> <span class='ocrx_word' id='word_1_213' title='bbox 241 1701 318 1726; x_wconf 88' lang='lat' dir='ltr'>esse</span> <span class='ocrx_word' id='word_1_214' title='bbox 348 1701 422 1726; x_wconf 92' lang='lat' dir='ltr'>non</span> <span class='ocrx_word' id='word_1_215' title='bbox 450 1700 652 1735; x_wconf 89' lang='lat' dir='ltr'>possumus.</span> <span class='ocrx_word' id='word_1_216' title='bbox 701 1689 772 1724; x_wconf 87' lang='lat' dir='ltr'>Sed</span> <span class='ocrx_word' id='word_1_217' title='bbox 808 1693 844 1725; x_wconf 89' lang='lat' dir='ltr'>et</span> <span class='ocrx_word' id='word_1_218' title='bbox 878 1689 910 1725; x_wconf 92' lang='lat' dir='ltr'>si</span> <span class='ocrx_word' id='word_1_219' title='bbox 943 1689 1122 1725; x_wconf 92' lang='lat' dir='ltr'>hominem</span> <span class='ocrx_word' id='word_1_220' title='bbox 1158 1699 1262 1734; x_wconf 91' lang='lat' dir='ltr'>quem</span> 
     </span>
     <span class='ocr_line' id='line_1_33' title="bbox 171 1734 1259 1781; baseline -0.002 -10"><span class='ocrx_word' id='word_1_221' title='bbox 171 1736 381 1781; x_wconf 82' lang='lat' dir='ltr'>petebamus</span> <span class='ocrx_word' id='word_1_222' title='bbox 411 1735 677 1777; x_wconf 84' lang='lat' dir='ltr'>manumiserit,</span> <span class='ocrx_word' id='word_1_223' title='bbox 711 1734 834 1770; x_wconf 90' lang='lat' dir='ltr'>durior</span> <span class='ocrx_word' id='word_1_224' title='bbox 862 1738 988 1770; x_wconf 86' lang='lat' dir='ltr'>nostra</span> <span class='ocrx_word' id='word_1_225' title='bbox 1020 1734 1183 1769; x_wconf 89' lang='lat' dir='ltr'>condicio</span> <span class='ocrx_word' id='word_1_226' title='bbox 1208 1734 1259 1776; x_wconf 89' lang='lat' dir='ltr'>fit,</span> 
     </span>
     <span class='ocr_line' id='line_1_34' title="bbox 172 1779 1261 1826; baseline -0.002 -10"><span class='ocrx_word' id='word_1_227' title='bbox 172 1784 192 1816; x_wconf 93' lang='lat'>2</span> <span class='ocrx_word' id='word_1_228' title='bbox 239 1780 324 1826; x_wconf 85' lang='lat' dir='ltr'>quia</span> <span class='ocrx_word' id='word_1_229' title='bbox 346 1783 530 1825; x_wconf 83' lang='lat' dir='ltr'>praetores</span> <span class='ocrx_word' id='word_1_230' title='bbox 553 1779 698 1815; x_wconf 86' lang='lat' dir='ltr'>faveant</span> <span class='ocrx_word' id='word_1_231' title='bbox 716 1779 952 1815; x_wconf 84' lang='lat' dir='ltr'>libertatibus.</span> <span class='ocrx_word' id='word_1_232' title='bbox 988 1779 1077 1814; x_wconf 88' lang='lat' dir='ltr'>Item</span> <span class='ocrx_word' id='word_1_233' title='bbox 1089 1779 1120 1814; x_wconf 90' lang='lat' dir='ltr'>si</span> <span class='ocrx_word' id='word_1_234' title='bbox 1131 1779 1261 1821; x_wconf 90' lang='lat' dir='ltr'>locum,</span> 
     </span>
     <span class='ocr_line' id='line_1_35' title="bbox 170 1824 1263 1871; baseline -0.002 -10"><span class='ocrx_word' id='word_1_235' title='bbox 170 1826 209 1861; x_wconf 91' lang='lat' dir='ltr'>in</span> <span class='ocrx_word' id='word_1_236' title='bbox 232 1836 301 1871; x_wconf 87' lang='lat' dir='ltr'>quo</span> <span class='ocrx_word' id='word_1_237' title='bbox 327 1835 417 1870; x_wconf 90' lang='lat' dir='ltr'>opus</span> <span class='ocrx_word' id='word_1_238' title='bbox 441 1824 579 1867; x_wconf 80' lang='lat' dir='ltr'>feceris,</span> <span class='ocrx_word' id='word_1_239' title='bbox 606 1825 707 1860; x_wconf 90' lang='lat' dir='ltr'>cuius</span> <span class='ocrx_word' id='word_1_240' title='bbox 731 1825 874 1860; x_wconf 91' lang='lat' dir='ltr'>nomine</span> <span class='ocrx_word' id='word_1_241' title='bbox 896 1824 1086 1860; x_wconf 87' lang='lat' dir='ltr'>interdicto</span> <span class='ocrx_word' id='word_1_242' title='bbox 1112 1824 1208 1869; x_wconf 89' lang='lat' dir='ltr'>quod</span> <span class='ocrx_word' id='word_1_243' title='bbox 1228 1825 1263 1859; x_wconf 92' lang='lat' dir='ltr'>vi</span> 
     </span>
     <span class='ocr_line' id='line_1_36' title="bbox 171 1869 1261 1914; baseline -0.001 -9"><span class='ocrx_word' id='word_1_244' title='bbox 171 1874 236 1906; x_wconf 87' lang='lat' dir='ltr'>aut</span> <span class='ocrx_word' id='word_1_245' title='bbox 268 1870 359 1905; x_wconf 82' lang='lat' dir='ltr'>clam</span> <span class='ocrx_word' id='word_1_246' title='bbox 391 1870 446 1905; x_wconf 90' lang='lat' dir='ltr'>vel</span> <span class='ocrx_word' id='word_1_247' title='bbox 476 1870 618 1905; x_wconf 88' lang='lat' dir='ltr'>actione</span> <span class='ocrx_word' id='word_1_248' title='bbox 651 1879 767 1914; x_wconf 88' lang='lat' dir='ltr'>aquae</span> <span class='ocrx_word' id='word_1_249' title='bbox 795 1869 938 1914; x_wconf 86' lang='lat' dir='ltr'>pluviae</span> <span class='ocrx_word' id='word_1_250' title='bbox 961 1869 1140 1904; x_wconf 81' lang='lat' dir='ltr'>arcendae</span> <span class='ocrx_word' id='word_1_251' title='bbox 1162 1873 1261 1904; x_wconf 91' lang='lat' dir='ltr'>tene—</span> 
     </span>
     <span class='ocr_line' id='line_1_37' title="bbox 171 1914 1260 1957; baseline -0.002 -6"><span class='ocrx_word' id='word_1_252' title='bbox 171 1915 280 1957; x_wconf 87' lang='lat' dir='ltr'>baris,</span> <span class='ocrx_word' id='word_1_253' title='bbox 305 1915 530 1957; x_wconf 79' lang='lat' dir='ltr'>alienaveris,</span> <span class='ocrx_word' id='word_1_254' title='bbox 556 1914 679 1950; x_wconf 90' lang='lat' dir='ltr'>durior</span> <span class='ocrx_word' id='word_1_255' title='bbox 701 1918 826 1950; x_wconf 89' lang='lat' dir='ltr'>nostra</span> <span class='ocrx_word' id='word_1_256' title='bbox 850 1914 1010 1950; x_wconf 89' lang='lat' dir='ltr'>condicio</span> <span class='ocrx_word' id='word_1_257' title='bbox 1034 1914 1134 1950; x_wconf 86' lang='lat' dir='ltr'>facta</span> <span class='ocrx_word' id='word_1_258' title='bbox 1155 1914 1260 1950; x_wconf 90' lang='lat' dir='ltr'>intel-</span> 
     </span>
     <span class='ocr_line' id='line_1_38' title="bbox 171 1958 1261 2005; baseline -0.001 -10"><span class='ocrx_word' id='word_1_259' title='bbox 171 1960 184 1995; x_wconf 93' lang='lat' dir='ltr'>l</span> <span class='ocrx_word' id='word_1_260' title='bbox 230 1961 308 2002; x_wconf 89' lang='lat' dir='ltr'>&#39;tur,</span> <span class='ocrx_word' id='word_1_261' title='bbox 335 1960 418 2005; x_wconf 90' lang='lat' dir='ltr'>quia</span> <span class='ocrx_word' id='word_1_262' title='bbox 426 1960 452 2002; x_wconf 81' lang='lat'>²,</span> <span class='ocrx_word' id='word_1_263' title='bbox 473 1960 504 1995; x_wconf 91' lang='lat' dir='ltr'>si</span> <span class='ocrx_word' id='word_1_264' title='bbox 521 1963 641 1995; x_wconf 91' lang='lat' dir='ltr'>tecum</span> <span class='ocrx_word' id='word_1_265' title='bbox 661 1963 836 2004; x_wconf 82' lang='lat' dir='ltr'>ageretur,</span> <span class='ocrx_word' id='word_1_266' title='bbox 860 1959 931 1994; x_wconf 90' lang='lat' dir='ltr'>tuis</span> <span class='ocrx_word' id='word_1_267' title='bbox 943 1959 1112 2004; x_wconf 87' lang='lat' dir='ltr'>impensis</span> <span class='ocrx_word' id='word_1_268' title='bbox 1123 1958 1161 1994; x_wconf 91' lang='lat' dir='ltr'>id</span> <span class='ocrx_word' id='word_1_269' title='bbox 1172 1969 1261 2004; x_wconf 91' lang='lat' dir='ltr'>opus</span> 
     </span>
     <span class='ocr_line' id='line_1_39' title="bbox 171 2003 1261 2048; baseline -0.002 -8"><span class='ocrx_word' id='word_1_270' title='bbox 171 2009 211 2040; x_wconf 91' lang='lat' dir='ltr'>to</span> <span class='ocrx_word' id='word_1_271' title='bbox 236 2015 294 2040; x_wconf 89' lang='lat' dir='ltr'>ere</span> <span class='ocrx_word' id='word_1_272' title='bbox 318 2004 475 2047; x_wconf 87' lang='lat' dir='ltr'>deberes,</span> <span class='ocrx_word' id='word_1_273' title='bbox 499 2015 595 2040; x_wconf 92' lang='lat' dir='ltr'>nunc</span> <span class='ocrx_word' id='word_1_274' title='bbox 617 2015 701 2039; x_wconf 89' lang='lat' dir='ltr'>vero</span> <span class='ocrx_word' id='word_1_275' title='bbox 726 2015 808 2039; x_wconf 92' lang='lat' dir='ltr'>cum</span> <span class='ocrx_word' id='word_1_276' title='bbox 826 2004 976 2048; x_wconf 84' lang='lat' dir='ltr'>incipiat</span> <span class='ocrx_word' id='word_1_277' title='bbox 993 2004 1078 2038; x_wconf 87' lang='lat' dir='ltr'>mihi</span> <span class='ocrx_word' id='word_1_278' title='bbox 1093 2003 1261 2039; x_wconf 84' lang='lat' dir='ltr'>adversus</span> 
     </span>
     <span class='ocr_line' id='line_1_40' title="bbox 173 2049 1262 2094; baseline -0.001 -9"><span class='ocrx_word' id='word_1_279' title='bbox 173 2050 281 2085; x_wconf 90' lang='lat' dir='ltr'>alium</span> <span class='ocrx_word' id='word_1_280' title='bbox 304 2050 398 2085; x_wconf 87' lang='lat' dir='ltr'>actio</span> <span class='ocrx_word' id='word_1_281' title='bbox 431 2060 509 2085; x_wconf 90' lang='lat' dir='ltr'>esse</span> <span class='ocrx_word' id='word_1_282' title='bbox 541 2059 647 2094; x_wconf 91' lang='lat' dir='ltr'>quam</span> <span class='ocrx_word' id='word_1_283' title='bbox 679 2049 740 2094; x_wconf 86' lang='lat' dir='ltr'>qui</span> <span class='ocrx_word' id='word_1_284' title='bbox 771 2049 916 2091; x_wconf 87' lang='lat' dir='ltr'>fecerit,</span> <span class='ocrx_word' id='word_1_285' title='bbox 951 2049 1145 2093; x_wconf 87' lang='lat' dir='ltr'>compellor</span> <span class='ocrx_word' id='word_1_286' title='bbox 1174 2049 1262 2084; x_wconf 91' lang='lat' dir='ltr'>meis</span> 
     </span>
     <span class='ocr_line' id='line_1_41' title="bbox 171 2093 1261 2140; baseline -0.002 -10"><span class='ocrx_word' id='word_1_287' title='bbox 171 2095 339 2140; x_wconf 85' lang='lat' dir='ltr'>impensis</span> <span class='ocrx_word' id='word_1_288' title='bbox 361 2094 399 2129; x_wconf 91' lang='lat' dir='ltr'>id</span> <span class='ocrx_word' id='word_1_289' title='bbox 421 2095 555 2136; x_wconf 88' lang='lat' dir='ltr'>tollere,</span> <span class='ocrx_word' id='word_1_290' title='bbox 580 2094 664 2138; x_wconf 90' lang='lat' dir='ltr'>quia</span> <span class='ocrx_word' id='word_1_291' title='bbox 687 2094 749 2139; x_wconf 90' lang='lat' dir='ltr'>qui</span> <span class='ocrx_word' id='word_1_292' title='bbox 771 2094 817 2129; x_wconf 85' lang='lat' dir='ltr'>ab</span> <span class='ocrx_word' id='word_1_293' title='bbox 841 2094 912 2129; x_wconf 88' lang='lat' dir='ltr'>alio</span> <span class='ocrx_word' id='word_1_294' title='bbox 934 2093 1072 2129; x_wconf 86' lang='lat' dir='ltr'>factum</span> <span class='ocrx_word' id='word_1_295' title='bbox 1091 2093 1261 2138; x_wconf 85' lang='lat' dir='ltr'>possidet,</span> 
     </span>
     <span class='ocr_line' id='line_1_42' title="bbox 171 2138 1261 2184; baseline -0.001 -9"><span class='ocrx_word' id='word_1_296' title='bbox 171 2139 345 2175; x_wconf 87' lang='lat' dir='ltr'>hactenus</span> <span class='ocrx_word' id='word_1_297' title='bbox 367 2139 445 2174; x_wconf 89' lang='lat' dir='ltr'>istis</span> <span class='ocrx_word' id='word_1_298' title='bbox 469 2139 670 2174; x_wconf 82' lang='lat' dir='ltr'>actionibus</span> <span class='ocrx_word' id='word_1_299' title='bbox 693 2142 846 2181; x_wconf 86' lang='lat' dir='ltr'>tenetur,</span> <span class='ocrx_word' id='word_1_300' title='bbox 870 2142 912 2173; x_wconf 93' lang='lat' dir='ltr'>ut</span> <span class='ocrx_word' id='word_1_301' title='bbox 934 2139 1093 2184; x_wconf 85' lang='lat' dir='ltr'>patiatur</span> <span class='ocrx_word' id='word_1_302' title='bbox 1114 2138 1151 2173; x_wconf 91' lang='lat' dir='ltr'>id</span> <span class='ocrx_word' id='word_1_303' title='bbox 1170 2149 1261 2184; x_wconf 91' lang='lat' dir='ltr'>opus</span> 
     </span>
     <span class='ocr_line' id='line_1_43' title="bbox 173 2183 1259 2228; baseline -0.001 -9"><span class='ocrx_word' id='word_1_304' title='bbox 173 2187 194 2219; x_wconf 86' lang='grc'>3</span> <span class='ocrx_word' id='word_1_305' title='bbox 239 2184 327 2219; x_wconf 89' lang='lat' dir='ltr'>tolli.</span> <span class='ocrx_word' id='word_1_306' title='bbox 376 2183 474 2228; x_wconf 91' lang='lat' dir='ltr'>Opus</span> <span class='ocrx_word' id='word_1_307' title='bbox 499 2194 640 2228; x_wconf 88' lang='lat' dir='ltr'>quoque</span> <span class='ocrx_word' id='word_1_308' title='bbox 663 2195 794 2219; x_wconf 90' lang='lat' dir='ltr'>novum</span> <span class='ocrx_word' id='word_1_309' title='bbox 811 2184 843 2219; x_wconf 90' lang='lat' dir='ltr'>si</span> <span class='ocrx_word' id='word_1_310' title='bbox 861 2183 928 2218; x_wconf 92' lang='lat' dir='ltr'>tibi</span> <span class='ocrx_word' id='word_1_311' title='bbox 946 2183 1183 2219; x_wconf 88' lang='lat' dir='ltr'>nuntiaverim</span> <span class='ocrx_word' id='word_1_312' title='bbox 1202 2187 1259 2218; x_wconf 88' lang='lat' dir='ltr'>tu-</span> 
     </span>
     <span class='ocr_line' id='line_1_44' title="bbox 172 2227 1260 2309; baseline 0 -46"><span class='ocrx_word' id='word_1_313' title='bbox 172 2239 242 2309; x_wconf 63' lang='grc' dir='ltr'>3ῗο</span> <span class='ocrx_word' id='word_1_314' title='bbox 265 2239 346 2264; x_wconf 83' lang='grc'><strong>011111</strong></span> <span class='ocrx_word' id='word_1_315' title='bbox 368 2229 487 2264; x_wconf 89' lang='grc'><strong>10011111</strong></span> <span class='ocrx_word' id='word_1_316' title='bbox 510 2229 743 2264; x_wconf 85' lang='lat' dir='ltr'>alienaveris³</span> <span class='ocrx_word' id='word_1_317' title='bbox 767 2232 803 2264; x_wconf 92' lang='lat' dir='ltr'>et</span> <span class='ocrx_word' id='word_1_318' title='bbox 827 2233 966 2280; x_wconf 87' lang='lat' dir='ltr'>emptor</span> <span class='ocrx_word' id='word_1_319' title='bbox 997 2239 1087 2273; x_wconf 90' lang='lat' dir='ltr'>opus</span> <span class='ocrx_word' id='word_1_320' title='bbox 1122 2227 1260 2271; x_wconf 88' lang='lat' dir='ltr'>fecerit,</span> 
     </span>
    </p>

    <p class='ocr_par' dir='ltr' id='par_1_10' title="bbox 172 2274 1261 2848">
     <span class='ocr_line' id='line_1_45' title="bbox 199 2274 1261 2319; baseline 0 -11"><span class='ocrx_word' id='word_1_321' title='bbox 199 2274 303 2309; x_wconf 85' lang='lat' dir='ltr'>‘citur</span> <span class='ocrx_word' id='word_1_322' title='bbox 325 2277 361 2308; x_wconf 89' lang='lat' dir='ltr'>te</span> <span class='ocrx_word' id='word_1_323' title='bbox 383 2274 452 2309; x_wconf 91' lang='lat' dir='ltr'>hoc</span> <span class='ocrx_word' id='word_1_324' title='bbox 476 2274 605 2309; x_wconf 93' lang='lat' dir='ltr'>iudicio</span> <span class='ocrx_word' id='word_1_325' title='bbox 630 2274 761 2316; x_wconf 91' lang='lat' dir='ltr'>teneri,</span> <span class='ocrx_word' id='word_1_326' title='bbox 793 2283 896 2319; x_wconf 78' lang='lat' dir='ltr'>quasi</span> <span class='ocrx_word' id='word_1_327' title='bbox 929 2283 1045 2318; x_wconf 88' lang='lat' dir='ltr'>neque</span> <span class='ocrx_word' id='word_1_328' title='bbox 1075 2277 1194 2308; x_wconf 89' lang='lat' dir='ltr'>tecum</span> <span class='ocrx_word' id='word_1_329' title='bbox 1218 2284 1261 2308; x_wconf 82' lang='lat' dir='ltr'>ex</span> 
     </span>
     <span class='ocr_line' id='line_1_46' title="bbox 172 2318 1259 2371; baseline -0.001 -17"><span class='ocrx_word' id='word_1_330' title='bbox 172 2319 289 2371; x_wconf 82' lang='lat' dir='ltr'>operis</span> <span class='ocrx_word' id='word_1_331' title='bbox 312 2318 395 2354; x_wconf 90' lang='lat' dir='ltr'>novi</span> <span class='ocrx_word' id='word_1_332' title='bbox 417 2319 640 2354; x_wconf 86' lang='lat' dir='ltr'>nuntiatione</span> <span class='ocrx_word' id='word_1_333' title='bbox 663 2328 766 2364; x_wconf 88' lang='lat' dir='ltr'>agere</span> <span class='ocrx_word' id='word_1_334' title='bbox 789 2318 933 2364; x_wconf 89' lang='lat' dir='ltr'>possim,</span> <span class='ocrx_word' id='word_1_335' title='bbox 959 2318 1041 2363; x_wconf 89' lang='lat' dir='ltr'>quia</span> <span class='ocrx_word' id='word_1_336' title='bbox 1060 2318 1147 2353; x_wconf 88' lang='lat' dir='ltr'>nihil</span> <span class='ocrx_word' id='word_1_337' title='bbox 1165 2318 1259 2353; x_wconf 87' lang='lat' dir='ltr'>fece-</span> 
     </span>
     <span class='ocr_line' id='line_1_47' title="bbox 173 2363 1259 2409; baseline 0 -11"><span class='ocrx_word' id='word_1_338' title='bbox 173 2374 234 2406; x_wconf 85' lang='lat' dir='ltr'>ns,</span> <span class='ocrx_word' id='word_1_339' title='bbox 259 2373 374 2409; x_wconf 88' lang='lat' dir='ltr'>neque</span> <span class='ocrx_word' id='word_1_340' title='bbox 398 2374 478 2398; x_wconf 90' lang='lat' dir='ltr'>cum</span> <span class='ocrx_word' id='word_1_341' title='bbox 503 2374 543 2399; x_wconf 91' lang='lat' dir='ltr'>eo</span> <span class='ocrx_word' id='word_1_342' title='bbox 569 2364 626 2399; x_wconf 90' lang='lat' dir='ltr'>cui</span> <span class='ocrx_word' id='word_1_343' title='bbox 649 2363 686 2399; x_wconf 93' lang='lat' dir='ltr'>id</span> <span class='ocrx_word' id='word_1_344' title='bbox 709 2363 928 2406; x_wconf 83' lang='lat' dir='ltr'>alienaveris,</span> <span class='ocrx_word' id='word_1_345' title='bbox 953 2364 1038 2408; x_wconf 90' lang='lat' dir='ltr'>quia</span> <span class='ocrx_word' id='word_1_346' title='bbox 1060 2363 1093 2398; x_wconf 92' lang='lat' dir='ltr'>ei</span> <span class='ocrx_word' id='word_1_347' title='bbox 1116 2363 1259 2398; x_wconf 86' lang='lat' dir='ltr'>nuntia-</span> 
     </span>
     <span class='ocr_line' id='line_1_48' title="bbox 172 2407 1260 2454; baseline 0 -11"><span class='ocrx_word' id='word_1_348' title='bbox 172 2412 193 2444; x_wconf 81' lang='grc'>4</span> <span class='ocrx_word' id='word_1_349' title='bbox 239 2413 315 2443; x_wconf 91' lang='lat' dir='ltr'>tum</span> <span class='ocrx_word' id='word_1_350' title='bbox 338 2419 411 2444; x_wconf 90' lang='lat' dir='ltr'>non</span> <span class='ocrx_word' id='word_1_351' title='bbox 434 2409 491 2443; x_wconf 92' lang='lat' dir='ltr'>sit.</span> <span class='ocrx_word' id='word_1_352' title='bbox 526 2408 584 2443; x_wconf 82' lang='lat' dir='ltr'>Ex</span> <span class='ocrx_word' id='word_1_353' title='bbox 609 2408 738 2454; x_wconf 90' lang='lat' dir='ltr'>quibus</span> <span class='ocrx_word' id='word_1_354' title='bbox 762 2419 785 2444; x_wconf 85' lang='grc'>0</span> <span class='ocrx_word' id='word_1_355' title='bbox 836 2411 923 2450; x_wconf 84' lang='lat' dir='ltr'>aret,</span> <span class='ocrx_word' id='word_1_356' title='bbox 948 2407 1043 2453; x_wconf 90' lang='lat' dir='ltr'>quod</span> <span class='ocrx_word' id='word_1_357' title='bbox 1065 2408 1260 2453; x_wconf 91' lang='lat' dir='ltr'>proconsul</span> 
     </span>
     <span class='ocr_line' id='line_1_49' title="bbox 172 2453 1260 2498; baseline 0 -10"><span class='ocrx_word' id='word_1_358' title='bbox 172 2453 395 2498; x_wconf 85' lang='lat' dir='ltr'>inintegrum</span> <span class='ocrx_word' id='word_1_359' title='bbox 416 2453 663 2489; x_wconf 88' lang='lat' dir='ltr'>restituturum</span> <span class='ocrx_word' id='word_1_360' title='bbox 683 2464 722 2489; x_wconf 91' lang='lat' dir='ltr'>se</span> <span class='ocrx_word' id='word_1_361' title='bbox 740 2464 787 2498; x_wconf 90' lang='lat' dir='ltr'>po</span> <span class='ocrx_word' id='word_1_362' title='bbox 829 2457 940 2495; x_wconf 88' lang='lat' dir='ltr'>cetur,</span> <span class='ocrx_word' id='word_1_363' title='bbox 965 2457 1006 2487; x_wconf 92' lang='lat' dir='ltr'>ut</span> <span class='ocrx_word' id='word_1_364' title='bbox 1028 2453 1098 2488; x_wconf 89' lang='lat' dir='ltr'>hac</span> <span class='ocrx_word' id='word_1_365' title='bbox 1118 2453 1260 2488; x_wconf 89' lang='lat' dir='ltr'>actione</span> 
     </span>
     <span class='ocr_line' id='line_1_50' title="bbox 173 2497 1260 2543; baseline -0.001 -10"><span class='ocrx_word' id='word_1_366' title='bbox 173 2497 291 2534; x_wconf 85' lang='lat' dir='ltr'>officio</span> <span class='ocrx_word' id='word_1_367' title='bbox 315 2502 456 2533; x_wconf 88' lang='lat' dir='ltr'>tantum</span> <span class='ocrx_word' id='word_1_368' title='bbox 485 2498 637 2534; x_wconf 82' lang='lat' dir='ltr'>iudicis⁴</span> <span class='ocrx_word' id='word_1_369' title='bbox 661 2501 904 2543; x_wconf 86' lang='lat' dir='ltr'>consequatur</span> <span class='ocrx_word' id='word_1_370' title='bbox 934 2502 1054 2540; x_wconf 89' lang='lat' dir='ltr'>actor,</span> <span class='ocrx_word' id='word_1_371' title='bbox 1087 2501 1260 2543; x_wconf 91' lang='lat' dir='ltr'>quantum</span> 
     </span>
     <span class='ocr_line' id='line_1_51' title="bbox 174 2542 1259 2579; baseline 0 -1"><span class='ocrx_word' id='word_1_372' title='bbox 174 2543 248 2578; x_wconf 90' lang='lat' dir='ltr'>eius</span> <span class='ocrx_word' id='word_1_373' title='bbox 270 2543 411 2578; x_wconf 89' lang='lat' dir='ltr'>intersit</span> <span class='ocrx_word' id='word_1_374' title='bbox 434 2543 543 2579; x_wconf 90' lang='lat' dir='ltr'>alium</span> <span class='ocrx_word' id='word_1_375' title='bbox 566 2543 808 2579; x_wconf 85' lang='lat' dir='ltr'>adversarium</span> <span class='ocrx_word' id='word_1_376' title='bbox 839 2553 912 2578; x_wconf 89' lang='lat' dir='ltr'>non</span> <span class='ocrx_word' id='word_1_377' title='bbox 945 2543 1133 2578; x_wconf 87' lang='lat' dir='ltr'>habuisse:</span> <span class='ocrx_word' id='word_1_378' title='bbox 1165 2542 1259 2578; x_wconf 84' lang='lat' dir='ltr'>forte</span> 
     </span>
     <span class='ocr_line' id='line_1_52' title="bbox 173 2587 1259 2633; baseline -0.001 -10"><span class='ocrx_word' id='word_1_379' title='bbox 173 2588 203 2623; x_wconf 89' lang='lat' dir='ltr'>si</span> <span class='ocrx_word' id='word_1_380' title='bbox 251 2598 315 2623; x_wconf 82' lang='lat' dir='ltr'>uas</span> <span class='ocrx_word' id='word_1_381' title='bbox 338 2588 505 2633; x_wconf 85' lang='lat' dir='ltr'>inpensas</span> <span class='ocrx_word' id='word_1_382' title='bbox 535 2588 661 2624; x_wconf 88' lang='lat' dir='ltr'>fecerit</span> <span class='ocrx_word' id='word_1_383' title='bbox 693 2591 757 2623; x_wconf 88' lang='lat' dir='ltr'>aut</span> <span class='ocrx_word' id='word_1_384' title='bbox 786 2587 817 2623; x_wconf 90' lang='lat' dir='ltr'>si</span> <span class='ocrx_word' id='word_1_385' title='bbox 847 2598 955 2632; x_wconf 89' lang='lat' dir='ltr'>quam</span> <span class='ocrx_word' id='word_1_386' title='bbox 986 2588 1092 2623; x_wconf 90' lang='lat' dir='ltr'>aliam</span> <span class='ocrx_word' id='word_1_387' title='bbox 1123 2588 1259 2623; x_wconf 87' lang='lat' dir='ltr'>incom-</span> 
     </span>
     <span class='ocr_line' id='line_1_53' title="bbox 174 2632 1256 2677; baseline 0 -10"><span class='ocrx_word' id='word_1_388' title='bbox 174 2643 230 2667; x_wconf 93' lang='lat' dir='ltr'>mo</span> <span class='ocrx_word' id='word_1_389' title='bbox 258 2633 379 2667; x_wconf 89' lang='lat' dir='ltr'>&#39;tatem</span> <span class='ocrx_word' id='word_1_390' title='bbox 410 2643 537 2677; x_wconf 89' lang='lat' dir='ltr'>passus</span> <span class='ocrx_word' id='word_1_391' title='bbox 580 2634 647 2668; x_wconf 91' lang='lat' dir='ltr'>erit</span> <span class='ocrx_word' id='word_1_392' title='bbox 688 2632 758 2668; x_wconf 89' lang='lat' dir='ltr'>alio</span> <span class='ocrx_word' id='word_1_393' title='bbox 803 2632 1008 2668; x_wconf 88' lang='lat' dir='ltr'>adversario</span> <span class='ocrx_word' id='word_1_394' title='bbox 1050 2632 1256 2668; x_wconf 88' lang='lat' dir='ltr'>substituto.</span> 
     </span>
     <span class='ocr_line' id='line_1_54' title="bbox 174 2676 1258 2723; baseline 0.001 -12"><span class='ocrx_word' id='word_1_395' title='bbox 174 2679 195 2711; x_wconf 84' lang='lat'><strong>5</strong></span> <span class='ocrx_word' id='word_1_396' title='bbox 242 2676 334 2721; x_wconf 84' lang='lat' dir='ltr'>Quid</span> <span class='ocrx_word' id='word_1_397' title='bbox 366 2687 447 2721; x_wconf 88' lang='lat' dir='ltr'>ergo</span> <span class='ocrx_word' id='word_1_398' title='bbox 479 2681 551 2719; x_wconf 92' lang='lat' dir='ltr'>est,</span> <span class='ocrx_word' id='word_1_399' title='bbox 583 2678 614 2713; x_wconf 92' lang='lat' dir='ltr'>si</span> <span class='ocrx_word' id='word_1_400' title='bbox 642 2677 695 2720; x_wconf 88' lang='lat' dir='ltr'>is,</span> <span class='ocrx_word' id='word_1_401' title='bbox 726 2677 898 2713; x_wconf 89' lang='lat' dir='ltr'>adversus</span> <span class='ocrx_word' id='word_1_402' title='bbox 930 2688 1034 2723; x_wconf 89' lang='lat' dir='ltr'>quem</span> <span class='ocrx_word' id='word_1_403' title='bbox 1056 2677 1139 2712; x_wconf 84' lang='lat' dir='ltr'>talis</span> <span class='ocrx_word' id='word_1_404' title='bbox 1163 2678 1258 2713; x_wconf 88' lang='lat' dir='ltr'>actio</span> 
     </span>
     <span class='ocr_line' id='line_1_55' title="bbox 175 2722 1259 2767; baseline 0.001 -11"><span class='ocrx_word' id='word_1_405' title='bbox 175 2722 361 2766; x_wconf 84' lang='lat' dir='ltr'>competit,</span> <span class='ocrx_word' id='word_1_406' title='bbox 392 2727 538 2766; x_wconf 89' lang='lat' dir='ltr'>paratus</span> <span class='ocrx_word' id='word_1_407' title='bbox 569 2723 616 2758; x_wconf 93' lang='lat' dir='ltr'>sit</span> <span class='ocrx_word' id='word_1_408' title='bbox 645 2722 733 2758; x_wconf 91' lang='lat' dir='ltr'>utile</span> <span class='ocrx_word' id='word_1_409' title='bbox 754 2723 924 2758; x_wconf 90' lang='lat' dir='ltr'>iudicium</span> <span class='ocrx_word' id='word_1_410' title='bbox 947 2723 1023 2767; x_wconf 89' lang='lat' dir='ltr'>pati</span> <span class='ocrx_word' id='word_1_411' title='bbox 1046 2722 1196 2767; x_wconf 85' lang='lat' dir='ltr'>perinde</span> <span class='ocrx_word' id='word_1_412' title='bbox 1216 2733 1259 2757; x_wconf 86' lang='lat' dir='ltr'>ac</span> 
     </span>
     <span class='ocr_line' id='line_1_56' title="bbox 174 2766 1258 2813; baseline 0.003 -13"><span class='ocrx_word' id='word_1_413' title='bbox 174 2766 205 2801; x_wconf 88' lang='lat' dir='ltr'>si</span> <span class='ocrx_word' id='word_1_414' title='bbox 223 2766 445 2810; x_wconf 81' lang='lat' dir='ltr'>possideret?</span> <span class='ocrx_word' id='word_1_415' title='bbox 469 2771 564 2802; x_wconf 87' lang='lat' dir='ltr'>recte</span> <span class='ocrx_word' id='word_1_416' title='bbox 583 2767 711 2803; x_wconf 88' lang='lat' dir='ltr'>dicitur</span> <span class='ocrx_word' id='word_1_417' title='bbox 731 2767 975 2813; x_wconf 83' lang='lat' dir='ltr'>denegandam</span> <span class='ocrx_word' id='word_1_418' title='bbox 995 2778 1074 2803; x_wconf 91' lang='lat' dir='ltr'>esse</span> <span class='ocrx_word' id='word_1_419' title='bbox 1086 2767 1258 2803; x_wconf 83' lang='lat' dir='ltr'>adversus</span> 
     </span>
     <span class='ocr_line' id='line_1_57' title="bbox 175 2810 764 2848; baseline 0.005 -3"><span class='ocrx_word' id='word_1_420' title='bbox 175 2820 255 2846; x_wconf 89' lang='lat' dir='ltr'>eum</span> <span class='ocrx_word' id='word_1_421' title='bbox 280 2820 323 2845; x_wconf 88' lang='lat' dir='ltr'>ex</span> <span class='ocrx_word' id='word_1_422' title='bbox 344 2810 414 2846; x_wconf 90' lang='lat' dir='ltr'>hoc</span> <span class='ocrx_word' id='word_1_423' title='bbox 438 2811 554 2846; x_wconf 88' lang='lat' dir='ltr'>edicto</span> <span class='ocrx_word' id='word_1_424' title='bbox 578 2812 764 2848; x_wconf 87' lang='lat' dir='ltr'>actionem.</span> 
     </span>
    </p>

    <p class='ocr_par' dir='ltr' id='par_1_11' title="bbox 174 2853 1259 2990">
     <span class='ocr_line' id='line_1_58' title="bbox 221 2853 1259 2893; baseline 0 -1"><span class='ocrx_word' id='word_1_425' title='bbox 221 2853 273 2892; x_wconf 75' lang='lat'>4⁵</span> <span class='ocrx_word' id='word_1_426' title='bbox 303 2854 495 2891; x_wconf 64' lang='lat' dir='ltr'>Utpmvvs</span> <span class='ocrx_word' id='word_1_427' title='bbox 515 2856 605 2892; x_wconf 84' lang='lat' dir='ltr'>libro</span> <span class='ocrx_word' id='word_1_428' title='bbox 630 2858 733 2892; x_wconf 85' lang='lat' dir='ltr'>tertio</span> <span class='ocrx_word' id='word_1_429' title='bbox 752 2857 888 2893; x_wconf 81' lang='lat' dir='ltr'>decimo</span> <span class='ocrx_word' id='word_1_430' title='bbox 911 2857 962 2892; x_wconf 87' lang='lat' dir='ltr'>ad</span> <span class='ocrx_word' id='word_1_431' title='bbox 979 2857 1134 2893; x_wconf 81' lang='lat' dir='ltr'>edictum</span> <span class='ocrx_word' id='word_1_432' title='bbox 1169 2857 1259 2893; x_wconf 90' lang='lat' dir='ltr'>Item</span> 
     </span>
     <span class='ocr_line' id='line_1_59' title="bbox 174 2899 1259 2951; baseline 0.001 -15"><span class='ocrx_word' id='word_1_433' title='bbox 174 2899 206 2936; x_wconf 84' lang='lat' dir='ltr'>si</span> <span class='ocrx_word' id='word_1_434' title='bbox 227 2909 284 2935; x_wconf 88' lang='lat' dir='ltr'>res</span> <span class='ocrx_word' id='word_1_435' title='bbox 306 2899 439 2951; x_wconf 57' lang='lat' dir='ltr'>fuerint</span> <span class='ocrx_word' id='word_1_436' title='bbox 461 2905 656 2946; x_wconf 85' lang='lat' dir='ltr'>usucaptae</span> <span class='ocrx_word' id='word_1_437' title='bbox 679 2902 725 2937; x_wconf 87' lang='lat' dir='ltr'>ab</span> <span class='ocrx_word' id='word_1_438' title='bbox 750 2912 792 2938; x_wconf 89' lang='lat' dir='ltr'>eo</span> <span class='ocrx_word' id='word_1_439' title='bbox 818 2902 876 2938; x_wconf 92' lang='lat' dir='ltr'>cui</span> <span class='ocrx_word' id='word_1_440' title='bbox 898 2902 1075 2938; x_wconf 83' lang='lat' dir='ltr'>alienatae</span> <span class='ocrx_word' id='word_1_441' title='bbox 1098 2902 1170 2937; x_wconf 91' lang='lat' dir='ltr'>sint</span> <span class='ocrx_word' id='word_1_442' title='bbox 1191 2913 1259 2938; x_wconf 90' lang='lat' dir='ltr'>nec</span> 
     </span>
     <span class='ocr_line' id='line_1_60' title="bbox 178 2944 1258 2990; baseline 0.003 -11"><span class='ocrx_word' id='word_1_443' title='bbox 178 2947 193 2979; x_wconf 80' lang='lat'>1</span> <span class='ocrx_word' id='word_1_444' title='bbox 243 2948 317 2990; x_wconf 79' lang='lat' dir='ltr'>peti</span> <span class='ocrx_word' id='word_1_445' title='bbox 329 2945 375 2979; x_wconf 86' lang='lat' dir='ltr'>ab</span> <span class='ocrx_word' id='word_1_446' title='bbox 387 2944 456 2979; x_wconf 92' lang='lat' dir='ltr'>hoc</span> <span class='ocrx_word' id='word_1_447' title='bbox 468 2946 615 2989; x_wconf 84' lang='lat' dir='ltr'>possint,</span> <span class='ocrx_word' id='word_1_448' title='bbox 629 2946 747 2982; x_wconf 91' lang='lat' dir='ltr'>locum</span> <span class='ocrx_word' id='word_1_449' title='bbox 757 2947 868 2983; x_wconf 88' lang='lat' dir='ltr'>habet</span> <span class='ocrx_word' id='word_1_450' title='bbox 878 2947 947 2983; x_wconf 91' lang='lat' dir='ltr'>hoc</span> <span class='ocrx_word' id='word_1_451' title='bbox 961 2947 1126 2982; x_wconf 89' lang='lat' dir='ltr'>edictum.</span> <span class='ocrx_word' id='word_1_452' title='bbox 1151 2947 1258 2982; x_wconf 90' lang='lat' dir='ltr'>Item-</span> 
     </span>
    </p>

    <p class='ocr_par' dir='ltr' id='par_1_12' title="bbox 198 2989 1260 3041">
     <span class='ocr_line' id='line_1_61' title="bbox 198 2989 1260 3041; baseline 0.003 -16"><span class='ocrx_word' id='word_1_453' title='bbox 198 2999 248 3041; x_wconf 70' lang='grc'>00</span> <span class='ocrx_word' id='word_1_454' title='bbox 266 2989 345 3041; x_wconf 78' lang='lat' dir='ltr'>fieri</span> <span class='ocrx_word' id='word_1_455' title='bbox 367 2994 504 3033; x_wconf 86' lang='lat' dir='ltr'>potest,</span> <span class='ocrx_word' id='word_1_456' title='bbox 526 2994 569 3041; x_wconf 78' lang='lat' dir='ltr'>ut</span> <span class='ocrx_word' id='word_1_457' title='bbox 592 2991 667 3026; x_wconf 90' lang='lat' dir='ltr'>sine</span> <span class='ocrx_word' id='word_1_458' title='bbox 690 2991 771 3027; x_wconf 91' lang='lat' dir='ltr'>dolo</span> <span class='ocrx_word' id='word_1_459' title='bbox 795 2992 887 3027; x_wconf 89' lang='lat' dir='ltr'>malo</span> <span class='ocrx_word' id='word_1_460' title='bbox 913 2992 1054 3038; x_wconf 90' lang='lat' dir='ltr'>quidem</span> <span class='ocrx_word' id='word_1_461' title='bbox 1126 2992 1260 3028; x_wconf 87' lang='lat' dir='ltr'>ssidere</span> 
     </span>
    </p>

    <p class='ocr_par' dir='ltr' id='par_1_13' title="bbox 173 3034 1260 3480">
     <span class='ocr_line' id='line_1_62' title="bbox 200 3034 1260 3076; baseline 0.001 -6"><span class='ocrx_word' id='word_1_462' title='bbox 200 3037 320 3070; x_wconf 75' lang='lat' dir='ltr'>esient</span> <span class='ocrx_word' id='word_1_463' title='bbox 329 3034 355 3076; x_wconf 81' lang='lat'>⁶,</span> <span class='ocrx_word' id='word_1_464' title='bbox 380 3043 500 3069; x_wconf 85' lang='lat' dir='ltr'>verum</span> <span class='ocrx_word' id='word_1_465' title='bbox 523 3034 644 3070; x_wconf 84' lang='lat' dir='ltr'>mdicii</span> <span class='ocrx_word' id='word_1_466' title='bbox 666 3037 828 3072; x_wconf 89' lang='lat' dir='ltr'>mutandi</span> <span class='ocrx_word' id='word_1_467' title='bbox 852 3047 963 3073; x_wconf 84' lang='lat' dir='ltr'>causa</span> <span class='ocrx_word' id='word_1_468' title='bbox 993 3037 1031 3072; x_wconf 91' lang='lat' dir='ltr'>id</span> <span class='ocrx_word' id='word_1_469' title='bbox 1089 3041 1138 3072; x_wconf 87' lang='lat' dir='ltr'>at.</span> <span class='ocrx_word' id='word_1_470' title='bbox 1174 3040 1260 3072; x_wconf 92' lang='lat' dir='ltr'>sunt</span> 
     </span>
     <span class='ocr_line' id='line_1_63' title="bbox 176 3078 1258 3130; baseline 0.003 -15"><span class='ocrx_word' id='word_1_471' title='bbox 176 3083 213 3115; x_wconf 83' lang='lat' dir='ltr'>et</span> <span class='ocrx_word' id='word_1_472' title='bbox 241 3078 313 3114; x_wconf 87' lang='lat' dir='ltr'>alia</span> <span class='ocrx_word' id='word_1_473' title='bbox 344 3078 526 3130; x_wconf 81' lang='lat' dir='ltr'>complura</span> <span class='ocrx_word' id='word_1_474' title='bbox 557 3080 654 3114; x_wconf 85' lang='lat' dir='ltr'>talia.</span> <span class='ocrx_word' id='word_1_475' title='bbox 690 3085 810 3125; x_wconf 90' lang='lat' dir='ltr'>potest</span> <span class='ocrx_word' id='word_1_476' title='bbox 841 3082 985 3118; x_wconf 87' lang='lat' dir='ltr'>autem⁷</span> <span class='ocrx_word' id='word_1_477' title='bbox 1018 3082 1146 3127; x_wconf 87' lang='lat' dir='ltr'>aliquis</span> <span class='ocrx_word' id='word_1_478' title='bbox 1177 3082 1258 3117; x_wconf 92' lang='lat' dir='ltr'>dolo</span> 
     </span>
     <span class='ocr_line' id='line_1_64' title="bbox 174 3122 1259 3168; baseline 0.003 -9"><span class='ocrx_word' id='word_1_479' title='bbox 174 3123 268 3159; x_wconf 85' lang='lat' dir='ltr'>malo</span> <span class='ocrx_word' id='word_1_480' title='bbox 300 3122 460 3158; x_wconf 76' lang='lat' dir='ltr'>desinere</span> <span class='ocrx_word' id='word_1_481' title='bbox 489 3124 671 3168; x_wconf 88' lang='lat' dir='ltr'>possidere</span> <span class='ocrx_word' id='word_1_482' title='bbox 703 3136 769 3161; x_wconf 91' lang='lat' dir='ltr'>nec</span> <span class='ocrx_word' id='word_1_483' title='bbox 803 3130 923 3162; x_wconf 88' lang='lat' dir='ltr'>tamen</span> <span class='ocrx_word' id='word_1_484' title='bbox 953 3126 1074 3162; x_wconf 90' lang='lat' dir='ltr'>iudicii</span> <span class='ocrx_word' id='word_1_485' title='bbox 1098 3126 1259 3162; x_wconf 89' lang='lat' dir='ltr'>mutandi</span> 
     </span>
     <span class='ocr_line' id='line_1_65' title="bbox 175 3167 1258 3217; baseline 0.003 -13"><span class='ocrx_word' id='word_1_486' title='bbox 175 3178 287 3204; x_wconf 78' lang='lat' dir='ltr'>causa</span> <span class='ocrx_word' id='word_1_487' title='bbox 308 3167 437 3203; x_wconf 77' lang='lat' dir='ltr'>fecisse</span> <span class='ocrx_word' id='word_1_488' title='bbox 459 3178 526 3203; x_wconf 87' lang='lat' dir='ltr'>nec</span> <span class='ocrx_word' id='word_1_489' title='bbox 547 3168 617 3204; x_wconf 90' lang='lat' dir='ltr'>hoc</span> <span class='ocrx_word' id='word_1_490' title='bbox 641 3169 755 3206; x_wconf 89' lang='lat' dir='ltr'>edicto</span> <span class='ocrx_word' id='word_1_491' title='bbox 779 3172 907 3207; x_wconf 89' lang='lat' dir='ltr'>teneri:</span> <span class='ocrx_word' id='word_1_492' title='bbox 932 3182 1047 3217; x_wconf 87' lang='lat' dir='ltr'>neque</span> <span class='ocrx_word' id='word_1_493' title='bbox 1065 3171 1158 3207; x_wconf 87' lang='lat' dir='ltr'>enim</span> <span class='ocrx_word' id='word_1_494' title='bbox 1170 3171 1258 3207; x_wconf 89' lang='lat' dir='ltr'>alie-</span> 
     </span>
     <span class='ocr_line' id='line_1_66' title="bbox 174 3211 1259 3293; baseline 0.006 -47"><span class='ocrx_word' id='word_1_495' title='bbox 174 3216 249 3266; x_wconf 60' lang='lat' dir='ltr'>nat,</span> <span class='ocrx_word' id='word_1_496' title='bbox 273 3212 335 3293; x_wconf 49' lang='lat' dir='ltr'>gui</span> <span class='ocrx_word' id='word_1_497' title='bbox 358 3211 543 3264; x_wconf 76' lang='lat' dir='ltr'>dumtaxat</span> <span class='ocrx_word' id='word_1_498' title='bbox 574 3214 705 3248; x_wconf 90' lang='lat' dir='ltr'>omittit</span> <span class='ocrx_word' id='word_1_499' title='bbox 733 3217 1002 3260; x_wconf 90' lang='lat' dir='ltr'>possessionem.</span> <span class='ocrx_word' id='word_1_500' title='bbox 1039 3227 1111 3252; x_wconf 88' lang='lat' dir='ltr'>non</span> <span class='ocrx_word' id='word_1_501' title='bbox 1140 3221 1259 3252; x_wconf 87' lang='lat' dir='ltr'>tamen</span> 
     </span>
     <span class='ocr_line' id='line_1_67' title="bbox 175 3257 1259 3303; baseline 0.003 -9"><span class='ocrx_word' id='word_1_502' title='bbox 175 3267 252 3294; x_wconf 75' lang='lat' dir='ltr'>exus</span> <span class='ocrx_word' id='word_1_503' title='bbox 290 3260 411 3293; x_wconf 83' lang='lat' dir='ltr'>actum</span> <span class='ocrx_word' id='word_1_504' title='bbox 441 3257 620 3302; x_wconf 75' lang='lat' dir='ltr'>improbat</span> <span class='ocrx_word' id='word_1_505' title='bbox 649 3264 792 3303; x_wconf 86' lang='lat' dir='ltr'>praetor</span> <span class='ocrx_word' id='word_1_506' title='bbox 806 3286 816 3302; x_wconf 94' lang='lat'>‚</span> <span class='ocrx_word' id='word_1_507' title='bbox 875 3261 912 3296; x_wconf 91' lang='lat' dir='ltr'>ui</span> <span class='ocrx_word' id='word_1_508' title='bbox 941 3261 1033 3296; x_wconf 87' lang='lat' dir='ltr'>tanti</span> <span class='ocrx_word' id='word_1_509' title='bbox 1062 3261 1191 3296; x_wconf 89' lang='lat' dir='ltr'>habuit</span> <span class='ocrx_word' id='word_1_510' title='bbox 1220 3271 1259 3296; x_wconf 89' lang='lat' dir='ltr'>re</span> 
     </span>
     <span class='ocr_line' id='line_1_68' title="bbox 176 3305 1258 3351; baseline 0.002 -12"><span class='ocrx_word' id='word_1_511' title='bbox 176 3311 316 3345; x_wconf 82' lang='lat' dir='ltr'>carere,</span> <span class='ocrx_word' id='word_1_512' title='bbox 349 3311 396 3337; x_wconf 88' lang='lat' dir='ltr'>ne</span> <span class='ocrx_word' id='word_1_513' title='bbox 425 3306 571 3346; x_wconf 88' lang='lat' dir='ltr'>propter</span> <span class='ocrx_word' id='word_1_514' title='bbox 594 3312 671 3337; x_wconf 90' lang='lat' dir='ltr'>eam</span> <span class='ocrx_word' id='word_1_515' title='bbox 695 3305 837 3348; x_wconf 89' lang='lat' dir='ltr'>saepius</span> <span class='ocrx_word' id='word_1_516' title='bbox 875 3306 1015 3351; x_wconf 86' lang='lat' dir='ltr'>&#39;tigaret</span> <span class='ocrx_word' id='word_1_517' title='bbox 1039 3306 1141 3348; x_wconf 84' lang='lat' dir='ltr'>(haec</span> <span class='ocrx_word' id='word_1_518' title='bbox 1165 3305 1258 3341; x_wconf 89' lang='lat' dir='ltr'>enim</span> 
     </span>
     <span class='ocr_line' id='line_1_69' title="bbox 174 3345 1260 3398; baseline 0.002 -14"><span class='ocrx_word' id='word_1_519' title='bbox 174 3345 375 3384; x_wconf 82' lang='lat' dir='ltr'>verecunda</span> <span class='ocrx_word' id='word_1_520' title='bbox 395 3346 570 3398; x_wconf 43' lang='lat' dir='ltr'>cogitatio·</span> <span class='ocrx_word' id='word_1_521' title='bbox 582 3347 668 3389; x_wconf 87' lang='lat' dir='ltr'>eius,</span> <span class='ocrx_word' id='word_1_522' title='bbox 693 3349 752 3392; x_wconf 92' lang='lat' dir='ltr'>qui</span> <span class='ocrx_word' id='word_1_523' title='bbox 772 3349 851 3385; x_wconf 84' lang='lat' dir='ltr'>lites</span> <span class='ocrx_word' id='word_1_524' title='bbox 872 3354 1087 3394; x_wconf 76' lang='lat' dir='ltr'>exsecratur,</span> <span class='ocrx_word' id='word_1_525' title='bbox 1112 3361 1184 3386; x_wconf 93' lang='lat' dir='ltr'>non</span> <span class='ocrx_word' id='word_1_526' title='bbox 1206 3354 1260 3386; x_wconf 85' lang='lat' dir='ltr'>est</span> 
     </span>
     <span class='ocr_line' id='line_1_70' title="bbox 174 3390 1259 3444; baseline 0.003 -16"><span class='ocrx_word' id='word_1_527' title='bbox 174 3390 433 3444; x_wconf 69' lang='lat' dir='ltr'>vimperanda),</span> <span class='ocrx_word' id='word_1_528' title='bbox 458 3390 522 3443; x_wconf 75' lang='lat' dir='ltr'>sed</span> <span class='ocrx_word' id='word_1_529' title='bbox 541 3401 616 3427; x_wconf 85' lang='lat' dir='ltr'>ems</span> <span class='ocrx_word' id='word_1_530' title='bbox 638 3391 834 3436; x_wconf 83' lang='lat' dir='ltr'>dumtaxat,</span> <span class='ocrx_word' id='word_1_531' title='bbox 858 3396 919 3439; x_wconf 86' lang='lat' dir='ltr'>qui</span> <span class='ocrx_word' id='word_1_532' title='bbox 939 3406 1021 3431; x_wconf 86' lang='lat' dir='ltr'>cum</span> <span class='ocrx_word' id='word_1_533' title='bbox 1040 3405 1115 3431; x_wconf 89' lang='lat' dir='ltr'>rem</span> <span class='ocrx_word' id='word_1_534' title='bbox 1127 3395 1259 3431; x_wconf 88' lang='lat' dir='ltr'>habere</span> 
     </span>
     <span class='ocr_line' id='line_1_71' title="bbox 173 3435 1259 3480; baseline 0.002 -6"><span class='ocrx_word' id='word_1_535' title='bbox 173 3437 262 3480; x_wconf 80' lang='lat' dir='ltr'>vult,</span> <span class='ocrx_word' id='word_1_536' title='bbox 284 3437 382 3472; x_wconf 78' lang='lat' dir='ltr'>litem</span> <span class='ocrx_word' id='word_1_537' title='bbox 405 3435 451 3471; x_wconf 84' lang='lat' dir='ltr'>ad</span> <span class='ocrx_word' id='word_1_538' title='bbox 475 3436 583 3471; x_wconf 78' lang='lat' dir='ltr'>alium</span> <span class='ocrx_word' id='word_1_539' title='bbox 606 3436 794 3480; x_wconf 78' lang='lat' dir='ltr'>transfert,</span> <span class='ocrx_word' id='word_1_540' title='bbox 819 3443 859 3473; x_wconf 92' lang='lat' dir='ltr'>ut</span> <span class='ocrx_word' id='word_1_541' title='bbox 882 3441 1069 3476; x_wconf 88' lang='lat' dir='ltr'>molestum</span> <span class='ocrx_word' id='word_1_542' title='bbox 1092 3439 1259 3476; x_wconf 78' lang='lat' dir='ltr'>adversa-</span> 
     </span>
    </p>
   </div>
   <div class='ocr_carea' id='block_1_5' title="bbox 174 3548 1256 3683">
    <p class='ocr_par' dir='ltr' id='par_1_14' title="bbox 174 3548 1256 3683">
     <span class='ocr_line' id='line_1_72' title="bbox 221 3548 1254 3596; baseline 0.001 -11"><span class='ocrx_word' id='word_1_543' title='bbox 221 3551 262 3592; x_wconf 81' lang='grc' dir='ltr'>(ι)</span> <span class='ocrx_word' id='word_1_544' title='bbox 285 3550 354 3584; x_wconf 82' lang='lat' dir='ltr'>Ed.</span> <span class='ocrx_word' id='word_1_545' title='bbox 362 3556 465 3590; x_wconf 76' lang='lat' dir='ltr'>1...1o;</span> <span class='ocrx_word' id='word_1_546' title='bbox 477 3548 558 3583; x_wconf 72' lang='lat' dir='ltr'>sab.</span> <span class='ocrx_word' id='word_1_547' title='bbox 568 3557 607 3583; x_wconf 87' lang='grc'>11.</span> <span class='ocrx_word' id='word_1_548' title='bbox 619 3556 662 3583; x_wconf 76' lang='grc'>11.</span> <span class='ocrx_word' id='word_1_549' title='bbox 673 3567 720 3574; x_wconf 92' lang='lat'><em>-</em></span> <span class='ocrx_word' id='word_1_550' title='bbox 732 3550 816 3582; x_wconf 74' lang='lat' dir='ltr'>Bas.</span> <span class='ocrx_word' id='word_1_551' title='bbox 835 3552 886 3592; x_wconf 81' lang='lat'>10,</span> <span class='ocrx_word' id='word_1_552' title='bbox 900 3559 944 3585; x_wconf 76' lang='lat'>87.</span> <span class='ocrx_word' id='word_1_553' title='bbox 958 3570 1004 3577; x_wconf 95' lang='lat'><strong>—</strong></span> <span class='ocrx_word' id='word_1_554' title='bbox 1020 3553 1070 3596; x_wconf 72' lang='lat' dir='ltr'>Cf</span> <span class='ocrx_word' id='word_1_555' title='bbox 1086 3553 1165 3587; x_wconf 81' lang='lat' dir='ltr'>Cod.</span> <span class='ocrx_word' id='word_1_556' title='bbox 1177 3554 1208 3592; x_wconf 90' lang='lat'>2,</span> <span class='ocrx_word' id='word_1_557' title='bbox 1219 3560 1254 3586; x_wconf 74' lang='lat' dir='ltr'>ss</span> 
     </span>
     <span class='ocr_line' id='line_1_73' title="bbox 176 3593 1256 3638; baseline 0.004 -12"><span class='ocrx_word' id='word_1_558' title='bbox 176 3596 221 3637; x_wconf 75' lang='lat'>(2)</span> <span class='ocrx_word' id='word_1_559' title='bbox 244 3595 342 3637; x_wconf 74' lang='lat' dir='ltr'>nieS,</span> <span class='ocrx_word' id='word_1_560' title='bbox 355 3604 422 3636; x_wconf 78' lang='lat' dir='ltr'>qua</span> <span class='ocrx_word' id='word_1_561' title='bbox 435 3594 470 3627; x_wconf 71' lang='lat' dir='ltr'><em>F</em></span> <span class='ocrx_word' id='word_1_562' title='bbox 532 3595 575 3636; x_wconf 75' lang='lat'>(3)</span> <span class='ocrx_word' id='word_1_563' title='bbox 599 3595 648 3628; x_wconf 74' lang='lat' dir='ltr'>sic</span> <span class='ocrx_word' id='word_1_564' title='bbox 659 3594 697 3637; x_wconf 83' lang='lat' dir='ltr'>S,</span> <span class='ocrx_word' id='word_1_565' title='bbox 711 3593 975 3628; x_wconf 80' lang='lat' dir='ltr'>loeumenaueris</span> <span class='ocrx_word' id='word_1_566' title='bbox 989 3597 1023 3629; x_wconf 75' lang='lat' dir='ltr'><em>F</em></span> <span class='ocrx_word' id='word_1_567' title='bbox 1075 3600 1119 3638; x_wconf 77' lang='grc'>(4)</span> <span class='ocrx_word' id='word_1_568' title='bbox 1143 3597 1256 3630; x_wconf 82' lang='lat' dir='ltr'>officio</span> 
     </span>
     <span class='ocr_line' id='line_1_74' title="bbox 174 3638 647 3683; baseline 0 -10"><span class='ocrx_word' id='word_1_569' title='bbox 174 3639 300 3673; x_wconf 81' lang='lat' dir='ltr'>indicis</span> <span class='ocrx_word' id='word_1_570' title='bbox 312 3642 443 3672; x_wconf 79' lang='lat' dir='ltr'>tantum</span> <span class='ocrx_word' id='word_1_571' title='bbox 455 3638 647 3683; x_wconf 74' lang='lat' dir='ltr'>Dsquolb</span> 
     </span>
    </p>
   </div>
   <div class='ocr_carea' id='block_1_6' title="bbox 175 3683 925 3727">
    <p class='ocr_par' dir='ltr' id='par_1_15' title="bbox 175 3683 925 3727">
     <span class='ocr_line' id='line_1_75' title="bbox 175 3683 925 3727; baseline -0.004 -8"><span class='ocrx_word' id='word_1_572' title='bbox 175 3686 221 3727; x_wconf 77' lang='grc' dir='ltr'>(ο)</span> <span class='ocrx_word' id='word_1_573' title='bbox 245 3685 396 3725; x_wconf 78' lang='lat' dir='ltr'>desierit]</span> <span class='ocrx_word' id='word_1_574' title='bbox 408 3684 505 3717; x_wconf 68' lang='grc' dir='ltr'><strong>110τῆ</strong></span> <span class='ocrx_word' id='word_1_575' title='bbox 514 3683 550 3717; x_wconf 72' lang='lat' dir='ltr'><em>F</em></span> <span class='ocrx_word' id='word_1_576' title='bbox 703 3685 745 3724; x_wconf 77' lang='lat'>(¹1)</span> <span class='ocrx_word' id='word_1_577' title='bbox 770 3683 851 3716; x_wconf 75' lang='lat' dir='ltr'>item</span> <span class='ocrx_word' id='word_1_578' title='bbox 863 3697 925 3718; x_wconf 72' lang='lat' dir='ltr'>scr.</span> 
     </span>
    </p>
   </div>
   <div class='ocr_carea' id='block_1_7' title="bbox 749 3639 2143 3728">
    <p class='ocr_par' dir='ltr' id='par_1_16' title="bbox 749 3639 2143 3728">
     <span class='ocr_line' id='line_1_76' title="bbox 749 3639 2143 3728; baseline 0.001 -56"><span class='ocrx_word' id='word_1_579' title='bbox 749 3639 793 3679; x_wconf 74' lang='lat' dir='ltr'>(t)</span> <span class='ocrx_word' id='word_1_580' title='bbox 814 3651 897 3682; x_wconf 71' lang='lat' dir='ltr'>pars</span> <span class='ocrx_word' id='word_1_581' title='bbox 912 3644 1008 3679; x_wconf 70' lang='grc'>51-</span> <span class='ocrx_word' id='word_1_582' title='bbox 1021 3642 1065 3675; x_wconf 90' lang='lat' dir='ltr'>D.</span> <span class='ocrx_word' id='word_1_583' title='bbox 1080 3644 1135 3728; x_wconf 57' lang='grc' dir='ltr'>ῗὲὶ),</span> <span class='ocrx_word' id='word_1_584' title='bbox 1149 3650 1192 3694; x_wconf 66' lang='grc'>11,</span> <span class='ocrx_word' id='word_1_585' title='bbox 1205 3649 1263 3720; x_wconf 46' lang='grc'><strong>1111),</strong></span> <span class='ocrx_word' id='word_1_586' title='bbox 1325 3649 1441 3676; x_wconf 47' lang='grc'><strong>40041.</strong></span> <span class='ocrx_word' id='word_1_587' title='bbox 1457 3649 1580 3676; x_wconf 74' lang='lat'>40...52.</span> <span class='ocrx_word' id='word_1_588' title='bbox 1594 3658 1640 3666; x_wconf 92' lang='lat'>—-</span> <span class='ocrx_word' id='word_1_589' title='bbox 1652 3640 1739 3674; x_wconf 71' lang='lat' dir='ltr'>Bae.</span> <span class='ocrx_word' id='word_1_590' title='bbox 1753 3641 1785 3681; x_wconf 78' lang='lat'>7,</span> <span class='ocrx_word' id='word_1_591' title='bbox 1799 3647 1824 3674; x_wconf 85' lang='lat'>2.</span> <span class='ocrx_word' id='word_1_592' title='bbox 1837 3658 1883 3664; x_wconf 92' lang='lat'>—</span> <span class='ocrx_word' id='word_1_593' title='bbox 1900 3640 1950 3685; x_wconf 75' lang='lat' dir='ltr'>Cjt</span> <span class='ocrx_word' id='word_1_594' title='bbox 1969 3641 2047 3674; x_wconf 85' lang='lat' dir='ltr'>Cod.</span> <span class='ocrx_word' id='word_1_595' title='bbox 2060 3641 2091 3680; x_wconf 88' lang='lat'>2,</span> <span class='ocrx_word' id='word_1_596' title='bbox 2107 3646 2143 3673; x_wconf 77' lang='lat' dir='ltr'>sc</span> 
     </span>
     <span class='ocr_line' id='line_1_77' title="bbox 1155 3697 1217 3719; baseline 0 0"><span class='ocrx_word' id='word_1_597' title='bbox 1155 3697 1217 3719; x_wconf 76' lang='lat' dir='ltr'>nst</span> 
     </span>
    </p>
   </div>
   <div class='ocr_carea' id='block_1_8' title="bbox 2398 0 2528 200">
    <p class='ocr_par' dir='ltr' id='par_1_17' title="bbox 2398 0 2528 200">
     <span class='ocr_line' id='line_1_78' title="bbox 2398 0 2528 200; baseline 0 -119"><span class='ocrx_word' id='word_1_598' title='bbox 2398 0 2528 200; x_wconf 95' lang='lat' dir='ltr'>   </span> 
     </span>
    </p>
   </div>
   <div class='ocr_carea' id='block_1_9' title="bbox 1718 99 2420 136">
    <p class='ocr_par' dir='ltr' id='par_1_18' title="bbox 1718 99 2420 136">
     <span class='ocr_line' id='line_1_79' title="bbox 1718 99 2420 136; baseline 0.009 -7"><span class='ocrx_word' id='word_1_599' title='bbox 1718 99 1780 130; x_wconf 81' lang='lat' dir='ltr'>DE</span> <span class='ocrx_word' id='word_1_600' title='bbox 1801 99 2010 131; x_wconf 75' lang='lat' dir='ltr'>ALIENAT.</span> <span class='ocrx_word' id='word_1_601' title='bbox 2034 101 2128 132; x_wconf 83' lang='lat' dir='ltr'>mD.</span> <span class='ocrx_word' id='word_1_602' title='bbox 2150 101 2256 133; x_wconf 73' lang='lat' dir='ltr'>lm&#39;r.</span> <span class='ocrx_word' id='word_1_603' title='bbox 2280 101 2420 136; x_wconf 72' lang='lat' dir='ltr'>CAUSA</span> 
     </span>
    </p>
   </div>
   <div class='ocr_carea' id='block_1_10' title="bbox 1331 207 2422 432">
    <p class='ocr_par' dir='ltr' id='par_1_19' title="bbox 1331 207 2422 432">
     <span class='ocr_line' id='line_1_80' title="bbox 1541 207 2419 248; baseline 0.007 -6"><span class='ocrx_word' id='word_1_604' title='bbox 1541 217 1580 242; x_wconf 94' lang='lat' dir='ltr'>ro</span> <span class='ocrx_word' id='word_1_605' title='bbox 1605 217 1645 242; x_wconf 89' lang='lat' dir='ltr'>se</span> <span class='ocrx_word' id='word_1_606' title='bbox 1668 207 1831 244; x_wconf 85' lang='lat' dir='ltr'>subiciat.</span> <span class='ocrx_word' id='word_1_607' title='bbox 1879 209 2010 245; x_wconf 88' lang='lat' dir='ltr'>Pedius</span> <span class='ocrx_word' id='word_1_608' title='bbox 2033 210 2124 245; x_wconf 91' lang='lat' dir='ltr'>libro</span> <span class='ocrx_word' id='word_1_609' title='bbox 2148 220 2243 246; x_wconf 88' lang='lat' dir='ltr'>nono</span> <span class='ocrx_word' id='word_1_610' title='bbox 2266 221 2340 247; x_wconf 90' lang='lat' dir='ltr'>non</span> <span class='ocrx_word' id='word_1_611' title='bbox 2362 221 2419 248; x_wconf 89' lang='lat' dir='ltr'>so-</span> 
     </span>
     <span class='ocr_line' id='line_1_81' title="bbox 1541 252 2422 301; baseline 0.007 -14"><span class='ocrx_word' id='word_1_612' title='bbox 1541 252 1662 288; x_wconf 89' lang='lat' dir='ltr'>ominii</span> <span class='ocrx_word' id='word_1_613' title='bbox 1683 253 1952 289; x_wconf 86' lang='lat' dir='ltr'>translationem</span> <span class='ocrx_word' id='word_1_614' title='bbox 1976 254 2046 290; x_wconf 90' lang='lat' dir='ltr'>hoc</span> <span class='ocrx_word' id='word_1_615' title='bbox 2070 254 2223 290; x_wconf 89' lang='lat' dir='ltr'>edictum</span> <span class='ocrx_word' id='word_1_616' title='bbox 2245 256 2422 301; x_wconf 79' lang='lat' dir='ltr'>pertinere</span> 
     </span>
     <span class='ocr_line' id='line_1_82' title="bbox 1332 296 2421 351; baseline 0.006 -21"><span class='ocrx_word' id='word_1_617' title='bbox 1332 296 1392 347; x_wconf 77' lang='lat' dir='ltr'>ait,</span> <span class='ocrx_word' id='word_1_618' title='bbox 1417 305 1538 331; x_wconf 88' lang='lat' dir='ltr'>verum</span> <span class='ocrx_word' id='word_1_619' title='bbox 1562 296 1610 332; x_wconf 86' lang='lat' dir='ltr'>ad</span> <span class='ocrx_word' id='word_1_620' title='bbox 1631 297 1866 342; x_wconf 87' lang='lat' dir='ltr'>possessionis</span> <span class='ocrx_word' id='word_1_621' title='bbox 1887 309 2044 351; x_wconf 87' lang='lat' dir='ltr'>quoque:</span> <span class='ocrx_word' id='word_1_622' title='bbox 2070 299 2226 345; x_wconf 85' lang='lat' dir='ltr'>alioquin</span> <span class='ocrx_word' id='word_1_623' title='bbox 2249 311 2330 336; x_wconf 90' lang='lat' dir='ltr'>cum</span> <span class='ocrx_word' id='word_1_624' title='bbox 2350 311 2421 346; x_wconf 87' lang='lat' dir='ltr'>quo</span> 
     </span>
     <span class='ocr_line' id='line_1_83' title="bbox 1331 341 2422 389; baseline 0.006 -14"><span class='ocrx_word' id='word_1_625' title='bbox 1331 351 1368 375; x_wconf 89' lang='grc'>111</span> <span class='ocrx_word' id='word_1_626' title='bbox 1390 350 1466 376; x_wconf 89' lang='lat' dir='ltr'>rem</span> <span class='ocrx_word' id='word_1_627' title='bbox 1489 341 1681 386; x_wconf 81' lang='lat' dir='ltr'>agebatur,</span> <span class='ocrx_word' id='word_1_628' title='bbox 1711 342 1844 388; x_wconf 87' lang='lat' dir='ltr'>inquit,</span> <span class='ocrx_word' id='word_1_629' title='bbox 1878 354 1909 379; x_wconf 88' lang='lat' dir='ltr'>s1</span> <span class='ocrx_word' id='word_1_630' title='bbox 1940 344 2167 389; x_wconf 88' lang='lat' dir='ltr'>possessione</span> <span class='ocrx_word' id='word_1_631' title='bbox 2190 345 2317 387; x_wconf 83' lang='lat' dir='ltr'>cessit,</span> <span class='ocrx_word' id='word_1_632' title='bbox 2349 356 2422 383; x_wconf 88' lang='lat' dir='ltr'>non</span> 
     </span>
     <span class='ocr_line' id='line_1_84' title="bbox 1332 385 2421 432; baseline 0.006 -12"><span class='ocrx_word' id='word_1_633' title='bbox 1332 388 1352 421; x_wconf 89' lang='lat'><strong>3</strong></span> <span class='ocrx_word' id='word_1_634' title='bbox 1399 386 1590 422; x_wconf 86' lang='lat' dir='ltr'>tenebitur.</span> <span class='ocrx_word' id='word_1_635' title='bbox 1638 385 1677 422; x_wconf 88' lang='lat' dir='ltr'>Si</span> <span class='ocrx_word' id='word_1_636' title='bbox 1699 388 1778 432; x_wconf 89' lang='lat' dir='ltr'>quis</span> <span class='ocrx_word' id='word_1_637' title='bbox 1801 391 1921 424; x_wconf 86' lang='lat' dir='ltr'>autem</span> <span class='ocrx_word' id='word_1_638' title='bbox 1945 389 1991 424; x_wconf 92' lang='lat' dir='ltr'>ob</span> <span class='ocrx_word' id='word_1_639' title='bbox 2014 389 2252 425; x_wconf 83' lang='lat' dir='ltr'>valetudinem</span> <span class='ocrx_word' id='word_1_640' title='bbox 2275 394 2340 426; x_wconf 84' lang='lat' dir='ltr'>aut</span> <span class='ocrx_word' id='word_1_641' title='bbox 2362 400 2421 427; x_wconf 82' lang='lat' dir='ltr'>se·</span> 
     </span>
    </p>
   </div>
   <div class='ocr_carea' id='block_1_11' title="bbox 1331 205 1492 286">
    <p class='ocr_par' dir='ltr' id='par_1_20' title="bbox 1331 205 1492 286">
     <span class='ocr_line' id='line_1_85' title="bbox 1333 205 1492 241; baseline 0 0"><span class='ocrx_word' id='word_1_642' title='bbox 1333 209 1353 241; x_wconf 85' lang='lat'><strong>2</strong></span> <span class='ocrx_word' id='word_1_643' title='bbox 1399 205 1492 241; x_wconf 90' lang='lat' dir='ltr'>rium</span> 
     </span>
     <span class='ocr_line' id='line_1_86' title="bbox 1331 250 1484 286; baseline 0 0"><span class='ocrx_word' id='word_1_644' title='bbox 1331 251 1404 286; x_wconf 90' lang='lat' dir='ltr'>lum</span> <span class='ocrx_word' id='word_1_645' title='bbox 1435 250 1484 286; x_wconf 89' lang='lat' dir='ltr'>ad</span> 
     </span>
    </p>
   </div>
   <div class='ocr_carea' id='block_1_12' title="bbox 1331 432 2471 477">
    <p class='ocr_par' dir='ltr' id='par_1_21' title="bbox 1331 432 2471 477">
     <span class='ocr_line' id='line_1_87' title="bbox 1331 432 2471 477; baseline 0.006 -13"><span class='ocrx_word' id='word_1_646' title='bbox 1331 433 1443 465; x_wconf 87' lang='lat' dir='ltr'>tatem</span> <span class='ocrx_word' id='word_1_647' title='bbox 1476 434 1541 466; x_wconf 86' lang='lat' dir='ltr'>aut</span> <span class='ocrx_word' id='word_1_648' title='bbox 1574 432 1828 477; x_wconf 84' lang='lat' dir='ltr'>occupationes</span> <span class='ocrx_word' id='word_1_649' title='bbox 1859 434 2081 469; x_wconf 88' lang='lat' dir='ltr'>necessarias</span> <span class='ocrx_word' id='word_1_650' title='bbox 2111 434 2208 470; x_wconf 90' lang='lat' dir='ltr'>litem</span> <span class='ocrx_word' id='word_1_651' title='bbox 2241 435 2279 470; x_wconf 90' lang='lat' dir='ltr'>in</span> <span class='ocrx_word' id='word_1_652' title='bbox 2313 434 2422 472; x_wconf 84' lang='lat' dir='ltr'>alium</span> <span class='ocrx_word' id='word_1_653' title='bbox 2467 460 2471 467; x_wconf 88' lang='grc'><em>.</em></span> 
     </span>
    </p>
   </div>
   <div class='ocr_carea' id='block_1_13' title="bbox 1331 475 2424 929">
    <p class='ocr_par' dir='ltr' id='par_1_22' title="bbox 1331 475 2424 929">
     <span class='ocr_line' id='line_1_88' title="bbox 1333 475 2421 528; baseline 0.006 -19"><span class='ocrx_word' id='word_1_654' title='bbox 1333 475 1575 518; x_wconf 85' lang='lat' dir='ltr'>transtulerit,</span> <span class='ocrx_word' id='word_1_655' title='bbox 1603 476 1647 528; x_wconf 76' lang='lat' dir='ltr'>in</span> <span class='ocrx_word' id='word_1_656' title='bbox 1670 486 1713 513; x_wconf 86' lang='lat' dir='ltr'>ea</span> <span class='ocrx_word' id='word_1_657' title='bbox 1735 487 1847 513; x_wconf 86' lang='lat' dir='ltr'>causa</span> <span class='ocrx_word' id='word_1_658' title='bbox 1870 489 1941 514; x_wconf 89' lang='lat' dir='ltr'>non</span> <span class='ocrx_word' id='word_1_659' title='bbox 1966 483 2038 522; x_wconf 88' lang='lat' dir='ltr'>est,</span> <span class='ocrx_word' id='word_1_660' title='bbox 2070 482 2112 515; x_wconf 90' lang='lat' dir='ltr'>ut</span> <span class='ocrx_word' id='word_1_661' title='bbox 2133 479 2203 515; x_wconf 90' lang='grc'><strong>1100</strong></span> <span class='ocrx_word' id='word_1_662' title='bbox 2227 479 2344 516; x_wconf 91' lang='lat' dir='ltr'>edicto</span> <span class='ocrx_word' id='word_1_663' title='bbox 2368 483 2421 516; x_wconf 89' lang='lat' dir='ltr'>te-</span> 
     </span>
     <span class='ocr_line' id='line_1_89' title="bbox 1332 522 2422 573; baseline 0.005 -18"><span class='ocrx_word' id='word_1_664' title='bbox 1332 524 1470 563; x_wconf 82' lang='lat' dir='ltr'>neatur,</span> <span class='ocrx_word' id='word_1_665' title='bbox 1497 531 1639 573; x_wconf 43' lang='lat' dir='ltr'>cum-m</span> <span class='ocrx_word' id='word_1_666' title='bbox 1660 522 1730 558; x_wconf 89' lang='lat' dir='ltr'>hoc</span> <span class='ocrx_word' id='word_1_667' title='bbox 1754 522 1870 559; x_wconf 78' lang='lat' dir='ltr'>edicto</span> <span class='ocrx_word' id='word_1_668' title='bbox 1895 523 1967 559; x_wconf 89' lang='lat' dir='ltr'>doli</span> <span class='ocrx_word' id='word_1_669' title='bbox 1990 524 2074 559; x_wconf 88' lang='lat' dir='ltr'>mali</span> <span class='ocrx_word' id='word_1_670' title='bbox 2096 523 2161 559; x_wconf 91' lang='lat' dir='ltr'>fiat</span> <span class='ocrx_word' id='word_1_671' title='bbox 2183 525 2326 561; x_wconf 88' lang='lat' dir='ltr'>mentio.</span> <span class='ocrx_word' id='word_1_672' title='bbox 2364 535 2422 561; x_wconf 86' lang='lat' dir='ltr'>ce-</span> 
     </span>
     <span class='ocr_line' id='line_1_90' title="bbox 1331 566 2424 618; baseline 0.006 -19"><span class='ocrx_word' id='word_1_673' title='bbox 1331 568 1463 617; x_wconf 47' lang='lat' dir='ltr'>terum·</span> <span class='ocrx_word' id='word_1_674' title='bbox 1483 569 1551 618; x_wconf 73' lang='lat' dir='ltr'>erit</span> <span class='ocrx_word' id='word_1_675' title='bbox 1582 566 1808 603; x_wconf 81' lang='lat' dir='ltr'>mterdiotum</span> <span class='ocrx_word' id='word_1_676' title='bbox 1842 571 1879 603; x_wconf 92' lang='lat' dir='ltr'>et</span> <span class='ocrx_word' id='word_1_677' title='bbox 1907 579 1972 614; x_wconf 91' lang='lat' dir='ltr'>per</span> <span class='ocrx_word' id='word_1_678' title='bbox 2001 572 2253 614; x_wconf 82' lang='lat' dir='ltr'>procuratores</span> <span class='ocrx_word' id='word_1_679' title='bbox 2285 569 2312 605; x_wconf 89' lang='lat' dir='ltr'>li</span> <span class='ocrx_word' id='word_1_680' title='bbox 2328 569 2337 578; x_wconf 88' lang='lat'>’</span> <span class='ocrx_word' id='word_1_681' title='bbox 2362 579 2424 606; x_wconf 84' lang='lat' dir='ltr'>are</span> 
     </span>
     <span class='ocr_line' id='line_1_91' title="bbox 1333 609 2420 662; baseline 0.006 -18"><span class='ocrx_word' id='word_1_682' title='bbox 1333 609 1491 662; x_wconf 76' lang='lat' dir='ltr'>domimo</span> <span class='ocrx_word' id='word_1_683' title='bbox 1511 622 1550 646; x_wconf 88' lang='grc'>111</span> <span class='ocrx_word' id='word_1_684' title='bbox 1573 621 1634 647; x_wconf 90' lang='lat' dir='ltr'>eos</span> <span class='ocrx_word' id='word_1_685' title='bbox 1657 612 1795 657; x_wconf 90' lang='lat' dir='ltr'>plerum</span> <span class='ocrx_word' id='word_1_686' title='bbox 1819 623 1865 648; x_wconf 89' lang='lat' dir='ltr'>ue</span> <span class='ocrx_word' id='word_1_687' title='bbox 1889 623 1933 648; x_wconf 80' lang='lat' dir='ltr'>ex</span> <span class='ocrx_word' id='word_1_688' title='bbox 1962 614 2059 649; x_wconf 87' lang='lat' dir='ltr'>iusta</span> <span class='ocrx_word' id='word_1_689' title='bbox 2089 624 2200 650; x_wconf 85' lang='lat' dir='ltr'>causa</span> <span class='ocrx_word' id='word_1_690' title='bbox 2232 618 2334 650; x_wconf 84' lang='lat' dir='ltr'>trans</span> <span class='ocrx_word' id='word_1_691' title='bbox 2349 618 2420 650; x_wconf 85' lang='lat' dir='ltr'>ato.</span> 
     </span>
     <span class='ocr_line' id='line_1_92' title="bbox 1333 655 2422 704; baseline 0.006 -15"><span class='ocrx_word' id='word_1_692' title='bbox 1333 657 1354 690; x_wconf 84' lang='lat'>4</span> <span class='ocrx_word' id='word_1_693' title='bbox 1399 655 1460 690; x_wconf 90' lang='lat' dir='ltr'>Ad</span> <span class='ocrx_word' id='word_1_694' title='bbox 1481 666 1561 691; x_wconf 77' lang='lat' dir='ltr'>iura</span> <span class='ocrx_word' id='word_1_695' title='bbox 1584 656 1690 692; x_wconf 88' lang='lat' dir='ltr'>etiam</span> <span class='ocrx_word' id='word_1_696' title='bbox 1719 667 1807 702; x_wconf 91' lang='lat' dir='ltr'>prae</span> <span class='ocrx_word' id='word_1_697' title='bbox 1833 658 1948 693; x_wconf 91' lang='lat' dir='ltr'>iorum</span> <span class='ocrx_word' id='word_1_698' title='bbox 1971 659 2041 694; x_wconf 92' lang='lat' dir='ltr'>hoc</span> <span class='ocrx_word' id='word_1_699' title='bbox 2072 658 2227 694; x_wconf 87' lang='lat' dir='ltr'>edictum</span> <span class='ocrx_word' id='word_1_700' title='bbox 2257 659 2422 704; x_wconf 77' lang='lat' dir='ltr'>pertinet,</span> 
     </span>
     <span class='ocr_line' id='line_1_93' title="bbox 1333 699 2422 740; baseline 0.006 -6"><span class='ocrx_word' id='word_1_701' title='bbox 1333 702 1353 734; x_wconf 85' lang='lat'><strong>5</strong></span> <span class='ocrx_word' id='word_1_702' title='bbox 1400 699 1506 736; x_wconf 91' lang='lat' dir='ltr'>modo</span> <span class='ocrx_word' id='word_1_703' title='bbox 1532 700 1563 736; x_wconf 91' lang='lat' dir='ltr'>si</span> <span class='ocrx_word' id='word_1_704' title='bbox 1586 700 1667 737; x_wconf 92' lang='lat' dir='ltr'>dolo</span> <span class='ocrx_word' id='word_1_705' title='bbox 1692 702 1785 738; x_wconf 87' lang='lat' dir='ltr'>malo</span> <span class='ocrx_word' id='word_1_706' title='bbox 1810 702 1875 737; x_wconf 88' lang='lat' dir='ltr'>fiat</span> <span class='ocrx_word' id='word_1_707' title='bbox 1897 703 2076 739; x_wconf 84' lang='lat' dir='ltr'>alienatio.</span> <span class='ocrx_word' id='word_1_708' title='bbox 2123 704 2223 739; x_wconf 83' lang='lat' dir='ltr'>Haec</span> <span class='ocrx_word' id='word_1_709' title='bbox 2254 705 2350 740; x_wconf 90' lang='lat' dir='ltr'>actio</span> <span class='ocrx_word' id='word_1_710' title='bbox 2383 704 2422 740; x_wconf 92' lang='lat' dir='ltr'>in</span> 
     </span>
     <span class='ocr_line' id='line_1_94' title="bbox 1332 744 2424 797; baseline 0.005 -18"><span class='ocrx_word' id='word_1_711' title='bbox 1332 744 1370 780; x_wconf 91' lang='lat' dir='ltr'>id</span> <span class='ocrx_word' id='word_1_712' title='bbox 1395 744 1498 797; x_wconf 28' lang='lat' dir='ltr'>‘quo-d</span> <span class='ocrx_word' id='word_1_713' title='bbox 1527 746 1676 782; x_wconf 89' lang='lat' dir='ltr'>interest</span> <span class='ocrx_word' id='word_1_714' title='bbox 1705 747 1884 792; x_wconf 88' lang='lat' dir='ltr'>competit.</span> <span class='ocrx_word' id='word_1_715' title='bbox 1921 748 2071 793; x_wconf 90' lang='lat' dir='ltr'>proinde</span> <span class='ocrx_word' id='word_1_716' title='bbox 2100 748 2132 783; x_wconf 91' lang='lat' dir='ltr'>si</span> <span class='ocrx_word' id='word_1_717' title='bbox 2162 758 2219 784; x_wconf 87' lang='lat' dir='ltr'>res</span> <span class='ocrx_word' id='word_1_718' title='bbox 2250 759 2324 785; x_wconf 92' lang='lat' dir='ltr'>non</span> <span class='ocrx_word' id='word_1_719' title='bbox 2353 748 2424 784; x_wconf 83' lang='lat' dir='ltr'>fuit</span> 
     </span>
     <span class='ocr_line' id='line_1_95' title="bbox 1332 791 2422 842; baseline 0.005 -17"><span class='ocrx_word' id='word_1_720' title='bbox 1332 793 1494 842; x_wconf 74' lang='lat' dir='ltr'>pentons</span> <span class='ocrx_word' id='word_1_721' title='bbox 1518 794 1582 826; x_wconf 89' lang='lat' dir='ltr'>aut</span> <span class='ocrx_word' id='word_1_722' title='bbox 1603 791 1635 827; x_wconf 88' lang='lat' dir='ltr'>si</span> <span class='ocrx_word' id='word_1_723' title='bbox 1657 791 1687 827; x_wconf 91' lang='lat' dir='ltr'>is</span> <span class='ocrx_word' id='word_1_724' title='bbox 1711 792 1773 836; x_wconf 84' lang='lat' dir='ltr'>qui</span> <span class='ocrx_word' id='word_1_725' title='bbox 1795 792 2049 831; x_wconf 19' lang='lat' dir='ltr'>alienatuskest</span> <span class='ocrx_word' id='word_1_726' title='bbox 2071 793 2148 828; x_wconf 89' lang='lat' dir='ltr'>sine</span> <span class='ocrx_word' id='word_1_727' title='bbox 2172 794 2280 838; x_wconf 85' lang='lat' dir='ltr'>culpa</span> <span class='ocrx_word' id='word_1_728' title='bbox 2299 794 2422 830; x_wconf 87' lang='lat' dir='ltr'>deces-</span> 
     </span>
     <span class='ocr_line' id='line_1_96' title="bbox 1333 835 2424 884; baseline 0.004 -14"><span class='ocrx_word' id='word_1_729' title='bbox 1333 838 1398 877; x_wconf 89' lang='lat' dir='ltr'>s1t,</span> <span class='ocrx_word' id='word_1_730' title='bbox 1432 839 1551 871; x_wconf 87' lang='lat' dir='ltr'>cessat</span> <span class='ocrx_word' id='word_1_731' title='bbox 1579 835 1769 880; x_wconf 88' lang='lat' dir='ltr'>iudicium,</span> <span class='ocrx_word' id='word_1_732' title='bbox 1802 837 1870 872; x_wconf 91' lang='lat' dir='ltr'>nisi</span> <span class='ocrx_word' id='word_1_733' title='bbox 1900 837 1931 872; x_wconf 91' lang='lat' dir='ltr'>si</span> <span class='ocrx_word' id='word_1_734' title='bbox 1962 838 2047 882; x_wconf 87' lang='lat' dir='ltr'>quid</span> <span class='ocrx_word' id='word_1_735' title='bbox 2079 838 2212 874; x_wconf 85' lang='lat' dir='ltr'>actoris</span> <span class='ocrx_word' id='word_1_736' title='bbox 2235 842 2424 884; x_wconf 85' lang='lat' dir='ltr'>praeterea</span> 
     </span>
     <span class='ocr_line' id='line_1_97' title="bbox 1334 879 2424 929; baseline 0.005 -14"><span class='ocrx_word' id='word_1_737' title='bbox 1334 883 1354 915; x_wconf 87' lang='grc'>6</span> <span class='ocrx_word' id='word_1_738' title='bbox 1401 879 1575 916; x_wconf 81' lang='lat' dir='ltr'>interfuit.</span> <span class='ocrx_word' id='word_1_739' title='bbox 1622 881 1722 917; x_wconf 88' lang='lat' dir='ltr'>Haec</span> <span class='ocrx_word' id='word_1_740' title='bbox 1746 882 1840 918; x_wconf 87' lang='lat' dir='ltr'>actio</span> <span class='ocrx_word' id='word_1_741' title='bbox 1874 893 1946 917; x_wconf 92' lang='lat' dir='ltr'>non</span> <span class='ocrx_word' id='word_1_742' title='bbox 1979 886 2033 918; x_wconf 90' lang='lat' dir='ltr'>est</span> <span class='ocrx_word' id='word_1_743' title='bbox 2062 882 2243 929; x_wconf 85' lang='lat' dir='ltr'>poenalis,</span> <span class='ocrx_word' id='word_1_744' title='bbox 2277 883 2341 920; x_wconf 89' lang='lat' dir='ltr'>sed</span> <span class='ocrx_word' id='word_1_745' title='bbox 2371 883 2424 920; x_wconf 82' lang='lat' dir='ltr'>rei</span> 
     </span>
    </p>
   </div>
   <div class='ocr_carea' id='block_1_14' title="bbox 2474 94 2523 909">
    <p class='ocr_par' dir='ltr' id='par_1_23' title="bbox 2474 94 2523 909">
     <span class='ocr_line' id='line_1_98' title="bbox 2474 94 2523 909; textangle 90"><span class='ocrx_word' id='word_1_746' title='bbox 2482 516 2517 909; x_wconf 22' lang='grc' dir='ltr'>,1,ἴπςΑΐὲἐᾶῑᾶβῃμᾷψλὺέῥψ</span> <span class='ocrx_word' id='word_1_747' title='bbox 2509 551 2511 553; x_wconf 28' lang='lat' dir='ltr'>v</span> <span class='ocrx_word' id='word_1_748' title='bbox 2484 527 2508 539; x_wconf 26' lang='grc' dir='ltr'>μ’</span> <span class='ocrx_word' id='word_1_749' title='bbox 2488 467 2501 506; x_wconf 48' lang='grc'>3-1</span> <span class='ocrx_word' id='word_1_750' title='bbox 2494 444 2497 449; x_wconf 58' lang='grc'><strong>«</strong></span> <span class='ocrx_word' id='word_1_751' title='bbox 2494 416 2497 419; x_wconf 91' lang='grc'><strong>.</strong></span> <span class='ocrx_word' id='word_1_752' title='bbox 2495 402 2497 404; x_wconf 98' lang='grc'>.</span> <span class='ocrx_word' id='word_1_753' title='bbox 2495 376 2497 378; x_wconf 89' lang='grc'><em>,</em></span> <span class='ocrx_word' id='word_1_754' title='bbox 2506 302 2509 306; x_wconf 36' lang='grc' dir='ltr'>ι</span> <span class='ocrx_word' id='word_1_755' title='bbox 2483 244 2487 246; x_wconf 48' lang='lat'><em>⁴</em></span> <span class='ocrx_word' id='word_1_756' title='bbox 2487 168 2511 231; x_wconf 45' lang='lat' dir='ltr'>Auis*</span> <span class='ocrx_word' id='word_1_757' title='bbox 2474 94 2523 118; x_wconf 36' lang='grc' dir='ltr'>Δΐ</span> 
     </span>
    </p>
   </div>
   <div class='ocr_carea' id='block_1_15' title="bbox 1332 925 2507 974">
    <p class='ocr_par' dir='ltr' id='par_1_24' title="bbox 1332 925 2507 974">
     <span class='ocr_line' id='line_1_99' title="bbox 1332 925 2507 974; baseline 0.004 -14"><span class='ocrx_word' id='word_1_758' title='bbox 1332 925 1616 970; x_wconf 88' lang='lat' dir='ltr'>persecutionem</span> <span class='ocrx_word' id='word_1_759' title='bbox 1639 927 1788 962; x_wconf 90' lang='lat' dir='ltr'>arbitrio</span> <span class='ocrx_word' id='word_1_760' title='bbox 1811 926 1938 963; x_wconf 87' lang='lat' dir='ltr'>iudicis</span> <span class='ocrx_word' id='word_1_761' title='bbox 1963 927 2139 971; x_wconf 88' lang='lat' dir='ltr'>continet,</span> <span class='ocrx_word' id='word_1_762' title='bbox 2165 938 2277 974; x_wconf 87' lang='lat' dir='ltr'>quare</span> <span class='ocrx_word' id='word_1_763' title='bbox 2300 932 2337 965; x_wconf 90' lang='lat' dir='ltr'>et</span> <span class='ocrx_word' id='word_1_764' title='bbox 2359 928 2422 964; x_wconf 84' lang='lat' dir='ltr'>he-</span> <span class='ocrx_word' id='word_1_765' title='bbox 2492 936 2507 974; x_wconf 56' lang='grc' dir='ltr'><strong><em>ζ</em></strong></span> 
     </span>
    </p>
   </div>
   <div class='ocr_carea' id='block_1_16' title="bbox 1333 969 1989 1007">
    <p class='ocr_par' dir='ltr' id='par_1_25' title="bbox 1333 969 1989 1007">
     <span class='ocr_line' id='line_1_100' title="bbox 1333 969 1989 1007; baseline 0.003 -2"><span class='ocrx_word' id='word_1_766' title='bbox 1333 969 1410 1006; x_wconf 87' lang='lat' dir='ltr'>redi</span> <span class='ocrx_word' id='word_1_767' title='bbox 1433 970 1594 1006; x_wconf 86' lang='lat' dir='ltr'>dabitur:</span> <span class='ocrx_word' id='word_1_768' title='bbox 1618 970 1656 1006; x_wconf 92' lang='lat' dir='ltr'>in</span> <span class='ocrx_word' id='word_1_769' title='bbox 1678 971 1846 1007; x_wconf 89' lang='lat' dir='ltr'>heredem</span> <span class='ocrx_word' id='word_1_770' title='bbox 1869 976 1989 1007; x_wconf 88' lang='lat' dir='ltr'>autem</span> 
     </span>
    </p>
   </div>
   <div class='ocr_carea' id='block_1_17' title="bbox 1379 1013 2423 1099">
    <p class='ocr_par' dir='ltr' id='par_1_26' title="bbox 1379 990 2507 1106">
     <span class='ocr_line' id='line_1_101' title="bbox 1379 1013 2423 1054; baseline 0.003 -4"><span class='ocrx_word' id='word_1_771' title='bbox 1379 1013 1404 1051; x_wconf 88' lang='lat'>5</span> <span class='ocrx_word' id='word_1_772' title='bbox 1429 1014 1590 1051; x_wconf 61' lang='lat' dir='ltr'>Pavum</span> <span class='ocrx_word' id='word_1_773' title='bbox 1609 1015 1700 1052; x_wconf 79' lang='lat' dir='ltr'>libro</span> <span class='ocrx_word' id='word_1_774' title='bbox 1724 1017 1911 1054; x_wconf 85' lang='lat' dir='ltr'>undecimo</span> <span class='ocrx_word' id='word_1_775' title='bbox 1934 1018 1985 1052; x_wconf 86' lang='lat' dir='ltr'>ad</span> <span class='ocrx_word' id='word_1_776' title='bbox 2005 1018 2158 1054; x_wconf 79' lang='lat' dir='ltr'>edictum</span> <span class='ocrx_word' id='word_1_777' title='bbox 2201 1017 2256 1053; x_wconf 90' lang='lat' dir='ltr'>vel</span> <span class='ocrx_word' id='word_1_778' title='bbox 2275 1017 2423 1053; x_wconf 88' lang='lat' dir='ltr'>similem</span> 
     </span>
     <span class='ocr_line' id='line_1_102' title="bbox 1379 1057 2423 1099; baseline -0.002 -2"><span class='ocrx_word' id='word_1_779' title='bbox 1379 1057 1404 1097; x_wconf 90' lang='lat'>6</span> <span class='ocrx_word' id='word_1_780' title='bbox 1436 1059 1632 1096; x_wconf 58' lang='lat' dir='ltr'>[limnas</span> <span class='ocrx_word' id='word_1_781' title='bbox 1660 1061 1751 1097; x_wconf 82' lang='lat' dir='ltr'>libro</span> <span class='ocrx_word' id='word_1_782' title='bbox 1785 1062 1890 1097; x_wconf 84' lang='lat' dir='ltr'>tertio</span> <span class='ocrx_word' id='word_1_783' title='bbox 1921 1062 2058 1099; x_wconf 83' lang='lat' dir='ltr'>decimo</span> <span class='ocrx_word' id='word_1_784' title='bbox 2090 1062 2141 1098; x_wconf 87' lang='lat' dir='ltr'>ad</span> <span class='ocrx_word' id='word_1_785' title='bbox 2169 1062 2323 1099; x_wconf 84' lang='lat' dir='ltr'>edictum</span> <span class='ocrx_word' id='word_1_786' title='bbox 2368 1062 2423 1098; x_wconf 79' lang='lat' dir='ltr'>vel</span> 
     </span>
    </p>
   </div>
   <div class='ocr_carea' id='block_1_18' title="bbox 1327 1105 2425 2948">
    <p class='ocr_par' dir='ltr' id='par_1_27' title="bbox 1332 1105 1845 1150">
     <span class='ocr_line' id='line_1_103' title="bbox 1332 1105 1845 1150; baseline 0.004 -11"><span class='ocrx_word' id='word_1_787' title='bbox 1332 1108 1416 1150; x_wconf 90' lang='lat' dir='ltr'>post</span> <span class='ocrx_word' id='word_1_788' title='bbox 1438 1115 1571 1141; x_wconf 88' lang='lat' dir='ltr'>annum</span> <span class='ocrx_word' id='word_1_789' title='bbox 1594 1116 1666 1141; x_wconf 91' lang='lat' dir='ltr'>non</span> <span class='ocrx_word' id='word_1_790' title='bbox 1690 1105 1845 1149; x_wconf 89' lang='lat' dir='ltr'>dabitur,</span> 
     </span>
    </p>

    <p class='ocr_par' dir='ltr' id='par_1_28' title="bbox 1332 1147 2425 1276">
     <span class='ocr_line' id='line_1_104' title="bbox 1379 1147 2425 1199; baseline 0.002 -12"><span class='ocrx_word' id='word_1_791' title='bbox 1379 1147 1403 1187; x_wconf 89' lang='lat'><strong>7</strong></span> <span class='ocrx_word' id='word_1_792' title='bbox 1432 1149 1556 1186; x_wconf 52' lang='lat' dir='ltr'>Galo-s</span> <span class='ocrx_word' id='word_1_793' title='bbox 1575 1150 1667 1186; x_wconf 80' lang='lat' dir='ltr'>libro</span> <span class='ocrx_word' id='word_1_794' title='bbox 1691 1155 1823 1197; x_wconf 83' lang='lat' dir='ltr'>quarto</span> <span class='ocrx_word' id='word_1_795' title='bbox 1845 1151 1895 1187; x_wconf 81' lang='lat' dir='ltr'>ad</span> <span class='ocrx_word' id='word_1_796' title='bbox 1911 1151 2067 1188; x_wconf 80' lang='lat' dir='ltr'>edictum</span> <span class='ocrx_word' id='word_1_797' title='bbox 2079 1151 2309 1199; x_wconf 79' lang='lat' dir='ltr'>provinciale</span> <span class='ocrx_word' id='word_1_798' title='bbox 2340 1152 2425 1198; x_wconf 84' lang='lat' dir='ltr'>quia</span> 
     </span>
     <span class='ocr_line' id='line_1_105' title="bbox 1332 1195 2422 1276; baseline 0.004 -46"><span class='ocrx_word' id='word_1_799' title='bbox 1332 1195 1651 1276; x_wconf 56' lang='lat' dir='ltr'>pertdinfittguiidem</span> <span class='ocrx_word' id='word_1_800' title='bbox 1675 1196 1722 1231; x_wconf 86' lang='lat' dir='ltr'>ad</span> <span class='ocrx_word' id='word_1_801' title='bbox 1743 1197 1795 1231; x_wconf 87' lang='lat' dir='ltr'>rei</span> <span class='ocrx_word' id='word_1_802' title='bbox 1818 1196 2113 1242; x_wconf 88' lang='lat' dir='ltr'>persecutionem,</span> <span class='ocrx_word' id='word_1_803' title='bbox 2136 1196 2278 1232; x_wconf 83' lang='lat' dir='ltr'>videtur</span> <span class='ocrx_word' id='word_1_804' title='bbox 2301 1202 2422 1234; x_wconf 87' lang='lat' dir='ltr'>autem</span> 
     </span>
     <span class='ocr_line' id='line_1_106' title="bbox 1334 1251 1644 1276; baseline 0 -1"><span class='ocrx_word' id='word_1_805' title='bbox 1334 1251 1377 1275; x_wconf 85' lang='lat' dir='ltr'>ex</span> <span class='ocrx_word' id='word_1_806' title='bbox 1427 1251 1445 1275; x_wconf 95' lang='lat' dir='ltr'>e</span> <span class='ocrx_word' id='word_1_807' title='bbox 1473 1251 1492 1275; x_wconf 90' lang='lat' dir='ltr'>c</span> <span class='ocrx_word' id='word_1_808' title='bbox 1581 1251 1644 1276; x_wconf 78' lang='lat' dir='ltr'>ari.</span> 
     </span>
    </p>

    <p class='ocr_par' dir='ltr' id='par_1_29' title="bbox 1331 1282 2425 1778">
     <span class='ocr_line' id='line_1_107' title="bbox 1380 1282 2423 1323; baseline 0.001 -1"><span class='ocrx_word' id='word_1_809' title='bbox 1380 1282 1405 1323; x_wconf 90' lang='lat'>8</span> <span class='ocrx_word' id='word_1_810' title='bbox 1430 1285 1487 1320; x_wconf 69' lang='grc' dir='ltr'>ΡΑ</span> <span class='ocrx_word' id='word_1_811' title='bbox 1495 1295 1591 1321; x_wconf 67' lang='lat' dir='ltr'>Ubus</span> <span class='ocrx_word' id='word_1_812' title='bbox 1619 1285 1710 1321; x_wconf 81' lang='lat' dir='ltr'>libro</span> <span class='ocrx_word' id='word_1_813' title='bbox 1742 1285 1951 1322; x_wconf 81' lang='lat' dir='ltr'>duodecimo</span> <span class='ocrx_word' id='word_1_814' title='bbox 1983 1286 2033 1321; x_wconf 87' lang='lat' dir='ltr'>ad</span> <span class='ocrx_word' id='word_1_815' title='bbox 2063 1287 2217 1322; x_wconf 84' lang='lat' dir='ltr'>edictum</span> <span class='ocrx_word' id='word_1_816' title='bbox 2263 1286 2322 1322; x_wconf 84' lang='lat' dir='ltr'>Ex</span> <span class='ocrx_word' id='word_1_817' title='bbox 2352 1286 2423 1323; x_wconf 91' lang='lat' dir='ltr'>hoc</span> 
     </span>
     <span class='ocr_line' id='line_1_108' title="bbox 1333 1330 2425 1383; baseline 0.003 -18"><span class='ocrx_word' id='word_1_818' title='bbox 1333 1330 1448 1366; x_wconf 88' lang='lat' dir='ltr'>edicto</span> <span class='ocrx_word' id='word_1_819' title='bbox 1473 1334 1616 1366; x_wconf 87' lang='lat' dir='ltr'>tenetur</span> <span class='ocrx_word' id='word_1_820' title='bbox 1639 1334 1676 1365; x_wconf 91' lang='lat' dir='ltr'>et</span> <span class='ocrx_word' id='word_1_821' title='bbox 1698 1331 1760 1383; x_wconf 80' lang='lat' dir='ltr'>qui</span> <span class='ocrx_word' id='word_1_822' title='bbox 1778 1341 1852 1366; x_wconf 91' lang='lat' dir='ltr'>rem</span> <span class='ocrx_word' id='word_1_823' title='bbox 1873 1331 2026 1374; x_wconf 86' lang='lat' dir='ltr'>exhibet,</span> <span class='ocrx_word' id='word_1_824' title='bbox 2051 1331 2083 1366; x_wconf 91' lang='lat' dir='ltr'>si</span> <span class='ocrx_word' id='word_1_825' title='bbox 2101 1331 2278 1367; x_wconf 86' lang='lat' dir='ltr'>arbitratu</span> <span class='ocrx_word' id='word_1_826' title='bbox 2297 1332 2425 1368; x_wconf 89' lang='lat' dir='ltr'>iudicis</span> 
     </span>
     <span class='ocr_line' id='line_1_109' title="bbox 1336 1375 2423 1422; baseline 0.003 -13"><span class='ocrx_word' id='word_1_827' title='bbox 1336 1379 1349 1409; x_wconf 91' lang='lat'>1</span> <span class='ocrx_word' id='word_1_828' title='bbox 1399 1376 1587 1420; x_wconf 87' lang='lat' dir='ltr'>pristinam</span> <span class='ocrx_word' id='word_1_829' title='bbox 1610 1375 1733 1411; x_wconf 76' lang='lat' dir='ltr'>iudicli</span> <span class='ocrx_word' id='word_1_830' title='bbox 1757 1386 1904 1411; x_wconf 86' lang='lat' dir='ltr'>causam</span> <span class='ocrx_word' id='word_1_831' title='bbox 1926 1387 2000 1412; x_wconf 90' lang='lat' dir='ltr'>non</span> <span class='ocrx_word' id='word_1_832' title='bbox 2021 1376 2186 1411; x_wconf 89' lang='lat' dir='ltr'>restituit.</span> <span class='ocrx_word' id='word_1_833' title='bbox 2233 1377 2297 1412; x_wconf 85' lang='lat' dir='ltr'>Ait</span> <span class='ocrx_word' id='word_1_834' title='bbox 2317 1387 2423 1422; x_wconf 89' lang='lat' dir='ltr'>prae-</span> 
     </span>
     <span class='ocr_line' id='line_1_110' title="bbox 1331 1420 2422 1466; baseline 0.002 -11"><span class='ocrx_word' id='word_1_835' title='bbox 1331 1424 1406 1456; x_wconf 88' lang='lat' dir='ltr'>tor:</span> <span class='ocrx_word' id='word_1_836' title='bbox 1428 1425 1572 1466; x_wconf 85' lang='lat' dir='ltr'>‘quaeve</span> <span class='ocrx_word' id='word_1_837' title='bbox 1592 1420 1759 1456; x_wconf 86' lang='lat' dir='ltr'>alienatio</span> <span class='ocrx_word' id='word_1_838' title='bbox 1779 1421 1902 1456; x_wconf 90' lang='lat' dir='ltr'>iudicii</span> <span class='ocrx_word' id='word_1_839' title='bbox 1920 1420 2083 1456; x_wconf 85' lang='lat' dir='ltr'>mutandi</span> <span class='ocrx_word' id='word_1_840' title='bbox 2094 1431 2205 1457; x_wconf 86' lang='lat' dir='ltr'>causa</span> <span class='ocrx_word' id='word_1_841' title='bbox 2216 1421 2315 1457; x_wconf 86' lang='lat' dir='ltr'>facta</span> <span class='ocrx_word' id='word_1_842' title='bbox 2326 1422 2422 1457; x_wconf 75' lang='lat' dir='ltr'>erit&#39;t</span> 
     </span>
     <span class='ocr_line' id='line_1_111' title="bbox 1331 1465 2422 1511; baseline 0.002 -11"><span class='ocrx_word' id='word_1_843' title='bbox 1331 1466 1368 1500; x_wconf 91' lang='lat' dir='ltr'>id</span> <span class='ocrx_word' id='word_1_844' title='bbox 1393 1469 1446 1501; x_wconf 89' lang='lat' dir='ltr'>est</span> <span class='ocrx_word' id='word_1_845' title='bbox 1469 1466 1499 1501; x_wconf 93' lang='lat' dir='ltr'>si</span> <span class='ocrx_word' id='word_1_846' title='bbox 1511 1467 1524 1486; x_wconf 78' lang='lat'>⁸</span> <span class='ocrx_word' id='word_1_847' title='bbox 1547 1466 1660 1501; x_wconf 85' lang='lat' dir='ltr'>futuri</span> <span class='ocrx_word' id='word_1_848' title='bbox 1679 1465 1801 1501; x_wconf 87' lang='lat' dir='ltr'>iudicii</span> <span class='ocrx_word' id='word_1_849' title='bbox 1821 1476 1942 1509; x_wconf 88' lang='lat' dir='ltr'>causa,</span> <span class='ocrx_word' id='word_1_850' title='bbox 1967 1476 2040 1502; x_wconf 91' lang='lat' dir='ltr'>non</span> <span class='ocrx_word' id='word_1_851' title='bbox 2061 1466 2137 1502; x_wconf 90' lang='lat' dir='ltr'>eius</span> <span class='ocrx_word' id='word_1_852' title='bbox 2158 1466 2254 1511; x_wconf 89' lang='lat' dir='ltr'>quod</span> <span class='ocrx_word' id='word_1_853' title='bbox 2272 1466 2344 1502; x_wconf 90' lang='lat' dir='ltr'>iam</span> <span class='ocrx_word' id='word_1_854' title='bbox 2365 1467 2422 1503; x_wconf 84' lang='lat' dir='ltr'>sit.</span> 
     </span>
     <span class='ocr_line' id='line_1_112' title="bbox 1333 1510 2422 1547; baseline 0.002 -2"><span class='ocrx_word' id='word_1_855' title='bbox 1333 1514 1352 1545; x_wconf 80' lang='lat'><strong>2</strong></span> <span class='ocrx_word' id='word_1_856' title='bbox 1400 1511 1567 1546; x_wconf 89' lang='lat' dir='ltr'>Alienare</span> <span class='ocrx_word' id='word_1_857' title='bbox 1597 1510 1696 1545; x_wconf 90' lang='lat' dir='ltr'>intell</span> <span class='ocrx_word' id='word_1_858' title='bbox 1742 1511 1813 1546; x_wconf 86' lang='lat' dir='ltr'>&#39;tur</span> <span class='ocrx_word' id='word_1_859' title='bbox 1843 1511 1950 1546; x_wconf 88' lang='lat' dir='ltr'>etiam</span> <span class='ocrx_word' id='word_1_860' title='bbox 2005 1511 2043 1546; x_wconf 89' lang='lat' dir='ltr'>ui</span> <span class='ocrx_word' id='word_1_861' title='bbox 2065 1511 2218 1547; x_wconf 83' lang='lat' dir='ltr'>alienam</span> <span class='ocrx_word' id='word_1_862' title='bbox 2240 1522 2315 1547; x_wconf 90' lang='lat' dir='ltr'>rem</span> <span class='ocrx_word' id='word_1_863' title='bbox 2338 1522 2422 1547; x_wconf 87' lang='lat' dir='ltr'>ven·</span> 
     </span>
     <span class='ocr_line' id='line_1_113' title="bbox 1333 1555 2423 1602; baseline 0.002 -12"><span class='ocrx_word' id='word_1_864' title='bbox 1333 1559 1352 1591; x_wconf 88' lang='lat'><strong>3</strong></span> <span class='ocrx_word' id='word_1_865' title='bbox 1401 1556 1500 1591; x_wconf 90' lang='lat' dir='ltr'>didit.</span> <span class='ocrx_word' id='word_1_866' title='bbox 1539 1555 1609 1590; x_wconf 91' lang='lat' dir='ltr'>Sed</span> <span class='ocrx_word' id='word_1_867' title='bbox 1629 1555 1714 1591; x_wconf 88' lang='lat' dir='ltr'>here</span> <span class='ocrx_word' id='word_1_868' title='bbox 1741 1566 1795 1591; x_wconf 91' lang='lat' dir='ltr'>em</span> <span class='ocrx_word' id='word_1_869' title='bbox 1812 1556 1983 1591; x_wconf 92' lang='lat' dir='ltr'>instituen</span> <span class='ocrx_word' id='word_1_870' title='bbox 2008 1566 2029 1592; x_wconf 93' lang='lat' dir='ltr'>o</span> <span class='ocrx_word' id='word_1_871' title='bbox 2049 1556 2104 1592; x_wconf 89' lang='lat' dir='ltr'>vel</span> <span class='ocrx_word' id='word_1_872' title='bbox 2123 1556 2273 1602; x_wconf 88' lang='lat' dir='ltr'>legando</span> <span class='ocrx_word' id='word_1_873' title='bbox 2294 1556 2324 1592; x_wconf 93' lang='lat' dir='ltr'>si</span> <span class='ocrx_word' id='word_1_874' title='bbox 2368 1557 2423 1592; x_wconf 91' lang='lat' dir='ltr'>uis</span> 
     </span>
     <span class='ocr_line' id='line_1_114' title="bbox 1332 1600 2422 1647; baseline 0.002 -12"><span class='ocrx_word' id='word_1_875' title='bbox 1332 1604 1352 1635; x_wconf 90' lang='grc'>4</span> <span class='ocrx_word' id='word_1_876' title='bbox 1400 1601 1547 1643; x_wconf 88' lang='lat' dir='ltr'>alienet,</span> <span class='ocrx_word' id='word_1_877' title='bbox 1579 1601 1662 1635; x_wconf 89' lang='lat' dir='ltr'>huic</span> <span class='ocrx_word' id='word_1_878' title='bbox 1687 1600 1802 1636; x_wconf 89' lang='lat' dir='ltr'>edicto</span> <span class='ocrx_word' id='word_1_879' title='bbox 1825 1601 1926 1636; x_wconf 88' lang='lat' dir='ltr'>locus</span> <span class='ocrx_word' id='word_1_880' title='bbox 1950 1612 2023 1636; x_wconf 92' lang='lat' dir='ltr'>non</span> <span class='ocrx_word' id='word_1_881' title='bbox 2047 1601 2123 1636; x_wconf 90' lang='lat' dir='ltr'>erit.</span> <span class='ocrx_word' id='word_1_882' title='bbox 2171 1601 2210 1636; x_wconf 92' lang='lat' dir='ltr'>Si</span> <span class='ocrx_word' id='word_1_883' title='bbox 2234 1602 2312 1647; x_wconf 86' lang='lat' dir='ltr'>quis</span> <span class='ocrx_word' id='word_1_884' title='bbox 2374 1602 2422 1637; x_wconf 81' lang='lat' dir='ltr'>‘e-</span> 
     </span>
     <span class='ocr_line' id='line_1_115' title="bbox 1332 1645 2420 1691; baseline 0.002 -11"><span class='ocrx_word' id='word_1_885' title='bbox 1332 1645 1477 1688; x_wconf 88' lang='lat' dir='ltr'>naverit,</span> <span class='ocrx_word' id='word_1_886' title='bbox 1503 1645 1630 1681; x_wconf 90' lang='lat' dir='ltr'>deinde</span> <span class='ocrx_word' id='word_1_887' title='bbox 1652 1646 1846 1691; x_wconf 90' lang='lat' dir='ltr'>receperit,</span> <span class='ocrx_word' id='word_1_888' title='bbox 1879 1657 1953 1681; x_wconf 91' lang='grc'><strong>11011</strong></span> <span class='ocrx_word' id='word_1_889' title='bbox 1982 1646 2162 1682; x_wconf 85' lang='lat' dir='ltr'>tenebitur</span> <span class='ocrx_word' id='word_1_890' title='bbox 2191 1646 2261 1682; x_wconf 90' lang='lat' dir='ltr'>hoc</span> <span class='ocrx_word' id='word_1_891' title='bbox 2293 1646 2420 1682; x_wconf 87' lang='lat' dir='ltr'>edicto.</span> 
     </span>
     <span class='ocr_line' id='line_1_116' title="bbox 1332 1690 2423 1735; baseline 0.002 -10"><span class='ocrx_word' id='word_1_892' title='bbox 1332 1694 1351 1725; x_wconf 90' lang='lat'>5</span> <span class='ocrx_word' id='word_1_893' title='bbox 1401 1690 1468 1735; x_wconf 78' lang='lat' dir='ltr'>Qui</span> <span class='ocrx_word' id='word_1_894' title='bbox 1502 1690 1678 1726; x_wconf 89' lang='lat' dir='ltr'>venditori</span> <span class='ocrx_word' id='word_1_895' title='bbox 1713 1701 1779 1726; x_wconf 91' lang='lat' dir='ltr'>suo</span> <span class='ocrx_word' id='word_1_896' title='bbox 1813 1690 1994 1734; x_wconf 89' lang='lat' dir='ltr'>redhibet,</span> <span class='ocrx_word' id='word_1_897' title='bbox 2029 1701 2101 1727; x_wconf 92' lang='lat' dir='ltr'>non</span> <span class='ocrx_word' id='word_1_898' title='bbox 2132 1691 2271 1726; x_wconf 87' lang='lat' dir='ltr'>videtur</span> <span class='ocrx_word' id='word_1_899' title='bbox 2301 1691 2423 1727; x_wconf 90' lang='lat' dir='ltr'>iudicii</span> 
     </span>
     <span class='ocr_line' id='line_1_117' title="bbox 1331 1735 1867 1778; baseline 0.002 -9"><span class='ocrx_word' id='word_1_900' title='bbox 1331 1735 1494 1770; x_wconf 84' lang='lat' dir='ltr'>mutandi</span> <span class='ocrx_word' id='word_1_901' title='bbox 1517 1745 1629 1771; x_wconf 85' lang='lat' dir='ltr'>causa</span> <span class='ocrx_word' id='word_1_902' title='bbox 1653 1736 1867 1778; x_wconf 87' lang='lat' dir='ltr'>abalienare,</span> 
     </span>
    </p>

    <p class='ocr_par' dir='ltr' id='par_1_30' title="bbox 1331 1778 2424 1995">
     <span class='ocr_line' id='line_1_118' title="bbox 1379 1778 2421 1827; baseline -0.001 -10"><span class='ocrx_word' id='word_1_903' title='bbox 1379 1778 1404 1818; x_wconf 89' lang='grc'>9</span> <span class='ocrx_word' id='word_1_904' title='bbox 1428 1780 1485 1815; x_wconf 75' lang='grc' dir='ltr'>ΡΛ</span> <span class='ocrx_word' id='word_1_905' title='bbox 1493 1790 1589 1816; x_wconf 77' lang='lat' dir='ltr'><em>ULUS</em></span> <span class='ocrx_word' id='word_1_906' title='bbox 1610 1780 1701 1816; x_wconf 82' lang='lat' dir='ltr'>libro</span> <span class='ocrx_word' id='word_1_907' title='bbox 1718 1781 1843 1827; x_wconf 83' lang='lat' dir='ltr'>primo</span> <span class='ocrx_word' id='word_1_908' title='bbox 1867 1781 1918 1815; x_wconf 85' lang='lat' dir='ltr'>ad</span> <span class='ocrx_word' id='word_1_909' title='bbox 1939 1781 2094 1816; x_wconf 80' lang='lat' dir='ltr'>edictum</span> <span class='ocrx_word' id='word_1_910' title='bbox 2118 1781 2288 1816; x_wconf 81' lang='lat' dir='ltr'>aedilium</span> <span class='ocrx_word' id='word_1_911' title='bbox 2313 1792 2421 1816; x_wconf 84' lang='lat' dir='ltr'>curu-</span> 
     </span>
     <span class='ocr_line' id='line_1_119' title="bbox 1332 1825 2424 1878; baseline 0.001 -18"><span class='ocrx_word' id='word_1_912' title='bbox 1332 1825 1419 1860; x_wconf 84' lang='lat' dir='ltr'>lium</span> <span class='ocrx_word' id='word_1_913' title='bbox 1454 1826 1539 1870; x_wconf 86' lang='lat' dir='ltr'>quia</span> <span class='ocrx_word' id='word_1_914' title='bbox 1561 1825 1738 1861; x_wconf 89' lang='lat' dir='ltr'>redhibito</span> <span class='ocrx_word' id='word_1_915' title='bbox 1761 1825 1904 1860; x_wconf 91' lang='lat' dir='ltr'>homine</span> <span class='ocrx_word' id='word_1_916' title='bbox 1927 1826 2046 1861; x_wconf 87' lang='lat' dir='ltr'>omnia</span> <span class='ocrx_word' id='word_1_917' title='bbox 2068 1829 2164 1861; x_wconf 91' lang='lat' dir='ltr'>retro</span> <span class='ocrx_word' id='word_1_918' title='bbox 2189 1830 2361 1878; x_wconf 74' lang='lat' dir='ltr'>aguntur:</span> <span class='ocrx_word' id='word_1_919' title='bbox 2387 1830 2424 1861; x_wconf 92' lang='lat' dir='ltr'>et</span> 
     </span>
     <span class='ocr_line' id='line_1_120' title="bbox 1331 1869 2423 1916; baseline 0.003 -12"><span class='ocrx_word' id='word_1_920' title='bbox 1331 1869 1410 1906; x_wconf 88' lang='lat' dir='ltr'>ideo</span> <span class='ocrx_word' id='word_1_921' title='bbox 1434 1881 1508 1905; x_wconf 89' lang='lat' dir='ltr'>non</span> <span class='ocrx_word' id='word_1_922' title='bbox 1530 1869 1671 1905; x_wconf 88' lang='lat' dir='ltr'>videtur</span> <span class='ocrx_word' id='word_1_923' title='bbox 1692 1870 1815 1905; x_wconf 91' lang='lat' dir='ltr'>iudicii</span> <span class='ocrx_word' id='word_1_924' title='bbox 1838 1870 2000 1905; x_wconf 89' lang='lat' dir='ltr'>mutandi</span> <span class='ocrx_word' id='word_1_925' title='bbox 2032 1881 2144 1906; x_wconf 86' lang='lat' dir='ltr'>causa</span> <span class='ocrx_word' id='word_1_926' title='bbox 2174 1870 2331 1906; x_wconf 81' lang='lat' dir='ltr'>alienare</span> <span class='ocrx_word' id='word_1_927' title='bbox 2362 1871 2423 1916; x_wconf 86' lang='lat' dir='ltr'>qui</span> 
     </span>
     <span class='ocr_line' id='line_1_121' title="bbox 1331 1915 2421 1961; baseline 0.002 -12"><span class='ocrx_word' id='word_1_928' title='bbox 1331 1915 1511 1950; x_wconf 88' lang='lat' dir='ltr'>redhibet:</span> <span class='ocrx_word' id='word_1_929' title='bbox 1536 1915 1606 1950; x_wconf 93' lang='lat' dir='ltr'>nisi</span> <span class='ocrx_word' id='word_1_930' title='bbox 1628 1915 1659 1950; x_wconf 92' lang='lat' dir='ltr'>si</span> <span class='ocrx_word' id='word_1_931' title='bbox 1677 1919 1824 1961; x_wconf 91' lang='lat' dir='ltr'>propter</span> <span class='ocrx_word' id='word_1_932' title='bbox 1844 1915 1913 1951; x_wconf 92' lang='lat' dir='ltr'>hoc</span> <span class='ocrx_word' id='word_1_933' title='bbox 1932 1916 2050 1961; x_wconf 90' lang='lat' dir='ltr'>ipsum</span> <span class='ocrx_word' id='word_1_934' title='bbox 2069 1915 2232 1951; x_wconf 88' lang='lat' dir='ltr'>redhibet</span> <span class='ocrx_word' id='word_1_935' title='bbox 2250 1926 2323 1951; x_wconf 91' lang='lat' dir='ltr'>non</span> <span class='ocrx_word' id='word_1_936' title='bbox 2341 1916 2421 1951; x_wconf 89' lang='lat' dir='ltr'>red-</span> 
     </span>
     <span class='ocr_line' id='line_1_122' title="bbox 1331 1960 1632 1995; baseline 0.003 -1"><span class='ocrx_word' id='word_1_937' title='bbox 1331 1960 1508 1995; x_wconf 92' lang='lat' dir='ltr'>hibiturus</span> <span class='ocrx_word' id='word_1_938' title='bbox 1532 1960 1632 1995; x_wconf 81' lang='lat' dir='ltr'>alias.</span> 
     </span>
    </p>

    <p class='ocr_par' dir='ltr' id='par_1_31' title="bbox 1330 2003 2423 2229">
     <span class='ocr_line' id='line_1_123' title="bbox 1380 2003 2422 2042; baseline 0 -1"><span class='ocrx_word' id='word_1_939' title='bbox 1380 2003 1430 2042; x_wconf 89' lang='lat'>10</span> <span class='ocrx_word' id='word_1_940' title='bbox 1463 2004 1658 2041; x_wconf 62' lang='lat' dir='ltr'>Urmzws</span> <span class='ocrx_word' id='word_1_941' title='bbox 1685 2004 1777 2040; x_wconf 85' lang='lat' dir='ltr'>libro</span> <span class='ocrx_word' id='word_1_942' title='bbox 1808 2004 2018 2040; x_wconf 82' lang='lat' dir='ltr'>duodecimo</span> <span class='ocrx_word' id='word_1_943' title='bbox 2049 2004 2100 2040; x_wconf 86' lang='lat' dir='ltr'>ad</span> <span class='ocrx_word' id='word_1_944' title='bbox 2130 2004 2284 2040; x_wconf 78' lang='lat' dir='ltr'>edictum</span> <span class='ocrx_word' id='word_1_945' title='bbox 2329 2004 2422 2041; x_wconf 83' lang='lat' dir='ltr'>Nam</span> 
     </span>
     <span class='ocr_line' id='line_1_124' title="bbox 1336 2049 2422 2095; baseline 0.001 -11"><span class='ocrx_word' id='word_1_946' title='bbox 1336 2053 1371 2084; x_wconf 91' lang='lat' dir='ltr'>et</span> <span class='ocrx_word' id='word_1_947' title='bbox 1394 2050 1424 2084; x_wconf 90' lang='lat' dir='ltr'>si</span> <span class='ocrx_word' id='word_1_948' title='bbox 1448 2050 1626 2094; x_wconf 88' lang='lat' dir='ltr'>obligatus</span> <span class='ocrx_word' id='word_1_949' title='bbox 1650 2049 1788 2085; x_wconf 89' lang='lat' dir='ltr'>solvero</span> <span class='ocrx_word' id='word_1_950' title='bbox 1812 2049 1909 2094; x_wconf 91' lang='lat' dir='ltr'>quod</span> <span class='ocrx_word' id='word_1_951' title='bbox 1933 2059 1956 2084; x_wconf 88' lang='lat' dir='ltr'>a</span> <span class='ocrx_word' id='word_1_952' title='bbox 1978 2060 2034 2085; x_wconf 90' lang='lat' dir='ltr'>me</span> <span class='ocrx_word' id='word_1_953' title='bbox 2051 2052 2175 2095; x_wconf 87' lang='lat' dir='ltr'>petere</span> <span class='ocrx_word' id='word_1_954' title='bbox 2195 2050 2313 2091; x_wconf 85' lang='lat' dir='ltr'>velles,</span> <span class='ocrx_word' id='word_1_955' title='bbox 2337 2051 2422 2085; x_wconf 89' lang='grc'><strong>111110</strong></span> 
     </span>
     <span class='ocr_line' id='line_1_125' title="bbox 1333 2093 2422 2140; baseline 0.001 -11"><span class='ocrx_word' id='word_1_956' title='bbox 1333 2098 1348 2129; x_wconf 92' lang='grc'>1</span> <span class='ocrx_word' id='word_1_957' title='bbox 1399 2094 1515 2130; x_wconf 85' lang='lat' dir='ltr'>edicto</span> <span class='ocrx_word' id='word_1_958' title='bbox 1539 2094 1640 2130; x_wconf 91' lang='lat' dir='ltr'>locus</span> <span class='ocrx_word' id='word_1_959' title='bbox 1664 2105 1737 2129; x_wconf 89' lang='grc'><strong>11011</strong></span> <span class='ocrx_word' id='word_1_960' title='bbox 1761 2093 1837 2129; x_wconf 87' lang='lat' dir='ltr'>erit.</span> <span class='ocrx_word' id='word_1_961' title='bbox 1882 2093 1920 2129; x_wconf 89' lang='lat' dir='ltr'>Si</span> <span class='ocrx_word' id='word_1_962' title='bbox 1942 2098 2041 2130; x_wconf 92' lang='lat' dir='ltr'>tutor</span> <span class='ocrx_word' id='word_1_963' title='bbox 2063 2094 2189 2140; x_wconf 88' lang='lat' dir='ltr'>pupilli</span> <span class='ocrx_word' id='word_1_964' title='bbox 2210 2095 2265 2130; x_wconf 90' lang='lat' dir='ltr'>vel</span> <span class='ocrx_word' id='word_1_965' title='bbox 2289 2095 2422 2140; x_wconf 84' lang='lat' dir='ltr'>adgna-</span> 
     </span>
     <span class='ocr_line' id='line_1_126' title="bbox 1330 2139 2423 2186; baseline 0.001 -12"><span class='ocrx_word' id='word_1_966' title='bbox 1330 2143 1388 2174; x_wconf 92' lang='lat' dir='ltr'>tus</span> <span class='ocrx_word' id='word_1_967' title='bbox 1420 2139 1548 2174; x_wconf 84' lang='lat' dir='ltr'>furiosi</span> <span class='ocrx_word' id='word_1_968' title='bbox 1579 2139 1830 2182; x_wconf 86' lang='lat' dir='ltr'>alienaverint,</span> <span class='ocrx_word' id='word_1_969' title='bbox 1864 2139 1960 2174; x_wconf 89' lang='lat' dir='ltr'>utilis</span> <span class='ocrx_word' id='word_1_970' title='bbox 1992 2139 2086 2175; x_wconf 90' lang='lat' dir='ltr'>actio</span> <span class='ocrx_word' id='word_1_971' title='bbox 2119 2139 2306 2185; x_wconf 90' lang='lat' dir='ltr'>competit,</span> <span class='ocrx_word' id='word_1_972' title='bbox 2339 2141 2423 2186; x_wconf 86' lang='lat' dir='ltr'>quia</span> 
     </span>
     <span class='ocr_line' id='line_1_127' title="bbox 1331 2183 2203 2229; baseline 0 -10"><span class='ocrx_word' id='word_1_973' title='bbox 1331 2184 1517 2220; x_wconf 88' lang='lat' dir='ltr'>consilium</span> <span class='ocrx_word' id='word_1_974' title='bbox 1540 2184 1647 2219; x_wconf 92' lang='lat' dir='ltr'>huius</span> <span class='ocrx_word' id='word_1_975' title='bbox 1670 2183 1807 2219; x_wconf 88' lang='lat' dir='ltr'>fraudis</span> <span class='ocrx_word' id='word_1_976' title='bbox 1831 2184 1921 2218; x_wconf 90' lang='lat' dir='ltr'>inire</span> <span class='ocrx_word' id='word_1_977' title='bbox 1944 2195 2017 2219; x_wconf 92' lang='grc'><strong>11011</strong></span> <span class='ocrx_word' id='word_1_978' title='bbox 2040 2188 2203 2229; x_wconf 89' lang='lat' dir='ltr'>possunt.</span> 
     </span>
    </p>

    <p class='ocr_par' dir='ltr' id='par_1_32' title="bbox 1329 2227 2421 2488">
     <span class='ocr_line' id='line_1_128' title="bbox 1379 2227 2421 2274; baseline -0.001 -8"><span class='ocrx_word' id='word_1_979' title='bbox 1379 2227 1426 2266; x_wconf 89' lang='lat'>11</span> <span class='ocrx_word' id='word_1_980' title='bbox 1453 2228 1561 2264; x_wconf 73' lang='lat' dir='ltr'>IDEM</span> <span class='ocrx_word' id='word_1_981' title='bbox 1581 2229 1672 2264; x_wconf 82' lang='lat' dir='ltr'>libro</span> <span class='ocrx_word' id='word_1_982' title='bbox 1697 2229 1822 2274; x_wconf 86' lang='lat' dir='ltr'>quinto</span> <span class='ocrx_word' id='word_1_983' title='bbox 1847 2230 2056 2274; x_wconf 79' lang='lat' dir='ltr'>opinionum</span> <span class='ocrx_word' id='word_1_984' title='bbox 2100 2229 2189 2264; x_wconf 90' lang='lat' dir='ltr'>Cum</span> <span class='ocrx_word' id='word_1_985' title='bbox 2212 2229 2312 2264; x_wconf 87' lang='lat' dir='ltr'>miles</span> <span class='ocrx_word' id='word_1_986' title='bbox 2335 2240 2421 2274; x_wconf 88' lang='lat' dir='ltr'>pos-</span> 
     </span>
     <span class='ocr_line' id='line_1_129' title="bbox 1329 2273 2421 2318; baseline 0.001 -9"><span class='ocrx_word' id='word_1_987' title='bbox 1329 2274 1470 2309; x_wconf 86' lang='lat' dir='ltr'>tulabat</span> <span class='ocrx_word' id='word_1_988' title='bbox 1492 2284 1558 2309; x_wconf 91' lang='lat' dir='ltr'>suo</span> <span class='ocrx_word' id='word_1_989' title='bbox 1582 2273 1724 2308; x_wconf 90' lang='lat' dir='ltr'>nomine</span> <span class='ocrx_word' id='word_1_990' title='bbox 1746 2273 1887 2318; x_wconf 83' lang='lat' dir='ltr'>litigare</span> <span class='ocrx_word' id='word_1_991' title='bbox 1918 2273 1963 2308; x_wconf 92' lang='lat' dir='ltr'>de</span> <span class='ocrx_word' id='word_1_992' title='bbox 1993 2273 2298 2318; x_wconf 84' lang='lat' dir='ltr'>possessionibus,</span> <span class='ocrx_word' id='word_1_993' title='bbox 2355 2284 2421 2310; x_wconf 84' lang='lat' dir='ltr'>uas</span> 
     </span>
     <span class='ocr_line' id='line_1_130' title="bbox 1330 2317 2421 2363; baseline 0 -9"><span class='ocrx_word' id='word_1_994' title='bbox 1330 2319 1398 2354; x_wconf 89' lang='lat' dir='ltr'>sibi</span> <span class='ocrx_word' id='word_1_995' title='bbox 1421 2318 1573 2354; x_wconf 89' lang='lat' dir='ltr'>donatas</span> <span class='ocrx_word' id='word_1_996' title='bbox 1598 2328 1676 2353; x_wconf 90' lang='lat' dir='ltr'>esse</span> <span class='ocrx_word' id='word_1_997' title='bbox 1699 2317 1861 2359; x_wconf 86' lang='lat' dir='ltr'>dicebat,</span> <span class='ocrx_word' id='word_1_998' title='bbox 1893 2328 2105 2363; x_wconf 89' lang='lat' dir='ltr'>responsum</span> <span class='ocrx_word' id='word_1_999' title='bbox 2130 2324 2204 2361; x_wconf 88' lang='lat' dir='ltr'>est,</span> <span class='ocrx_word' id='word_1_1000' title='bbox 2238 2319 2268 2354; x_wconf 90' lang='lat' dir='ltr'>si</span> <span class='ocrx_word' id='word_1_1001' title='bbox 2299 2319 2336 2353; x_wconf 89' lang='lat' dir='ltr'>iu</span> <span class='ocrx_word' id='word_1_1002' title='bbox 2364 2319 2421 2354; x_wconf 86' lang='lat' dir='ltr'>&#39;cii</span> 
     </span>
     <span class='ocr_line' id='line_1_131' title="bbox 1329 2361 2420 2408; baseline 0 -10"><span class='ocrx_word' id='word_1_1003' title='bbox 1329 2363 1493 2398; x_wconf 92' lang='lat' dir='ltr'>mutandi</span> <span class='ocrx_word' id='word_1_1004' title='bbox 1512 2373 1623 2398; x_wconf 88' lang='lat' dir='ltr'>causa</span> <span class='ocrx_word' id='word_1_1005' title='bbox 1642 2362 1788 2398; x_wconf 88' lang='lat' dir='ltr'>donatio</span> <span class='ocrx_word' id='word_1_1006' title='bbox 1807 2361 1906 2398; x_wconf 83' lang='lat' dir='ltr'>facta</span> <span class='ocrx_word' id='word_1_1007' title='bbox 1926 2362 2045 2405; x_wconf 85' lang='lat' dir='ltr'>fuerit,</span> <span class='ocrx_word' id='word_1_1008' title='bbox 2066 2363 2221 2408; x_wconf 89' lang='lat' dir='ltr'>priorem</span> <span class='ocrx_word' id='word_1_1009' title='bbox 2241 2363 2420 2399; x_wconf 90' lang='lat' dir='ltr'>dominum</span> 
     </span>
     <span class='ocr_line' id='line_1_132' title="bbox 1330 2408 2419 2453; baseline 0 -10"><span class='ocrx_word' id='word_1_1010' title='bbox 1330 2408 1482 2453; x_wconf 85' lang='lat' dir='ltr'>experiri</span> <span class='ocrx_word' id='word_1_1011' title='bbox 1505 2412 1687 2453; x_wconf 87' lang='lat' dir='ltr'>oportere,</span> <span class='ocrx_word' id='word_1_1012' title='bbox 1722 2411 1763 2442; x_wconf 92' lang='lat' dir='ltr'>ut</span> <span class='ocrx_word' id='word_1_1013' title='bbox 1785 2418 1860 2442; x_wconf 90' lang='lat' dir='ltr'>rem</span> <span class='ocrx_word' id='word_1_1014' title='bbox 1882 2408 1993 2452; x_wconf 87' lang='lat' dir='ltr'>magis</span> <span class='ocrx_word' id='word_1_1015' title='bbox 2018 2418 2125 2453; x_wconf 87' lang='lat' dir='ltr'>quam</span> <span class='ocrx_word' id='word_1_1016' title='bbox 2148 2408 2246 2444; x_wconf 91' lang='lat' dir='ltr'>litem</span> <span class='ocrx_word' id='word_1_1017' title='bbox 2268 2408 2306 2443; x_wconf 92' lang='lat' dir='ltr'>in</span> <span class='ocrx_word' id='word_1_1018' title='bbox 2329 2408 2419 2443; x_wconf 88' lang='lat' dir='ltr'>mili-</span> 
     </span>
     <span class='ocr_line' id='line_1_133' title="bbox 1329 2452 1854 2488; baseline -0.002 0"><span class='ocrx_word' id='word_1_1019' title='bbox 1329 2458 1402 2488; x_wconf 89' lang='lat' dir='ltr'>tem</span> <span class='ocrx_word' id='word_1_1020' title='bbox 1424 2453 1652 2488; x_wconf 87' lang='lat' dir='ltr'>transtulisse</span> <span class='ocrx_word' id='word_1_1021' title='bbox 1676 2452 1854 2488; x_wconf 89' lang='lat' dir='ltr'>credatur.</span> 
     </span>
    </p>

    <p class='ocr_par' dir='ltr' id='par_1_33' title="bbox 1327 2495 2421 2948">
     <span class='ocr_line' id='line_1_134' title="bbox 1378 2495 2421 2543; baseline -0.002 -9"><span class='ocrx_word' id='word_1_1022' title='bbox 1378 2495 1429 2534; x_wconf 88' lang='lat'>12</span> <span class='ocrx_word' id='word_1_1023' title='bbox 1452 2497 1690 2533; x_wconf 74' lang='lat' dir='ltr'><em>MARCIANUS</em></span> <span class='ocrx_word' id='word_1_1024' title='bbox 1717 2497 1807 2533; x_wconf 86' lang='lat' dir='ltr'>libro</span> <span class='ocrx_word' id='word_1_1025' title='bbox 1840 2502 1971 2543; x_wconf 83' lang='lat' dir='ltr'>quarto</span> <span class='ocrx_word' id='word_1_1026' title='bbox 1996 2497 2131 2533; x_wconf 81' lang='lat' dir='ltr'>decimo</span> <span class='ocrx_word' id='word_1_1027' title='bbox 2157 2497 2421 2533; x_wconf 80' lang='lat' dir='ltr'>institutionum</span> 
     </span>
     <span class='ocr_line' id='line_1_135' title="bbox 1330 2541 2420 2588; baseline 0.001 -11"><span class='ocrx_word' id='word_1_1028' title='bbox 1330 2542 1367 2577; x_wconf 90' lang='lat' dir='ltr'>Si</span> <span class='ocrx_word' id='word_1_1029' title='bbox 1399 2543 1477 2588; x_wconf 86' lang='lat' dir='ltr'>quis</span> <span class='ocrx_word' id='word_1_1030' title='bbox 1508 2542 1631 2578; x_wconf 90' lang='lat' dir='ltr'>iudicii</span> <span class='ocrx_word' id='word_1_1031' title='bbox 1662 2542 1841 2578; x_wconf 92' lang='lat' dir='ltr'>communi</span> <span class='ocrx_word' id='word_1_1032' title='bbox 1872 2541 2061 2578; x_wconf 89' lang='lat' dir='ltr'>dividundo</span> <span class='ocrx_word' id='word_1_1033' title='bbox 2095 2541 2274 2577; x_wconf 85' lang='lat' dir='ltr'>evitandi⁹</span> <span class='ocrx_word' id='word_1_1034' title='bbox 2308 2552 2420 2578; x_wconf 86' lang='lat' dir='ltr'>causa</span> 
     </span>
     <span class='ocr_line' id='line_1_136' title="bbox 1328 2587 2420 2630; baseline 0 -8"><span class='ocrx_word' id='word_1_1035' title='bbox 1328 2598 1404 2623; x_wconf 93' lang='lat' dir='ltr'>rem</span> <span class='ocrx_word' id='word_1_1036' title='bbox 1427 2587 1652 2630; x_wconf 86' lang='lat' dir='ltr'>alienaverit,</span> <span class='ocrx_word' id='word_1_1037' title='bbox 1686 2597 1731 2623; x_wconf 87' lang='lat' dir='ltr'>ex</span> <span class='ocrx_word' id='word_1_1038' title='bbox 1760 2587 1773 2622; x_wconf 93' lang='lat' dir='ltr'>l</span> <span class='ocrx_word' id='word_1_1039' title='bbox 1818 2598 1837 2622; x_wconf 93' lang='lat' dir='ltr'>e</span> <span class='ocrx_word' id='word_1_1040' title='bbox 1860 2587 2024 2623; x_wconf 88' lang='lat' dir='ltr'>Licinnia</span> <span class='ocrx_word' id='word_1_1041' title='bbox 2047 2587 2079 2622; x_wconf 91' lang='lat' dir='ltr'>ei</span> <span class='ocrx_word' id='word_1_1042' title='bbox 2101 2587 2341 2629; x_wconf 88' lang='lat' dir='ltr'>interdicitur,</span> <span class='ocrx_word' id='word_1_1043' title='bbox 2374 2597 2420 2622; x_wconf 86' lang='lat' dir='ltr'>ne</span> 
     </span>
     <span class='ocr_line' id='line_1_137' title="bbox 1329 2632 2419 2684; baseline -0.001 -16"><span class='ocrx_word' id='word_1_1044' title='bbox 1329 2633 1508 2668; x_wconf 91' lang='lat' dir='ltr'>communi</span> <span class='ocrx_word' id='word_1_1045' title='bbox 1531 2632 1722 2667; x_wconf 89' lang='lat' dir='ltr'>dividundo</span> <span class='ocrx_word' id='word_1_1046' title='bbox 1754 2632 1792 2667; x_wconf 94' lang='lat' dir='ltr'>iu</span> <span class='ocrx_word' id='word_1_1047' title='bbox 1820 2632 1886 2667; x_wconf 86' lang='lat' dir='ltr'>&#39;cio</span> <span class='ocrx_word' id='word_1_1048' title='bbox 1920 2632 2140 2684; x_wconf 86' lang='lat' dir='ltr'>experiatur:</span> <span class='ocrx_word' id='word_1_1049' title='bbox 2174 2632 2273 2668; x_wconf 85' lang='lat' dir='ltr'>verbi</span> <span class='ocrx_word' id='word_1_1050' title='bbox 2303 2633 2419 2677; x_wconf 88' lang='lat' dir='ltr'>gratia</span> 
     </span>
     <span class='ocr_line' id='line_1_138' title="bbox 1328 2676 2417 2730; baseline -0.001 -17"><span class='ocrx_word' id='word_1_1051' title='bbox 1328 2681 1369 2713; x_wconf 93' lang='lat' dir='ltr'>ut</span> <span class='ocrx_word' id='word_1_1052' title='bbox 1388 2677 1573 2730; x_wconf 81' lang='lat' dir='ltr'>potentior</span> <span class='ocrx_word' id='word_1_1053' title='bbox 1597 2681 1735 2722; x_wconf 86' lang='lat' dir='ltr'>emptor</span> <span class='ocrx_word' id='word_1_1054' title='bbox 1756 2687 1821 2722; x_wconf 88' lang='lat' dir='ltr'>per</span> <span class='ocrx_word' id='word_1_1055' title='bbox 1851 2677 2082 2712; x_wconf 77' lang='lat' dir='ltr'>licitationem</span> <span class='ocrx_word' id='word_1_1056' title='bbox 2113 2676 2216 2712; x_wconf 87' lang='lat' dir='ltr'>vilius</span> <span class='ocrx_word' id='word_1_1057' title='bbox 2249 2687 2326 2712; x_wconf 90' lang='lat' dir='ltr'>eam</span> <span class='ocrx_word' id='word_1_1058' title='bbox 2357 2688 2417 2712; x_wconf 89' lang='lat' dir='ltr'>ac-</span> 
     </span>
     <span class='ocr_line' id='line_1_139' title="bbox 1329 2721 2417 2774; baseline -0.001 -17"><span class='ocrx_word' id='word_1_1059' title='bbox 1329 2723 1438 2768; x_wconf 77' lang='lat' dir='ltr'>cipiat</span> <span class='ocrx_word' id='word_1_1060' title='bbox 1460 2726 1496 2758; x_wconf 91' lang='lat' dir='ltr'>et</span> <span class='ocrx_word' id='word_1_1061' title='bbox 1517 2733 1583 2768; x_wconf 90' lang='lat' dir='ltr'>per</span> <span class='ocrx_word' id='word_1_1062' title='bbox 1605 2722 1675 2758; x_wconf 93' lang='lat' dir='ltr'>hoc</span> <span class='ocrx_word' id='word_1_1063' title='bbox 1697 2722 1825 2757; x_wconf 90' lang='lat' dir='ltr'>iterum</span> <span class='ocrx_word' id='word_1_1064' title='bbox 1847 2722 1924 2774; x_wconf 79' lang='lat' dir='ltr'>ipse</span> <span class='ocrx_word' id='word_1_1065' title='bbox 1947 2721 2107 2766; x_wconf 87' lang='lat' dir='ltr'>recipiat.</span> <span class='ocrx_word' id='word_1_1066' title='bbox 2145 2721 2209 2756; x_wconf 90' lang='lat' dir='ltr'>sed</span> <span class='ocrx_word' id='word_1_1067' title='bbox 2230 2721 2308 2766; x_wconf 91' lang='lat' dir='ltr'>ipse</span> <span class='ocrx_word' id='word_1_1068' title='bbox 2339 2722 2417 2767; x_wconf 87' lang='lat' dir='ltr'>qui-</span> 
     </span>
     <span class='ocr_line' id='line_1_140' title="bbox 1328 2766 2416 2812; baseline -0.001 -9"><span class='ocrx_word' id='word_1_1069' title='bbox 1328 2767 1408 2803; x_wconf 91' lang='lat' dir='ltr'>dem</span> <span class='ocrx_word' id='word_1_1070' title='bbox 1432 2767 1493 2812; x_wconf 89' lang='lat' dir='ltr'>qui</span> <span class='ocrx_word' id='word_1_1071' title='bbox 1515 2771 1655 2812; x_wconf 88' lang='lat' dir='ltr'>partem</span> <span class='ocrx_word' id='word_1_1072' title='bbox 1678 2767 1884 2802; x_wconf 78' lang='lat' dir='ltr'>alienaverit</span> <span class='ocrx_word' id='word_1_1073' title='bbox 1907 2766 2087 2802; x_wconf 90' lang='lat' dir='ltr'>communi</span> <span class='ocrx_word' id='word_1_1074' title='bbox 2110 2766 2301 2802; x_wconf 85' lang='lat' dir='ltr'>dividundo</span> <span class='ocrx_word' id='word_1_1075' title='bbox 2325 2766 2416 2802; x_wconf 87' lang='lat' dir='ltr'>iudi-</span> 
     </span>
     <span class='ocr_line' id='line_1_141' title="bbox 1329 2811 2417 2857; baseline -0.001 -9"><span class='ocrx_word' id='word_1_1076' title='bbox 1329 2813 1383 2848; x_wconf 90' lang='lat' dir='ltr'>cio</span> <span class='ocrx_word' id='word_1_1077' title='bbox 1408 2812 1438 2847; x_wconf 89' lang='lat' dir='ltr'>si</span> <span class='ocrx_word' id='word_1_1078' title='bbox 1461 2822 1567 2857; x_wconf 83' lang='lat' dir='ltr'>agere</span> <span class='ocrx_word' id='word_1_1079' title='bbox 1589 2812 1691 2854; x_wconf 87' lang='lat' dir='ltr'>velit,</span> <span class='ocrx_word' id='word_1_1080' title='bbox 1723 2822 1796 2847; x_wconf 91' lang='lat' dir='ltr'>non</span> <span class='ocrx_word' id='word_1_1081' title='bbox 1819 2811 2000 2846; x_wconf 87' lang='lat' dir='ltr'>audietur:</span> <span class='ocrx_word' id='word_1_1082' title='bbox 2034 2811 2064 2846; x_wconf 92' lang='lat' dir='ltr'>is</span> <span class='ocrx_word' id='word_1_1083' title='bbox 2087 2822 2169 2846; x_wconf 84' lang='lat' dir='ltr'>vero</span> <span class='ocrx_word' id='word_1_1084' title='bbox 2195 2811 2256 2856; x_wconf 87' lang='lat' dir='ltr'>qui</span> <span class='ocrx_word' id='word_1_1085' title='bbox 2280 2811 2363 2846; x_wconf 87' lang='lat' dir='ltr'>emit</span> <span class='ocrx_word' id='word_1_1086' title='bbox 2386 2811 2417 2847; x_wconf 89' lang='lat' dir='ltr'>si</span> 
     </span>
     <span class='ocr_line' id='line_1_142' title="bbox 1328 2856 2416 2908; baseline -0.001 -16"><span class='ocrx_word' id='word_1_1087' title='bbox 1328 2857 1481 2903; x_wconf 88' lang='lat' dir='ltr'>experiri</span> <span class='ocrx_word' id='word_1_1088' title='bbox 1503 2857 1605 2900; x_wconf 88' lang='lat' dir='ltr'>velit,</span> <span class='ocrx_word' id='word_1_1089' title='bbox 1631 2867 1675 2892; x_wconf 86' lang='lat' dir='ltr'>ex</span> <span class='ocrx_word' id='word_1_1090' title='bbox 1697 2856 1759 2891; x_wconf 90' lang='lat' dir='ltr'>illa</span> <span class='ocrx_word' id='word_1_1091' title='bbox 1777 2859 1883 2908; x_wconf 83' lang='lat' dir='ltr'>parte</span> <span class='ocrx_word' id='word_1_1092' title='bbox 1907 2856 2014 2891; x_wconf 88' lang='lat' dir='ltr'>edicti</span> <span class='ocrx_word' id='word_1_1093' title='bbox 2036 2859 2194 2898; x_wconf 88' lang='lat' dir='ltr'>vetatur,</span> <span class='ocrx_word' id='word_1_1094' title='bbox 2219 2866 2290 2901; x_wconf 87' lang='lat' dir='ltr'>qua</span> <span class='ocrx_word' id='word_1_1095' title='bbox 2314 2866 2416 2892; x_wconf 86' lang='lat' dir='ltr'>cave-</span> 
     </span>
     <span class='ocr_line' id='line_1_143' title="bbox 1327 2900 2311 2948; baseline -0.001 -11"><span class='ocrx_word' id='word_1_1096' title='bbox 1327 2906 1397 2945; x_wconf 92' lang='lat' dir='ltr'>tur,</span> <span class='ocrx_word' id='word_1_1097' title='bbox 1422 2912 1468 2938; x_wconf 85' lang='lat' dir='ltr'>ne</span> <span class='ocrx_word' id='word_1_1098' title='bbox 1490 2912 1562 2948; x_wconf 89' lang='lat' dir='ltr'>qua</span> <span class='ocrx_word' id='word_1_1099' title='bbox 1585 2901 1751 2937; x_wconf 85' lang='lat' dir='ltr'>alienatio</span> <span class='ocrx_word' id='word_1_1100' title='bbox 1774 2900 1896 2936; x_wconf 77' lang='lat' dir='ltr'>iudicii</span> <span class='ocrx_word' id='word_1_1101' title='bbox 1919 2900 2080 2936; x_wconf 89' lang='lat' dir='ltr'>mutandi</span> <span class='ocrx_word' id='word_1_1102' title='bbox 2105 2911 2214 2936; x_wconf 88' lang='lat' dir='ltr'>causa</span> <span class='ocrx_word' id='word_1_1103' title='bbox 2237 2900 2311 2936; x_wconf 86' lang='lat' dir='ltr'>fiat.</span> 
     </span>
    </p>
   </div>
   <div class='ocr_carea' id='block_1_19' title="bbox 1790 2992 1935 3032">
    <p class='ocr_par' dir='ltr' id='par_1_34' title="bbox 1790 2992 1935 3032">
     <span class='ocr_line' id='line_1_144' title="bbox 1790 2992 1935 3032; baseline 0 0"><span class='ocrx_word' id='word_1_1104' title='bbox 1790 2994 1883 3032; x_wconf 93' lang='lat' dir='ltr'>VIII</span> <span class='ocrx_word' id='word_1_1105' title='bbox 1895 2992 1935 3032; x_wconf 85' lang='lat'>¹⁰.</span> 
     </span>
    </p>
   </div>
   <div class='ocr_carea' id='block_1_20' title="bbox 1328 3057 2416 3138">
    <p class='ocr_par' dir='ltr' id='par_1_35' title="bbox 1328 3057 2416 3138">
     <span class='ocr_line' id='line_1_145' title="bbox 1328 3057 2416 3095; baseline -0.001 -4"><span class='ocrx_word' id='word_1_1106' title='bbox 1328 3060 1388 3092; x_wconf 85' lang='lat' dir='ltr'>DE</span> <span class='ocrx_word' id='word_1_1107' title='bbox 1411 3059 1653 3092; x_wconf 79' lang='lat' dir='ltr'>RECEPTIS:</span> <span class='ocrx_word' id='word_1_1108' title='bbox 1675 3058 1755 3095; x_wconf 83' lang='lat' dir='ltr'>QUI</span> <span class='ocrx_word' id='word_1_1109' title='bbox 1775 3058 2028 3091; x_wconf 83' lang='lat' dir='ltr'>ARBITRIUM</span> <span class='ocrx_word' id='word_1_1110' title='bbox 2052 3058 2343 3091; x_wconf 86' lang='lat' dir='ltr'>RECEPERINT</span> <span class='ocrx_word' id='word_1_1111' title='bbox 2355 3057 2416 3090; x_wconf 83' lang='lat' dir='ltr'>UT</span> 
     </span>
     <span class='ocr_line' id='line_1_146' title="bbox 1603 3103 2143 3138; baseline 0.002 -1"><span class='ocrx_word' id='word_1_1112' title='bbox 1603 3103 1899 3137; x_wconf 83' lang='lat' dir='ltr'>SENTENTIAM</span> <span class='ocrx_word' id='word_1_1113' title='bbox 1924 3103 2143 3138; x_wconf 65' lang='lat' dir='ltr'>DICANTU.</span> 
     </span>
    </p>
   </div>
   <div class='ocr_carea' id='block_1_21' title="bbox 1326 3168 2414 3477">
    <p class='ocr_par' dir='ltr' id='par_1_36' title="bbox 1327 3168 2414 3305">
     <span class='ocr_line' id='line_1_147' title="bbox 1377 3168 2414 3207; baseline -0.004 0"><span class='ocrx_word' id='word_1_1114' title='bbox 1377 3169 1395 3207; x_wconf 93' lang='lat'>1</span> <span class='ocrx_word' id='word_1_1115' title='bbox 1423 3169 1480 3205; x_wconf 71' lang='grc' dir='ltr'>ΡΑ</span> <span class='ocrx_word' id='word_1_1116' title='bbox 1488 3179 1583 3205; x_wconf 71' lang='lat' dir='ltr'>taos</span> <span class='ocrx_word' id='word_1_1117' title='bbox 1610 3169 1701 3206; x_wconf 78' lang='lat' dir='ltr'>libro</span> <span class='ocrx_word' id='word_1_1118' title='bbox 1724 3169 1881 3205; x_wconf 82' lang='lat' dir='ltr'>secundo</span> <span class='ocrx_word' id='word_1_1119' title='bbox 1905 3169 1956 3205; x_wconf 81' lang='lat' dir='ltr'>ad</span> <span class='ocrx_word' id='word_1_1120' title='bbox 1976 3169 2130 3204; x_wconf 78' lang='lat' dir='ltr'>edictum</span> <span class='ocrx_word' id='word_1_1121' title='bbox 2176 3168 2263 3204; x_wconf 88' lang='lat' dir='ltr'>Com</span> <span class='ocrx_word' id='word_1_1122' title='bbox 2289 3168 2414 3204; x_wconf 89' lang='lat' dir='ltr'>romis-</span> 
     </span>
     <span class='ocr_line' id='line_1_148' title="bbox 1327 3213 2414 3259; baseline -0.002 -9"><span class='ocrx_word' id='word_1_1123' title='bbox 1327 3226 1406 3251; x_wconf 92' lang='lat' dir='ltr'>sum</span> <span class='ocrx_word' id='word_1_1124' title='bbox 1418 3214 1466 3250; x_wconf 91' lang='lat' dir='ltr'>ad</span> <span class='ocrx_word' id='word_1_1125' title='bbox 1476 3214 1738 3250; x_wconf 87' lang='lat' dir='ltr'>similitudinem</span> <span class='ocrx_word' id='word_1_1126' title='bbox 1749 3214 1960 3250; x_wconf 83' lang='lat' dir='ltr'>iudiciorum</span> <span class='ocrx_word' id='word_1_1127' title='bbox 1979 3213 2148 3259; x_wconf 83' lang='lat' dir='ltr'>redigitur</span> <span class='ocrx_word' id='word_1_1128' title='bbox 2167 3218 2203 3249; x_wconf 90' lang='lat' dir='ltr'>et</span> <span class='ocrx_word' id='word_1_1129' title='bbox 2222 3224 2245 3248; x_wconf 90' lang='lat' dir='ltr'>a</span> <span class='ocrx_word' id='word_1_1130' title='bbox 2288 3213 2414 3249; x_wconf 84' lang='lat' dir='ltr'>finien-</span> 
     </span>
     <span class='ocr_line' id='line_1_149' title="bbox 1327 3259 1683 3305; baseline -0.003 -9"><span class='ocrx_word' id='word_1_1131' title='bbox 1327 3260 1391 3296; x_wconf 83' lang='lat' dir='ltr'>das</span> <span class='ocrx_word' id='word_1_1132' title='bbox 1415 3259 1496 3296; x_wconf 90' lang='lat' dir='ltr'>lites</span> <span class='ocrx_word' id='word_1_1133' title='bbox 1518 3259 1683 3305; x_wconf 87' lang='lat' dir='ltr'>pertinet.</span> 
     </span>
    </p>

    <p class='ocr_par' dir='ltr' id='par_1_37' title="bbox 1326 3301 2412 3430">
     <span class='ocr_line' id='line_1_150' title="bbox 1372 3301 2412 3350; baseline -0.006 -8"><span class='ocrx_word' id='word_1_1134' title='bbox 1372 3302 1398 3342; x_wconf 88' lang='lat'><strong>2</strong></span> <span class='ocrx_word' id='word_1_1135' title='bbox 1429 3303 1624 3341; x_wconf 62' lang='lat' dir='ltr'>vamum</span> <span class='ocrx_word' id='word_1_1136' title='bbox 1643 3303 1733 3341; x_wconf 78' lang='lat' dir='ltr'>libro</span> <span class='ocrx_word' id='word_1_1137' title='bbox 1757 3307 1888 3350; x_wconf 83' lang='lat' dir='ltr'>quarto</span> <span class='ocrx_word' id='word_1_1138' title='bbox 1912 3302 1962 3339; x_wconf 88' lang='lat' dir='ltr'>ad</span> <span class='ocrx_word' id='word_1_1139' title='bbox 1982 3302 2136 3338; x_wconf 82' lang='lat' dir='ltr'>edictum</span> <span class='ocrx_word' id='word_1_1140' title='bbox 2170 3301 2229 3337; x_wconf 89' lang='lat' dir='ltr'>Ex</span> <span class='ocrx_word' id='word_1_1141' title='bbox 2250 3312 2412 3347; x_wconf 90' lang='lat' dir='ltr'>compro-</span> 
     </span>
     <span class='ocr_line' id='line_1_151' title="bbox 1327 3346 2410 3395; baseline -0.003 -10"><span class='ocrx_word' id='word_1_1142' title='bbox 1327 3349 1434 3385; x_wconf 91' lang='lat' dir='ltr'>misso</span> <span class='ocrx_word' id='word_1_1143' title='bbox 1458 3349 1577 3395; x_wconf 85' lang='lat' dir='ltr'>placet</span> <span class='ocrx_word' id='word_1_1144' title='bbox 1600 3349 1843 3394; x_wconf 86' lang='lat' dir='ltr'>exceptionem</span> <span class='ocrx_word' id='word_1_1145' title='bbox 1866 3359 1939 3384; x_wconf 89' lang='lat' dir='ltr'>non</span> <span class='ocrx_word' id='word_1_1146' title='bbox 1962 3348 2081 3390; x_wconf 87' lang='lat' dir='ltr'>nasci,</span> <span class='ocrx_word' id='word_1_1147' title='bbox 2104 3346 2166 3383; x_wconf 88' lang='lat' dir='ltr'>sed</span> <span class='ocrx_word' id='word_1_1148' title='bbox 2189 3356 2327 3393; x_wconf 85' lang='lat' dir='ltr'>poenae</span> <span class='ocrx_word' id='word_1_1149' title='bbox 2349 3356 2410 3392; x_wconf 90' lang='lat' dir='ltr'>pe-</span> 
     </span>
     <span class='ocr_line' id='line_1_152' title="bbox 1326 3394 1496 3430; baseline -0.006 0"><span class='ocrx_word' id='word_1_1150' title='bbox 1326 3394 1496 3430; x_wconf 78' lang='lat' dir='ltr'>titionem.</span> 
     </span>
    </p>

    <p class='ocr_par' dir='ltr' id='par_1_38' title="bbox 1372 3435 2412 3477">
     <span class='ocr_line' id='line_1_153' title="bbox 1372 3435 2412 3477; baseline -0.005 -1"><span class='ocrx_word' id='word_1_1151' title='bbox 1372 3436 1397 3477; x_wconf 86' lang='lat'>3</span> <span class='ocrx_word' id='word_1_1152' title='bbox 1421 3437 1527 3474; x_wconf 66' lang='lat' dir='ltr'>IDEM</span> <span class='ocrx_word' id='word_1_1153' title='bbox 1547 3438 1638 3474; x_wconf 83' lang='lat' dir='ltr'>libro</span> <span class='ocrx_word' id='word_1_1154' title='bbox 1662 3438 1766 3473; x_wconf 82' lang='lat' dir='ltr'>tertio</span> <span class='ocrx_word' id='word_1_1155' title='bbox 1790 3437 1925 3473; x_wconf 79' lang='lat' dir='ltr'>decimo</span> <span class='ocrx_word' id='word_1_1156' title='bbox 1951 3436 2001 3472; x_wconf 84' lang='lat' dir='ltr'>ad</span> <span class='ocrx_word' id='word_1_1157' title='bbox 2017 3435 2171 3473; x_wconf 79' lang='lat' dir='ltr'>edictum</span> <span class='ocrx_word' id='word_1_1158' title='bbox 2204 3435 2326 3472; x_wconf 88' lang='lat' dir='ltr'>Labeo</span> <span class='ocrx_word' id='word_1_1159' title='bbox 2349 3435 2412 3477; x_wconf 81' lang='lat' dir='ltr'>ait,</span> 
     </span>
    </p>
   </div>
   <div class='ocr_carea' id='block_1_22' title="bbox 1324 3551 2420 3725">
    <p class='ocr_par' dir='ltr' id='par_1_39' title="bbox 1324 3551 2420 3725">
     <span class='ocr_line' id='line_1_154' title="bbox 1324 3551 1755 3595; baseline -0.007 -9"><span class='ocrx_word' id='word_1_1160' title='bbox 1324 3554 1369 3594; x_wconf 75' lang='grc'>(9)</span> <span class='ocrx_word' id='word_1_1161' title='bbox 1394 3551 1548 3585; x_wconf 87' lang='lat' dir='ltr'>mutandi</span> <span class='ocrx_word' id='word_1_1162' title='bbox 1559 3551 1755 3595; x_wconf 74' lang='lat' dir='ltr'>Dsqsnkolb</span> 
     </span>
     <span class='ocr_line' id='line_1_155' title="bbox 1370 3593 2420 3678; baseline -0.008 -46"><span class='ocrx_word' id='word_1_1163' title='bbox 1370 3598 1431 3638; x_wconf 83' lang='grc' dir='ltr'>(ιο)</span> <span class='ocrx_word' id='word_1_1164' title='bbox 1455 3598 1521 3630; x_wconf 77' lang='lat' dir='ltr'>Ed.</span> <span class='ocrx_word' id='word_1_1165' title='bbox 1545 3603 1640 3631; x_wconf 76' lang='lat' dir='ltr'>1...sz.</span> <span class='ocrx_word' id='word_1_1166' title='bbox 1653 3602 1768 3630; x_wconf 73' lang='grc' dir='ltr'><strong>34...4ι.</strong></span> <span class='ocrx_word' id='word_1_1167' title='bbox 1781 3602 1838 3635; x_wconf 75' lang='lat' dir='ltr'>⁴s;</span> <span class='ocrx_word' id='word_1_1168' title='bbox 1858 3595 1944 3639; x_wconf 81' lang='lat' dir='ltr'>Pap.</span> <span class='ocrx_word' id='word_1_1169' title='bbox 1960 3602 2004 3630; x_wconf 76' lang='lat' dir='ltr'>as.</span> <span class='ocrx_word' id='word_1_1170' title='bbox 2019 3602 2064 3629; x_wconf 74' lang='lat'>⁴2.</span> <span class='ocrx_word' id='word_1_1171' title='bbox 2080 3602 2133 3634; x_wconf 77' lang='lat'>⁴³3</span> <span class='ocrx_word' id='word_1_1172' title='bbox 2153 3594 2240 3638; x_wconf 76' lang='lat' dir='ltr'>App.</span> <span class='ocrx_word' id='word_1_1173' title='bbox 2255 3602 2306 3678; x_wconf 43' lang='grc' dir='ltr'>ὣς</span> <span class='ocrx_word' id='word_1_1174' title='bbox 2321 3593 2420 3671; x_wconf 30' lang='grc' dir='ltr'>ἐπὶ,</span> 
     </span>
     <span class='ocr_line' id='line_1_156' title="bbox 1325 3644 2252 3725; baseline -0.005 -5"><span class='ocrx_word' id='word_1_1175' title='bbox 1325 3687 1360 3720; x_wconf 75' lang='lat' dir='ltr'>in</span> <span class='ocrx_word' id='word_1_1176' title='bbox 1372 3687 1478 3720; x_wconf 77' lang='lat' dir='ltr'>indice</span> <span class='ocrx_word' id='word_1_1177' title='bbox 1490 3694 1521 3720; x_wconf 80' lang='lat' dir='ltr'>et</span> <span class='ocrx_word' id='word_1_1178' title='bbox 1534 3686 1572 3725; x_wconf 83' lang='lat' dir='ltr'>S,</span> <span class='ocrx_word' id='word_1_1179' title='bbox 1586 3685 1705 3719; x_wconf 74' lang='lat' dir='ltr'>dieunt</span> <span class='ocrx_word' id='word_1_1180' title='bbox 1716 3684 1752 3718; x_wconf 74' lang='lat' dir='ltr'><em>F</em></span> <span class='ocrx_word' id='word_1_1181' title='bbox 2243 3644 2252 3678; x_wconf 48' lang='grc' dir='ltr'>ι</span> 
     </span>
    </p>
   </div>
   <div class='ocr_carea' id='block_1_23' title="bbox 2484 1670 2528 3918">
    <p class='ocr_par' dir='ltr' id='par_1_40' title="bbox 2484 1670 2528 3918">
     <span class='ocr_line' id='line_1_157' title="bbox 2484 1670 2528 3918; baseline 0 0"><span class='ocrx_word' id='word_1_1182' title='bbox 2484 1670 2528 3918; x_wconf 95' lang='lat' dir='ltr'> </span> 
     </span>
    </p>
   </div>
  </div>
 </body>
</html>
