2528 3918
114 101 174 134 DE
203 99 502 135 suconssmm:
532 96 818 133 LIBER'romm

111 225 182 261 que
213 214 441 256 tradidimus,
477 212 627 258 primum
661 210 810 257 gradum
846 209 1067 255 cognationis
1101 209 1194 256 opti-

110 264 237 303 neant,
267 260 380 295 frater
400 268 483 294 vero
508 257 720 300 secundum,
743 266 922 302 pronepos
946 259 1066 292 autem
1088 256 1194 292 tertio

173 306 221 341 du
245 306 291 341 sit
314 307 486 349 cognatus
511 306 547 338 et
569 303 728 348 abnepos
759 305 905 347 quarto:
938 311 1005 337 nec
1035 302 1194 343 interest,

108 362 146 386 in
168 353 346 396 potestate
368 348 551 385 morientis
574 347 682 383 fuerit
705 358 753 382 an
775 357 849 382 non
871 346 997 390 fuerit,
1022 347 1118 400 quod
1140 347 1196 382 vel

109 396 351 441 emancipatus
375 394 429 430 vel
453 403 498 429 ex
522 393 745 445 emancipato
771 395 835 427 aut
856 402 899 427 ex
918 391 1086 428 femimno
1106 402 1195 428 sexu

111 444 151 476 12
197 442 416 486 propagatus
441 441 505 475 est.
552 439 693 474 Amotis
726 447 867 483 quoque
897 438 971 473 suis
1002 436 1194 473 heredibus

108 495 266 531 quosque
288 485 380 520 inter
403 495 486 520 suos
510 484 657 520 heredes
681 483 803 519 vocari
822 482 983 525 diximus,
1008 482 1193 528 adgnatus,

108 531 168 576 qui
177 530 355 583 integrum
374 530 430 565 ius
453 529 675 575 adgnationis
695 529 815 570 habet,
836 527 972 563 etiamsi
991 528 1193 573 longissimo

106 575 219 621 gradu
242 579 299 618 sit,
323 575 530 621 plerumque
553 575 672 627 potior
694 574 846 609 habetur
869 583 975 618 quam
997 573 1193 619 proximior

108 623 298 666 cognatus:
331 630 414 656 nam
443 624 564 665 patrui
595 629 706 665 nepos
737 619 792 654 vel
815 628 993 664 pronepos
1018 618 1193 654 avunculo

106 666 161 702 vel
183 669 394 702 materterae
414 665 628 718 praefertur.
663 664 794 700 totiens
816 664 923 708 igitur
952 664 1101 700 dicimus
1133 667 1195 699 aut

105 710 278 757 potiorem
300 711 424 747 haberi
449 721 528 747 eum
548 711 608 756 qui
627 710 876 756 proximiorem
894 709 1043 754 gradum
1064 718 1192 754 cogna-

105 756 210 792 tionis
235 756 383 802 optinet,
408 760 472 792 aut
494 757 627 801 pariter
646 755 767 791 vocari
786 765 846 790 eos
869 755 929 799 qui
949 755 1090 801 cognati
1109 755 1192 797 sint,

105 802 268 848 quotiens
303 811 419 847 neque
450 812 595 837 suorum
624 801 794 836 heredum
814 800 904 852 ‘iure
939 801 1068 853 quique
1101 800 1194 852 inter

105 857 189 883 suos
223 846 372 883 heredes
409 850 494 883 sunt
528 857 643 892 neque
678 846 901 892 adgnatioms
944 856 1023 881 iure
1066 846 1192 891 ahquis

104 891 276 938 praeferri
299 892 430 928 debeat
453 892 649 928 secundum
673 901 716 927 ea
740 901 831 937 quae
844 892 854 912 ¹
878 891 1106 934 tradidimus,
1132 901 1192 926 ex-

105 938 216 983 ceptis
239 938 351 974 fratre
381 941 418 973 et
448 948 571 973 sorore
601 936 851 982 emancipatis,
884 936 943 981 qui
974 937 1021 972 ad
1050 946 1191 972 succes-

104 983 239 1019 sionem
262 983 413 1019 fratrum
437 983 491 1018 vel
514 993 677 1019 sororum
700 985 891 1024 vocantur,
924 982 985 1027 qui
1017 985 1053 1017 et
1076 982 1106 1018 si
1131 992 1190 1017 ca-

103 1028 176 1074 pite
199 1028 370 1065 deminuti
394 1031 497 1071 sunt,
521 1031 640 1064 tamen
664 1028 916 1074 praeferuntur
947 1027 1073 1064 ceteris
1102 1027 1191 1063 ulte-

103 1073 205 1110 rioris
226 1074 359 1119 gradus
382 1073 557 1119 adgnatis.

598 1167 673 1206 VII
682 1165 698 1187 ²

283 1233 344 1267 DE
370 1232 674 1267 succnssmms
698 1232 1008 1266 LIBERTORUM.

149 1299 288 1337 ²'’Nunc
311 1299 355 1336 de
377 1300 583 1336 libertorum
607 1300 709 1336 bonis
732 1299 925 1335 videamus.
963 1299 1047 1335 olim
1069 1298 1192 1344 itaque

103 1346 244 1382 'licebat
277 1345 405 1382 liberto
440 1349 631 1391 patronum
666 1356 769 1381 suum
802 1345 850 1380 im
877 1355 947 1380 une
976 1347 1190 1380 testamento

103 1391 320 1437 ’praeter-ire:
345 1401 428 1426 nam
451 1391 503 1426 ita
526 1390 667 1426 demum
690 1391 748 1426 lex
772 1389 842 1426 duo
870 1390 959 1426 ecim
983 1390 1191 1426 tabularum

103 1436 160 1473 'ad
181 1436 414 1472 hereditatem
436 1436 555 1472 liberti
577 1436 732 1472 vocabat
754 1439 964 1481 patronum,
990 1436 1020 1471 si
1043 1435 1190 1471 intesta-

101 1482 169 1517 'tus
192 1485 352 1518 mortuus
378 1484 471 1517 esset
493 1482 641 1517 libertus
665 1481 762 1517 nullo
794 1492 859 1517 suo
892 1481 1023 1517 herede
1053 1481 1188 1517 relicto.

103 1527 232 1572 'itaque
253 1527 422 1563 intestato
448 1537 589 1572 quoque
611 1531 752 1563 mortuo
784 1527 931 1569 liberto,
964 1526 994 1562 si
1024 1526 1055 1562 is
1087 1536 1191 1562 suum

102 1573 274 1609 ’heredem
303 1572 520 1618 reliquisset,
553 1572 641 1607 nihil
671 1573 707 1608 in
731 1572 834 1608 bonis
859 1572 934 1607 eius
957 1575 1110 1617 patrono
1134 1573 1190 1608 ius

103 1619 198 1654 'erat.
243 1621 280 1653 et
309 1618 339 1654 si
371 1617 512 1663 quidem
547 1628 591 1653 ex
624 1618 847 1654 naturalibus
882 1618 1003 1653 liberis
1038 1618 1191 1663 aliquem

102 1665 213 1699 'suum
236 1663 401 1699 heredem
425 1663 643 1708 reliquisset,
677 1663 775 1698 nulla
798 1663 988 1698 videbatur
1013 1663 1188 1708 querella:

102 1708 141 1744 'si
164 1718 246 1744 vero
270 1708 455 1761 adoptivus
479 1708 573 1744 filius
605 1712 700 1744 esset
708 1709 734 1751 ⁴,
767 1712 890 1753 aperte
922 1709 1082 1754 iniquum
1114 1711 1191 1744 erat

104 1757 118 1788 1
168 1754 265 1790 'nihil
278 1754 366 1789 iuris
381 1757 534 1799 patrono
560 1764 759 1799 superesse.
797 1754 876 1798 Qua
896 1753 940 1789 de
961 1764 1071 1789 causa
1090 1761 1189 1799 post-

101 1799 154 1834 'ea
187 1799 361 1845 praetoris
400 1799 515 1835 edicto
546 1799 637 1835 haec
674 1799 762 1834 iuris
797 1799 966 1844 iniquitas
1002 1799 1190 1835 emendata

101 1846 175 1880 'est.
211 1844 284 1880 sive
307 1844 399 1883 enim
421 1844 579 1879 faciebat
608 1847 860 1880 testamentum
891 1845 1058 1887 libertus,
1089 1845 1189 1880 iube-

102 1890 217 1925 'batur
239 1889 291 1925 ita
313 1890 450 1932 testari,
475 1893 515 1925 ut
537 1893 689 1934 patrono
713 1894 853 1935 partem
877 1889 1056 1925 dimidiam
1075 1890 1188 1925 bono-

102 1936 189 1970 'rum
213 1945 357 1970 suorum
379 1935 612 1979 relinqueret:
646 1939 682 1970 et
713 1935 744 1970 si
774 1939 838 1970 aut
869 1935 956 1969 nihil
987 1939 1051 1970 aut
1073 1936 1189 1971 minus

104 1980 224 2025 'partis
258 1979 421 2016 dimidiae
452 1980 660 2025 reliquerat,
694 1980 848 2015 dabatur
879 1984 1031 2025 patrono
1065 1984 1190 2016 contra

102 2025 252 2061 'tabulas
282 2025 486 2061 testamenti
516 2025 629 2070 partis
662 2025 826 2060 dimidiae
850 2025 1023 2061 bonorum
1047 2036 1187 2071 posses-

102 2070 175 2106 'sio.
211 2070 242 2105 si
265 2081 347 2106 vero
361 2072 374 2092 ⁵
404 2071 595 2106 intestatus
626 2071 845 2106 moriebatur
876 2082 941 2106 suo
972 2071 1103 2107 herede
1132 2082 1188 2107 re-

100 2115 193 2151 'licto
225 2115 297 2151 filio
330 2115 517 2160 adoptivo,
550 2116 703 2151 dabatur
734 2127 847 2161 aeque
877 2120 1031 2162 patrono
1064 2120 1190 2152 contra

100 2160 205 2196 'hunc
236 2171 339 2196 suum
370 2161 534 2196 heredem
565 2162 678 2206 partis
710 2161 875 2197 dimidiae
906 2162 1081 2197 bonorum
1104 2173 1188 2207 pos-

100 2206 231 2241 'sessio.
276 2205 445 2251 prodesse
477 2210 596 2241 autem
626 2206 753 2242 liberto
790 2207 955 2242 solebant
989 2207 1035 2242 ad
1069 2208 1189 2244 exclu-

101 2251 264 2287 'dendum
288 2255 479 2296 patronum
503 2251 684 2287 naturales
707 2252 828 2294 liberi,
862 2263 935 2287 non
959 2253 1075 2288 solum
1099 2263 1188 2298 quos

100 2296 144 2331 'in
178 2299 357 2342 potestate
391 2296 515 2332 mortis
550 2300 711 2342 tempore
752 2297 928 2339 habebat,
974 2298 1037 2333 sed
1081 2299 1188 2333 etiam

100 2341 324 2387 'emancipati
348 2345 383 2377 et
404 2342 442 2376 in
467 2341 693 2387 adoptionem
717 2342 803 2385 dati,
827 2344 857 2378 si
876 2342 981 2378 modo
1003 2353 1048 2378 ex
1069 2344 1188 2388 aliqua

100 2388 210 2468 'parte
230 2386 379 2423 heredes
399 2387 522 2432 scripti
542 2391 645 2423 erant
664 2391 728 2423 aut
746 2388 929 2433 praeteriti
942 2392 1069 2424 contra
1081 2390 1186 2424 tabu-

100 2433 161 2468 'as
185 2432 360 2469 bonorum
382 2433 643 2478 possessionem
667 2444 711 2469 ex
734 2434 851 2469 edicto
875 2434 1069 2479 petierant:
1104 2445 1188 2469 nam

99 2480 119 2512 2
167 2477 382 2513 'exheredati
394 2478 490 2513 nullo
503 2478 609 2514 modo
622 2479 842 2523 repellebant
853 2483 1056 2524 patronum.
1082 2480 1187 2515 Post-

100 2524 153 2557 'ea
184 2523 260 2567 lege
291 2523 404 2568 Papia
436 2523 592 2559 adaucta
623 2527 706 2558 sunt
736 2525 816 2560 iura
843 2528 1095 2569 patronorum,
1128 2525 1188 2570 qui

99 2568 356 2613 'locupletiores
379 2568 525 2604 libertos
549 2568 741 2604 habebant.
779 2574 925 2605 cautum
945 2574 1000 2606 est
1019 2571 1123 2613 enim,
1148 2574 1189 2605 ut

100 2613 154 2648 'ex
173 2613 276 2648 bonis
297 2614 383 2655 eius,
405 2613 464 2658 qui
485 2614 727 2649 sestertiorum
747 2618 890 2650 centum
910 2616 1057 2651 millium
1102 2616 1187 2651 atri-

100 2658 265 2693 'monium
296 2659 477 2704 reliquerit
511 2662 547 2694 et
581 2659 770 2704 pauciores
807 2671 914 2706 quam
948 2663 1022 2696 tres
1057 2661 1081 2695 li
1108 2672 1186 2696 eros

101 2703 277 2746 habebat,
301 2704 373 2739 sive
395 2704 426 2739 is
450 2707 662 2740 testamento
686 2704 784 2740 facto
809 2705 881 2741 sive
899 2706 1070 2742 intestato
1091 2717 1186 2742 mor-

100 2750 191 2784 'tuus
205 2753 292 2791 erat,
311 2749 420 2784 virilis
440 2760 524 2795 pars
570 2753 697 2785 atrono
718 2750 925 2786 debebatur.
960 2751 1086 2796 itaque
1106 2762 1187 2787 cum

100 2793 219 2829 'unum
242 2794 353 2830 filium
372 2794 523 2831 filiamve
568 2795 708 2831 eredem
725 2795 908 2841 reliquerit
926 2795 1086 2839 libertus,
1106 2807 1186 2842 per-

99 2839 189 2875 'inde
237 2850 295 2875 ars
319 2839 465 2875 dimidia
487 2843 637 2885 patrono
663 2840 880 2883 debebatur,
913 2852 956 2877 ac
988 2841 1019 2876 si
1047 2842 1078 2877 is
1111 2842 1188 2877 sine

101 2884 182 2920 'ullo
211 2850 285 2920 {lio
316 2885 459 2920 filiave⁰
482 2886 716 2923 decessisset:
751 2897 832 2922 cum
856 2886 946 2922 duos
971 2886 1101 2922 duasve
1124 2887 1186 2922 he-

100 2930 209 2965 ‘redes
233 2930 442 2982 reliquerat,
473 2931 579 2966 tertia
609 2941 692 2976 pars
724 2931 923 2967 debebatur
951 2935 1123 2977 patrono:
1157 2932 1188 2967 si

100 2978 118 3009 3
167 2975 248 3010 'tres
259 2976 460 3020 rehquerat,
480 2976 719 3021 repellebatur
730 2978 926 3022 patronus.⁴
974 2977 1045 3012 Sed
1064 2980 1188 3013 nostra

100 3020 304 3056 constitutio
315 3022 340 3063 ⁷,
365 3030 470 3065 quam
490 3032 555 3066 pro
577 3022 732 3057 omnium
752 3023 898 3058 notione
911 3021 1051 3058 Graeca
1067 3023 1188 3067 lingua

100 3066 350 3117 compendioso
373 3069 533 3101 tractatu
551 3066 674 3102 habito
695 3068 971 3113 composuimus,
992 3068 1044 3103 ita
1062 3068 1185 3103 huius-

100 3110 194 3146 modi
206 3120 333 3146 causas
355 3110 522 3153 definivit,
546 3116 587 3146 ut
606 3112 636 3147 si
680 3113 798 3148 uidem
817 3113 967 3148 libertus
985 3113 1041 3148 vel
1058 3113 1187 3148 liberta

100 3156 251 3191 minores
276 3156 511 3191 centenariis⁸
534 3157 615 3199 sint,
638 3157 650 3192 i
696 3161 751 3193 est
769 3158 885 3194 minus
907 3161 1048 3193 centum
1068 3159 1186 3194 aureis

99 3201 256 3236 habeant
279 3201 514 3236 substantiam
539 3202 603 3241 (sic
628 3202 719 3237 enim
743 3203 829 3248 legis
852 3203 988 3248 Papiae
1012 3214 1186 3239 summam

99 3245 321 3291 interpretati
351 3257 491 3290 sumus,
523 3251 564 3281 ut
594 3258 658 3292 pro
691 3248 785 3283 mille
809 3249 980 3283 sestertiis
1004 3259 1097 3284 unus
1121 3259 1184 3283 au-

99 3300 180 3326 reus
205 3294 464 3336 computetur),
496 3292 632 3327 nullum
655 3293 774 3328 locum
796 3293 929 3328 habeat
952 3297 1124 3338 patronus
1148 3294 1186 3329 in

100 3345 221 3371 eorum
245 3337 523 3380 successionem,
553 3338 583 3372 si
606 3341 725 3372 tamen
748 3342 1000 3374 testamentum
1023 3339 1184 3374 fecerint.

99 3380 154 3415 sin
185 3384 304 3417 autem
332 3381 492 3417 intestati
523 3382 740 3417 decesserint
770 3384 868 3418 nullo
901 3383 1094 3419 liberorum
1129 3394 1184 3420 re-

98 3425 202 3468 licto,
232 3430 318 3462 tunc
367 3430 550 3462 atronatus
573 3428 647 3470 ius,
679 3428 774 3473 quod
804 3431 883 3464 erat
913 3439 957 3464 ex
986 3430 1062 3474 lege
1096 3429 1183 3465 duo-

100 3469 212 3506 decim
252 3472 339 3507 tabu
354 3482 474 3516 arum,
514 3472 691 3518 integrum
730 3473 933 3509 reservavit.
982 3485 1062 3510 cum
1101 3485 1184 3510 vero

102 3588 140 3625 (ι)
166 3595 204 3616 ea
217 3586 315 3626 quae]
329 3585 373 3624 B,
387 3586 422 3617 id
435 3587 523 3627 quod
535 3586 603 3618 iam
616 3587 649 3619 T

148 3631 191 3670 (2)
220 3629 271 3671 Cf.
288 3628 364 3663 Gai.
377 3631 408 3670 3,
422 3637 519 3664 39:16
543 3632 624 3675 Diq.
639 3632 692 3670 38,
707 3639 723 3664 2
752 3631 830 3665 cod.
841 3633 873 3671 6,
888 3639 959 3666 413
1031 3635 1073 3672 (3)
1102 3632 1181 3665 Gai.

102 3675 132 3712 3,
147 3681 243 3707 39..42
367 3674 410 3715 (4)
436 3678 534 3716 esset]
552 3676 671 3716 TGai.,
685 3676 804 3709 fuisset
815 3677 853 3710 B
979 3678 1022 3719 (5)
1047 3677 1076 3709 si
1089 3678 1179 3717 vero]

100 3719 216 3753 TGai.
230 3719 272 3757 Θ,
290 3720 358 3752 sive
370 3721 406 3753 B
486 3726 533 3763 (6)
557 3725 604 3755 sic
616 3725 738 3766 scripsi
749 3735 817 3756 cum
833 3724 919 3760 Gaio
935 3730 966 3758 et
979 3724 1022 3765 Θ,
1040 3723 1180 3755 testatus

208 3774 294 3806 Inst.

1202 80 1260 134 33

1956 82 2103 129 mer.
2134 81 2212 145 ΠΙ,
2243 84 2352 129 6-8

1264 210 1415 247 maiores
1440 208 1652 244 centenariis
1676 208 1758 251 sint,
1782 208 1813 244 si
1831 208 1980 245 heredes
1999 208 2055 244 vel
2074 209 2248 245 bonorum
2267 221 2350 255 pos-

1265 265 1421 290 sessores
1444 254 1576 289 liberos
1599 254 1758 289 habeant
1776 255 1849 290 sive
1869 265 1979 290 unum
1999 254 2073 290 sive
2091 255 2212 299 plures
2233 255 2350 290 cuius-

1265 310 1416 345 cumque
1440 309 1546 335 sexus
1570 299 1624 334 vel
1646 299 1799 344 gradus,
1832 299 1879 335 ad
1910 310 1971 336 eos
2003 300 2263 336 successionem
2286 311 2350 346 pa-

1264 349 1404 380 rentum
1437 344 1665 386 deduximus,
1698 345 1860 381 omnibus
1891 345 2052 390 patronis
2084 355 2158 381 una
2181 356 2262 381 cum
2286 356 2351 381 sua

1263 390 1432 436 progenie
1462 390 1618 425 semotis.
1655 389 1710 424 sin
1734 394 1853 425 autem
1878 392 1954 427 sine
1977 390 2098 427 liberis
2122 390 2350 433 decesserint,

1264 436 1294 471 si
1318 435 1458 481 quidem
1480 434 1659 477 intestati,
1694 434 1740 470 ad
1764 445 1902 471 omnem
1925 436 2158 472 hereditatem
2179 440 2351 483 patronos

1263 484 1504 534 patronasque
1527 480 1748 516 vocavimus:
1773 481 1804 516 si
1826 491 1910 516 vero
1935 485 2187 518 testamentum
2211 482 2352 528 quidem

1262 527 1431 568 iecerint,
1463 529 1636 571 patronos
1668 529 1786 561 autem
1816 527 1872 561 vel
1901 530 2071 606 patronas
2094 528 2351 573 praeterierint,

1265 583 1345 607 cum
1368 572 1484 607 nullos
1508 571 1638 607 liberos
1662 571 1836 607 haberent
1859 582 1900 606 ve
1931 572 2104 609 habentes
2125 583 2184 609 eos
2205 573 2351 609 exhere-

1264 617 1443 660 daverint,
1473 617 1527 652 vel
1558 620 1673 652 mater
1695 617 1768 652 sive
1791 627 1878 652 avus
1902 621 2084 653 maternus
2109 629 2169 654 eos
2193 622 2350 664 praeter-

1261 662 1353 705 ierit,
1378 662 1430 698 ita
1453 666 1494 697 ut
1513 673 1585 698 non
1605 661 1744 708 possint
1761 662 1863 707 argui
1881 661 2082 698 inofficiosa
2102 674 2222 699 eorum
2242 668 2351 700 testa-

1263 712 1399 743 menta:
1434 711 1522 743 tunc
1558 718 1601 743 ex
1636 711 1761 743 nostra
1797 708 2051 743 constitutione
2086 719 2149 754 per
2178 710 2351 745 bonorum

1263 754 1525 799 possessionem
1549 756 1676 789 contra
1699 753 1840 788 tabulas
1865 763 1937 788 non
1962 750 2158 796 dimidiam,
2193 759 2233 789 ut
2256 760 2351 798 ante,

1264 799 1326 835 sed
1360 799 1503 834 tertiam
1538 802 1677 844 partem
1711 799 1888 834 bonorum
1922 798 2040 834 liberti
2076 804 2351 845 consequantur,

1231 853 1234 856 ’
1262 845 1318 879 vel
1350 844 1446 890 quod
1470 844 1570 879 deest
1594 844 1644 880 eis
1669 854 1713 879 ex
1738 844 1989 879 constitutione
2012 848 2137 880 nostra
2158 846 2351 890 repleatur,

1263 891 1293 925 si
1317 890 1459 935 quando
1484 890 1600 930 minus
1624 890 1731 924 tertia
1753 893 1856 934 parte
1879 890 2053 925 bonorum
2078 900 2222 926 suorum
2245 891 2350 927 liber-

1262 939 1320 971 tus
1345 936 1400 971 vel
1422 935 1551 971 liberta
1575 935 1625 971 eis
1648 935 1873 980 reliquerint,
1897 935 1949 970 ita
1972 934 2048 970 sine
2073 946 2197 978 onere,
2222 940 2262 971 ut
2286 947 2351 972 nec

1262 981 1381 1016 liberis
1405 981 1522 1016 liberti
1545 981 1735 1016 libertaeve
1758 990 1803 1016 ex
1827 991 1870 1016 ea
1893 983 1995 1025 parte
2018 981 2136 1026 legata
2165 981 2221 1016 vel
2251 981 2350 1017 fidei-

1263 1026 1452 1062 commissa
1474 1029 1712 1072 praestentur,
1737 1026 1801 1062 sed
1825 1026 1872 1061 ad
1897 1026 2086 1062 coheredes
2102 1026 2172 1062 hoc
2189 1037 2279 1062 onus
2295 1038 2351 1062 re-

1262 1072 1456 1109 dundaret:
1491 1071 1612 1107 multis
1648 1072 1726 1107 aliis
1761 1071 1904 1107 casibus
1936 1081 1959 1107 a
1989 1071 2091 1107 nobis
2120 1072 2158 1107 in
2189 1071 2352 1118 praefata

1263 1117 1516 1153 constitutione
1548 1127 1615 1153 con
1659 1116 1788 1162 egatis,
1821 1128 1910 1162 quos
1944 1117 2165 1153 necessarios
2198 1127 2275 1153 esse
2306 1118 2352 1153 ad

1261 1163 1464 1199 huiusmodi
1494 1162 1580 1198 iuris
1637 1162 1881 1208 ispositionem
1912 1163 2173 1208 perspeximus:
2206 1166 2248 1198 ut
2278 1165 2352 1198 tam

1261 1208 1405 1253 patroni
1434 1211 1679 1254 patronaeque
1703 1218 1809 1254 quam
1833 1208 1935 1243 liberi
1959 1218 2082 1244 eorum
2105 1218 2172 1244 nec
2195 1218 2269 1244 non
2292 1209 2352 1254 qui

1262 1264 1305 1288 ex
1329 1257 1532 1290 transverso
1560 1254 1672 1289 latere
1701 1254 1849 1289 veniunt
1880 1264 1993 1299 usque
2016 1254 2063 1289 ad
2086 1254 2249 1299 quintum
2270 1264 2351 1299 gra-

1262 1299 1346 1334 dum
1370 1299 1417 1334 ad
1440 1299 1702 1335 successionem
1725 1299 1934 1334 libertorum
1963 1302 2153 1342 vocentur,
2185 1299 2279 1335 sicut
2309 1309 2352 1334 ex

1261 1355 1305 1380 ea
1340 1345 1594 1380 constitutione
1628 1345 1902 1389 intellegendum
1939 1348 2009 1380 est:
2054 1348 2095 1380 ut
2129 1345 2160 1381 si
2195 1344 2352 1380 eiusdem

1260 1391 1403 1435 patroni
1434 1391 1490 1426 vel
1523 1393 1698 1435 patronae
1728 1390 1784 1425 vel
1807 1390 1959 1426 duorum
1983 1390 2132 1425 duarum
2155 1390 2352 1436 pluriumve

1260 1437 1331 1471 sint
1354 1435 1476 1479 liberi,
1502 1436 1563 1481 qui
1584 1435 1778 1488 proximior
1802 1439 1873 1478 est,
1905 1435 1953 1471 ad
1975 1435 2093 1471 liberti
2117 1446 2180 1472 seu
2203 1436 2352 1472 libertae

1259 1484 1407 1517 vocetur
1438 1491 1701 1517 successionem
1738 1484 1773 1516 et
1804 1481 1841 1516 in
1871 1481 2009 1526 capita,
2044 1491 2117 1517 non
2150 1482 2187 1517 in
2222 1482 2350 1527 stirpes

1260 1527 1437 1562 dividatur
1468 1527 1667 1569 successio,
1704 1526 1827 1562 eodem
1858 1526 1963 1562 modo
1996 1529 2032 1562 et
2061 1526 2099 1562 in
2128 1527 2183 1562 his
2217 1527 2277 1572 qui
2309 1537 2351 1563 ex

1259 1576 1463 1608 transverso
1488 1573 1600 1608 latere
1623 1572 1768 1607 veniunt
1791 1572 1977 1608 servando.
2013 1582 2127 1617 paene
2152 1572 2244 1608 enim
2265 1583 2350 1608 con-

1260 1618 1426 1654 sonantia
1454 1618 1535 1653 iura
1565 1617 1793 1663 ingenuitatis
1825 1621 1861 1652 et
1882 1617 2123 1654 libertinitatis
2147 1617 2184 1653 in
2208 1628 2350 1654 succes-

1259 1666 1281 1698 4
1327 1663 1486 1699 sionibus
1505 1663 1667 1699 fecimus.
1716 1662 1787 1698 Sed
1807 1663 1897 1699 haec
1919 1663 1963 1698 de
1983 1663 2039 1698 his
2059 1663 2233 1699 libertinis
2246 1663 2351 1699 hodie

1260 1709 1411 1744 dicenda
1430 1713 1525 1751 sunt,
1547 1710 1607 1754 qui
1628 1709 1665 1743 in
1686 1709 1862 1744 civitatem
1881 1708 2082 1744 Romanam
2094 1713 2347 1761 pervenerunt,

1260 1765 1339 1790 cum
1364 1764 1430 1789 nec
1454 1758 1539 1790 sunt
1562 1754 1622 1789 alii
1645 1754 1762 1789 liberti
1781 1754 1886 1789 simul
1906 1757 1941 1789 et
1961 1753 2135 1790 dediticiis
2155 1757 2191 1790 et
2210 1754 2350 1790 Latinis

1259 1801 1421 1842 sublatis,
1442 1811 1523 1835 cum
1542 1799 1753 1835 Latinorum
1773 1799 1950 1844 legitimae
1971 1800 2216 1835 successiones
2229 1799 2350 1835 nullae

1259 1846 1400 1890 penitus
1433 1848 1554 1888 erant,
1587 1845 1672 1890 qui⁹
1695 1845 1779 1880 licet
1809 1848 1851 1879 ut
1879 1845 1982 1880 liberi
2012 1845 2121 1880 vitam
2144 1855 2246 1880 suam
2269 1855 2349 1890 per-

1259 1891 1431 1935 agebant,
1464 1894 1623 1926 attamen
1653 1890 1731 1935 ipso
1764 1889 1886 1926 ultimo
1918 1890 2044 1935 spiritu
2068 1890 2172 1926 simul
2196 1890 2350 1926 animam

1259 1940 1367 1981 atque
1391 1936 1592 1971 libertatem
1625 1935 1855 1978 amittebant,
1889 1938 1925 1970 et
1954 1935 2057 1980 quasi
2089 1945 2269 1972 servorum
2299 1936 2351 1971 ita

1259 1982 1354 2017 bona
1385 1992 1510 2017 eorum
1540 1981 1618 2017 iure
1642 1980 1903 2026 quodammodo
1927 1981 2059 2026 peculii
2082 1992 2126 2017 ex
2148 1981 2225 2027 lege
2247 1981 2351 2017 Iunia

1258 2027 1534 2062 manumissores
1567 2026 1783 2062 detinebant.
1819 2029 1947 2071 postea
1976 2037 2060 2062 vero
2093 2031 2238 2062 senatus
2263 2037 2349 2062 con-

1259 2072 1352 2108 sulto
1376 2072 1554 2117 Largiano
1580 2076 1725 2107 cautum
1748 2071 1878 2115 fuerat,
1900 2075 1942 2106 ut
1959 2071 2062 2108 liberi
2081 2072 2349 2108 manumissoris

1259 2128 1332 2153 non
1364 2118 1572 2153 nominatim
1604 2117 1809 2153 exheredati
1838 2116 1927 2153 facti
1959 2118 2136 2154 extraneis
2159 2118 2350 2154 heredibus

1259 2173 1381 2198 eorum
1412 2163 1450 2198 in
1486 2163 1587 2198 bonis
1618 2163 1829 2198 Latinorum
1859 2167 2175 2208 praeponerentur.
2220 2164 2349 2209 quibus

1258 2209 1462 2253 supervenit
1486 2208 1592 2243 etiam
1617 2208 1686 2243 divi
1710 2207 1857 2243 Traiani
1881 2208 2055 2252 edictum,
2079 2208 2175 2254 quod
2199 2208 2349 2254 eundem

1257 2254 1455 2295 hominem,
1487 2254 1518 2289 si
1548 2253 1658 2289 invito
1690 2253 1745 2288 vel
1768 2253 1954 2298 ignorante
2003 2258 2129 2290 atrono
2154 2253 2201 2290 ad
2226 2254 2348 2290 civita-

1258 2302 1329 2334 tem
1352 2299 1472 2334 venire
1497 2309 1541 2334 ex
1564 2298 1737 2334 beneficio
1762 2299 1933 2344 principis
1980 2299 2161 2342 estinavit,
2193 2299 2349 2335 faciebat

1257 2345 1374 2379 vivum
1398 2344 1540 2390 quidem
1564 2344 1674 2379 civem
1698 2344 1911 2387 Romanum,
1935 2344 2106 2380 Latinum
2129 2348 2249 2380 autem
2272 2355 2348 2388 mo-

1257 2390 1415 2425 rientem.
1442 2389 1505 2425 sed
1523 2393 1649 2425 nostra
1668 2389 1920 2425 constitutione
1934 2391 1962 2411 ¹⁰
1980 2394 2128 2436 propter
2146 2389 2351 2426 huiusmodi

1258 2435 1507 2471 condicionum
1530 2435 1624 2470 vices
1650 2438 1685 2470 et
1708 2435 1796 2470 alias
1821 2434 2051 2471 difficultates
2072 2446 2152 2471 cum
2170 2435 2257 2480 ipsis
2274 2435 2347 2471 La-

1257 2481 1341 2516 tinis
1374 2481 1480 2516 etiam
1504 2481 1615 2525 legem
1639 2480 1778 2515 Iuniam
1803 2484 1838 2515 et
1862 2483 2007 2516 senatus
2032 2481 2233 2516 consultum
2255 2480 2348 2517 Lar-

1256 2526 1400 2570 gianum
1425 2530 1460 2561 et
1482 2525 1636 2561 edictum
1660 2525 1730 2560 divi
1754 2525 1899 2560 Traiani
1922 2525 1959 2560 in
1991 2529 2205 2570 perpetuum
2238 2525 2348 2562 deleri

1259 2572 1478 2613 censuimus,
1510 2574 1552 2605 ut
1583 2581 1704 2606 omnes
1728 2570 1846 2606 liberti
1871 2570 2013 2606 civitate
2036 2570 2200 2607 Romana
2222 2571 2347 2607 fruan-

1257 2620 1334 2659 tur,
1370 2620 1407 2652 et
1429 2615 1580 2651 mirabili
1602 2616 1708 2651 modo
1734 2615 1945 2660 quibusdam
1969 2615 2226 2653 adiectionibus
2249 2617 2261 2652 i
2288 2627 2347 2653 sas

1257 2662 1344 2704 vias,
1369 2662 1517 2707 quaein
1536 2661 1770 2696 Latinitatem
1790 2660 1977 2704 ducebant,
2002 2661 2049 2697 ad
2074 2662 2252 2698 civitatem
2307 2673 2345 2698 o-

1256 2717 1397 2743 manam
1421 2706 1632 2753 capiendam
1654 2706 1951 2751 transposuimus.

1738 2799 1868 2839 vmu

1415 2865 1476 2898 DE
1501 2865 1844 2898 ADSIGNATIONE
1868 2866 2176 2899 LIBERTORUM.

1301 2932 1344 2968 In
1375 2942 1513 2967 summa
1547 2931 1643 2977 quod
1677 2931 1724 2968 ad
1758 2932 1855 2968 bona
1888 2932 2095 2969 libertorum
2131 2932 2344 2969 admonendi

1256 2987 1378 3013 sumus
1403 2980 1566 3012 senatum
1590 2978 1789 3021 censuisse,
1813 2981 1855 3014 ut
1878 2979 2036 3023 quamvis
2061 2978 2108 3014 ad
2132 2988 2253 3014 omnes
2278 2989 2343 3031 pa-

1257 3022 1349 3057 troni
1382 3022 1532 3065 liberos,
1570 3023 1631 3068 qui
1665 3023 1822 3059 eiusdem
1853 3023 1985 3069 gradus
2021 3024 2109 3066 sint,
2149 3024 2343 3069 aequaliter

1258 3068 1351 3103 bona
1373 3068 1582 3103 libertorum
1639 3068 1833 3112 ertineant‚
1868 3073 1987 3104 tamen
2010 3069 2134 3104 liceret
2147 3070 2174 3090 ¹²
2202 3070 2343 3114 parenti

1257 3113 1317 3147 uni
1352 3123 1396 3148 ex
1428 3112 1547 3148 liberis
1579 3123 1601 3148 a
1627 3113 1766 3159 signare
1794 3114 1978 3156 libertum,
2010 3118 2051 3149 ut
2106 3117 2163 3149 ost
2191 3118 2342 3150 mortem

1256 3158 1330 3193 eius
1355 3158 1453 3193 solus
1475 3158 1506 3193 is
1530 3161 1704 3211 patronus
1727 3160 1923 3202 habeatur,
1956 3159 2012 3195 cui
2043 3169 2066 3195 a
2093 3159 2122 3195 si
2171 3162 2251 3195 atus
2277 3163 2341 3202 est,

1257 3207 1292 3238 et
1316 3203 1425 3238 ceteri
1447 3203 1559 3246 liberi,
1584 3204 1644 3249 qui
1666 3204 1735 3257 ipsi
1760 3216 1899 3250 quoque
1923 3205 1969 3240 ad
1988 3204 2110 3240 eadem
2156 3215 2225 3240 ona
2244 3204 2343 3239 nulla

1256 3248 1501 3293 adsignatione
1522 3249 1778 3286 intervemente
1795 3250 1929 3295 pariter
1948 3250 2230 3292 admitterentur,
2255 3250 2341 3284 nihil

1254 3294 1340 3328 iuris
1363 3294 1401 3328 in
1424 3294 1479 3328 his
1502 3293 1603 3329 bonis
1626 3295 1794 3331 habeant.
1832 3295 1896 3331 sed
1919 3295 1970 3330 ita
1994 3295 2133 3330 demum
2152 3294 2340 3340 pristinum

1253 3340 1309 3374 ius
1332 3338 1518 3383 recipiunt,
1542 3339 1572 3375 si
1595 3340 1625 3375 is
1647 3341 1705 3375 cui
1724 3341 1930 3385 adsignatus
1952 3343 2007 3375 est
2026 3340 2216 3375 decesserit
2234 3338 2339 3374 nullis

1257 3387 1271 3418 1
1321 3383 1441 3419 liberis
1464 3384 1607 3420 relictis.
1654 3385 1731 3421 Nec
1754 3389 1893 3420 tantum
1924 3386 2107 3427 libertum,
2139 3384 2201 3420 scd
2234 3384 2339 3418 etiam

1255 3429 1427 3471 libertam,
1446 3432 1482 3464 et
1499 3440 1573 3465 non
1591 3433 1732 3466 tantum
1749 3430 1822 3465 filio
1842 3430 2016 3475 nepotive,
2041 3430 2103 3465 sed
2122 3430 2226 3463 etiam
2245 3429 2339 3462 filiae

1255 3477 1275 3508 2
1322 3473 1463 3519 neptive
1485 3474 1672 3519 adsignare
1694 3476 1920 3521 permittitur.
1967 3475 2085 3510 Datur
2107 3477 2225 3509 autem
2248 3473 2337 3508 haec

1258 3592 1316 3622 ins.
1332 3590 1381 3630 B,
1401 3590 1578 3622 intestatus
1599 3591 1658 3622 ins.
1679 3590 1710 3622 T
1808 3593 1849 3627 (Ἴ)
1880 3589 1955 3621 Cod.
1972 3590 2002 3628 6,
2017 3595 2042 3629 4,
2058 3595 2072 3620 4
2188 3588 2232 3627 (8)
2258 3596 2334 3618 cen-

1252 3632 1375 3664 teum-ii
1388 3633 1462 3666 BT
1555 3635 1600 3674 (9)
1625 3635 1698 3675 qui]
1715 3635 1752 3675 T,
1766 3634 1846 3676 quia
1860 3634 1895 3666 B
1988 3633 2045 3670 (10)
2075 3631 2145 3664 Cod
2168 3632 2198 3671 7,
2212 3638 2241 3670 6,
2253 3638 2267 3664 1

1299 3679 1354 3718 (11)
1382 3677 1432 3721 Cf.
1446 3679 1525 3722 th.
1541 3680 1594 3721 38,
1608 3686 1624 3711 4
1746 3679 1807 3721 (12)
1830 3680 1879 3712 εἰσ
1894 3678 1930 3718 Τ,
1944 3677 2045 3709 licere
2059 3676 2095 3709 B

2016 3778 2036 3808 5
