2528 3918
121 118 464 149 'PREBELIAANUM

120 226 330 272 perfunctus
370 230 533 263 omnibus
568 229 791 265 hereditariis
824 229 1048 270 muneribus,
1085 230 1120 265 id
1153 233 1208 266 est

119 278 202 317 post
226 273 422 317 legatorum
456 275 651 316 dationem,
685 275 856 319 reliquum
883 276 1069 310 habiturus
1102 277 1205 316 foret,

121 318 150 351 si
175 328 245 352 non
269 324 364 353 essct
387 325 530 363 rogatus
556 323 612 354 et¹
645 319 710 354 tibi
735 321 936 355 restitueret
962 320 1205 360 hereditatem,

120 363 154 396 id
179 363 244 397 tibi
268 365 443 399 restituat.
470 370 640 408 quantum
665 375 747 408 ergo
773 366 946 400 haberet?
970 377 1097 410 nempe
1123 376 1203 401 cen-

119 415 211 442 tum:
254 409 344 443 haec
375 414 415 444 ut
449 409 515 443 tibi
555 409 656 443 daret
694 416 841 453 rogatus
882 414 946 444 est.
1002 411 1123 454 itaque
1155 411 1206 445 sic

119 453 274 487 ineunda
295 460 349 488 est
367 454 452 498 legis
471 454 653 489 Falcidiae
672 455 775 497 ratio,
802 456 903 499 quasi
924 457 1025 489 heres
1048 462 1206 490 trecenta

121 498 215 532 'sitio
249 498 333 533 dare
373 500 585 534 damnatus2
627 500 691 534 tibi
725 503 866 534 centum
899 500 983 535 dare
1015 501 1203 535 damnatus

120 543 183 577 sit:
209 554 277 586 quo
292 545 416 584 evenit,
442 548 492 585 ut,
518 544 549 578 si
573 545 805 579 hereditatem
817 555 883 579 sua
906 549 1033 589 sponte
1058 546 1202 586 adisset,

120 587 218 623 daret
244 588 338 624 Titio
363 589 517 624 ducenta
542 589 661 633 viginti
686 590 857 634 quinque,
890 590 954 624 tibi
979 591 1206 635 septuaginta

119 633 285 676 quinque.
334 646 406 669 non
431 644 513 678 ergo
538 635 619 678 plus
644 635 737 669 Titio
764 636 933 677 debetur,
966 647 1072 680 quam
1097 636 1126 670 si
1150 636 1204 669 in-

118 679 219 713 iussu
268 679 417 714 raetoris
442 679 539 714 adita
563 679 741 714 hereditas
766 680 869 715 foret.

164 721 188 760 3
249 733 415 759 LPIANUS
441 725 531 760 libro
564 726 668 759 tertio
695 725 1054 769 fideicommissorum
1106 726 1204 761 Mar-

119 769 230 803 cellus
255 773 375 804 autem
407 779 429 804 a
455 769 503 803 ud
531 769 708 804 Iulianum
740 770 776 804 in
809 771 876 804 hac
901 772 1020 815 specie
1043 772 1094 806 ita
1117 772 1205 806 scri-

120 813 188 848 bit:
214 814 243 848 si
268 813 314 848 ad
338 814 478 849 heretis
511 825 600 849 onus
634 825 711 849 esse
742 819 895 850 testator
927 817 1045 860 legata
1075 817 1206 851 dixerit

121 863 154 892 et
176 859 278 894 heres
304 864 431 904 sponte
455 859 540 894 adiit
566 860 806 903 hereditatem,
832 861 882 895 ita
907 861 1036 896 debere
1060 872 1204 906 compu-

121 904 289 939 tationem
303 904 486 939 Falcidiae
510 905 600 945 iniri,
626 916 669 939 ac
693 906 722 939 si
737 906 995 950 quadringenta
1020 918 1082 951 per
1105 907 1205 942 fidei-

119 950 379 984 commmissum
405 954 523 984 essent
547 950 690 991 relicta,
715 954 876 986 trecenta
900 962 980 986 vero
1006 953 1141 996 legata,
1167 955 1207 986 ut

118 996 153 1028 in
179 1001 312 1038 septem
343 999 465 1038 partes
499 1000 659 1029 trecenta
693 995 895 1030 dividantur
920 1002 954 1031 et
986 997 1077 1032 ferat
1102 1001 1204 1042 quat-

118 1044 200 1074 tuor
222 1043 343 1084 partes
367 1039 733 1082 fideicommissarius,
758 1046 831 1076 tres
856 1047 976 1086 partes
1000 1043 1203 1087 legatarius.

118 1084 212 1129 quod
235 1085 265 1120 si
290 1089 458 1129 suspecta
494 1085 591 1121 dicta
626 1086 672 1120 sit
706 1086 884 1122 hereditas
910 1092 945 1122 et
976 1099 1047 1122 non
1080 1092 1207 1132 sponte

117 1130 221 1164 heres
247 1130 336 1164 adiit
358 1134 394 1165 et
418 1131 591 1172 restituit,
625 1135 766 1166 centum
803 1133 944 1176 quidem
969 1133 1012 1168 de
1037 1133 1205 1177 quadrin-

117 1175 248 1220 gentis,
292 1185 383 1219 quae
419 1176 607 1211 habiturus
639 1181 733 1211 esset
764 1178 886 1219 heres,
922 1178 1079 1213 resident
1110 1179 1206 1222 apud

118 1220 495 1263 fideicommissarium,
519 1221 556 1255 in
579 1221 723 1274 reliquis
748 1227 867 1257 autem
891 1224 1059 1258 trecentis
1084 1223 1204 1258 eadem

118 1265 321 1301 distributio
352 1266 434 1308 fiet,
479 1269 519 1300 ut
553 1277 597 1301 ex
627 1267 682 1301 his
719 1272 889 1312 quattuor
922 1273 1043 1313 partes
1074 1269 1207 1303 habeat

117 1310 476 1353 fideicommissarius,
501 1312 655 1356 reliquas
679 1315 751 1347 tres
784 1313 994 1357 legatarius:
1033 1324 1115 1348 nam
1140 1314 1206 1348 ini-

118 1356 326 1400 quissimum
349 1361 404 1392 est
426 1357 507 1401 plus
531 1356 624 1392 ferre
648 1358 858 1401 legatarium
882 1358 980 1400 ideo,
1018 1360 1102 1402 quia
1127 1369 1204 1393 sus-

117 1405 223 1445 pecta
258 1401 355 1436 dicta
386 1406 440 1436 est
474 1402 671 1445 hereditas,
707 1414 813 1447 quam
847 1404 985 1438 laturus
1026 1407 1139 1446 esset,
1176 1404 1206 1439 si

123 1450 133 1480 l
186 1450 313 1491 sponte
346 1447 443 1481 adita
473 1447 611 1482 fuisset.
671 1447 774 1491 Quod
812 1452 930 1483 autem
970 1450 1006 1483 in
1039 1454 1207 1493 suspecta

117 1491 315 1526 hereditate
340 1491 474 1527 dictum
499 1497 570 1534 est,
604 1493 672 1527 hoc
705 1493 796 1528 idem
829 1493 898 1528 dici
929 1499 1048 1538 potest
1082 1495 1119 1528 in
1150 1495 1204 1529 his

117 1536 349 1579 testamentIS,
374 1538 411 1571 in
435 1538 564 1581 quibus
589 1537 646 1572 lex
663 1537 824 1572 Falcidia
847 1539 964 1574 locum
989 1551 1060 1574 non
1085 1540 1204 1580 habet,

121 1588 139 1616 2
186 1582 223 1616 in
247 1582 367 1617 militis
392 1582 471 1617 dico
499 1588 533 1617 et
556 1582 587 1617 si
611 1583 671 1627 qui
704 1588 788 1618 sunt
819 1584 889 1619 alii.
937 1585 1027 1619 Item
1050 1584 1203 1629 Pompo-

119 1627 199 1662 nius
224 1627 368 1669 scribit,
393 1628 423 1661 si
448 1627 608 1663 deductis
638 1629 763 1673 legatis
788 1629 976 1665 restituere
1001 1630 1079 1674 quis
1103 1631 1204 1665 here-

118 1673 264 1708 ditatem
288 1675 455 1716 rogatur,
479 1673 680 1717 quaesitum
705 1678 777 1716 est,
808 1678 926 1709 utrum
951 1675 1065 1710 solida
1088 1675 1207 1719 legata

117 1718 335 1762 praestanda
365 1718 436 1753 sint
468 1722 504 1753 et
535 1722 698 1763 quartam
731 1729 775 1754 ex
817 1720 893 1754 solo
930 1719 1204 1755 fideicommisso

118 1763 306 1798 detrahere
329 1763 455 1807 possit,
479 1773 527 1798 an
551 1774 632 1798 vero
654 1768 690 1799 et
710 1774 753 1799 ex
773 1765 898 1809 legatis
916 1770 952 1800 et
966 1776 1009 1800 ex
1025 1766 1204 1801 fideicom-

118 1809 226 1843 misso
251 1814 413 1888 quartam
437 1808 623 1844 detrahere
646 1810 787 1853 possit?
823 1815 858 1845 et
878 1810 987 1845 refert
1001 1811 1205 1845 Aristonem

118 1864 248 1898 respon
275 1854 344 1888 isse
362 1864 406 1888 ex
423 1854 586 1888 omnibus
604 1854 869 1896 detrahendam,
895 1856 963 1890 hoc
979 1860 1034 1890 est
1049 1866 1093 1890 ex
1109 1856 1205 1899 lega-

118 1903 136 1932 3
185 1899 230 1933 tis
256 1900 315 1934 et³
339 1898 623 1934 fideicommisso.
672 1900 754 1942 Res,
780 1911 871 1944 quae
896 1901 942 1935 ab
966 1901 1095 1935 herede
1121 1902 1204 1936 alie-

118 1948 137 1978 4
186 1947 292 1978 natae
318 1948 421 1986 sunt,
445 1944 481 1978 in
507 1948 670 1988 quartam
694 1946 915 1989 imputantur
938 1945 1072 1981 heredi.
1121 1946 1205 1990 Qui-

118 1988 198 2023 dam
232 1989 351 2024 liberis
385 1989 477 2031 suis,
515 2000 559 2023 ex
591 1989 795 2034 disparibus
827 1991 991 2034 partibus
1020 1991 1205 2033 institutis,

120 2035 210 2069 datis
235 2034 569 2079 praeceptionibus,
593 2039 633 2068 ut
655 2035 732 2079 ipse
757 2036 946 2071 maximam
978 2041 1117 2081 partem
1141 2047 1204 2081 pa—

120 2079 271 2115 trimonii
296 2080 388 2114 inter
412 2080 542 2114 liberos
566 2079 619 2114 ita
636 2080 813 2115 divisisset
824 2083 848 2123 ⁴,
873 2082 1011 2125 rogavit
1027 2092 1119 2123 eum,
1146 2082 1206 2126 qui

120 2125 192 2160 sine
217 2124 337 2160 liberis
363 2125 561 2167 decederet,
585 2126 783 2170 portionem
809 2137 910 2160 suam
935 2127 1106 2161 fratribus
1130 2137 1205 2162 res-

120 2170 256 2205 tituere.
312 2171 505 2214 imperator
545 2174 666 2205 noster
709 2172 892 2215 rescripsit
931 2172 1205 2216 praeceptiones

117 2225 256 2260 quoque
280 2214 553 2251 fideicommisso
580 2216 769 2259 contineri,
804 2217 886 2261 quia
910 2227 982 2251 non
1006 2218 1205 2261 portionem

118 2260 370 2295 hereditariam
394 2265 546 2296 testator
571 2262 875 2304 commemoravit,
909 2262 972 2297 sed
996 2263 1206 2306 simpliciter

120 2307 334 2352 portionem:
366 2306 402 2340 in
426 2306 624 2350 portionem
649 2311 767 2341 autem
792 2311 827 2341 et
858 2308 1129 2352 praeceptiones
1154 2308 1204 2342 vi-

117 2357 135 2385 5
187 2352 262 2387 deri
288 2351 470 2386 cecidisse.
519 2351 556 2386 Si
579 2352 629 2393 is,
665 2353 724 2396 qui
755 2355 900 2396 rogatus
934 2352 1041 2387 fuerit
1064 2353 1204 2387 heredi-

116 2400 226 2432 tatem
250 2398 449 2438 restituere,
475 2401 558 2431 ante
571 2398 812 2442 quaestionem
825 2397 868 2432 de
889 2398 1023 2432 familia
1047 2399 1204 2432 habitam

116 2443 171 2478 vel
195 2442 337 2477 tabulas
363 2442 543 2486 aperuerit
566 2442 621 2477 vel
645 2443 879 2477 hereditatem
900 2443 1026 2477 adierit
1044 2444 1098 2478 vel
1119 2444 1205 2488 quid

117 2498 239 2523 eorum
264 2498 355 2532 quae
379 2492 523 2522 senatus
549 2488 712 2522 consulto
745 2488 981 2532 prohibentur
1012 2488 1138 2524 fecerit
1162 2500 1204 2524 ac

117 2543 180 2577 per
203 2533 272 2567 hoc
296 2532 480 2576 publicata
516 2532 623 2567 fuerit
654 2533 851 2576 hereditas,
883 2533 992 2568 fiscus
1025 2545 1105 2568 cum
1130 2535 1203 2569 suis

117 2578 282 2612 oneribus
322 2577 553 2612 hereditatem
597 2577 764 2622 adquirit.
823 2588 932 2622 quare
981 2580 1203 2614 commodum

118 2627 276 2666 quartae,
303 2622 397 2666 quod
422 2627 499 2657 erat
523 2622 711 2657 habiturus
735 2623 838 2658 heres
869 2624 1073 2666 institutus,
1098 2625 1134 2659 id
1158 2625 1203 2659 ad

118 2669 242 2702 fiscum
267 2668 419 2712 pertinet
443 2672 479 2702 et
502 2677 544 2702 ex
569 2667 792 2703 Trebelliano
818 2669 977 2703 actiones
1001 2673 1201 2704 transeunt.

118 2713 180 2748 sed
205 2717 239 2748 et
263 2713 293 2748 si
317 2712 539 2757 prohibuerit
562 2713 866 2747 testamentarium
898 2714 1125 2749 introducere
1150 2715 1203 2749 vel

117 2762 226 2793 testes
260 2758 447 2793 convenire
479 2758 532 2792 vel
561 2762 711 2792 mortem
742 2758 925 2793 testatoris
949 2770 1021 2793 non
1047 2759 1204 2794 defendit

119 2803 170 2838 vel
195 2813 239 2838 ex
261 2804 332 2838 alia
356 2813 467 2838 causa
489 2802 667 2837 hereditas
692 2803 778 2838 fisco
796 2803 974 2838 vindicata
999 2808 1064 2845 est,
1090 2815 1202 2848 aeque

119 2852 265 2892 quartae
290 2848 431 2893 quidem
447 2848 669 2883 commodum
693 2847 739 2883 ad
762 2847 889 2883 fiscum
912 2848 1113 2893 pertinebit,
1140 2849 1202 2884 do·

119 2894 223 2928 draus
249 2904 330 2928 vero
355 2893 680 2928 fideicommissario
705 2894 964 2928 restitueretur.

164 2937 188 2974 4
214 2937 320 2973 IDEM
341 2938 431 2973 libro
464 2943 594 2983 quarto
621 2938 977 2983 fideicommissorum
1025 2937 1115 2982 Quia
1138 2949 1203 2983 po-

119 2987 211 3018 terat
233 2982 322 3024 fieri,
347 2987 387 3017 ut
411 2984 513 3018 heres
537 2983 722 3018 institutus
746 2984 835 3018 nolit
848 2983 946 3018 adire
970 2984 1203 3018 hereditatem

119 3029 262 3070 verituS,
287 3039 331 3063 ne
357 3028 485 3063 damno
505 3028 728 3071 adficeretur,
753 3033 984 3073 prospectum
1009 3033 1073 3071 est,
1099 3032 1148 3070 ut,
1174 3029 1204 3063 si

118 3073 464 3108 fideicommissarius
507 3073 641 3108 diceret
688 3084 752 3108 suo
793 3074 953 3118 periculo
998 3074 1097 3108 adire
1113 3076 1126 3095 ⁵
1169 3078 1204 3108 et

118 3118 257 3152 restitui
281 3118 349 3153 sibi
360 3119 460 3160 velle,
487 3123 634 3162 cogatur
657 3118 759 3154 heres
783 3119 967 3153 institutus
993 3129 1015 3153 a
1039 3122 1203 3162 praetore

119 3162 216 3198 adire
228 3167 263 3197 et
286 3163 474 3198 restituere
497 3163 740 3198 hereditatem.
766 3164 861 3208 quod
884 3165 915 3199 si
933 3164 1041 3199 fuerit
1057 3164 1202 3204 factum,

120 3212 306 3242 transeunt
329 3209 487 3243 actiones
512 3219 555 3243 ex
583 3208 809 3244 Trebelliano
834 3219 899 3243 nec
934 3213 1083 3253 quartae
1108 3219 1202 3243 com-

119 3252 223 3287 modo
248 3253 349 3287 heres
378 3253 416 3288 in
444 3253 669 3288 restitutione
702 3257 839 3288 utetur:
876 3264 959 3288 nam
984 3265 1063 3288 cum
1088 3254 1203 3288 alieno

120 3297 279 3341 periculo
310 3297 438 3332 adierit
468 3298 716 3340 hereditatem,
747 3298 873 3334 merito
898 3299 994 3333 omni
1019 3299 1203 3333 commodo

119 3342 311 3377 arcebitur.
359 3352 424 3377 nec
456 3343 621 3385 interest,
652 3343 818 3378 solvendo
849 3344 896 3378 sit
927 3343 1107 3378 hereditas
1137 3354 1203 3378 nec

120 3398 179 3422 ne:
206 3387 341 3422 sufficit
364 3388 456 3422 enim
480 3388 638 3422 recusari
663 3388 708 3422 ab
734 3388 864 3423 herede
888 3388 1063 3423 instituto.
1089 3398 1203 3432 neque

120 3432 208 3466 illud
240 3432 444 3476 inquiritur,
470 3433 635 3467 solvendo
667 3433 713 3467 sit
742 3433 923 3467 hereditas
953 3443 998 3467 an
1023 3444 1095 3468 non
1119 3434 1165 3468 sit
1176 3435 1200 3467 ὓ.

121 3477 239 3521 opinio
272 3477 381 3517 enim,
418 3477 472 3511 vel
501 3482 615 3512 metus
640 3479 694 3512 vel
725 3479 841 3519 color,
873 3479 966 3519 eius,
998 3479 1058 3522 qui
1088 3478 1204 3513 noluit

121 3522 218 3556 adire
243 3521 492 3562 hereditatem,
515 3522 721 3565 inspicitur,
752 3534 823 3557 non
848 3524 1076 3557 substantia⁷
1100 3524 1201 3558 here-

122 3635 160 3674 (1)
185 3636 224 3666 ut
235 3647 296 3667 scr.
426 3635 468 3674 (2)
493 3633 570 3666 dare
583 3635 756 3667 damnatus
770 3635 830 3668 del.
959 3636 1000 3675 (3)
1027 3645 1065 3668 ex
1078 3637 1138 3668 im.
1155 3635 1205 3668 F2

123 3684 163 3718 (4)
190 3679 324 3712 divisset
337 3679 372 3712 F
463 3680 506 3719 (5)
532 3680 618 3711 adiri
631 3681 710 3712 Hal.

126 3733 190 3755 non
209 3724 251 3756 sit
270 3725 331 3757 del.
350 3724 519 3756 Heraldus
635 3726 676 3762 (7)
701 3723 871 3756 subtantia
884 3725 919 3757 F
1024 3729 1067 3763 (8)
1093 3725 1135 3757 ad
1153 3725 1204 3757 in-

1199 104 1275 176 521

814 3681 858 3720 (6)
883 3689 989 3721 neque
1002 3679 1089 3712 illud
1102 3705 1110 3712 .
1121 3705 1129 3713 .
1140 3705 1148 3712 .
1161 3691 1204 3712 an
1274 3680 1344 3712 filio
1356 3693 1419 3714 scr.

2121 106 2309 150 XXXVI
2345 110 2357 147 1

1276 229 1417 271 ditatis,
1454 239 1521 265 nec
1549 228 1743 263 immerito:
1785 239 1855 263 non
1889 229 1979 264 enim
2012 229 2210 274 praescribi
2244 229 2364 264 heredi

1275 276 1440 310 instituto
1464 275 1580 314 debet,
1606 285 1671 308 cur
1694 277 1830 308 metuat
1853 276 2085 310 hereditatem
2110 275 2209 310 adire
2221 275 2276 310 vel
2302 286 2365 309 cur

1276 321 1376 361 nolit,
1403 331 1484 355 cum
1509 320 1627 354 variae
1651 318 1722 353 sint
1745 320 1925 354 hominum
1949 321 2167 355 voluntates:
2205 331 2363 365 quorun-

1276 365 1357 400 dam
1382 365 1524 409 negotia
1548 364 1758 406 timentium,
1808 365 2005 399 uorundam
2020 366 2251 406 vexationem,
2302 377 2364 400 uo-

1277 410 1427 444 rundam
1441 411 1534 445 aeris
1549 409 1655 444 alieni
1681 419 1786 444 cumu
1803 421 1872 450 um,
1898 411 2037 444 tametsi
2062 411 2221 455 locuples
2247 411 2278 445 vi
2306 421 2364 446 ea-

1276 460 1335 488 tur
1371 455 1567 498 hereditas‚
1615 454 1837 507 quorundam
1883 455 2036 489 offensas
2082 457 2137 490 vel
2179 456 2365 492 invidiam:

1277 500 1499 544 quorundam
1516 500 1711 543 gratificari
1725 499 1917 533 volentium
1942 500 2007 540 his,
2033 501 2160 544 quibus
2185 501 2365 535 hereditas

1276 545 1401 579 relicta
1426 550 1490 587 est,
1517 545 1593 579 sine
1618 554 1726 579 onere
1749 548 1869 579 tamen
1893 555 1970 579 suo.

1322 589 1346 625 5
1372 589 1608 625 Mammam
1636 590 1727 625 libro
1757 594 1863 624 seoeto
1893 589 2248 633 fideicommissorum
2295 591 2365 626 Sed

1277 638 1312 669 et
1337 635 1396 679 qui
1420 645 1549 679 magna
1572 635 1755 679 praeditus
1780 638 1834 669 est
1857 634 2028 677 dignitate
2060 636 2115 669 vel
2139 637 2365 677 auctoritate,

1275 680 1455 714 harenarii
1479 681 1533 715 vel
1558 680 1634 714 eius
1663 679 1838 721 mulieris,
1873 689 1966 723 quae
1995 690 2146 724 corpore
2178 686 2363 725 quaestum

1275 725 1411 766 fecerit,
1437 725 1670 761 hereditatem
1694 725 1883 759 restituere
1907 729 2063 769 cogetur.

1322 768 1346 806 6
1379 770 1574 804 [summm
1600 770 1691 805 libro
1724 776 1855 814 quarto
1884 770 2241 814 fideicommissorum
2296 771 2364 805 Re-

1276 825 1404 850 cusare
1428 819 1549 849 autem
1574 825 1646 850 non
1670 819 1810 849 tantum
1834 819 2058 858 praesentes,
2084 815 2146 849 sed
2172 816 2277 849 etiam
2303 817 2365 851 ab·

1275 864 1393 895 sentes
1418 861 1472 894 vel
1496 870 1561 904 per
1585 860 1772 904 epistulam
1797 864 1967 903 possunt:
2005 870 2087 894 nam
2113 860 2219 894 etiam
2243 861 2365 896 adver-

1277 916 1337 940 sus
1371 906 1537 940 absentes
1569 905 1775 949 postulatur
1806 905 2006 946 decretum,
2042 905 2116 940 sive
2156 906 2285 940 certior
2321 908 2367 941 sit

1276 960 1399 985 eorum
1424 951 1588 985 voluntas
1613 950 1857 985 recusantium
1871 950 1969 984 adire
1993 953 2030 985 et
2053 950 2241 985 restituere
2265 951 2365 986 here-

1277 996 1423 1030 ditatem
1449 997 1522 1030 sive
1545 996 1700 1030 incerta:
1727 995 1816 1030 adeo
1842 995 2047 1039 praesentia
2070 1006 2192 1030 eorum
2218 1007 2290 1030 non
2314 1001 2368 1031 est

1279 1046 1291 1075 1
1344 1042 1557 1076 necessaria.
1590 1041 1796 1075 Meminisse
1820 1044 1939 1075 autem
1964 1041 2145 1085 oportebit
2170 1041 2214 1075 de
2238 1042 2367 1076 herede

1275 1086 1440 1121 instituto
1465 1089 1630 1121 senatum
1653 1086 1768 1130 loqui:
1799 1085 1952 1130 ideoque
1975 1089 2171 1120 tractatum
2196 1090 2249 1120 est
2273 1087 2367 1131 apud

1275 1131 1464 1173 Iulianum,
1489 1131 1536 1166 ad
1559 1131 1773 1166 intestatos⁸
1796 1131 1913 1165 locum
1938 1131 2081 1166 habeat.
2107 1131 2170 1166 sed
2184 1135 2239 1166 est
2251 1133 2367 1166 verius

1276 1187 1390 1221 eoque
1420 1177 1496 1212 iure
1528 1177 1680 1218 utimur,
1722 1179 1762 1210 ut
1803 1176 1871 1211 hoc
1911 1180 2058 1211 senatus
2090 1177 2291 1211 consultum
2323 1177 2368 1211 ad

1275 1222 1466 1257 intestatos
1491 1232 1633 1267 quoque
1656 1221 1852 1266 pertineat,
1884 1221 1958 1256 sive
1988 1221 2135 1265 legitimi
2159 1222 2231 1256 sive
2255 1222 2367 1256 hono-

1277 1270 1295 1301 2
1343 1267 1428 1301 rarii
1452 1267 1524 1302 sint
1555 1276 1794 1301 successores,
1842 1266 1913 1301 Sed
1938 1269 1973 1300 et
2003 1266 2049 1301 ad
2079 1266 2217 1301 filium⁹
2241 1267 2302 1311 qui
2332 1268 2367 1302 in

1274 1315 1455 1365 potestate
1479 1316 1534 1347 est
1556 1312 1626 1347 hoc
1652 1316 1797 1346 senatus
1824 1311 2026 1346 consultum
2057 1311 2176 1346 locum
2200 1311 2310 1347 habet
2333 1317 2368 1347 et

1274 1368 1312 1392 111
1343 1358 1470 1392 ceteris
1503 1357 1734 1400 necessariis,
1772 1360 1812 1391 ut
1850 1367 1873 1391 a
1935 1362 2075 1391 raetore
2108 1357 2367 1401 compellantur

1275 1402 1425 1437 miscere
1449 1413 1488 1437 se
1510 1403 1722 1444 hereditati,
1747 1402 1799 1436 sic
1824 1401 1905 1436 dein
1933 1412 1951 1436 e
1974 1402 2183 1437 restituere:
2241 1403 2314 1437 uod
2339 1404 2366 1438 si

1276 1452 1295 1481 3
1344 1447 1506 1490 fecerint,
1530 1448 1756 1482 transtulisse
1780 1447 1995 1482 videbuntur
2019 1447 2191 1483 actiones.
2231 1449 2255 1482 *i
2279 1449 2366 1483 fisco

1275 1494 1442 1528 vacantia
1473 1494 1570 1528 bona
1595 1493 1801 1528 deferantur
1826 1503 1892 1527 nec
1917 1493 1999 1527 velit
2032 1493 2126 1527 bona
2150 1493 2367 1537 adgnoscere

1276 1543 1312 1573 et
1336 1539 1660 1573 fideicommissario
1673 1539 1871 1579 restituere,
1896 1538 2148 1582 aequissimum
2161 1539 2240 1581 erit,
2265 1540 2366 1583 quasi

1276 1588 1296 1617 4
1344 1584 1585 1624 vindicaverit,
1610 1585 1661 1618 sic
1685 1584 1811 1618 fiscum
1836 1583 2097 1618 restitutionem
2121 1583 2253 1619 facere.
2277 1584 2364 1618 Item

1275 1629 1305 1663 si
1327 1629 1525 1673 municipes
1558 1628 1791 1664 hereditatem
1821 1631 2024 1673 suspectam
2062 1629 2184 1663 dicant
2218 1628 2365 1664 heredes

1275 1674 1448 1716 instituti,
1475 1674 1664 1709 dicendum
1689 1674 1757 1708 erit
1781 1674 1858 1717 cogi
1892 1684 1952 1708 eos
1984 1674 2204 1718 adgnoscere
2227 1674 2362 1709 heredi·

1275 1723 1386 1754 tatem
1426 1723 1462 1754 et
1504 1720 1709 1754 restituere:
1761 1719 1924 1763 idemque
1963 1719 2029 1753 erit
2068 1723 2104 1753 et
2142 1719 2179 1753 in
2219 1719 2366 1764 collegio

1277 1768 1295 1798 5
1346 1765 1548 1799 dicendum.
1615 1764 1731 1799 Titius
1774 1765 1878 1798 heres
1925 1764 2110 1799 institutus
2158 1764 2366 1817 Sempronio

1276 1810 1468 1844 substituto
1500 1812 1647 1854 rogatus
1688 1813 1743 1844 est
1784 1809 1854 1853 ipsi
1886 1808 2093 1853 Sempronio
2133 1809 2365 1845 hereditatem

1275 1855 1480 1890 restituere:
1511 1855 1695 1890 institutus
1721 1858 1925 1899 suspectam
1950 1854 2092 1888 dicebat
2115 1854 2364 1891 hereditatem:

1276 1900 1478 1944 quaeritur,
1505 1911 1551 1934 an
1576 1899 1756 1944 cogendus
1782 1904 1836 1934 est
1869 1899 1968 1934 adire
1993 1904 2029 1934 et
2052 1900 2239 1934 restituere
2263 1900 2365 1936 here-

1276 1945 1432 1980 ditatem.
1483 1949 1517 1980 et
1541 1945 1730 1980 deliberari
1753 1947 1888 1989 potest:
1922 1944 1985 1979 sed
2016 1945 2132 1980 verius
2158 1949 2214 1980 est
2238 1956 2365 1990 cogen—

1276 1990 1359 2024 dum
1384 2000 1476 2031 eum,
1503 1991 1586 2035 quia
1609 1990 1782 2025 interesse
1807 1988 2006 2033 Sempronii
2036 1993 2156 2034 potest
2187 2000 2234 2025 ex
2264 1991 2365 2026 insti-

1274 2036 1413 2070 tutione
1445 2046 1550 2080 quam
1581 2046 1625 2070 ex
1658 2035 1911 2070 substitutione
1951 2035 2183 2070 hereditatem
2219 2035 2365 2079 habere,

1274 2081 1329 2115 vel
1372 2081 1498 2125 legatis
1536 2081 1591 2116 vel
1630 2080 1858 2115 libertatibus
1898 2083 2047 2114 onerata
2094 2080 2362 2117 substitutione:

1274 2136 1357 2160 nam
1382 2130 1416 2160 et
1440 2126 1471 2161 si
1493 2126 1671 2170 legitimus
1695 2125 1798 2160 heres
1822 2125 1932 2160 fuerit
1961 2125 2011 2167 is,
2038 2124 2095 2160 cui
2119 2125 2366 2162 fideicommis-

1276 2175 1295 2205 6
1341 2171 1436 2206 saria
1459 2171 1641 2206 hereditas
1666 2171 1793 2206 relicta
1816 2174 1893 2212 est,
1919 2169 2011 2205 idem
2036 2170 2176 2205 dicitur.
2225 2172 2262 2206 Si
2287 2172 2366 2216 quis

1275 2215 1343 2251 alio
1369 2217 1448 2252 loco
1473 2217 1662 2251 restituere
1686 2216 1920 2250 hereditatem
1944 2216 2063 2250 iussus
2088 2216 2134 2250 sit
2159 2220 2194 2251 et
2218 2227 2365 2262 suspec-

1274 2266 1347 2295 tam
1373 2272 1450 2296 eam
1475 2261 1589 2303 dicat,
1620 2261 1780 2295 Iulianus
1805 2260 1929 2295 scribit
1955 2260 2150 2305 cogendum
2183 2272 2264 2296 eum
2288 2272 2366 2297 esse

1275 2307 1492 2351 similemque
1517 2306 1559 2349 ei,
1586 2307 1646 2351 qui
1669 2306 1706 2340 in
1731 2306 1822 2341 diem
1847 2309 1993 2350 rogatus
2018 2310 2073 2340 est
2096 2306 2294 2341 restituere.

1322 2349 1344 2387 7
1370 2351 1606 2387 MAECIANUS
1626 2352 1718 2387 libro
1743 2356 1875 2396 quarto
1896 2351 2252 2395 fideicommissorum
2296 2351 2365 2386 Sed

1274 2397 1458 2432 sciendum
1482 2400 1537 2432 est
1560 2396 1820 2442 impendiorum
1846 2406 1998 2439 quoque,
2025 2405 2116 2440 quae
2141 2396 2187 2430 ad
2210 2396 2280 2431 iter
2304 2407 2361 2431 ex-

1273 2442 1478 2486 plicandum
1503 2442 1707 2477 necessaria
1722 2445 1854 2482 essent,
1879 2442 2054 2475 rationem
2078 2441 2202 2476 haberi
2216 2441 2363 2477 debere:

1273 2498 1356 2522 nam
1371 2488 1398 2508 ¹⁰
1423 2488 1452 2522 si
1476 2488 1527 2522 ita
1549 2487 1733 2522 institutus
1759 2490 1852 2521 esset
1876 2486 1956 2519 ‘si‘¹
1982 2486 2076 2520 Titio
2102 2485 2223 2521 decem
2249 2486 2364 2522 dedis-

1274 2534 1350 2567 ‘set'
1368 2534 1403 2575 ¹2,
1436 2543 1508 2567 non
1547 2533 1652 2568 aliter
1692 2535 1897 2576 cogeretur,
1938 2541 2042 2575 quam
2085 2531 2114 2566 si
2148 2531 2179 2566 ei
2210 2532 2365 2575 pecunia

1274 2578 1456 2612 offeratur.
1506 2578 1569 2613 sed
1594 2582 1628 2612 et
1651 2577 1776 2612 salutis
1802 2587 1845 2610 ac
1870 2575 2049 2619 dignitatis
2073 2575 2166 2611 ratio
2198 2576 2365 2612 habenda

1273 2624 1358 2658 erit:
1385 2622 1468 2668 quid
1486 2623 1579 2658 enim
1597 2623 1627 2658 si
1639 2623 1764 2657 morbo
1783 2620 1973 2665 adplicitus
1986 2622 2013 2642 ¹³
2032 2620 2270 2657 Alexandriae
2291 2623 2363 2657 ius-

1273 2679 1334 2702 sus
1359 2668 1426 2703 fuit
1451 2667 1549 2703 adire
1573 2668 1627 2702 vel
1651 2677 1779 2702 nomen
1804 2666 2019 2709 vispellionis
2044 2667 2226 2701 testatoris
2246 2666 2364 2702 ferre?

1320 2711 1343 2750 8
1371 2713 1529 2748 PAULUS
1565 2713 1656 2748 libro
1698 2712 1855 2746 secundo
1896 2711 2254 2755 fideicommissorum
2309 2711 2364 2747 De

1273 2762 1392 2793 aetate
1415 2768 1556 2803 quoque
1580 2762 1616 2793 et
1639 2758 1727 2799 iure,
1752 2756 1788 2791 id
1812 2759 1865 2790 est
1888 2755 1995 2791 liceat
2019 2756 2050 2791 ei
2075 2765 2116 2791 eo
2141 2756 2193 2791 ire
2218 2767 2283 2792 nec
2308 2767 2364 2798 ne,

1274 2804 1529 2838 aestimabitur.

1321 2847 1344 2885 9
1377 2848 1572 2883 ULPIANUS
1600 2847 1691 2882 libro
1725 2849 1856 2891 quarto
1887 2845 2244 2891 fideicommissorum
2294 2846 2362 2881 Sed

1274 2896 1310 2928 et
1333 2894 1363 2928 si
1388 2893 1458 2927 alio
1483 2894 1563 2927 loco
1587 2893 1706 2927 iussus
1731 2895 1786 2926 est
1811 2891 1908 2926 adire
1929 2895 1964 2926 et
1988 2892 2038 2926 rei
2063 2891 2229 2936 publicae
2255 2902 2364 2926 causa

1274 2939 1379 2978 absit,
1403 2948 1516 2982 aeque
1530 2937 1725 2981 cogendum
1739 2936 1838 2971 adire
1862 2936 2095 2971 hereditatem
2119 2942 2154 2971 et
2177 2937 2363 2971 restituere

1278 2987 1289 3017 1
1341 2983 1499 3017 Iulianus
1525 2983 1586 3024 ait,
1613 2982 1673 3017 ubi
1698 2982 1811 3017 abest.
1859 2981 1971 3016 Plane
1996 2982 2026 3016 si
2049 2982 2128 3026 quis
2152 2982 2295 3026 petierit
2318 2982 2363 3016 ad

1276 3028 1565 3063 deliberationem
1597 3030 1738 3071 tempus
1771 3032 1806 3061 et
1836 3026 2096 3072 impetraverit,
2127 3026 2252 3061 deinde
2282 3031 2364 3070 post

1272 3078 1411 3117 tempus
1437 3072 1702 3108 deliberationis
1734 3071 1863 3106 adierit
1895 3076 1930 3106 et
1961 3072 2157 3106 restituerit
2185 3072 2361 3106 heredita-

1273 3122 1354 3159 tem,
1381 3129 1452 3152 non
1477 3118 1615 3152 videtur
1640 3121 1786 3152 coactus
1810 3117 1880 3152 hoc
1904 3115 2051 3152 fecisse:
2077 3127 2143 3151 nec
2168 3116 2259 3151 enim
2283 3127 2361 3150 sus-

1273 3168 1414 3208 pectam
1440 3167 1586 3197 coactus
1613 3163 1698 3204 adit,
1722 3162 1785 3198 sed
1809 3165 1937 3206 sponte
1987 3166 2043 3196 ost
2063 3161 2360 3196 deliberationem.

1274 3213 1292 3242 2
1342 3207 1446 3251 Quod
1470 3207 1500 3242 si
1524 3211 1728 3252 suspectam
1752 3208 1855 3250 dicit,
1886 3218 1952 3252 pro
1980 3207 2045 3241 teri
2070 3206 2176 3241 debet
2199 3215 2271 3239 non
2295 3204 2362 3239 sibi

1273 3253 1440 3297 expedire
1465 3252 1563 3287 adire
1588 3253 1833 3292 hereditatem,
1859 3263 1973 3297 neque
1987 3253 2056 3286 hoc
2074 3251 2143 3285 dici
2157 3254 2320 3294 oportere
2335 3252 2361 3270 ¹³

1273 3309 1344 3333 non
1370 3308 1447 3332 esse
1471 3297 1658 3339 solvendo,
1691 3298 1753 3333 sed
1783 3297 1945 3342 profiteri
1969 3307 2049 3332 eum
2073 3298 2232 3339 oportet,
2254 3293 2360 3346 'quo-d

1273 3347 1292 3378 3
1340 3353 1412 3377 non
1435 3346 1538 3386 putat
1560 3342 1627 3377 sibi
1645 3342 1812 3387 expedire
1829 3342 2061 3377 hereditatem
2080 3340 2188 3374 adire.
2227 3338 2264 3390 81
2282 3349 2360 3391 quis

1272 3388 1339 3422 sub
1358 3387 1566 3422 condicione
1582 3387 1650 3421 fuit
1662 3388 1764 3423 heres
1783 3388 1948 3431 scriptus,
1963 3386 2137 3430 pendente
2152 3383 2361 3434 condlclone

1272 3433 1359 3467 nihil
1384 3432 1468 3476 agit,
1497 3432 1638 3467 tametsi
1662 3438 1812 3477 paratus
1837 3433 1882 3466 sit
1906 3431 2092 3465 restituere
2116 3428 2358 3463 hereditatem.

1322 3477 1370 3514 ’10
1400 3477 1523 3512 GAJUS
1544 3478 1634 3512 libro
1659 3478 1816 3513 secundo
1839 3476 2193 3520 fideicomm{ssorum
2236 3472 2305 3507 Sed
2326 3476 2361 3507 et

1272 3523 1303 3557 si
1328 3526 1411 3557 ante
1435 3521 1527 3556 diem
1551 3522 1605 3557 vel
1636 3527 1719 3557 ante
1751 3522 1994 3556 condicionem
2025 3519 2192 3553 restituta
2223 3518 2270 3551 sit
2298 3517 2359 3551 he-

1274 3635 1420 3677 testatos]
1440 3635 1481 3668 ab
1498 3635 1654 3669 intestato
1668 3638 1801 3668 senatus
1813 3632 2001 3666 consultum
2019 3632 2139 3675 Blenye
2255 3632 2298 3669 (9)
2323 3629 2359 3661 in

1483 3684 1542 3719 (10)
1569 3682 1669 3714 etiam
1682 3683 1741 3714 ins.
1805 3682 1859 3719 (11)
1885 3678 1913 3709 si
1927 3690 1985 3709 om.
1998 3677 2032 3708 1⁴*
2086 3678 2146 3717 (12)
2171 3675 2296 3708 dedisse
2309 3676 2360 3707 F²

1275 3726 1335 3765 (13)
1359 3725 1513 3758 adflictus
1527 3727 1773 3760 Brencmannus
1881 3726 1940 3764 (14)
1965 3722 2127 3763 oportere]
2142 3731 2224 3763 opus
2237 3723 2284 3752 est
2295 3732 2349 3752 scr

2045 3779 2088 3809 66
