2528 3918
103 136 164 166 DE
192 136 253 166 ΕΟ
282 136 369 166 ΡΕΒ.
397 135 520 174 QUEM
548 135 727 165 FACTUM
754 135 858 164 ERIT
888 134 984 164 CET.

106 252 118 280 l
171 243 344 288 compelli.
391 243 582 278 Possessor
597 246 718 277 autem
737 243 767 277 is
788 242 1017 287 accipiendus
1038 247 1101 285 est,
1126 243 1187 288 qui

100 292 137 326 in
161 299 244 334 agro
268 288 324 323 vel
347 288 487 323 civitate
509 297 584 322 rem
608 287 675 323 soli
723 287 857 322 ossidet
876 291 939 322 aut
958 297 1002 322 ex
1023 297 1103 323 asse
1123 292 1187 323 aut

100 345 164 381 pro
188 337 301 379 parte.
338 332 400 367 sed
423 336 460 367 et
484 332 545 384 qui
567 332 682 376 vectig
719 342 792 374 em,
823 331 861 367 id
892 336 947 367 est
978 333 1185 379 emphyteu-

99 381 210 415 ticum
244 387 369 422 agrum
403 377 579 421 possidet,
615 386 803 421 possessor
831 376 1058 422 intellegitur.
1101 377 1186 412 item

122 424 159 459 ui
181 423 295 458 solam
318 422 572 466 proprietatem
601 421 730 463 habet,
761 431 948 466 possessor
981 422 1080 458 intell
1144 433 1185 457 n-

98 436 166 504 3113
190 471 254 503 est.
291 476 372 502 eum
395 476 488 509 vero,
513 466 573 511 qui
595 470 737 501 tantum
758 476 864 501 usum
886 466 1045 503 fructum
1063 467 1111 502 ha
1138 471 1185 510 et,

99 517 119 549 2
165 521 407 558 possessorem
430 522 503 546 non
522 521 601 546 esse
614 511 786 556 Ulpianus
807 511 961 556 scripsit.
1010 512 1184 554 Creditor,

98 558 159 604 qui
181 557 309 602 pignus
334 557 490 601 accepit,
522 566 710 601 possessor
732 566 805 592 non
829 560 901 599 est,
935 558 1078 593 tametsi
1126 567 1184 593 os-

98 602 289 639 sessionem
312 601 445 636 habeat
463 606 526 636 aut
546 601 614 636 sibi
633 601 802 636 traditam
821 605 885 636 aut
904 602 1066 646 precario
1111 602 1184 637 ebi-

98 651 117 683 3
164 647 234 682 tori
270 656 487 682 concessam.
534 645 574 681 Si
603 646 738 681 fundus
769 646 806 681 in
837 646 957 682 dotem
987 647 1095 683 datus
1126 647 1183 689 sit,

95 697 171 727 tam
202 702 294 726 uxor
325 701 431 736 quam
460 691 608 726 maritus
639 695 786 736 propter
816 692 1078 737 possessionem
1109 693 1184 727 eius

96 741 117 772 4
163 736 266 772 fundi
288 746 513 780 possessores
536 736 799 781 intelleguntur.
826 767 829 770 .
848 736 996 772 Diversa
1009 740 1185 773 causaest

97 786 116 817 5
164 782 251 823 eius,
276 781 337 826 qui
355 780 458 815 fundi
476 781 682 826 petitionem
699 781 922 826 personalem
940 782 1060 817 habet.
1110 782 1183 817 Tu-

95 832 204 869 tores,
229 826 301 861 sive
323 826 450 870 pupilli
471 836 596 861 eorum
615 826 689 861 sive
708 826 778 871 ipsi
796 826 1017 871 possideant,
1041 837 1183 872 posses-

96 882 215 907 sorum
246 871 326 906 loco
358 871 551 905 habentur:
589 870 653 906 sed
684 875 720 906 et
751 871 782 906 si
812 882 905 906 unus
930 882 973 906 ex
1004 872 1183 907 tutoribus

98 920 117 952 6
164 926 351 962 possessor
373 915 460 957 fuit,
493 916 587 951 idem
612 915 801 951 dicendum
824 916 902 951 erit.
951 916 989 952 Si
1018 916 1182 959 fundum,

119 972 200 996 uem
222 961 459 1006 possidebam,
485 971 508 996 a
530 971 586 996 me
607 961 772 1005 petieris,
798 961 925 997 deinde
949 972 1031 997 cum
1055 972 1182 997 secun-

96 973 180 1041 3001
203 1009 239 1041 te
264 1009 358 1041 esset
379 1005 596 1048 iudicatum,
621 1006 891 1050 appellaverim:
926 1017 973 1041 an
997 1017 1183 1051 possessor

96 1051 253 1086 eiusdem
275 1050 378 1085 fundi
402 1051 492 1085 sim?
524 1055 559 1085 et
582 1055 678 1085 recte
703 1051 839 1086 dicetur
861 1062 1104 1096 possessorem
1127 1061 1183 1086 me

95 1106 182 1138 esse,
207 1096 291 1140 quia
311 1095 538 1131 nihilominus
557 1096 734 1141 possideo,
759 1107 825 1131 nec
850 1096 896 1131 ad
919 1107 994 1132 rem
1017 1096 1181 1142 pertinet,

96 1145 113 1175 7
162 1141 258 1185 quod
288 1140 402 1175 evinci
432 1141 519 1175 mihi
550 1151 592 1176 ea
613 1141 792 1185 possessio
817 1141 942 1186 possit.
989 1142 1183 1177 Possessor

94 1190 213 1221 autem
237 1186 316 1230 quis
341 1195 407 1220 nec
430 1195 476 1220 ne
498 1185 624 1228 fuerit,
647 1189 789 1230 tempus
814 1187 991 1222 cautionis
1015 1190 1181 1231 spectan-

95 1231 178 1266 dum
203 1235 275 1266 est:
308 1240 392 1265 nam
415 1231 523 1266 sicuti
545 1231 597 1272 ei,
621 1231 684 1275 qui
706 1234 788 1282 post
813 1232 1014 1267 cautionem
1036 1241 1179 1276 posses-

94 1276 228 1312 sionem
251 1275 426 1318 vendidit,
451 1275 539 1310 1111111
562 1276 684 1317 obest,
708 1279 760 1311 lta
783 1286 849 1311 nec
873 1276 1021 1321 prodest
1045 1276 1094 1319 ei,
1121 1277 1182 1321 qui

93 1325 175 1366 post
199 1321 400 1356 cautionem
422 1320 605 1365 possidere
629 1321 758 1365 coepit.

142 1363 193 1402 16
217 1365 275 1400 ΡΑ
283 1375 377 1401 vsvs
405 1365 496 1401 libro
532 1369 637 1401 sexto
673 1366 723 1400 ad
756 1366 910 1402 edictum
958 1366 1027 1410 Qui
1060 1366 1179 1401 iurato

92 1410 255 1456 promisit
276 1410 407 1446 iudicio
439 1410 536 1453 sisti,
568 1421 641 1446 non
671 1410 811 1446 videtur
841 1411 1038 1456 peierasse,
1076 1411 1106 1446 si
1136 1421 1181 1447 ex

93 1465 266 1491 concessa
289 1465 399 1491 causa
421 1456 491 1491 hoc
514 1455 720 1491 deseruerit.

560 1549 675 1587 VIIII
687 1548 710 1586 ¹.

95 1614 135 1646 SI
159 1613 224 1646 Ex
244 1612 418 1646 NOXALI
439 1612 594 1691 011ῐὲἶῇ
596 1613 793 1691 ἓξὲξξῌ,
819 1613 1178 1649 QUEMADMODUM

141 1724 159 1761 1
194 1724 388 1760 Urmzws
418 1724 509 1760 libro
544 1726 694 1770 septimo
730 1724 780 1760 ad
814 1724 967 1761 edictum
1026 1725 1064 1760 Si
1100 1727 1178 1777 quis

93 1780 183 1812 eum,
208 1769 252 1805 de
276 1780 345 1822 quo
370 1769 509 1805 noxalis
532 1771 626 1805 actio
651 1773 724 1812 est,
748 1769 879 1805 iudicio
905 1770 982 1805 sisti
1005 1771 1177 1815 promisit,

90 1818 235 1860 praetor
258 1819 308 1850 ait
330 1815 367 1849 in
399 1814 521 1850 eadem
553 1825 663 1850 causa
693 1825 773 1850 eum
806 1815 972 1851 exhibere
982 1816 1007 1856 ²,
1039 1816 1076 1850 in
1109 1826 1179 1860 qua

94 1864 108 1894 1
158 1863 245 1895 tunc
277 1863 349 1903 est,
384 1859 497 1895 donec
519 1860 689 1895 iudicium
713 1860 921 1904 accipiatur.
970 1861 1024 1895 ‘In
1055 1861 1179 1895 eadem

91 1905 211 1940 causa'
237 1904 322 1950 quid
345 1905 402 1947 sit,
425 1904 625 1940 videamus:
652 1909 687 1940 et
711 1908 798 1949 puto
822 1905 939 1940 verius
965 1915 1044 1940 eum
1067 1905 1179 1941 videri

89 1950 127 1985 in
159 1950 282 1985 eadem
314 1959 425 1985 causa
455 1949 579 1984 sistere
590 1951 614 1991 ³,
649 1950 709 1995 qui
740 1949 787 1984 ad
823 1950 1075 1994 experiendum
1106 1962 1178 1986 non

89 1995 178 2031 facit
211 1995 266 2030 ius
302 1995 434 2030 actoris
471 1994 637 2030 deterius.
684 1995 717 2030 si
749 1994 912 2029 desinat⁴
945 2006 1068 2031 servus
1100 2006 1178 2031 esse

90 2040 314 2085 promissoris
338 2040 393 2075 vel
417 2040 510 2075 actio
535 2040 667 2075 amissa
690 2040 746 2081 sit,
771 2051 843 2075 non
866 2040 977 2075 videri
996 2040 1033 2075 in
1053 2041 1177 2076 eadem

91 2095 201 2120 causa
225 2088 358 2120 statum
376 2085 498 2120 Labeo
523 2085 591 2120 ait:
617 2086 673 2120 vel
695 2085 727 2120 si
750 2085 811 2129 qui
834 2085 914 2129 pari
936 2085 1016 2121 loco
1042 2089 1119 2121 erat
1141 2086 1177 2120 in

90 2129 271 2174 litigando,
298 2130 415 2174 coepit
439 2139 516 2164 esse
538 2130 576 2164 in
595 2129 748 2172 duriore,
773 2130 828 2165 vel
847 2130 927 2165 1000
948 2130 1002 2165 vel
1023 2140 1178 2175 persona

90 2178 245 2209 mutata:
281 2175 402 2219 itaque
435 2175 466 2209 si
497 2175 575 2219 quis
609 2175 641 2210 ei
672 2176 733 2220 qui
766 2175 803 2210 in
837 2174 916 2210 foro
949 2176 1176 2220 promissoris

91 2219 269 2255 conveniri
304 2230 376 2254 non
411 2222 530 2264 potest
559 2219 721 2255 venditus
753 2223 817 2254 aut
847 2221 1040 2264 potentiori
1069 2220 1176 2256 datus

90 2265 146 2306 sit,
171 2264 282 2309 magis
303 2275 381 2299 esse
400 2267 515 2308 putat,
535 2268 576 2299 ut
596 2275 667 2299 non
686 2264 849 2300 videatur
868 2265 904 2299 in
924 2265 1048 2301 eadem
1067 2276 1177 2301 causa

91 2309 179 2345 sisti.
227 2309 291 2344 sed
315 2312 351 2343 et
374 2309 404 2344 si
427 2319 542 2344 noxae
565 2309 705 2344 deditus
729 2310 793 2351 sit,
827 2309 953 2345 Ofilius
977 2321 1049 2346 non
1073 2314 1177 2355 putat

90 2355 127 2390 in
159 2354 281 2389 eadem
311 2364 422 2389 causa
453 2354 547 2396 sisti,
580 2365 661 2389 cum
691 2364 807 2389 noxae
838 2354 1017 2391 deditione
1049 2356 1176 2391 ceteris

94 2399 259 2434 noxalem
282 2399 459 2434 actionem
482 2399 615 2443 peremi
638 2402 752 2444 putat.

137 2442 162 2480 2
187 2443 347 2479 Panas
374 2444 466 2479 libro
491 2448 596 2479 sexto
619 2444 671 2479 ad
692 2444 846 2479 edictum
893 2444 964 2480 Sed
996 2445 1066 2480 alio
1098 2445 1176 2480 iure

91 2490 232 2524 utimur.
270 2499 352 2523 nam
376 2499 420 2524 ex
442 2488 738 2533 praecedentibus
765 2490 882 2525 causis
907 2501 979 2525 non
1001 2490 1176 2525 liberatur

92 2544 207 2569 noxae
220 2533 378 2568 deditus:
403 2533 549 2578 perinde
572 2534 664 2568 enim
687 2544 781 2569 noxa
805 2539 914 2579 caput
937 2535 1108 2579 sequitur,
1133 2545 1176 2570 ac

94 2582 109 2613 1
159 2579 189 2613 si
207 2579 371 2613 venisset.
420 2578 457 2613 Si
481 2579 610 2614 absens
634 2579 681 2613 sit
704 2589 836 2621 servus,
861 2590 926 2623 pro
948 2590 1017 2624 quo
1038 2580 1176 2615 noxalis

91 2623 185 2659 actio
210 2623 317 2658 alicui
341 2623 527 2668 competit:
560 2623 591 2658 si
623 2623 763 2668 quidem
788 2623 951 2659 dominus
975 2635 1048 2660 non
1071 2629 1177 2669 negat

91 2668 127 2703 in
160 2678 227 2703 sua
255 2671 434 2713 potestate
464 2678 560 2710 esse,
596 2668 876 2713 compellendum
899 2673 1004 2713 putat
1026 2669 1175 2705 Vindius

90 2713 146 2748 vel
167 2713 299 2749 iudicio
320 2723 399 2748 eum
419 2713 496 2748 sisti
514 2713 720 2757 promittere
737 2714 794 2748 vel
812 2714 981 2749 iudicium
1001 2715 1175 2759 accipere,

91 2761 174 2800 aut,
198 2758 229 2793 si
251 2758 342 2793 nolit
364 2758 573 2800 defendere,
598 2762 805 2801 cauturum,
831 2769 912 2793 cum
935 2759 1088 2803 primum
1110 2770 1174 2804 po-

91 2803 216 2845 tuerit,
250 2813 290 2838 se
314 2803 569 2838 exhibitu-rum:
605 2803 660 2838 sin
691 2813 775 2838 vero
806 2802 898 2838 falso
923 2808 1027 2848 neget
1049 2804 1087 2839 in
1110 2815 1174 2839 sua

118 2851 270 2883 otestate
294 2858 382 2890 esse,
408 2851 658 2893 suscepturum
680 2848 850 2883 iudicium
874 2848 950 2883 sine
974 2859 1090 2884 noxae
1114 2849 1175 2884 de-

118 2892 234 2928 110110.
270 2893 378 2945 idque
397 2893 556 2928 Iulianus
577 2893 701 2928 scribit
719 2897 755 2928 et
774 2893 804 2928 si
824 2893 906 2929 dolo
926 2893 1062 2936 fecerit,
1087 2904 1174 2938 quo-

93 2938 207 2972 minus
230 2937 267 2972 in
299 2948 375 2973 eius
411 2942 504 2973 esset
536 2941 724 2982 potestate.
762 2938 825 2973 sed
856 2938 887 2973 si
918 2948 1039 2974 servus
1096 2949 1174 2974 rae-

94 2992 174 3018 sens
198 2986 263 3025 est,
289 2982 452 3018 dominus
475 2983 580 3018 abest
601 2993 668 3018 nec
688 2983 875 3028 quisquam
894 2993 1034 3018 servum
1079 2983 1174 3018 efen·

93 3026 154 3069 dit,
179 3027 362 3063 ducendus
387 3028 453 3062 erit
475 3028 575 3063 iussu
598 3028 791 3072 praetoris:
817 3027 881 3064 sed
904 3038 1015 3063 causa
1035 3028 1177 3073 cognita

93 3070 231 3107 domino
267 3076 393 3116 postea
427 3072 570 3107 dabitur
604 3072 781 3115 defensio,
817 3077 858 3108 ut
889 3073 1108 3118 Pomponius
1141 3076 1177 3108 et

92 3114 242 3152 Vindius
267 3117 439 3159 scribunt,
464 3128 509 3153 ne
531 3117 564 3152 ei
588 3117 751 3153 absentia
774 3128 840 3153 sua
863 3122 1014 3154 noceat:
1041 3128 1122 3163 ergo
1141 3121 1177 3152 et

93 3162 204 3196 actori
224 3162 317 3196 actio
338 3162 556 3197 restituenda
576 3166 640 3204 est,
661 3166 844 3208 perempta
863 3173 906 3198 00
927 3163 1022 3208 quod
1045 3163 1175 3198 ductus

93 3214 213 3241 servus
236 3206 274 3241 in
297 3206 401 3241 bonis
427 3207 502 3242 eius
526 3217 604 3242 esse
628 3208 756 3252 coepit.

138 3247 162 3286 3
195 3249 388 3286 Uzmzws
418 3251 510 3287 libro
543 3262 583 3286 se
610 3252 694 3287 timo
730 3252 780 3287 ad
812 3252 966 3288 edictum
1020 3252 1058 3287 Si
1094 3263 1176 3287 cum

92 3293 357 3331 usufructuario
381 3296 502 3331 noxali
524 3263 655 3331 iudi'cio
679 3301 804 3342 agetur
822 3297 924 3342 isque
944 3307 1083 3332 servum
1103 3307 1174 3331 non

94 3337 307 3418 defendeg't³
341 3340 536 3385 denegatur
560 3342 592 3376 ei
613 3351 678 3386 per
701 3346 902 3386 praetorem
923 3352 1012 3377 usus
1034 3342 1174 3377 fructus

94 3393 242 3426 persecu
272 3395 304 3419 o.

140 3426 164 3464 4
193 3427 314 3464 (ἔμας
345 3429 436 3465 libro
467 3434 572 3465 sexto
604 3429 654 3465 ad
684 3429 838 3466 edictum
862 3430 1091 3476 provinciale
1137 3429 1174 3464 Si

139 3540 177 3580 (1)
201 3540 367 3579 Ed.1...4;
382 3540 464 3575 Sab.
478 3549 504 3574 5.
516 3548 602 3575 11.-
614 3541 701 3575 Bas.
715 3543 885 3582 7,15,1...e

93 3583 154 3615 im.
225 3585 266 3625 (3)
289 3586 338 3618 sie
350 3585 387 3626 S,
400 3588 498 3618 verba
508 3585 593 3627 qnid
604 3586 668 3619 sit.
679 3610 687 3618 .
700 3612 707 3619 .
717 3586 849 3619 videtin
862 3587 934 3628 (sic)
948 3586 1061 3619 eadem
1074 3596 1173 3619 causa

93 3628 212 3660 omissa
221 3641 241 3661 a
249 3628 442 3671 Reddidit,
455 3631 514 3663 sed
521 3638 598 3673 post
608 3630 726 3663 sistere
737 3643 802 3664 non
813 3643 871 3665 wo
883 3632 961 3673 loco,
972 3631 1005 3664 F
1009 3630 1024 3651 ²
1071 3632 1113 3672 (4)
1127 3632 1174 3664 sic

94 3669 178 3712 F’S,
192 3671 340 3705 destinat
350 3673 395 3704 F¹
498 3675 540 3715 (5)
564 3674 679 3707 noxali
690 3675 741 3707 F³
852 3676 895 3717 (6)
921 3675 1019 3708 debet
1029 3678 1064 3708 et
1077 3674 1172 3708 Sabi-

986 3542 1029 3583 (2)
1055 3541 1173 3574 debere

96 3723 158 3748 nus
171 3728 233 3749 807²·

338 3718 381 3759 (7)
398 3719 548 3761 suitfire
557 3731 569 3751 .·
582 3718 682 3751 aliter
693 3719 734 3752 de
744 3719 853 3753 libero
864 3720 1016 3752 vindicta
1029 3720 1173 3752 sumitur
1241 3731 1301 3753 om.
1315 3720 1350 3753 F
1356 3719 1367 3740 ¹

1197 118 1253 165 23
2136 125 2178 166 ll
2208 127 2346 169 8—10

1255 253 1337 278 cum
1360 252 1432 278 uno
1457 252 1502 277 ex
1525 241 1675 277 dominis
1698 243 1862 278 noxalis⁵
1886 247 2029 289 agetur,
2062 254 2109 280 an
2140 256 2205 289 pro
2269 251 2345 282 arte

1254 287 1344 323 socii
1375 286 1550 322 satisdare
1581 287 1752 322 deberet?
1800 287 1978 324 Sabinus‘3
2009 289 2060 324 ait
2090 300 2164 325 non
2195 290 2239 326 de
2266 301 2343 327 ere:

1255 332 1340 377 quia
1370 331 1631 377 quodammodo
1655 335 1772 367 totum
1795 342 1900 367 suum
1923 333 2102 370 hominem
2126 334 2343 379 defenderet,

1254 377 1313 413 cui
1335 376 1373 412 in
1397 376 1551 412 solidum
1576 376 1791 412 defendendi
1812 379 2007 414 necessitas
2032 383 2137 423 esset,
2161 390 2227 416 nec
2240 381 2342 417 audi-

1252 425 1322 463 tur,
1348 421 1379 457 si
1401 432 1466 467 pro
1490 425 1593 466 parte
1617 424 1765 465 paratus
1789 421 1837 456 sit
1860 422 2059 460 defendere.

1301 465 1325 504 5
1358 466 1554 502 mmmm
1574 466 1666 502 libro
1690 465 1996 512 quadraqensimo
2086 471 2171 505 timo
2202 470 2252 506 ad
2275 470 2327 507 Sa

1253 512 1375 548 binum
1422 510 1460 546 Si
1493 521 1635 547 servum
1668 511 1707 545 in
1743 510 1866 546 eadem
1901 522 2011 548 causa
2043 519 2168 550 sistere
2199 516 2343 561 quidam

1252 557 1456 602 promiserit
1480 559 1516 592 et
1537 556 1628 591 liber
1650 555 1770 591 factus
1795 556 1960 592 sistatur:
1985 559 2015 593 si
2035 559 2078 594 de
2097 560 2175 604 ipso
2198 565 2341 596 contro-

1252 602 1369 637 versia
1388 605 1443 637 est
1464 601 1671 646 capitalium
1692 601 1872 636 actionum
1892 601 2171 649 iniuriarumque
2190 606 2342 649 nomine,

1252 657 1326 682 non
1348 650 1446 682 recte
1469 646 1624 682 sistitur:
1651 646 1735 691 quia
1758 645 1861 681 aliter
1885 646 1928 682 de
1952 657 2052 684 servo
2073 650 2287 694 supplicium
2309 655 2344 687 et

1252 692 1457 727 verberibus
1481 691 1525 727 de
1547 691 1679 726 iniuria
1701 690 1842 733 satisfit,
1869 691 1972 727 aliter
1991 693 2035 728 de
2054 694 2165 730 libero
2186 696 2344 732 vindicta

1253 737 1404 772 sumitur
1438 737 1494 772 vel
1530 736 1779 771 condemnatio
1813 738 2022 780 pecuniaria
2033 739 2057 773 ⁷.
2096 740 2192 784 quod
2224 744 2343 776 autem

1252 781 1299 816 ad
1323 786 1460 817 ceteras
1485 781 1631 816 noxales
1657 790 1786 816 causas
1808 782 1981 832 pertinet,
2015 784 2120 818 etiam
2152 785 2189 819 in
2220 786 2341 821 melio-

1251 836 1326 861 rem
1351 837 1497 861 causam
1520 826 1660 861 videtur
1682 836 1897 871 pervenisse.

1298 869 1323 908 6
1357 871 1518 906 ΡΑΠιΠε
1552 870 1644 906 libro
1678 870 1866 907 undecimo
1903 872 1951 907 ad
1985 871 2159 908 Sabinum
2207 874 2277 909 Sed
2312 876 2342 910 si

1251 919 1348 951 statu
1372 916 1524 951 liberum
1547 915 1625 950 sisti
1655 915 1869 967 promissum
1902 917 1966 959 sit,
2002 917 2040 952 in
2073 918 2196 953 eadem
2232 930 2342 955 causa

1251 961 1329 996 sisti
1352 961 1508 1004 videtur,
1533 970 1692 1005 quamvis
1715 960 1806 995 liber
1830 961 1996 1004 sistatur,
2030 963 2126 1007 quod
2149 964 2342 1009 implicitus

1251 1006 1285 1041 ei
1309 1016 1415 1042 casus
1438 1005 1615 1042 libertatis
1638 1004 1758 1040 fuerit.

1762 1098 1835 1138 X'.

1284 1163 1346 1196 DE
1370 1164 1431 1197 EO
1455 1164 1546 1196 PER
1571 1164 1702 1200 QUEM
1726 1163 1910 1196 FAOTUM
1934 1164 2044 1197 ERIT
2068 1165 2305 1202 QUOMINUS

1508 1208 1613 1247 QUIS
1638 1210 1689 1241 IN
1711 1209 1887 1242 IUDICIO
1911 1209 2076 1242 SISTAT.

1299 1273 1318 1312 1
1353 1274 1548 1311 Uzmms
1576 1275 1667 1311 libro
1698 1277 1849 1321 septimo
1882 1276 1933 1311 ad
1955 1276 2111 1312 edictum
2156 1278 2339 1322 Aequissi-

1251 1331 1347 1355 mum
1395 1321 1511 1355 utavit
1533 1324 1680 1366 praetor
1704 1320 1825 1355 dolum
1857 1321 1932 1356 eius
1968 1331 2151 1364 coercere,
2184 1322 2245 1366 qui
2275 1323 2339 1357 im-

1253 1368 1267 1399 1
1317 1375 1363 1410 pe
1391 1366 1416 1400 't
1440 1365 1593 1410 aliquem
1623 1365 1755 1401 iudicio
1790 1366 1878 1401 sisti.
1927 1366 2073 1401 Fecisse
2105 1370 2224 1401 autem
2258 1367 2338 1403 dolo

1250 1410 1342 1445 malo
1367 1421 1439 1446 non
1462 1414 1603 1446 tantum
1625 1411 1656 1445 is
1688 1414 1854 1455 putatur,
1892 1411 1952 1456 qui
1982 1411 2056 1446 suis
2089 1412 2254 1447 manibus
2286 1413 2340 1448 vel

1250 1466 1314 1500 per
1348 1466 1432 1491 suos
1465 1455 1611 1491 retinuit
1623 1456 1648 1498 ⁹,
1680 1465 1804 1490 verum
1836 1456 1897 1500 qui
1921 1455 2010 1492 alios
2034 1467 2104 1501 quo
2131 1467 2176 1492 ue
2201 1458 2339 1502 rogavit

1249 1504 1290 1535 ut
1314 1510 1394 1535 eum
1419 1500 1618 1536 detinerent
1640 1500 1695 1535 vel
1719 1500 1958 1543 abducerent,
1991 1511 2037 1536 ne
2068 1468 2198 1537 iudicio
2223 1503 2338 1544 sistat,

1250 1546 1322 1580 sive
1355 1546 1507 1581 scientes
1540 1546 1613 1581 sive
1642 1545 1848 1590 ignorantes
1881 1546 1966 1590 quid
1997 1550 2092 1581 esset
2123 1547 2219 1592 quod
2243 1558 2338 1583 com-

1250 1593 1269 1624 2
1316 1590 1573 1626 minisceretur.
1610 1590 1740 1625 Dolum
1765 1594 1884 1625 autem
1907 1591 2040 1625 malum
2059 1590 2110 1626 sic
2132 1592 2338 1637 accipimus,

1248 1638 1289 1670 ut
1313 1636 1343 1670 si
1367 1635 1445 1680 quis
1459 1636 1486 1656 ¹⁰
1509 1635 1664 1671 venienti
1688 1635 1735 1670 ad
1757 1635 1929 1670 iudicium
1960 1636 2009 1670 ali
2033 1636 2094 1671 uid
2126 1638 2337 1681 pronuntia-

1248 1679 1337 1715 verit
1359 1680 1480 1723 triste,
1513 1683 1660 1725 propter
1683 1680 1779 1725 quod
1801 1680 1832 1715 is
1856 1691 2002 1716 necesse
2073 1682 2191 1716 buerit
2214 1682 2260 1716 ad
2284 1683 2337 1717 iu-

1249 1724 1379 1760 dicium
1403 1735 1476 1760 non
1498 1725 1628 1767 venire,
1653 1728 1817 1760 teneatur
1841 1735 1885 1760 ex
1907 1726 1977 1760 hoc
1993 1727 2019 1746 ²¹
2045 1726 2180 1761 edicto:
2214 1737 2337 1771 quam-

1247 1770 1298 1805 vis
1324 1770 1468 1814 quidam
1491 1773 1619 1815 putent
1642 1769 1709 1804 sibi
1733 1780 1815 1805 eum
1846 1770 2041 1815 imputare,
2078 1771 2139 1816 qui
2172 1772 2338 1807 credulus

1249 1817 1268 1849 3
1315 1814 1393 1849 fuit.
1442 1814 1480 1849 Si
1502 1825 1585 1850 reus
1610 1814 1691 1850 dolo
1717 1815 1848 1850 actoris
1879 1826 1952 1850 non
1984 1817 2137 1859 steterit,
2170 1827 2242 1851 non
2273 1817 2336 1851 ha-

1248 1860 1346 1894 bebit
1379 1870 1461 1894 reus
1500 1859 1671 1895 adversus
1708 1869 1789 1894 eum
1819 1860 1996 1896 actionem
2028 1870 2072 1895 ex
2103 1861 2172 1896 1100
2209 1861 2336 1903 edicto,

1249 1915 1329 1940 cum
1354 1907 1545 1939 contentus
1570 1914 1647 1939 esse
1669 1905 1784 1949 possit
1804 1905 2023 1950 exceptione,
2048 1906 2078 1941 si
2099 1916 2143 1941 ex
2163 1907 2337 1951 stipulatu

1248 1950 1481 1985 conveniatur
1505 1949 1550 1985 de
1580 1959 1716 1994 poena,
1749 1949 1847 2001 quod
1872 1950 1920 1986 ad
1942 1950 2113 1986 iudicium
2136 1962 2210 1986 non
2232 1962 2336 1987 vene-

1246 1995 1303 2029 rit.
1352 1995 1456 2030 aliter
1479 1998 1586 2039 atque
1610 1994 1640 2029 si
1663 1995 1708 2029 ab
1729 1995 1800 2031 alio
1821 1995 1868 2030 sit
1886 1995 2094 2040 impeditus:
2119 2006 2204 2031 nam
2224 1997 2336 2032 actio-

1246 2043 1267 2074 4
1314 2050 1394 2075 nem
1418 2039 1638 2084 propositam
1662 2039 1834 2075 adversus
1859 2050 1939 2076 eum
1963 2041 2153 2077 exercebit.
2202 2041 2240 2076 Si
2256 2042 2335 2086 plu-

1245 2095 1302 2119 res
1327 2084 1409 2120 dolo
1433 2084 1595 2127 fecerint,
1620 2095 1743 2120 omnes
1766 2088 1953 2121 tenentur:
1979 2085 2042 2121 sed
2066 2087 2096 2121 si
2119 2097 2212 2122 unus
2233 2097 2335 2131 prae-

1246 2130 1375 2164 stiterit
1398 2139 1570 2181 poenam,
1596 2129 1705 2164 ceteri
1728 2130 1944 2173 liberantur,
1970 2142 2051 2166 cum
2074 2131 2161 2166 nihil
2184 2131 2334 2166 intersit.

1246 2177 1266 2209 5
1314 2174 1414 2210 Servi
1444 2174 1586 2209 nomine
1618 2184 1662 2209 ex
1693 2174 1762 2210 hac
1796 2185 1906 2210 causa
1929 2176 2051 2210 noxali
2074 2176 2205 2211 iudicio
2228 2186 2334 2221 agen-

1247 2222 1267 2254 6
1314 2219 1400 2254 dum
1432 2230 1552 2255 omnes
1590 2219 1827 2255 consentiunt.
1875 2220 1926 2255 Et
1956 2220 2080 2256 heredi
2112 2221 2235 2263 datur,
2272 2221 2335 2256 sed

1245 2274 1317 2299 non
1340 2264 1436 2300 ultra
1459 2275 1602 2299 annum.
1636 2264 1806 2300 adversus
1830 2265 1997 2300 heredem
2022 2269 2140 2301 autem
2160 2266 2335 2301 hactenus

1245 2312 1332 2354 puto
1358 2309 1512 2344 dandam
1544 2309 1740 2352 actionem,
1777 2314 1817 2345 ut
1850 2320 1894 2345 ex
1926 2310 2008 2346 dolo
2041 2310 2201 2346 defuncti
2231 2312 2333 2346 heres

1246 2364 1319 2389 non
1342 2354 1510 2390 lucretur.

1293 2397 1318 2435 2
1342 2399 1400 2434 ΡΑ
1408 2409 1502 2435 ULUS
1522 2399 1613 2436 libro
1637 2403 1743 2435 sexto
1767 2399 1817 2435 ad
1839 2399 1991 2435 edictum
2039 2399 2077 2435 Si
2101 2401 2233 2435 actoris
2259 2410 2332 2435 ser-

1244 2455 1308 2479 vus
1345 2444 1486 2479 domino
1520 2445 1656 2480 sciente
1687 2448 1723 2479 et
1758 2455 1840 2480 cum
1873 2445 1988 2489 possit
2019 2455 2092 2480 non
2123 2445 2334 2489 prohibente

1244 2488 1325 2524 dolo
1344 2489 1480 2531 fecerit,
1506 2501 1575 2534 quo
1596 2490 1713 2525 minus
1731 2490 1769 2524 in
1789 2489 1919 2524 iudicio
1942 2489 2075 2531 sistam,
2098 2489 2222 2525 Ofilius
2244 2489 2332 2525 dan-

1245 2533 1326 2568 dam
1350 2534 1435 2569 mihi
1459 2535 1704 2586 exceptionem
1727 2534 1897 2569 adversus
1923 2534 2103 2569 dominum
2127 2534 2195 2576 ait,
2220 2545 2265 2570 ne
2289 2545 2333 2570 ex

1244 2578 1325 2613 dolo
1351 2579 1442 2614 servi
1466 2579 1629 2614 dominus
1652 2579 1822 2614 lucretur.
1871 2579 1902 2613 si
1934 2589 2017 2614 vero
2050 2579 2127 2614 sine
2149 2579 2332 2615 voluntate

1244 2623 1377 2658 domini
1401 2634 1522 2659 servus
1546 2624 1615 2659 hoc
1638 2623 1781 2666 fecerit,
1819 2623 1972 2658 Sabinus
2004 2624 2132 2659 noxale
2163 2624 2332 2660 iudicium

1245 2668 1400 2703 dandum
1433 2669 1483 2703 ait
1515 2679 1581 2703 nec
1605 2668 1742 2704 factum
1766 2667 1858 2703 servi
1883 2667 2025 2703 domino
2050 2669 2178 2704 obesse
2201 2669 2331 2705 debere

1243 2713 1313 2792 pisi
1335 2714 1510 2749 hactenus
1534 2717 1575 2749 ut
1597 2714 1675 2759 ipso
1702 2717 1842 2748 careat:
1877 2713 2020 2758 quando
2051 2713 2128 2758 ipse
2158 2714 2247 2749 nihil
2271 2714 2330 2750 de-

1256 2758 1267 2792 i
1293 2758 1355 2792 uit.

1270 2769 1313 2840 q3
1347 2802 1541 2838 IULIANUS
1571 2803 1662 2838 libro
1696 2802 1853 2838 secundo
1897 2802 2116 2849 diqestorum
2162 2803 2220 2838 Ex
2262 2805 2331 2839 hoc

1244 2848 1360 2883 edicto
1386 2847 1556 2882 adversus
1582 2858 1673 2889 eum,
1699 2847 1759 2892 qui
1783 2847 1863 2883 dolo
1887 2847 1992 2890 fecit,
2017 2859 2087 2893 quo
2112 2848 2228 2884 minus
2252 2850 2330 2894 quis

1243 2893 1280 2927 in
1303 2892 1472 2927 iudicium
1495 2896 1644 2927 vocatus
1669 2892 1792 2935 sistat,
1814 2892 1852 2927 in
1874 2892 2010 2928 factum
2033 2894 2126 2928 actio
2161 2895 2330 2938 competit

1267 2937 1367 2972 uanti
1391 2937 1521 2972 actoris
1544 2937 1706 2973 interfuit
1728 2947 1810 2972 eum
1833 2938 1921 2973 sisti.
1957 2938 1995 2972 in
2018 2949 2088 2983 quo
2112 2938 2243 2974 iudicio
2269 2939 2328 2974 de-

1244 2948 1386 3017 gucitur
1409 2982 1440 3016 si
1464 2981 1549 3026 quid
1572 2982 1729 3017 amiserit
1753 2985 1855 3018 actor
1877 2983 1923 3018 ob
1949 2993 2028 3018 eam
2051 2993 2142 3018 rem:
2167 2983 2275 3018 veluti
2299 2984 2329 3019 si

1243 3037 1325 3062 reus
1347 3030 1507 3070 tempore
1532 3026 1724 3062 dominium
1747 3027 1798 3062 rei
1821 3027 1963 3062 interim
1986 3028 2054 3063 sibi
2077 3028 2243 3073 adquirat
2266 3032 2330 3063 aut

1247 3074 1261 3106 1
1310 3071 1453 3106 actione
1487 3071 1658 3107 liberatus
1688 3071 1807 3107 fuerit.
1855 3072 1967 3108 Plane
2001 3073 2032 3108 si
2065 3073 2115 3114 is,
2151 3073 2211 3117 qui
2247 3072 2328 3110 dolo

1243 3115 1387 3157 fecerit,
1413 3126 1482 3160 quo
1507 3116 1622 3151 minus
1645 3117 1684 3152 in
1705 3116 1836 3153 iudicio
1862 3118 2028 3160 sistatur,
2061 3117 2231 3153 solvendo
2257 3129 2328 3153 non

1243 3161 1362 3202 fuerit,
1387 3170 1539 3205 aequum
1563 3161 1630 3196 erit
1652 3161 1821 3197 adversus
1845 3162 1963 3206 ipsum
1977 3163 2004 3183 ¹²
2026 3173 2127 3198 reum
2146 3163 2328 3198 restituto-

1243 3206 1333 3241 riam
1357 3206 1533 3241 actionem
1558 3210 1769 3258 competere,
1793 3217 1838 3242 110
1861 3210 2008 3251 propter
2031 3207 2151 3242 dolum
2175 3208 2327 3242 alienum

1244 3254 1263 3285 2
1310 3261 1393 3285 reus
1416 3251 1554 3285 lucrum
1577 3250 1689 3286 faciat
1712 3256 1748 3286 et
1770 3256 1872 3287 actor
1892 3252 2020 3287 damno
2041 3252 2242 3287 adficiatur.
2291 3252 2328 3286 Si

1244 3298 1279 3330 et
1302 3295 1493 3339 stipulator
1516 3295 1597 3331 dolo
1623 3296 1708 3332 Titii
1739 3300 1775 3331 et
1797 3296 1991 3341 promissor
2015 3296 2097 3332 dolo
2122 3296 2239 3331 Maevi
2261 3296 2326 3330 im-

1242 3340 1384 3384 peditus
1407 3339 1526 3382 fuerit,
1547 3351 1620 3385 quo
1645 3341 1760 3376 minus
1780 3342 1818 3376 in
1837 3342 1967 3376 iudicio
1986 3342 2152 3376 sistatur:
2177 3344 2326 3384 uterque

1243 3385 1412 3419 adversus
1437 3394 1534 3427 eum,
1568 3386 1668 3421 cuius
1693 3386 1775 3421 dolo
1807 3386 1996 3431 impeditus
2027 3386 2154 3427 fuerit,
2186 3385 2326 3419 actione

1243 3432 1263 3464 3
1309 3429 1347 3464 in
1376 3428 1513 3464 factum
1544 3431 1755 3475 experietur.
1804 3430 1842 3466 Si
1866 3434 1901 3466 et
1924 3430 2115 3475 stipulator
2137 3430 2218 3464 dolo
2242 3439 2325 3473 pro-

1242 3541 1294 3574 vel
1307 3542 1542 3575 condemnatio
1563 3543 1771 3585 pecuniaria,
1792 3542 1893 3576 aliter
1913 3543 1954 3575 de
1967 3553 2060 3575 servo
2074 3541 2278 3584 supplicium
2290 3544 2324 3574 et

1241 3585 1435 3619 verberibus
1447 3586 1488 3619 de
1500 3587 1628 3620 iniuria
1638 3587 1762 3621 satisfit

1288 3631 1332 3672 (s)
1354 3631 1422 3664 Ed.
1435 3638 1460 3665 1.
1471 3638 1507 3671 ²3
1527 3632 1608 3666 Sab.
1623 3640 1651 3666 s.
1661 3633 1801 3666 -Baa
1817 3633 1848 3671 7,
1859 3639 1902 3672 15,
1913 3638 1982 3664 7...o
2074 3631 2118 3671 (0)
2142 3631 2191 3663 sic
2202 3631 2258 3669 Fb,
2272 3640 2323 3662 re-

1242 3675 1385 3707 tinuerit
1394 3674 1475 3709 F‘S
1576 3677 1637 3718 (10)
1661 3677 1786 3718 siquid
1799 3677 1834 3709 F
1930 3676 1985 3718 (11)
2010 3684 2049 3707 ex
2062 3676 2124 3707 'noo
2138 3675 2176 3715 S,
2189 3675 2252 3707 hoc
2266 3673 2324 3715 ΡΞ,

1459 3722 1517 3763 (12)
1541 3722 1653 3765 ipsum
1665 3721 1699 3754 F
1705 3720 1757 3762 ³8,
1771 3721 1865 3763 ipsus
1876 3720 1910 3752 F
1918 3719 1928 3739 ¹
