2528 3918
158 125 307 157 ’rrmm

1157 108 1331 151 ·v111

2254 122 2404 154 'rl'rtml

163 237 316 294 Incipit
358 250 412 281 ex
454 235 604 279 ordine
647 234 756 278 liber
795 233 1052 279 vicensimus
1089 238 1247 288 sextus,
1318 234 1475 290 Incipit
1517 247 1572 279 ex
1615 233 1766 278 ordine
1807 234 1917 278 liber
1956 234 2216 279 tricensimus
2251 247 2405 289 nonus,

371 292 651 347 singularium
680 291 792 334 liber
819 291 1037 347 septimus.

185 386 209 406 α
255 376 281 407 Β
317 370 372 406 De
394 369 527 406 tutelis.

183 421 209 462 β
256 421 281 452 Β
317 416 372 451 De
395 413 666 451 testamentaria
689 415 815 451 tutela.

183 476 206 509 y
254 466 280 497 R
315 461 371 496 De
395 459 638 513 coniirmando
661 462 781 512 tutore
804 461 859 497 vel
883 463 1060 496 curatore.

186 506 208 586 ῗ
234 511 281 587 ,ἓ
315 506 372 587 ΒΞ
393 506 887 587 Ῑιῗιῗοῄῖῗιῖιιῗειέἷοὲιιῖἶῗὸήυυε
914 550 1007 586 datis
1031 550 1078 585 ab
1098 549 1165 591 his,
1191 547 1252 592 qui

365 595 423 631 ius
447 595 555 631 dandi
578 596 723 639 habent,
747 599 785 633 et
807 597 869 641 qui
894 600 929 631 et
950 596 988 631 in
1012 594 1142 641 quibus
1165 604 1251 629 cau-

367 641 417 677 sis
441 640 646 687 specialiter
667 641 745 677 dari
768 644 931 687 possunt.

186 700 202 723 s
253 691 280 722 R
316 685 384 731 Qui
396 690 523 732 petant
532 690 671 723 tutores
683 687 738 723 vel
751 691 934 722 curatores
949 689 985 721 et
996 685 1058 721 ubi
1070 687 1251 730 petantur.

188 735 208 772 ζ
256 736 284 768 Β
317 731 374 768 De
404 731 711 769 administratione
749 736 787 768 et
822 731 982 778 periculo
1018 734 1179 766 tutorum
1217 733 1254 765 et

366 780 592 822 curatorum,
629 778 690 823 qui
719 780 907 822 gesserunt
935 775 992 812 vel
1021 786 1111 818 non,
1141 778 1179 811 et
1209 775 1253 810 de

367 823 555 867 agentibus
574 823 630 859 vel
648 822 898 858 conveniendis
914 832 987 858 uno
1003 822 1060 858 vel
1075 820 1252 867 pluribus.

188 882 207 911 η
255 873 282 904 Β
316 868 371 904 De
394 869 610 905 auctoritate
633 872 669 904 et
691 878 870 904 consensu
892 870 1053 903 tutorum
1082 870 1120 903 et
1148 876 1252 902 cura-

366 916 497 950 torum.

189 959 218 994 θ
256 963 283 995 Β
317 957 469 1004 Quando
494 970 538 995 ex
556 959 653 995 facto
675 958 807 994 tutoris
826 958 882 994 vel
902 957 1078 995 curatoris
1098 957 1253 993 minores

369 1014 476 1050 agere
498 1004 554 1040 vel
576 1003 758 1041 conveniri
780 1007 943 1049 possunt.

189 1065 200 1084 ι
257 1053 285 1086 R
318 1049 375 1086 De
398 1050 575 1096 suspectis
598 1049 779 1085 tutoribus
803 1053 841 1085 et
864 1048 1104 1085 curatoribus.

164 1108 403 1165 Explicitus
448 1112 514 1152 est
556 1120 610 1151 ex
652 1106 803 1150 ordine
846 1107 957 1151 liber
997 1106 1254 1150 vicensimus

270 1169 429 1219 sextus,
461 1163 760 1219 singularium¹
791 1163 902 1207 liber
930 1163 1150 1219 septimus.

165 1278 321 1335 Incipit
349 1292 404 1323 ex
434 1276 583 1321 ordine
611 1276 722 1320 liber
745 1276 1003 1320 vicensimus
1022 1276 1253 1332 septimus,

397 1334 673 1389 singularium
701 1332 812 1377 liber
841 1338 1030 1377 octavus.

188 1428 211 1448 a
259 1418 284 1449 R
320 1413 376 1448 De
400 1411 705 1448 excusationibus.

186 1462 214 1505 β
258 1463 285 1494 R
319 1458 391 1495 Ubi
413 1456 570 1503 pupillus
594 1456 740 1492 educari
763 1456 818 1492 vel
841 1456 973 1492 morari
1005 1456 1112 1493 debet
1143 1460 1180 1492 et
1211 1456 1255 1492 de

367 1503 545 1539 alimentis
570 1502 603 1538 ei
626 1501 852 1547 praestandis
861 1505 887 1537 ².

187 1563 209 1597 γ
258 1554 285 1585 R
319 1549 374 1584 De
396 1548 555 1584 tutelae³
578 1551 616 1584 et
638 1547 836 1583 rationibus
861 1547 1100 1584 distrahendis
1121 1551 1158 1584 et
1175 1547 1255 1583 utili

368 1593 563 1630 curationis
587 1602 699 1629 causa
721 1592 874 1628 actione.

189 1639 211 1674 δ
257 1644 283 1675 R
317 1639 374 1675 Dc
397 1639 581 1675 contraria
602 1638 738 1675 tutelae
761 1642 799 1674 et
820 1638 901 1674 utili
923 1638 1076 1675 actione.

189 1699 206 1719 ε
257 1690 283 1721 R
318 1685 374 1721 De
396 1684 525 1738 eo·qui
547 1694 613 1730 pro
631 1687 753 1720 tutore
770 1684 905 1729 prove⁴
929 1687 1098 1720 curatore
1113 1685 1257 1730 negotia

393 1734 490 1766 esslt.

188 1789 204 1812 c
256 1781 282 1812 R
318 1741 422 1821 Quffid
438 1774 532 1811 falso
551 1777 671 1811 tutore
687 1777 836 1811 auctore
851 1777 991 1829 gestum
1009 1785 1087 1811 esse
1103 1775 1255 1811 dicatur.

190 1822 208 1863 ζ
261 1826 286 1857 R
321 1822 377 1857 De
399 1820 671 1857 fideiussoribus
701 1823 739 1855 et
767 1821 1054 1857 nommatcribus
1084 1824 1122 1857 et
1152 1821 1255 1857 here-

368 1866 473 1902 dibus
496 1869 658 1901 tutorum
680 1868 718 1901 et
742 1869 961 1902 curatorum.

189 1926 210 1956 η
258 1916 284 1948 R
319 1912 376 1948 De
405 1911 676 1957 magistratibus
708 1911 960 1947 conveniendis
1000 1914 1038 1947 et
1065 1911 1258 1948 heredibus

370 1967 505 1994 eorum.

190 2004 222 2038 θ
259 2007 286 2039 R
321 2003 376 2039 De
399 2003 509 2039 rebus
533 2012 666 2045 eorum,
691 2000 754 2048 qui
770 2001 838 2038 sub
854 2000 969 2037 tutela
985 2002 1041 2038 vel
1058 2012 1147 2038 cura
1162 2005 1258 2045 sunt,

370 2049 447 2084 sine
463 2047 608 2083 decreto
622 2057 696 2083 non
712 2047 910 2083 alienandis
927 2047 982 2083 vel
999 2047 1257 2093 supponendis.

192 2109 205 2129 ι
262 2099 289 2130 R
322 2093 629 2175 Ded'cugpstoribus
652 2092 791 2129 furioso
815 2096 854 2129 et
876 2092 955 2129 aliis
979 2097 1083 2129 extra
1103 2093 1259 2129 minores

396 2149 443 2175 an
503 2165 512 2175 .

169 2197 406 2254 Explicitus
451 2201 518 2240 est
560 2209 615 2239 ex
657 2195 808 2240 ordine
849 2196 959 2240 liber
1002 2197 1258 2240 vicensimus

237 2254 454 2310 septimus,
486 2253 766 2308 singularium
796 2258 972 2296 octavus
1002 2253 1193 2297 feliciter.

172 2367 325 2424 Incipit
361 2381 417 2412 ex
454 2366 606 2410 ordine
644 2366 753 2410 liber
782 2366 1040 2410 vicensimus
1069 2376 1256 2422 octavus,

417 2423 696 2479 singularium
726 2423 837 2466 liber
865 2437 1018 2467 nonus.

196 2517 215 2537 n
264 2507 290 2538 R
325 2502 393 2547 Qui
415 2503 633 2537 testamenta
655 2500 776 2536 facere
798 2504 952 2545 possunt
975 2504 1011 2537 et
1030 2501 1258 2546 quemadmo-

374 2548 459 2582 dum
481 2550 696 2582 testamenta
718 2545 820 2582 fiant.

193 2597 217 2636 β
265 2597 290 2628 R
326 2593 380 2628 De
403 2593 523 2628 liberis
547 2596 584 2627 et
606 2591 781 2637 postumis
808 2591 999 2627 heredibus
1031 2591 1258 2628 instituendis

374 2638 430 2674 vel
453 2636 712 2673 exheredandis
736 2636 793 2672 vel
840 2637 1031 2673 raeteritis.

192 2698 215 2730 γ
266 2687 291 2718 R
325 2683 380 2718 De
402 2682 535 2718 iniusto
559 2685 666 2727 rupto
690 2682 790 2717 irrito
831 2686 914 2717 acto
937 2685 1164 2718 testamento.

195 2727 218 2762 ὃ
265 2733 289 2763 R
323 2728 379 2763 De
401 2728 458 2763 his
482 2729 599 2772 quae⁶
628 2727 666 2762 in
697 2730 911 2765 testamento
940 2727 1121 2772 delentur,
1156 2728 1259 2763 indu-

375 2776 506 2809 cuntur
527 2773 582 2809 vel
605 2772 863 2809 inscribuntur.
1107 2787 1110 2789 “

196 2832 213 2853 ε
265 2823 291 2854 R
325 2817 381 2854 De
402 2818 594 2854 heredibus
617 2818 856 2854 instituendis.

195 2878 211 2900 c
265 2868 291 2900 R
324 2863 381 2899 De
403 2863 538 2908 vulgari
562 2867 599 2899 et
621 2863 789 2908 pupillari
813 2863 1076 2900 substitutione.

197 2911 216 2950 ζ
264 2913 291 2945 Β
325 2908 382 2943 De
406 2908 673 2944 condicionibus
696 2908 973 2946 institutionum.

196 2969 217 2998 η
264 2959 290 2990 R
325 2954 380 2989 De
403 2954 480 2989 iure
504 2953 733 2990 deliberandi.

174 3012 360 3068 Explicit
389 3013 497 3055 liber
526 3025 580 3054 ex
611 3012 761 3054 ordine
791 3012 1046 3055 vicensimus
1070 3016 1258 3066 octavus,

418 3068 696 3123 singularium
728 3069 837 3111 liber
866 3082 1017 3112 nonus.

171 3194 215 3236 (ι)
237 3191 365 3235 singuli
382 3191 418 3225 F

173 3241 219 3279 (8)
243 3237 368 3271 ordone
389 3237 426 3271 F

502 3192 548 3234 (2)
570 3190 761 3235 praetendis
779 3192 813 3224 F
893 3194 937 3234 (3)
962 3193 1068 3226 tutela
1089 3192 1141 3226 F²

508 3238 554 3278 (⁹)
578 3236 686 3269 causis
705 3236 749 3280 etl
767 3238 875 3269 causis
894 3238 957 3280 17¹,
976 3241 1089 3271 causet
1108 3237 1159 3271 F’

1226 3194 1269 3234 (4)
1293 3190 1407 3235 provel
1430 3192 1463 3224 F
1537 3193 1581 3233 (5)
1605 3192 1665 3234 qui
1685 3192 1719 3224 F
1792 3192 1838 3232 (6)
1863 3192 1891 3223 Β
1913 3191 1991 3224 add.
2010 3189 2062 3224 F’

1609 290 1887 346 singularium
1916 291 2118 336 decimus.

1342 382 1366 402 α
1412 373 1439 404 R
1474 368 1530 405 De
1552 372 1765 406 testamento
1789 369 1921 406 militis.

1341 418 1367 458 β
1413 418 1440 450 R
1475 414 1530 450 De
1553 414 1774 460 adquirenda
1795 415 1852 452 vel
1875 414 2070 451 amittenda
2092 414 2302 450 hereditate.

1343 473 1365 506 γ
1417 463 1443 494 R
1478 459 1710 496 Testamenta
1733 460 2028 506 quemadmodum
2051 460 2270 506 aperiantur,
2295 459 2407 506 inspi-

1524 505 1665 541 ciantur
1688 509 1724 542 et
1746 506 2007 542 describantur.

1344 548 1366 583 ὃ
1414 554 1438 585 R
1474 549 1513 586 Si
1536 550 1614 596 quis
1640 551 1771 587 omissa
1793 561 1904 587 causa
1926 551 2130 587 testamenti
2160 551 2206 586 ab
2237 550 2408 586 intestato

1524 596 1581 631 vel
1604 596 1675 632 alio
1699 596 1804 632 modo
1828 595 2011 642 possideat
2033 596 2278 632 hereditatem.

1346 654 1362 674 ε
1414 645 1440 676 R
1476 641 1531 676 De
1560 645 1707 677 senatus
1737 642 1901 678 consulto
1926 641 2106 676 Silaniano
2138 645 2175 677 et
2198 640 2407 683 Claudiano,

1527 696 1678 731 quorum
1702 690 1917 724 testamenta
1939 697 1984 722 ne
2007 687 2226 739 aperiantur.

1344 744 1360 767 ς
1412 736 1438 767 Β
1473 731 1512 767 Si
1530 731 1608 777 quis
1625 732 1779 777 aliquem
1793 731 1919 768 testari
1934 731 2158 778 prohibuerit
2172 731 2228 767 vel
2243 731 2408 776 coegerit.

1347 778 1366 817 ζ
1416 781 1441 812 R
1477 777 1532 812 De
1554 777 1632 813 iure
1656 777 1910 814 codicillorum.

1323 880 1479 935 Incipit
1518 880 1626 924 liber
1662 880 1823 936 primus
1862 880 1917 923 de
1945 879 2101 935 legatis
2130 884 2174 924 et
2200 879 2411 924 fideicom-

1428 937 1582 990 missis,
1614 950 1669 981 ex
1698 937 1848 981 ordine
1878 937 1988 980 liber
2017 937 2302 992 trigensimus.
2386 958 2389 960 >

1346 1017 1369 1037 α
1416 1007 1443 1038 R
1477 1002 1533 1039 De
1555 1002 1681 1048 legatis
1706 1007 1742 1039 et
1765 1003 2060 1040 fideicommissis.

1323 1107 1504 1162 “Incipit
1541 1106 1650 1149 liber
1688 1106 1900 1151 secundus
1938 1107 1993 1151 de
2029 1107 2186 1162 legatis
2224 1110 2268 1150 et
2296 1105 2413 1150 fidei·

1359 1163 1608 1217 commissis,
1643 1175 1697 1207 cx
1726 1163 1879 1207 ordine
1907 1164 2178 1219 trigensimus
2207 1163 2383 1219 primus.

1347 1255 1371 1275 α
1417 1241 1467 1276 R⁷
1491 1240 1547 1277 De
1569 1239 1695 1285 legatis
1718 1243 1755 1276 et
1778 1240 2071 1278 fideicommissis.

1323 1344 1479 1400 Incipit
1514 1344 1624 1388 liber
1659 1344 1808 1388 tertius
1846 1343 1901 1388 de
1937 1344 2093 1399 legatis
2132 1349 2175 1389 et
2203 1344 2414 1389 fideicom-

1379 1401 1533 1455 missis,
1565 1414 1619 1445 ex
1648 1401 1799 1444 ordine
1827 1401 2100 1456 trigensimus
2130 1401 2356 1446 secundus.

1347 1482 1371 1502 α
1417 1469 1467 1504 R⁷
1491 1467 1547 1504 De
1568 1467 1694 1513 legatis
1718 1471 1754 1503 et
1777 1467 2070 1504 fideicommissis.

1324 1571 1479 1627 Incipit
1514 1572 1625 1615 liber
1654 1575 1828 1626 quartus
1862 1570 1916 1614 de
1946 1571 2100 1626 legatis
2130 1575 2174 1615 et
2201 1569 2413 1614 fideicom-

1353 1629 1508 1681 missis,
1540 1641 1595 1672 ex
1624 1628 1773 1671 ordine
1802 1628 1911 1671 liber
1932 1628 2204 1683 trigensimus
2225 1627 2386 1671 tertius.

1348 1721 1372 1740 a
1419 1710 1446 1742 R
1482 1706 1538 1742 De
1561 1706 1689 1742 annuis
1712 1709 1750 1742 et
1771 1705 1962 1742 menstruis
1985 1706 2123 1751 legatis.

1347 1756 1373 1797 β
1419 1756 1445 1787 Β
1479 1752 1535 1787 De
1558 1762 1627 1787 usu
1652 1755 1689 1787 et
1713 1761 1781 1787 usu
1803 1751 1925 1787 fructu
1945 1755 1982 1787 et
1999 1751 2223 1788 habitatione
2243 1754 2280 1788 et
2296 1751 2414 1797 operis

1528 1807 1593 1843 per
1615 1797 1772 1841 legatum
1795 1796 1851 1832 vel
1873 1795 2186 1834 fideicommissum
2209 1796 2316 1833 datis.

1419 1847 1446 1879 R
1480 1843 1537 1878 De
1560 1842 1729 1878 servitute
1751 1842 1879 1887 legata.

1417 1892 1445 1924 R
1481 1888 1536 1924 De
1560 1888 1643 1923 dote
1665 1887 1880 1933 praelegata.

1417 1938 1444 1969 R
1479 1934 1535 1969 De
1559 1933 1704 1978 optione
1726 1932 1782 1969 vel
1806 1932 1980 1968 electione
2003 1933 2133 1978 legata.

1415 1983 1443 2015 R
1476 1979 1533 2015 De
1555 1978 1674 2014 tritico
1698 1977 1780 2013 vino
1804 1977 1861 2013 vel
1884 1978 1964 2014 oleo
1987 1978 2116 2023 legato.

1422 2028 1448 2060 R
1482 2024 1537 2060 De
1559 2024 1736 2060 instructo
1759 2023 1815 2058 vel
1837 2023 2074 2060 instrumento
2096 2024 2225 2069 legato.

1419 2075 1446 2106 R
1481 2070 1536 2105 De
1558 2069 1699 2115 peculio
1723 2069 1854 2113 legato.

1420 2120 1446 2151 R
1481 2115 1537 2151 De
1560 2125 1658 2160 penu
1680 2114 1808 2159 legata.

1421 2165 1448 2196 R
1482 2161 1539 2196 De
1562 2159 1775 2206 supellectili
1798 2159 1926 2204 legata.

1347 1857 1381 2195 *cp-sunnonem<

1327 2264 1484 2320 Incipit
1520 2277 1574 2307 ex
1604 2262 1755 2306 ordine
1786 2262 2045 2317 digestorum
2083 2262 2193 2306 liber
2220 2261 2414 2317 trigensi-

1719 2333 1813 2363 mus
1842 2323 2030 2373 quartus.

1351 2413 1374 2433 α
1421 2403 1447 2434 R
1484 2398 1539 2433 De
1563 2396 1739 2433 alimentis
1762 2396 1818 2432 vel
1841 2396 1985 2433 cibariis
2004 2396 2143 2442 legatis.

1349 2449 1372 2489 β
1419 2449 1445 2479 R
1479 2443 1535 2479 De
1559 2453 1647 2478 auro
1668 2446 1817 2486 argento
1836 2442 1968 2478 mundo
1990 2442 2208 2478 ornamentis
2225 2442 2415 2488 unguentis

1531 2492 1629 2524 veste
1651 2488 1707 2523 vel
1729 2487 1948 2523 vestimentis
1971 2491 2008 2523 et
2030 2488 2160 2523 statuis
2183 2488 2321 2533 legatis.

1349 2548 1373 2582 y
1423 2539 1450 2570 R
1485 2534 1542 2570 De
1563 2533 1774 2569 liberatione
1797 2533 1925 2577 legata.

1352 2579 1374 2615 δ
1420 2585 1447 2616 R
1480 2579 1537 2615 De
1561 2578 1758 2614 adimendis
1781 2579 1836 2613 vel
1859 2578 2116 2615 transferendis
2140 2578 2278 2623 legatis.

1352 2639 1369 2660 ε
1420 2630 1446 2661 Β
1481 2625 1537 2660 De
1559 2624 1669 2660 rebus
1692 2623 1820 2659 dubiis.

1351 2685 1367 2707 ς
1420 2676 1447 2706 R
1481 2670 1537 2705 De
1560 2670 1628 2711 his,
1653 2679 1746 2714 quae
1769 2679 1908 2714 poenae
1931 2679 2043 2705 causa
2065 2670 2325 2715 relinquuntur.

1353 2717 1374 2758 ζ
1421 2720 1448 2752 R
1483 2715 1538 2751 De
1561 2714 1685 2760 regula
1709 2713 1918 2750 Catoniana.

1353 2775 1374 2804 η
1423 2766 1448 2797 Β
1483 2760 1539 2796 De
1561 2760 1629 2802 his,
1654 2769 1746 2805 quae
1769 2770 1835 2805 pro
1858 2770 1931 2795 non
1955 2759 2087 2804 scripto
2111 2759 2301 2796 habentur.

1352 2808 1384 2841 θ
1422 2811 1449 2842 Β
1484 2806 1539 2842 De
1562 2806 1630 2848 his,
1655 2815 1747 2850 quae
1770 2809 1811 2840 ut
1832 2804 1984 2850 indignis
2009 2804 2232 2840 auferuntur.

1330 2909 1483 2964 Incipit
1512 2922 1566 2952 ex
1596 2909 1769 2952 ordine⁸
1798 2908 1905 2951 liber
1927 2907 2199 2962 trigensimus
2229 2907 2414 2962 quintus.

1351 3002 1376 3022 a
1423 2991 1448 3022 R
1484 2987 1540 3022 De
1556 2986 1824 3023 condicionibus
1842 2990 1879 3021 et
1895 2985 2258 3022 demonstrationibus
2275 2988 2312 3021 et
2330 2995 2415 3021 cau-

1532 3032 1602 3112 giesi-i
1604 3033 1694 3113 ffddt
1695 3031 1821 3112 1:iliodis
1852 3041 1995 3074 eorum,
2026 3040 2119 3077 quae
2142 3031 2178 3066 in
2202 3034 2411 3067 testamento

2140 3190 2190 3232 (η
2214 3202 2236 3222 α
2263 3192 2286 3224 n
2309 3203 2364 3224 om.
2383 3188 2418 3222 F

172 3306 1469 3325 m*

174 3357 250 3384 ante
274 3350 295 3383 1.
315 3350 356 3384 X
355 3349 395 3384 X
401 3348 451 3383 V!
468 3347 679 3401 expliciLlib.
694 3358 760 3382 xxv
781 3349 905 3393 incipit
920 3349 978 3383 lib.
992 3350 1071 3384 xxvi
1095 3349 1239 3384 feliciter
1249 3347 1262 3394 ΙΙ
1331 3358 1404 3383 ante
1430 3351 1449 3383 l.
1470 3350 1609 3384 XXXI
1623 3348 1762 3393 explicit
1776 3348 1837 3382 lib.
1848 3359 1914 3381 xxx
1930 3348 2052 3392 incipit
2062 3347 2121 3381 lib.
2134 3348 2213 3381 xxxi
2232 3347 2376 3382 feliciter
2389 3349 2423 3383 F

219 3406 341 3450 incipit
357 3405 560 3449 digestorum
576 3406 627 3438 siv
646 3406 883 3449 pandectarum
904 3406 990 3440 liber
1005 3403 1088 3440 xxvi
1104 3407 1139 3440 F

176 3471 252 3497 ante
275 3462 297 3497 1.
315 3462 475 3498 XXVII

219 3508 298 3541 xxvi
309 3507 322 3552 ΙΙ
332 3507 391 3541 lib.
409 3507 503 3541 xxvii
522 3508 558 3542 F

176 3561 252 3587 ante
276 3554 295 3587 l.
315 3552 488 3588 XXVII!
508 3565 566 3586 nec
584 3554 781 3596 subscripffo
801 3565 903 3597 neque
924 3555 1092 3597 inscriptio
1113 3555 1145 3587 in
1165 3554 1198 3586 F

178 3605 252 3631 ante
276 3598 297 3631 1.
318 3598 399 3632 XX
406 3597 509 3632 Vlm
537 3597 676 3641 explicit
703 3598 907 3641 digestorum
930 3599 999 3631 sive
1022 3599 1261 3641 pandectarum

222 3643 279 3676 lib.
300 3643 404 3675 xxviii
423 3642 465 3676 de
481 3644 685 3676 testamentis
702 3643 761 3676 lib.
781 3644 861 3676 xxix
881 3642 1024 3677 feliciter
1043 3644 1078 3676 F

182 3696 268 3765 ”⁸2⁸1
277 3688 298 3721 1.
318 3688 438 3722 XXX
460 3689 603 3722 feliciter
613 3687 626 3733 ΙΙ
636 3687 774 3731 explicit
793 3688 852 3720 lib.
872 3689 952 3722 xxix
975 3689 1096 3730 incipit
1115 3688 1174 3721 lib.
1195 3698 1260 3720 xxx

238 3743 255 3765 e
269 3734 365 3766 iciter
387 3734 421 3765 F

488 3461 627 3506 explicit
640 3462 842 3505 digestorum
854 3473 912 3495 scu
924 3463 1163 3506 pandectarum
1176 3462 1262 3495 liber

1331 3414 1405 3458 ante
1431 3407 1451 3439 l.
1472 3405 1630 3440 XXXI!
1650 3404 1788 3448 explicit
1809 3403 1869 3438 lib.
1886 3403 1964 3438 xxxi
1993 3404 2116 3448 incipit
2137 3404 2196 3438 lib.
2216 3405 2308 3438 xxxii
2340 3404 2415 3438 feli-

1330 3453 1459 3541 ungu?
1470 3452 1646 3542 §XXIII
1667 3507 1806 3551 explicit
1829 3507 2030 3550 digestorum
2054 3505 2143 3539 libro
2165 3505 2416 3552 miinincipit

1375 3552 1579 3595 digestorum
1598 3553 1685 3587 liber
1704 3553 1812 3586 xxxiii
1829 3553 1864 3586 F

1331 3606 1405 3632 ante
1430 3599 1450 3631 l.
1472 3599 1665 3632 XXXIII!
1696 3597 1834 3641 explicit
1862 3597 2066 3640 digestorum
2094 3608 2152 3630 seu
2175 3596 2413 3641 pandectarum

1375 3642 1461 3676 liber
1480 3644 1670 3686 trigesimus
1690 3643 1811 3676 tertius
1829 3641 1972 3676 feliciter
1983 3641 1995 3685 ΙΙ
2007 3641 2065 3674 lib.
2084 3642 2205 3675 xxxiiii
2225 3641 2258 3674 F

1327 3695 1404 3731 pose
1427 3689 1448 3721 l.
1468 3688 1644 3722 XXXIV
1670 3686 1808 3731 explicit
1828 3686 1914 3721 liber
1936 3687 2035 3719 xxxiv
2060 3686 2101 3719 de
2123 3686 2243 3729 legatis
2265 3688 2298 3719 et
2321 3685 2413 3719 fidei-

1376 3732 1555 3765 commissis
1576 3731 1661 3765 liber
1681 3733 1818 3775 quintus
1837 3730 1979 3768 feliciter
1999 3731 2034 3763 F
