2528 3918
112 157 168 188 ET
197 156 443 188 NOMINIBUS
471 155 628 188 EORUM

111 268 258 305 totidem
284 273 388 305 erunt
407 269 530 305 matris
549 268 787 349 appellatione
806 267 1002 312 proposita.
1039 278 1196 302 avuncu-

111 315 168 350 lus
191 316 384 351 maximus:
409 315 440 350 is
465 318 520 350 est
542 325 564 349 a
589 313 689 349 aviae
713 313 835 356 frater,
861 313 974 357 patris
998 313 1054 348 vel
1074 313 1197 348 matris

112 361 308 395 avunculus
326 361 455 396 maior:
481 363 517 395 et
530 369 699 394 numerus
715 358 810 394 idem
826 362 862 393 et
880 368 1115 404 personarum
1136 368 1196 394 ex-

111 406 240 450 positio
271 405 393 441 eadem
425 414 515 449 quae
544 414 655 449 supra
683 404 753 440 1106
782 403 970 439 dumtaxat
998 404 1195 445 immutato,

111 455 151 486 ut
180 462 244 496 pro
276 451 380 486 abavi
410 450 522 485 fratre
553 449 703 484 abaviae
734 449 881 484 fratrem
939 459 1037 485 onas.
1087 448 1198 484 amita

113 497 281 531 maxima:
306 498 370 531 ea¹
395 498 450 530 est
473 495 577 530 abavi
601 505 714 537 soror,
739 494 853 539 patris
871 504 912 529 ve
943 495 1068 530 matris
1087 494 1196 529 amita

112 542 239 576 maior:
278 545 396 576 cetera
424 543 466 574 ut
495 541 532 575 in
562 543 694 585 patruo
726 540 880 575 maximo
912 539 1099 575 immutato
1129 540 1197 575 hoc

111 591 260 630 tantum,
285 590 325 621 ut
347 586 409 620 ubi
434 589 488 620 est
512 585 616 620 abavi
638 585 752 621 frater
775 588 932 638 ponatur
955 586 1059 622 abavi
1082 595 1195 621 soror.

110 636 300 666 matertera
329 631 500 666 maxima:
532 640 575 666 ea
605 634 659 666 est
683 632 832 666 abaviae
857 641 974 674 soror,
1003 631 1117 677 patris
1141 630 1197 665 vel

110 677 231 711 matris
260 679 453 711 matertera
481 676 613 711 maior:
645 680 764 711 cetera
793 680 833 711 ut
863 686 974 721 supra
1003 676 1051 711 ad
1080 679 1194 712 extre-

109 732 203 756 mum
227 721 412 756 dumtaxat
440 732 506 766 pro
532 721 679 757 abaviae
702 722 814 756 fratre
837 721 1024 767 proposita
1048 721 1196 757 abaviae

109 777 240 802 sorore.
288 767 353 802 hos
384 770 523 810 omnes,
555 777 644 811 quos
675 778 697 802 a
728 771 858 812 patruo
888 767 1043 802 maximo
1074 766 1194 812 posui-

107 823 201 854 mus,
243 812 387 856 quidam
421 812 477 847 his
512 813 715 848 nominibus
751 812 956 856 designant:
996 812 1196 857 abpatruus

107 857 351 892 abavunculus
363 858 387 899 2,
425 858 583 892 abamita
613 858 871 893 abmatertera:
910 859 1031 903 itaque
1063 861 1100 892 et
1130 868 1196 892 nos

106 902 347 937 indifferenter
370 902 436 938 hos
459 913 644 948 ponemus.
695 914 786 949 quos
816 914 879 948 ego
910 907 1030 938 autem
1053 902 1194 948 appello

107 949 301 992 abpatruos
332 948 594 992 abavunculos,
628 949 804 984 abamitas
835 949 1112 992 abmaterteras,
1144 948 1197 983 illi

106 1004 161 1028 me
185 993 431 1028 demonstrant
453 993 577 1029 fratris
602 995 831 1039 sororisque³
860 994 952 1029 abne
980 998 1084 1029 otem.
1131 1004 1194 1038 pa-

106 1039 178 1073 trui
202 1039 345 1074 maioris
369 1038 465 1074 filius
489 1039 578 1074 filia:
612 1040 649 1074 hi
679 1044 764 1075 sunt
793 1040 918 1084 proavi
959 1040 1070 1075 'ratris
1099 1039 1195 1074 filius

106 1084 189 1127 filia,
214 1085 319 1119 abavi
336 1084 483 1120 abaviae
499 1096 564 1130 per
582 1096 757 1130 proavum
775 1095 887 1130 nepos
906 1086 1022 1130 neptis
1040 1096 1085 1120 ex
1102 1084 1194 1119 filio:

103 1140 279 1174 personae
313 1130 380 1164 sub
410 1130 480 1166 1106
512 1135 617 1166 erunt
646 1131 816 1173 sedecim,
849 1131 1114 1166 enumeratione
1144 1130 1196 1165 sic

105 1175 214 1210 ducta
244 1179 286 1210 ut
315 1175 353 1209 in
383 1176 507 1220 quinto
539 1176 671 1221 gradu,
713 1187 793 1211 611111
823 1180 993 1221 patruum
1024 1176 1196 1210 maiorem

104 1221 439 1263 demonstraremus,
465 1221 627 1264 fecimus,
653 1222 793 1257 adiecto
814 1222 1000 1256 dumtaxat
1016 1221 1089 1256 filio
1109 1220 1195 1263 filia,

105 1267 189 1311 quia
218 1266 313 1301 filius
343 1266 465 1346 patrui
496 1268 639 1303 maioris
671 1267 818 1302 totidem
851 1277 997 1302 necesse
1031 1270 1085 1302 est
1116 1276 1195 1311 per-

106 1322 213 1347 sonas
238 1322 341 1356 comp
358 1315 508 1356 ectatur,
534 1316 621 1357 quot
643 1317 795 1358 patruus
819 1313 943 1355 maior,
968 1312 1006 1347 id
1025 1315 1081 1347 est
1102 1315 1195 1347 octo.

104 1357 251 1392 totidem
269 1368 314 1392 ex
332 1356 428 1393 filiae
444 1359 624 1404 persona⁴
649 1358 865 1404 computatis
883 1358 913 1394 is
931 1368 1100 1393 numerus
1118 1356 1195 1392 effi-

1193 137 1277 189 583

2043 144 2273 188 XXXVIII
2308 149 2357 188 10

1269 266 1400 309 cietur,
1434 276 1538 312 quem
1562 275 1674 311 supra
1697 267 1892 310 posuimus.
1941 268 2072 303 amitae
2094 268 2240 305 maioris
2264 267 2358 303 filius

1268 312 1360 348 filia:
1386 313 1422 347 hi
1447 315 1532 348 sunt
1554 311 1679 356 proavi
1703 313 1836 348 sororis
1860 313 1954 348 filius
1977 314 2062 356 filia,
2087 314 2192 349 abavi
2212 313 2359 348 abaviae

1267 368 1333 402 per
1363 368 1538 403 proavum
1568 367 1681 401 nepos
1716 358 1832 401 neptis
1863 369 1908 393 ex
1939 359 2029 394 filia:
2069 363 2105 394 et
2140 359 2199 394 1116
2235 359 2356 394 eadem

1267 403 1406 438 ratione
1437 412 1611 449 personas
1645 401 1946 439 dinumerabimus
1981 404 2139 440 totidem.
2192 404 2360 440 avunculi

1268 449 1412 485 maioris
1441 448 1537 483 filius
1566 447 1659 482 filia:
1695 448 1733 482 hi
1773 450 1882 482 sunt⁵
1916 449 2083 493 proaviae
2112 450 2233 485 fratris
2263 450 2359 484 filius

1266 493 1357 537 11116,
1399 494 1504 529 abavi
1535 492 1683 528 abaviae
1714 503 1779 538 per
1807 495 1990 537 proaviam
2022 506 2134 540 nepos
2167 495 2284 540 neptis
2314 506 2358 530 ex

1267 538 1352 574 filio.
1401 539 1526 574 eadem
1554 538 1614 573 hic
1644 537 1881 574 dinumeratio
1912 539 2077 575 facienda
2100 545 2171 583 est,
2207 551 2298 586 quae
2322 541 2359 574 in

1266 584 1387 628 patrui
1420 583 1565 619 maioris
1596 582 1669 619 filio
1700 583 1785 619 filia.
1842 588 2055 620 materterae
2087 587 2231 622 maioris
2263 585 2358 621 filius

1265 629 1359 665 filia:
1391 629 1428 665 hi
1458 633 1542 664 sunt
1570 629 1739 674 proaviae
1764 630 1896 665 sororis
1921 630 2014 665 filius
2037 630 2129 673 filia,
2161 632 2264 667 abavi
2294 632 2357 667 ab·

1266 675 1366 710 aviae
1402 686 1466 720 per
1501 674 1685 720 proaviam
1723 685 1835 720 nepos
1870 675 1987 720 neptis
2027 687 2069 710 ex
2109 677 2222 711 filia0:
2263 678 2358 712 circa

1266 731 1453 756 numerum
1482 729 1717 765 personarum
1748 725 1783 754 et
1809 721 2066 766 expositionem
2090 726 2131 756 ut
2154 733 2274 767 supra.
2322 723 2358 758 hi

1267 776 1400 808 omnes,
1427 776 1517 811 quos
1541 766 1794 810 proposuimus
1819 776 1841 801 a
1865 767 1986 811 patrui
2009 767 2154 802 maioris
2179 768 2262 810 11110,
2293 778 2359 803 avo

1266 812 1435 846 aviaeve⁷
1462 811 1554 853 eius,
1580 810 1624 846 de
1649 811 1750 846 cuius
1776 811 1987 856 cognatione
2012 813 2210 856 quaeritur,
2236 813 2356 848 fratri-

1266 857 1334 892 bus
1367 860 1403 892 et
1432 856 1642 892 sororibus⁸
1677 867 1801 891 eorum
1838 858 2045 892 consobrini
2081 859 2358 893 consobrinaeve

1266 906 1368 937 sunt:
1407 906 1446 937 at
1481 902 1578 947 patri
1613 902 1814 946 matrique⁹
1853 902 2011 938 eiusdem
2049 903 2292 948 fratribusque
2325 907 2360 939 et

1265 947 1451 983 sororibus
1466 948 1581 982 utrius
1597 957 1720 982 eorum
1737 947 1888 993 propius
1905 948 2072 984 sobrinis.
2105 949 2225 993 patrui
2241 950 2359 994 magni

1266 1003 1377 1038 nepos
1394 993 1450 1028 vel
1465 995 1492 1013 ¹⁰
1515 992 1644 1038 neptis,
1670 993 1800 1027 amitae
1816 1003 1967 1039 magnae
1983 1004 2095 1038 nepos
2112 994 2167 1029 vel
2181 996 2207 1015 ¹⁰
2230 995 2359 1038 neptis,

1266 1039 1434 1074 avunculi
1451 1039 1572 1083 magni
1589 1049 1701 1083 nepos
1720 1039 1776 1073 vel
1790 1041 1817 1059 ¹⁰
1834 1040 1963 1084 neptis,
1979 1042 2196 1074 materterae
2211 1049 2361 1084 magnae

1266 1094 1378 1128 nepos
1408 1084 1465 1119 vel
1478 1085 1506 1105 ¹⁰
1530 1084 1666 1128 neptis:
1691 1084 1782 1119 haec
1806 1084 1986 1130 singula¹¹
2012 1085 2157 1119 nomina
2178 1085 2361 1119 continent

1266 1139 1439 1174 personas
1465 1130 1651 1174 sexaginta
1671 1133 1858 1174 quattuor:
1885 1140 1968 1165 nam
1993 1141 2075 1165 cum
2098 1130 2221 1175 patrui
2242 1130 2362 1175 magni

1266 1176 1365 1210 verbi
1388 1175 1504 1220 gratia
1527 1185 1683 1220 persona
1707 1175 1963 1219 quadrifariam
1987 1176 2226 1221 intellegatur,
2250 1186 2360 1220 nepo-

1266 1220 1312 1255 tis
1337 1220 1520 1263 bifariam,
1548 1220 1750 1265 geminatur
1772 1220 1803 1256 is
1826 1231 1996 1257 numerus
2021 1226 2151 1266 nepote
2176 1221 2362 1256 dumtaxat

1267 1266 1502 1301 adnumerato
1534 1270 1570 1301 et
1600 1266 1863 1311 quadruplatur
1891 1267 1922 1302 is
1953 1267 2013 1311 qui
2041 1267 2242 1312 geminatus
2266 1271 2360 1302 erate

1267 1311 1474 1356 duplicatur
1494 1311 1601 1347 etiam
1620 1315 1726 1356 nepte
1745 1316 1951 1357 computata
1964 1314 2003 1347 ¹².
2040 1317 2077 1348 et
2096 1315 2237 1347 tantum
2255 1313 2360 1347 unius

1267 1356 1597 1393 denumerationem
1620 1357 1855 1402 proponimus
1879 1358 2033 1403 exempli
2055 1358 2183 1403 gratia.

102 1498 204 1538 pater
262 1503 349 1529 avus
406 1504 562 1539 proavus
619 1494 733 1530 frater
750 1495 806 1529 avi
822 1494 884 1539 qui
900 1497 955 1530 est
969 1497 1120 1539 patruus
1137 1503 1288 1539 magnus
1346 1493 1442 1529 filius
1467 1493 1543 1529 eius
1601 1503 1714 1539 nepos
1732 1493 1890 1529 eiusdem
1907 1504 1951 1529 ex
1967 1493 2042 1529 filio
2102 1494 2189 1530 item
2207 1495 2323 1539 neptis

101 1543 205 1584 pater
263 1549 349 1574 avus
407 1539 556 1584 proavia
619 1540 733 1575 frater
749 1540 804 1575 avi
822 1540 883 1584 qui
899 1543 954 1576 est
968 1543 1121 1585 patruus
1138 1549 1288 1584 magnus
1346 1539 1441 1575 filius
1467 1540 1542 1575 eius
1600 1549 1713 1585 nepos
1731 1539 1890 1575 eiusdem
1906 1550 1951 1575 ex
1968 1540 2041 1575 filio
2100 1541 2186 1575 item
2204 1540 2321 1585 neptis

101 1588 206 1630 pater
262 1595 349 1620 avus
406 1595 562 1630 proavus
620 1585 733 1621 frater
749 1586 804 1621 avi
821 1586 881 1630 qui
898 1588 953 1621 est
967 1588 1119 1630 patruus
1137 1595 1286 1630 magnus
1346 1585 1421 1620 filia
1454 1586 1530 1620 eius
1600 1594 1714 1630 nepos
1731 1584 1889 1620 eiusdem
1906 1595 1950 1621 ex
1966 1585 2041 1620 filia
2099 1586 2185 1620 item
2203 1587 2321 1631 neptis
2335 1587 2361 1607 ¹³

103 1634 206 1675 pater
263 1640 350 1666 avus
407 1630 555 1676 proavia
619 1630 732 1667 frater
748 1631 805 1666 avi
821 1631 882 1676 qui
899 1634 953 1666 est
968 1635 1119 1675 patruus
1135 1641 1287 1675 magnus
1346 1629 1420 1665 filia
1434 1631 1461 1652 ¹⁴
1477 1631 1553 1666 eius
1600 1640 1712 1676 nepos
1730 1630 1889 1666 eiusdem
1906 1640 1950 1666 ex
1966 1630 2041 1666 filia
2098 1631 2182 1666 item
2202 1631 2320 1676 neptis

105 1766 251 1802 totidem
276 1770 311 1801 et
335 1765 459 1802 eadem
482 1766 622 1803 ratione
645 1769 875 1811 exponuntur
903 1766 1026 1801 matris
1052 1767 1194 1802 nomine

102 1812 315 1857 anteposito,
340 1811 378 1847 id
403 1816 456 1847 est
479 1815 520 1847 ut
544 1812 601 1847 avi
625 1812 775 1848 materni
798 1811 920 1846 fratris
934 1813 961 1833 ¹⁵
985 1816 1134 1857 nepotes
1160 1816 1195 1847 et

101 1862 225 1902 neptes
257 1861 515 1902 computemus.
561 1858 646 1893 item
669 1858 707 1892 in
731 1857 840 1892 amita
862 1867 992 1901 magna
1005 1858 1043 1901 ¹⁶,
1074 1857 1111 1892 id
1140 1861 1195 1893 est

101 1904 157 1938 avi
181 1903 334 1946 sororis,
359 1908 507 1947 nepotes
532 1907 727 1948 neptesque
751 1903 1057 1938 enumerabimus:
1082 1902 1192 1938 idem-

101 1959 168 1994 que
191 1949 228 1983 in
252 1948 427 1984 avunculo
451 1959 579 1993 magno
595 1950 633 1992 ¹⁷,
657 1948 694 1983 id
712 1952 767 1984 est
785 1949 884 1982 aviae
904 1947 1044 1983 fratris:
1071 1948 1193 1983 eadem

100 1995 240 2029 ratione
263 1994 341 2028 in¹⁸
364 1997 578 2029 materterae
601 2004 762 2039 magnae,
788 1994 824 2029 id
841 1998 897 2029 est
917 1993 1017 2028 aviae
1039 1994 1191 2029 sororis:

101 2050 145 2074 ex
180 2040 309 2084 quibus
347 2039 533 2075 universus
570 2050 739 2074 numerus
776 2039 972 2084 completur
1007 2039 1193 2084 sexaginta

102 2089 282 2130 quattuor.
336 2085 373 2120 hi
406 2096 526 2120 omnes
557 2085 683 2130 proavi
719 2089 782 2119 aut
815 2085 983 2129 proaviae
1014 2085 1107 2127 eius,
1149 2085 1192 2120 de

101 2131 203 2166 cuius
229 2130 440 2175 cognatione
464 2131 667 2176 quaeritur,
694 2134 911 2175 pronepotes
937 2134 972 2165 et
985 2130 1013 2151 ¹⁹
1036 2140 1191 2176 pronep-

100 2271 203 2311 pater
262 2276 349 2301 avus
408 2269 559 2311 patruus
617 2266 712 2301 filius
729 2266 850 2312 patrui
909 2276 1022 2311 nepos
1040 2265 1198 2302 eiusdem
1216 2277 1259 2302 ex
1275 2266 1348 2302 filio

100 2361 203 2402 pater
262 2357 341 2392 avia
404 2361 556 2402 patruus
614 2356 708 2392 filius
724 2357 846 2402 patrui
904 2367 1014 2402 nepos
1032 2356 1189 2392 eiusdem
1210 2368 1254 2392 ex
1269 2357 1343 2392 fflio

100 2407 203 2448 pater
262 2413 348 2438 avus
405 2406 555 2447 patruus
615 2401 689 2437 filia
712 2402 833 2448 patrui
902 2412 1014 2448 nepos
1032 2402 1189 2438 eiusdem
1209 2413 1253 2437 ex
1270 2403 1344 2438 filia

100 2451 203 2493 pater
261 2448 343 2482 avia
404 2452 555 2493 patruus
614 2447 688 2483 filia
712 2448 833 2493 patrui
902 2458 1014 2493 nepos
1032 2448 1108 2483 eius
1124 2458 1167 2483 ex
1185 2447 1258 2482 filia
1270 2449 1301 2469 2⁵

99 2497 202 2538 pater
260 2503 347 2528 avus
404 2497 556 2538 patruus
614 2493 709 2529 filius
724 2493 845 2538 patrui
902 2494 1017 2538 neptis
1032 2493 1191 2528 eiusdem
1208 2504 1252 2528 ex
1268 2493 1341 2529 fflio

100 2542 202 2584 pater
261 2539 339 2573 avia
404 2542 557 2583 patruus
614 2538 708 2574 filius
724 2538 843 2583 patrui
902 2538 1019 2584 neptis
1028 2539 1060 2559 ‘²⁶
1073 2538 1231 2574 eiusdem
1245 2549 1288 2573 ex
1301 2539 1374 2574 filio

100 2589 202 2629 pater
260 2594 347 2619 avus
404 2588 557 2628 patruus
613 2583 689 2619 filia
712 2584 832 2629 patrui
901 2584 1018 2629 neptis
1032 2584 1189 2619 eiusdem
1208 2594 1252 2619 ex
1267 2584 1341 2619 filia

99 2633 203 2674 pater
262 2630 343 2665 avia
405 2634 557 2674 patruus
614 2629 689 2664 filia
712 2630 833 2674 patrui
901 2629 1017 2674 neptis
1033 2629 1190 2665 eiusdem
1205 2640 1250 2665 ex
1266 2630 1341 2665 filia

101 2765 230 2800 amitae
254 2776 434 2811 pronepos
458 2764 660 2810 proneptis:
694 2764 842 2799 totidem
869 2775 1043 2809 personas
1068 2766 1191 2800 eadem

100 2811 241 2846 ratione
278 2814 313 2846 et
348 2810 379 2846 is
416 2810 590 2853 continet,
633 2813 774 2845 tantum
811 2820 877 2855 pro
916 2814 1045 2855 patruo
1082 2811 1192 2845 amita

102 2860 254 2901 sumpta.
306 2856 392 2891 item
401 2856 432 2876 2⁷
463 2855 631 2890 avunculi
658 2866 838 2901 pronepos
868 2856 1070 2900 proneptis,
1106 2856 1191 2891 item

100 2912 166 2946 pro
198 2905 329 2947 patruo
368 2901 544 2936 avunculo
576 2901 706 2946 posito.
760 2905 974 2936 materterae
1011 2912 1190 2946 pronepos

100 2947 302 2992 proneptis:
334 2950 370 2982 et
393 2947 451 2982 1116
474 2947 536 2981 11111
559 2950 711 2992 patruus
735 2946 875 2991 positus
900 2950 973 2988 est,
997 2950 1191 2982 matertera

101 2996 310 3028 enumerata
331 2992 481 3028 eundem
499 3002 685 3027 numerum
704 3002 939 3037 personarum
958 2992 1188 3027 inveniemus.

101 3037 139 3072 hi
162 3048 283 3073 omnes
308 3038 401 3080 eius,
433 3037 476 3073 de
506 3037 607 3073 cuius
638 3038 848 3082 cognatione
873 3038 1073 3082 quaeritur,
1104 3048 1189 3073 con-

103 3083 328 3118 sobrinorum
351 3087 498 3128 nepotes
524 3086 692 3127 neptesve
715 3086 810 3118 sunt.
846 3082 967 3118 fratris
986 3083 1191 3128 sororisque

102 3128 260 3173 abnepos
285 3129 467 3173 abneptis:
496 3127 654 3163 efficiunt
677 3138 851 3173 personas
876 3129 1062 3172 sexaginta
1086 3132 1189 3173 quat-

100 3177 194 3217 tuor,
219 3177 259 3208 ut
282 3184 326 3209 ex
351 3184 461 3219 supra
484 3173 627 3218 scriptis
653 3183 827 3218 apparere
854 3177 983 3219 potest.
1030 3173 1189 3218 trinepos

102 3218 284 3263 trineptis:
316 3219 352 3253 hi
376 3223 460 3254 sunt
482 3218 546 3254 filii
568 3218 706 3254 filiaeve
730 3218 888 3263 adnepos
913 3218 1096 3264 adneptis,
1126 3229 1189 3254 ne-

102 3263 196 3307 potis
222 3264 337 3308 neptis
348 3265 378 3285 ²⁸
403 3265 562 3310 abnepos
587 3264 770 3309 abneptis,
801 3264 1010 3310 pronepotis
1033 3274 1187 3310 pronep-

102 3470 142 3508 (1)
169 3477 206 3499 ea
220 3479 276 3499 om.
291 3467 325 3499 F
400 3470 442 3510 (2)
467 3468 762 3502 abavuncunoulus
775 3469 811 3502 F
885 3471 927 3509 (3)
953 3470 1115 3502 sororisve
1126 3482 1188 3503 scr.

103 3516 145 3553 (4)
169 3522 328 3555 personae
341 3513 375 3545 F
435 3515 476 3553 (5)
500 3515 617 3556 proavi
630 3516 690 3548 ins.
703 3515 737 3547 F
790 3516 834 3556 (6)
859 3513 930 3546 filio
942 3514 977 3547 F
1030 3516 1072 3557 (7)
1097 3515 1190 3548 aviae

102 3568 169 3590 esse
182 3558 215 3590 F
273 3558 316 3597 (8)
342 3557 565 3601 fratribusque
577 3561 610 3592 et
621 3559 790 3592 sororibus
801 3559 912 3592 utrius
923 3571 986 3592 scr.
1051 3561 1095 3602 (9)
1119 3571 1188 3593 1116-

106 3603 192 3636 trive
201 3615 262 3636 scr.
354 3604 416 3644 (10)
441 3603 494 3636 vel
508 3604 571 3638 del.
657 3606 711 3646 (11)
736 3604 836 3636 simul
854 3605 934 3637 Hal.
1017 3606 1075 3646 (12)
1101 3616 1189 3638 com-

104 3650 239 3689 putatae
255 3648 290 3680 F
391 3650 448 3690 (13)
475 3651 598 3682 tertium
611 3652 754 3683 ordinem
767 3663 824 3683 om.
839 3651 873 3682 F

103 3695 161 3731 (15)
186 3695 296 3735 patres
311 3694 346 3726 F
452 3695 511 3735 (16)
536 3694 573 3726 in
585 3694 687 3726 amita
698 3694 831 3737 magna]
843 3695 963 3727 amitae
974 3705 1114 3738 magnae
1126 3709 1187 3730 scr.

105 3740 162 3778 (17)
186 3737 338 3779 idemque
358 3739 395 3770 in
412 3739 579 3771 avunculo
595 3740 727 3782 magno]
747 3741 892 3781 itemque
904 3739 1064 3772 avunculi
1075 3742 1189 3783 magni

107 3793 166 3815 scr.
285 3786 344 3825 (18)
369 3785 405 3816 in
419 3785 480 3817 del.
598 3786 658 3827 (19)
683 3788 715 3817 et
728 3786 788 3819 del.
911 3787 974 3827 (20)
1000 3788 1112 3829 neptes
1124 3800 1186 3820 scr.

976 3652 1033 3692 (14)
1056 3648 1150 3684 fflius
1160 3652 1196 3684 F

1264 1770 1338 1809 tes,
1378 1765 1537 1802 eiusdem
1569 1766 1627 1802 avi
1658 1767 1800 1803 aviaeve
1836 1766 1960 1802 fratris
1997 1767 2175 1802 sororisve
2212 1771 2359 1812 nepotes

1264 1816 1432 1857 neptesve
1444 1812 1493 1845 ²0:
1527 1815 1563 1847 et
1593 1817 1721 1848 contra
1743 1813 1872 1848 horum
1897 1812 2055 1848 eiusdem
2078 1822 2166 1847 avus
2191 1812 2272 1847 avia
2294 1823 2360 1858 pa-

1263 1862 1365 1892 truus
1390 1867 1540 1902 magnus
1565 1858 1677 1892 amita
1700 1869 1846 1903 magna,
1880 1858 2078 1893 avunculus
2109 1867 2260 1902 magnus
2283 1869 2358 1893 ma-

1263 1907 1397 1938 tertera
1427 1913 1573 1947 magna:
1610 1908 1714 1938 erunt
1744 1908 1864 1939 autem
1894 1907 1997 1948 pater
2020 1906 2178 1938 materve
2201 1904 2360 1939 eiusdem

1262 1948 1467 1994 fratresque
1498 1952 1534 1983 et
1562 1959 1704 1984 sorores
1734 1949 1850 1984 utrius
1875 1959 1999 1984 eorum
2022 1948 2140 2001 propii
2164 1949 2358 1984 sobrini2¹:

1261 1994 1339 2039 ipse
1368 1994 1426 2029 his
1457 1994 1625 2029 sobrinus
1657 1998 1712 2030 est
1741 1999 1777 2030 et
1800 1995 1951 2030 invicem
1973 1995 2057 2029 111116
2068 1995 2099 2015 ²²
2128 1994 2180 2029 illi
2211 1995 2358 2030 sobrini.

1262 2040 1385 2084 patrui
1407 2049 1588 2084 pronepos
1611 2040 1733 2084 patrui
1750 2040 1955 2085 proneptis:
1983 2039 2169 2075 continent
2185 2050 2360 2085 personas

1262 2088 1363 2121 octo:
1387 2095 1472 2120 nam
1482 2085 1514 2106 ²³
1537 2085 1726 2131 utriusque
1749 2097 1856 2122 sexus
1867 2086 1899 2107 ²⁴
1922 2085 2015 2121 fiunt
2038 2085 2195 2121 sedecim
2218 2086 2282 2121 sic.

1418 2277 1600 2347 prpipepos
1625 2267 1783 2303 eiusdem
1809 2278 1852 2303 ex
1871 2270 2004 2312 nepote
2072 2266 2157 2302 item
2172 2268 2358 2313 proneptis

1502 2313 1536 2348 io
1560 2315 1646 2348 nato

1413 2368 1595 2403 pronepos
1617 2369 1661 2394 ex
1676 2360 1807 2403 nepote
1824 2357 1899 2393 filio
1917 2361 2003 2393 nato

1413 2414 1593 2449 pronepos
1611 2414 1656 2439 ex
1671 2407 1803 2448 nepote
1819 2402 1893 2437 filia
1914 2407 1999 2439 nato

1412 2459 1592 2495 pronepos
1607 2459 1650 2484 ex
1663 2452 1792 2493 nepote
1804 2448 1879 2483 filia
1889 2449 1919 2469 2⁵
1936 2453 2021 2484 nato

1410 2505 1591 2540 pronepos
1616 2505 1660 2530 ex
1684 2497 1792 2539 nepte
1816 2493 1889 2528 filio
1914 2498 2001 2529 nata

1410 2551 1590 2585 pronepos
1617 2550 1660 2575 ex
1684 2543 1791 2584 nepte
1815 2538 1888 2574 filio
1913 2544 2000 2574 nata

1409 2596 1591 2630 pronepos
1616 2595 1661 2620 ex
1685 2587 1793 2629 nepte
1816 2584 1891 2619 filia
1915 2588 2002 2620 nata

1410 2641 1590 2676 pronepos
1615 2640 1660 2666 ex
1684 2634 1793 2675 nepte
1815 2629 1891 2665 filia
1914 2634 2001 2665 nata

2073 2358 2158 2393 item
2173 2358 2358 2403 proneptis

2071 2407 2107 2438 et
2126 2404 2312 2448 proneptis

2070 2448 2155 2484 item
2172 2449 2357 2494 proneptis

2070 2495 2154 2529 item
2169 2494 2357 2540 proneptis

2070 2539 2155 2574 item
2171 2541 2357 2584 proneptis

2071 2585 2155 2620 item
2172 2586 2356 2630 proneptis

2070 2630 2156 2665 item
2170 2631 2356 2676 proneptis

1260 2767 1349 2801 tisve
1372 2776 1553 2811 pronepos
1577 2766 1775 2811 proneptis,
1800 2765 1989 2811 abnepotis
2014 2765 2223 2818 abneptisve
2243 2776 2355 2812 nepos

1259 2812 1421 2856 neptisve
1430 2812 1472 2854 2⁹,
1504 2811 1692 2856 adnepotis
1717 2811 1882 2856 adneptis
1892 2812 1925 2832 ³⁰
1947 2810 2042 2846 filius
2065 2810 2151 2846 fiha.
2199 2812 2267 2847 hae
2290 2822 2354 2858 ap-

1259 2857 1471 2902 pellationes
1496 2857 1744 2892 demonstrant
1767 2866 1942 2901 personas
1967 2856 2154 2902 sexaginta
2174 2861 2353 2902 quattuor,

1259 2913 1343 2937 nam
1367 2902 1513 2947 triginta
1538 2902 1609 2938 duo
1633 2902 1792 2948 trinepos
1818 2912 1897 2937 com
1923 2902 1983 2945 let,
2008 2903 2157 2938 totidem
2176 2903 2353 2947 trineptis.

1260 2948 1306 2982 ab
1338 2952 1470 2992 nepote
1501 2947 1594 2982 enim
1625 2958 1795 2983 numerus
1828 2957 1899 2992 qua
1924 2947 2088 2992 ruplatus
2119 2948 2157 2982 111
2181 2958 2219 2983 66
2244 2947 2354 2982 efficit

1259 2993 1405 3036 triginta
1429 2992 1511 3035 duo,
1536 2993 1614 3038 ipso
1639 2996 1770 3038 nepote
1788 2992 1877 3028 duas
1897 2992 2131 3038 significante,
2155 2997 2354 3039 pronepote

1260 3042 1447 3083 quattuor,
1474 3038 1653 3083 abnepote
1677 3042 1778 3082 octo,
1804 3038 1983 3084 adnepote
2007 3039 2179 3074 sedecim:
2211 3039 2266 3073 his
2291 3048 2351 3072 ac-

1261 3083 1391 3118 cedunt
1407 3083 1567 3128 trinepos
1583 3084 1759 3129 trineptis,
1784 3094 1857 3119 una
1871 3093 1916 3119 ex
1934 3084 2112 3129 adnepote
2126 3084 2211 3125 nati,
2239 3083 2353 3118 altera

1259 3138 1303 3164 ex
1328 3128 1481 3173 adnepte
1491 3130 1533 3163 ³¹.
1568 3138 1634 3173 per
1658 3129 1817 3174 singulos
1842 3133 1960 3164 autem
1984 3129 2116 3175 gradus
2141 3130 2219 3163 ideo
2242 3128 2350 3172 gemi-

1258 3174 1358 3209 natio
1382 3173 1435 3215 fit,
1460 3174 1544 3218 quia
1567 3174 1725 3210 maribus
1749 3174 1954 3210 adiciuntur
1970 3175 2133 3217 feminae,
2160 3184 2203 3208 ex
2223 3173 2351 3218 quibus

1258 3219 1443 3264 proximus
1476 3219 1626 3264 quisque
1656 3219 1882 3265 progenitur,
1914 3224 1950 3256 et
1972 3220 2255 3255 numerabuntur
2279 3218 2348 3253 sic:

1260 3470 1318 3511 (21)
1344 3471 1444 3502 erunt
1527 3470 1637 3513 propii
1656 3470 1795 3513 sobrini]
1817 3471 1935 3503 horum
1958 3470 2067 3501 autem
2087 3469 2182 3511 pater
2203 3470 2347 3501 materve

1259 3514 1443 3556 fratresque
1467 3518 1499 3547 et
1526 3526 1654 3548 sorores
1680 3518 1790 3548 utrius
1817 3525 1930 3548 eorum
1953 3515 2092 3557 propius
2115 3513 2258 3546 sobrinis
2284 3527 2344 3546 scr.

1261 3561 1421 3599 (similiter
1444 3560 1541 3601 Hal.)
1683 3565 1743 3601 122)
1769 3561 1824 3593 1116
1850 3561 1884 3592 F
2016 3562 2076 3597 (23)
2101 3562 2236 3591 06101166
2263 3560 2343 3591 Hal.

1262 3612 1320 3641 (241
1344 3605 1473 3638 sequ
1558 3609 1618 3647 (25)
1644 3605 1760 3639 filioF
1848 3607 1910 3646 (26)
1936 3605 2086 3646 neposF
2168 3605 2229 3645 (27)
2253 3603 2345 3646 item]

1258 3649 1396 3682 totidem
1414 3663 1474 3684 scr.
1617 3654 1678 3692 (28)
1705 3651 1854 3692 neptisve
1870 3662 1932 3682 scr.
2069 3652 2131 3690 (29)
2157 3649 2267 3691 neptis
2282 3661 2342 3681 sor.

1259 3697 1320 3735 (3ο)
1347 3695 1539 3737 adneptisve
1551 3710 1612 3729 scr.
1717 3700 1773 3735 (31»
1801 3696 1861 3726 11111
1874 3705 1911 3727 ex
1926 3694 2087 3736 adnepote
2100 3695 2181 3735 nati,
2196 3693 2291 3726 alteri
2306 3704 2342 3725 ex

1257 3739 1398 3782 adnepte
1411 3741 1491 3774 Hal.
