2528 3918
95 131 336 163 NOTANTUR
365 129 552 162 mrAmA
1188 112 1246 161 37

97 244 216 277 autem
240 241 357 276 missio
383 240 512 275 totiens
538 242 602 280 est,
629 238 792 284 quotiens
816 238 846 273 is
872 238 932 283 qui
956 239 1065 273 mittit
1084 237 1184 273 addi-

96 287 171 323 dit¹
195 286 403 323 nominatim
426 284 637 329 ignominiae
658 294 768 318 causa
796 293 834 318 se
862 283 1020 319 mittere:
1047 294 1186 328 semper

96 332 189 367 enim
210 331 314 366 debet
333 329 475 371 addere,
501 340 565 364 cur
584 329 683 364 miles
703 329 876 363 mittatur.
915 329 977 364 sed
998 333 1034 364 et
1053 329 1083 364 si
1104 339 1184 364 eum

97 375 399 417 exauctoraverit,
434 373 472 409 id
507 377 562 409 est
595 374 746 418 insignia
781 374 947 408 militaria
979 374 1183 416 detraxerit,

96 422 187 457 inter
209 420 358 456 infames
383 418 510 462 efficit,
543 419 627 454 licet
657 429 730 454 non
754 418 949 453 addidisset
972 419 1185 464 ignominiae

96 476 206 502 causa
237 476 275 501 se
308 476 389 501 eum
421 467 683 500 exauctorasse.
720 466 776 499 est
807 467 842 499 et
874 468 1041 509 quartum
1073 474 1183 510 genus

94 511 289 553 missionis,
324 510 354 546 si
379 510 456 555 quis
482 509 725 545 evitandorum
750 519 935 544 munerum
960 519 1071 545 causa
1093 509 1183 544 mili-

94 557 179 592 tiam
203 556 373 591 subisset:
399 555 488 590 haec
513 558 632 590 autem
654 554 773 589 missio
796 554 1090 590 existimationem
1111 565 1184 590 non

94 605 114 637 3
161 601 288 644 laedit,
322 604 363 636 ut
387 604 441 636 est
465 600 670 645 saepissime
693 599 916 644 rescriptum.
965 600 1089 642 Miles,
1123 599 1185 645 qui

93 647 169 691 lege
191 646 282 681 Iulia
308 646 351 681 de
376 645 558 681 adulteriis
582 644 692 680 fuerit
715 644 926 685 damnatus,
958 645 1008 680 ita
1041 644 1183 680 infamis

92 695 157 735 est,
183 695 223 726 ut
247 691 354 727 etiam
377 691 456 736 ipsa
480 690 660 726 sententia
684 701 764 725 eum
788 693 1012 726 sacramento
1033 690 1182 736 ignomi-

93 740 115 772 4
161 737 242 772 niae
263 747 374 772 causa
393 736 518 771 solvat.
567 735 763 780 Ignominia
786 738 905 770 autem
929 735 1045 771 missis
1070 745 1184 781 neque

92 782 129 817 in
153 782 242 817 urbe
265 792 379 827 neque
403 781 506 824 alibi,
532 781 594 816 ubi
616 781 810 826 imperator
834 784 907 822 est,
934 780 1064 816 morari
1087 780 1181 815 licet.

91 830 112 862 5
160 827 222 862 Ait
244 830 406 872 praetor:
441 827 513 872 ‘qui
536 826 599 861 in2
623 836 792 861 scaenam
815 825 1006 870 prodierit,
1039 825 1182 861 infamis

94 872 180 907 ‘est’.
218 882 349 908 scaena
372 875 436 914 est,
461 875 503 907 ut
525 871 647 906 Labeo
673 870 806 913 definit,
833 881 924 916 quae
943 871 1109 907 ludorum
1127 871 1182 906 fa-

93 917 300 952 ciendorum
332 927 443 952 causa
477 917 635 962 quolibet
666 917 765 958 loco,
804 916 865 951 ubi
898 917 975 960 quis
1009 916 1183 951 consistat

93 966 347 1008 moveaturque
370 962 614 1007 spectaculum
638 962 693 997 sui
717 961 962 1007 praebiturus,
996 962 1114 1041 posita
1138 962 1183 996 sit

92 1007 128 1042 in
152 1008 295 1053 publico
320 1007 501 1053 privatove
524 1007 579 1042 vel
602 1007 638 1042 in
662 1007 751 1049 vico,
778 1017 846 1051 quo
868 1010 987 1041 tamen
1021 1018 1085 1043 oco
1099 1017 1181 1052 pas-

92 1052 158 1088 sim
183 1053 340 1088 homines
365 1052 562 1098 spectaculi
587 1062 697 1087 causa
721 1051 966 1087 admittantur.
994 1063 1055 1087 eos
1077 1053 1181 1094 enim,

90 1097 154 1143 qui
189 1098 383 1143 quaestus³
418 1108 529 1133 causa
563 1097 600 1132 in
646 1097 841 1132 certamina
884 1097 1106 1133 descendunt
1148 1101 1183 1132 et

93 1153 215 1178 omnes
246 1146 392 1188 propter
416 1143 611 1188 praemium
635 1143 671 1177 in
695 1153 862 1178 scaenam
886 1143 1103 1187 prodeuntes
1128 1142 1181 1177 fa-

92 1199 209 1223 mosos
236 1199 313 1224 esse
335 1188 494 1233 Pegasus
519 1191 555 1223 et
577 1187 696 1223 Nerva
720 1187 813 1222 filius
838 1188 1111 1232 responderunt.

139 1231 163 1271 3
192 1233 316 1269 (ἔωσε
337 1234 428 1270 libro
446 1234 570 1279 primo
595 1234 645 1268 ad
668 1233 821 1268 edictum
839 1234 1068 1279 provinciale
1115 1233 1183 1277 Qui

93 1282 213 1314 autem
237 1289 365 1324 operas
389 1289 473 1314 suas
497 1278 639 1321 locavit,
664 1281 705 1313 ut
728 1277 886 1322 prodiret
910 1279 997 1313 artis
1022 1278 1182 1314 ludicrae

94 1334 203 1359 causa
226 1334 341 1369 neque
372 1323 508 1376 prodit,
541 1334 614 1359 non
636 1326 800 1358 notatur:
835 1323 919 1368 quia
950 1334 1022 1359 non
1054 1327 1108 1358 est
1140 1334 1182 1358 ea

91 1380 150 1405 res
174 1368 263 1404 adeo
289 1373 413 1414 turp1s,
439 1372 480 1404 ut
503 1369 609 1404 etiam
634 1368 820 1404 consilium
844 1368 963 1413 puniri
987 1369 1126 1404 debeat.

139 1413 188 1451 4⁴
221 1414 415 1450 ULPIANUS
436 1414 526 1449 libro
550 1418 655 1449 sexto
680 1414 730 1449 ad
751 1414 905 1449 edictum
941 1414 1105 1449 Athletas
1117 1424 1180 1449 au-

92 1462 164 1495 tem
189 1459 342 1495 Sabinus
367 1463 403 1495 et
426 1459 570 1494 Cassius
603 1459 863 1504 responderunt
894 1459 1036 1495 omnino
1070 1463 1182 1494 artem

90 1504 265 1540 ludicram
288 1515 362 1540 non
383 1504 521 1540 facere:
546 1504 686 1539 virtutis
712 1505 804 1539 enim
826 1505 943 1549 gratia
960 1505 1030 1540 hoc
1049 1504 1179 1540 facere.

93 1553 128 1585 et
159 1550 370 1595 generaliter
400 1550 452 1585 ita
484 1560 605 1585 omnes
638 1549 830 1595 opinantur
862 1553 898 1584 et
921 1550 1007 1585 utile
1030 1550 1180 1592 videtur,

91 1599 132 1630 ut
164 1605 278 1640 neque
309 1595 491 1639 thymelici
522 1604 637 1640 neque
659 1595 812 1641 xystici⁵
843 1605 958 1640 neque
989 1595 1181 1640 agitatores

91 1651 159 1676 nec
191 1640 252 1692 qui
284 1651 414 1686 aquam
438 1641 535 1686 equis
560 1645 732 1685 spargunt
757 1643 945 1685 ceteraque
969 1650 1091 1676 eorum
1118 1641 1181 1675 mi-

92 1685 256 1728 nisteria,
283 1686 343 1730 qui
368 1686 619 1721 certaminibus
644 1686 755 1721 sacris
780 1685 1001 1728 deserviunt,
1033 1686 1181 1730 ignomi-

96 1733 109 1765 1
160 1731 251 1766 niosi
261 1731 472 1766 habeantur.
508 1731 763 1776 Designatores
777 1734 897 1766 autem
907 1732 931 1773 ⁶,
945 1741 1034 1776 quos
1052 1730 1182 1766 Graeci

90 1775 289 1821 βραβευτὰς
309 1777 501 1821 appellant,
526 1781 639 1811 artem
651 1776 824 1811 ludicram
837 1787 910 1811 non
923 1776 1043 1811 facere
1057 1776 1181 1811 Celsus

92 1821 232 1865 probat,
258 1821 341 1866 quia
364 1822 615 1863 ministerium,
650 1832 721 1856 non
746 1824 859 1856 artem
883 1821 1056 1856 ludicram
1081 1832 1180 1857 exer-

91 1869 207 1901 ceant.
257 1870 293 1901 et
323 1876 410 1902 sane
440 1867 540 1902 locus
573 1866 639 1901 iste
662 1866 768 1901 hodie
792 1876 814 1901 a
837 1866 997 1911 principe
1021 1877 1092 1902 non
1116 1877 1180 1911 pro

92 1915 112 1947 2
160 1911 299 1947 modico
326 1911 496 1947 beneficio
531 1911 647 1946 datur.
695 1911 757 1946 Ait
789 1915 951 1956 praetor:
979 1912 1052 1956 ‘qui
1083 1912 1180 1947 leno-

93 1957 235 1992 ‘cinium
255 1956 403 1992 fecerit’.
440 1957 654 1992 lenocinium
667 1956 754 1991 facit
768 1957 828 2001 qui
841 1958 1070 2001 quaestuaria
1081 1967 1180 1992 man-

90 2002 186 2047 cipia
216 2002 398 2037 habuerit:
432 2001 494 2037 sed
528 2006 562 2037 et
586 2002 647 2046 qui
670 2001 707 2036 in
729 2001 850 2036 liberis
875 2002 970 2037 bunc
995 2006 1182 2047 quaestum

92 2050 245 2090 exercet,
270 2047 307 2082 in
331 2047 454 2082 eadem
478 2057 588 2082 causa
612 2050 677 2082 est.
714 2046 786 2082 sive
807 2050 926 2081 autem
938 2047 1182 2099 principaliter

92 2092 161 2128 hoc
194 2092 374 2137 negotium
396 2096 496 2137 gerat
520 2093 592 2127 sive
616 2091 760 2126 alterius
785 2091 1033 2144 negotiatlonis
1059 2103 1180 2128 acces-

93 2138 218 2173 sione⁷
242 2141 365 2172 utatur
399 2141 452 2179 (ut
481 2140 569 2182 puta
602 2137 630 2172 si
655 2147 770 2189 caupo
795 2136 863 2171 fmt
886 2137 941 2172 vel
964 2138 1181 2172 stabularius

93 2186 129 2217 et
164 2183 342 2228 mancipia
385 2182 471 2217 talia
500 2182 627 2217 habuit
657 2181 894 2216 ministrantia
926 2185 962 2217 et
992 2183 1182 2218 occasione

91 2227 279 2263 ministerii
304 2231 492 2279 quaestum
514 2227 701 2262 facientia:
739 2227 811 2262 sive
844 2227 1031 2262 balneator
1062 2228 1181 2271 fuerit,

93 2273 188 2308 velut
211 2273 247 2308 in
271 2272 482 2318 qmbusdam
506 2272 695 2317 provinciis
720 2272 770 2314 fit,
795 2272 833 2306 in
856 2271 1005 2308 balineis
1030 2273 1076 2308 ad
1100 2283 1181 2308 cus-

92 2318 261 2353 todienda
284 2317 493 2353 vestimenta
517 2317 696 2352 conducta
720 2317 880 2352 habens⁸
904 2318 1082 2363 mancipia
1113 2318 1182 2353 hoc

89 2373 202 2408 genus
226 2363 478 2398 observantia⁹
501 2363 538 2397 in
561 2362 731 2405 officina),
757 2362 923 2397 lenocinii
946 2373 1063 2407 poena
1083 2367 1181 2398 tene-

94 2411 113 2443 3
162 2407 269 2443 bitur.
317 2408 534 2453 Pomponius
560 2412 594 2442 et
619 2418 709 2450 eum,
735 2407 796 2452 qui
818 2408 855 2441 in
879 2408 1048 2443 servitute
1099 2419 1181 2443 ecu-

93 2452 196 2488 liaria
218 2453 395 2497 mancipia
443 2453 610 2488 rostituta
633 2453 778 2495 habuit,
811 2453 928 2487 notari
960 2457 1043 2498 post
1089 2454 1181 2488 iber-

92 2501 114 2532 4
162 2501 271 2533 tatem
304 2498 365 2532 ait.
444 2498 656 2533 alumniator
690 2498 741 2532 ita
775 2497 915 2532 demum
952 2502 1116 2541 notatur,
1154 2499 1183 2533 si

93 2542 202 2578 fuerit
227 2543 426 2578 calumniae
451 2553 560 2578 causa
585 2542 792 2577 damnatus:
826 2552 941 2587 neque
966 2544 1057 2578 enim
1081 2543 1181 2578 suffi-

93 2588 143 2623 cit
179 2588 450 2623 calumniatum:
487 2588 572 2622 item
606 2587 879 2632 praevaricator.
917 2589 1183 2633 praevaricator

96 2636 213 2668 autem
249 2636 303 2668 est
360 2633 439 2668 nasi
473 2633 652 2667 varicator
665 2634 701 2675 ¹⁰,
739 2632 799 2677 qui
834 2632 1009 2668 diversam
1045 2638 1182 2678 partem

93 2678 239 2712 adiuvat
273 2688 338 2723 pro
367 2678 417 2713 'ta
452 2688 563 2713 causa
597 2687 681 2712 sua:
715 2677 811 2722 quod
844 2688 973 2713 nomen
1004 2678 1127 2714 Labeo
1161 2690 1183 2714 a

95 2723 192 2758 varia
225 2723 421 2758 certatione
452 2726 607 2758 tractum
621 2724 647 2743 ¹¹
672 2722 740 2764 ait,
773 2732 856 2757 nam
869 2723 896 2743 ¹2
920 2723 980 2767 qui
1003 2724 1182 2768 praevari-

89 2771 216 2810 catur,
242 2778 286 2803 ex
308 2771 460 2813 utraque
483 2771 585 2813 parte
610 2767 787 2809 constitit,
812 2767 898 2812 quin
920 2768 1025 2803 immo
1052 2779 1095 2803 ex
1119 2769 1182 2804 ad-

94 2815 114 2847 5
162 2823 274 2847 versa.
323 2813 413 2847 Item
438 2813 479 2848 ‘si
502 2813 563 2858 qui
586 2812 690 2855 furti,
722 2812 755 2847 vi
788 2812 963 2848 bonorum
987 2817 1182 2858 raptorum,

96 2857 324 2900 ‘iniuriarum,
350 2857 394 2893 de
418 2857 499 2893 dolo
524 2858 615 2893 malo
641 2868 705 2893 suo
726 2857 868 2893 nomine
888 2857 1077 2893 damnatus
1097 2869 1182 2903 pac-

96 2905 208 2938 ‘tusve
233 2902 308 2938 erit‘
334 2902 437 2938 simili
459 2903 563 2938 modo
588 2902 737 2938 infames
762 2906 855 2945 sunt,

141 2946 165 2984 5
191 2947 351 2983 PAULUs
371 2948 462 2983 libro
487 2949 612 2994 quinto
645 2948 695 2982 acl
724 2948 880 2984 edictum
928 2948 1096 2992 quoniam
1128 2948 1182 2983 in-

91 2993 272 3038 tellegitur
296 2992 459 3028 confiteri
484 2993 617 3028 crimen
641 2993 702 3037 qui
724 2993 930 3038 paciscitur.

142 3035 166 3075 6
198 3037 394 3073 Urmzvvs
415 3037 505 3073 libro
529 3041 633 3073 sexto
657 3037 708 3072 ad
730 3038 884 3073 edictum
920 3038 1046 3072 ‘Furti‘
1060 3038 1183 3083 accipe

99 3085 113 3116 1
163 3082 236 3118 sive
259 3082 477 3118 manifesti¹³
500 3083 572 3118 sive
596 3092 661 3117 nec
694 3082 883 3118 manifesti.
933 3083 1003 3118 Sed
1037 3083 1067 3118 si
1097 3083 1184 3118 furti

95 3127 152 3163 vel
174 3127 253 3163 aliis
276 3127 421 3163 famosis
446 3127 646 3163 actionibus
671 3128 750 3172 quis
775 3127 1031 3163 condemnatus
1055 3139 1183 3173 provo-

98 3172 242 3215 cavit¹⁴‚
273 3172 450 3224 pendente
481 3172 611 3208 iudicio
643 3172 799 3207 nondum
822 3173 916 3207 inter
937 3172 1095 3209 famosos
1120 3174 1183 3208 ha-

97 3216 218 3252 betur:
252 3228 283 3252 Sl
313 3220 432 3252 autem
463 3217 582 3252 omnia
612 3220 774 3262 tempora
796 3218 1058 3269 provocationis
1082 3218 1185 3263 lapsa

90 3266 194 3304 sunt,
219 3265 314 3297 retro
338 3262 479 3297 infamis
505 3266 575 3297 est:
602 3262 761 3307 quamvis
786 3273 817 3298 si
840 3262 974 3298 iniusta
998 3263 1188 3308 appellatio

98 3374 139 3414 (1)
164 3374 212 3406 sic
234 3373 295 3414 F2,
319 3374 414 3407 addit
433 3373 492 3414 ΕΙ,
517 3374 624 3406 adicit
646 3376 676 3409 S

101 3430 158 3451 om.
173 3417 253 3451 F²S
373 3420 416 3461 (3)
442 3422 637 3460 quaestatus
650 3421 683 3453 F

102 3463 145 3503 (5)
171 3462 346 3495 thumelici
357 3474 464 3505 neque
479 3465 623 3496 exustici
635 3465 669 3497 F
819 3465 863 3506 (6)
889 3466 1013 3505 autem]
1027 3465 1108 3497 item
1121 3477 1184 3498 scr.

103 3507 143 3547 (¹1)
170 3507 317 3539 cessione
329 3509 364 3540 F
528 3510 571 3550 (8)
598 3509 725 3541 habens
739 3509 988 3542 Brencmannus
1002 3511 1050 3542 ad
1066 3510 1111 3549 B,
1126 3510 1184 3542 ha-

100 3549 184 3582 bent
195 3551 253 3584 FS
349 3552 393 3594 (9)
417 3552 616 3586 observanta
629 3553 662 3586 F
760 3554 819 3595 (10)
844 3555 892 3587 sic
904 3555 1032 3598 diyesta
1046 3561 1076 3588 et
1088 3555 1139 3587 hic
1153 3561 1184 3587 et

104 3595 172 3628 loco
191 3596 316 3639 qemino
329 3597 382 3637 47,
397 3604 439 3637 15,
453 3604 467 3631 1
480 3605 509 3631 et
520 3599 576 3638 50,
590 3605 634 3639 16,
650 3605 720 3632 212:
739 3598 916 3641 Ulpianum
938 3600 1065 3632 dedisse
1086 3599 1183 3640 quasi

99 3639 249 3671 ¹variator
260 3640 416 3673 intellexit
428 3641 615 3685 Stephanus
717 3643 771 3684 (11)
797 3645 942 3675 tractum
954 3642 1006 3676 F³
1019 3656 1087 3677 cum
1099 3644 1144 3676 D.
1161 3643 1181 3676 l.

103 3695 183 3727 yem.
198 3690 228 3716 et
240 3684 285 3726 B,
300 3686 479 3717 tractatum
492 3686 574 3720 F¹S
674 3689 734 3728 (12)
760 3698 840 3719 num
853 3688 887 3720 F
992 3689 1050 3730 (13)
1075 3688 1183 3720 mani-

96 3726 182 3759 -festi
194 3729 263 3760 sive
277 3738 338 3760 nec
351 3729 520 3762 manifesti
534 3730 570 3770 S,
584 3731 788 3763 manifestiss
803 3732 836 3764 F
843 3731 863 3771 ¹,
878 3732 1049 3764 manifesti
1059 3733 1109 3764 sio
1122 3742 1183 3764 nec

819 3375 862 3416 (2)
887 3376 936 3409 sic
946 3375 996 3408 F³
1007 3388 1075 3408 cum
1088 3376 1134 3417 B,
1148 3376 1183 3408 in

801 3419 842 3461 (4)
871 3424 886 3459 5
902 3421 1032 3453 4=D.
1048 3421 1157 3460 47,15,
1172 3428 1185 3454 1

2230 118 2352 161 1112

1254 239 1329 274 eius
1353 238 1430 273 visa
1453 238 1510 280 sit,
1535 237 1641 273 hodie
1665 240 1782 274 notari
1806 242 1914 285 puto,
1950 250 2023 276 non
2056 242 2151 275 retro
2188 243 2349 276 notatur.

1254 287 1273 318 2
1323 283 1360 318 Si
1385 283 1462 329 quis
1498 283 1613 318 alieno
1646 285 1787 319 nomine
1822 285 2079 321 condemnatus
2111 285 2239 328 fuerit,
2278 297 2350 322 non

1253 329 1394 364 laborat
1405 327 1571 363 infamia:
1597 332 1632 363 et
1655 329 1734 364 ideo
1759 340 1824 364 nec
1849 334 2065 375 procurator
2089 341 2188 366 meus
2213 331 2268 366 vel
2290 331 2351 366 de-

1252 373 1374 409 fensor
1405 374 1460 409 vel
1492 376 1591 408 tutor
1620 373 1675 409 vel
1712 378 1858 410 curator
1888 376 1943 410 vel
1974 375 2077 411 heres
2109 375 2197 410 furti
2229 376 2284 411 vel
2309 386 2352 411 ex

1254 419 1325 454 alia
1356 419 1462 454 simili
1495 429 1511 453 s
1539 418 1614 454 ecie
1648 419 1903 455 condemnatus
1936 421 2084 456 infamia
2116 421 2349 463 notabuntur,

1253 475 1319 499 nec
1344 474 1420 508 ego,
1446 464 1477 498 si
1500 474 1522 498 a
1571 463 1671 499 initio
1697 475 1761 509 per
1784 469 2056 509 procuratorem
2082 476 2192 501 causa
2217 467 2352 511 agitata

1254 513 1273 545 3
1322 513 1387 544 est.
1436 509 1635 544 ‘Pactusve’
1652 510 1679 531 ¹⁵
1710 510 1826 554 inquit
1851 511 1959 545 ‘erit'z
1992 514 2140 556 pactum
2173 511 2224 547 sic
2239 513 2266 533 ’θ
2291 522 2350 546 ac-

1254 554 1416 600 cipimus,
1442 555 1473 590 si
1486 564 1568 589 cum
1580 554 1695 599 pretio
1710 558 2000 600 quantocumque
2013 560 2142 600 pactus
2164 560 2236 592 est:
2262 557 2350 593 alio-

1253 600 1338 645 quin
1363 603 1398 634 et
1422 599 1483 644 qui
1506 599 1672 644 precibus
1695 600 1889 646 inpetravit
1921 611 1966 635 ne
1979 601 2006 621 ¹⁷
2031 611 2152 636 secum
2186 605 2351 647 ageretur

1254 645 1322 680 erit
1345 647 1493 680 notatus
1517 655 1584 680 nec
1608 645 1676 680 erit
1698 645 1824 681 veniae
1847 645 1922 680 ulla
1945 645 2057 688 ratio,
2090 647 2185 691 quod
2217 651 2273 683 est
2295 647 2350 682 in-

1256 691 1460 726 humanum.
1510 691 1571 735 qui
1600 690 1700 726 iussu
1715 691 1742 711 ¹⁸
1765 691 1950 735 ,praetoris
1974 691 2087 735 pretio
2113 692 2196 725 dato
2221 694 2350 736 pactus

1257 739 1279 771 4
1326 740 1398 779 cst,
1431 746 1503 771 non
1534 738 1693 771 notatur.
1749 735 1820 771 Sed
1852 739 1888 771 et
1918 735 1949 770 si
1978 735 2206 771 iureiurando
2232 737 2350 772 delato

1253 780 1423 816 iuraverit
1448 779 1526 825 quis
1551 790 1590 815 se
1604 780 1633 801 ¹⁹
1656 791 1729 816 non
1753 780 1961 826 deliquisse,
1994 790 2068 816 non
2092 781 2157 815 erit
2180 785 2346 817 notatus:

1252 836 1335 860 nam
1360 825 1621 870 quodammodo
1646 825 1888 861 innocentiam
1913 836 2016 860 suam
2033 825 2262 861 iureiurando
2286 827 2349 861 ad-

1252 874 1270 905 5
1319 871 1496 916 probavit.
1546 870 1721 906 ‘Mandati
1746 871 2036 907 condemnatus':
2061 871 2176 906 verbis
2203 872 2309 906 edicti
2320 872 2351 892 2⁰

1252 919 1399 951 notatur
1423 927 1496 951 non
1518 915 1634 951 solum
1658 917 1719 961 qui
1742 916 1952 951 mandatum
1973 915 2141 961 suscepit,
2168 916 2231 951 sed
2252 921 2287 951 et
2308 917 2350 959 is,

1252 961 1312 1006 qui
1334 954 1452 1003 fidem,
1478 971 1585 1007 quam
1599 961 1823 997 adversarius
1836 965 1982 997 secutus
1997 964 2062 1003 est,
2083 972 2155 996 non
2177 965 2349 1006 praestat.

1251 1010 1292 1041 ut
1316 1010 1405 1051 puta
1428 1006 1586 1042 fideiussi
1609 1017 1674 1052 pro
1699 1011 1735 1041 te
1759 1010 1795 1042 et
1819 1007 1924 1042 solvi:
1950 1006 2112 1041 mandati
2124 1009 2160 1041 te
2173 1007 2242 1041 si²¹
2266 1018 2350 1042 con-

1252 1055 1272 1087 6
1321 1051 1552 1095 demnavero,
1584 1051 1762 1087 famosum
1792 1051 1899 1087 facio.
1949 1051 2041 1087 Illud
2072 1051 2180 1097 plane
2216 1051 2348 1087 adden—

1252 1097 1336 1132 dum
1361 1101 1433 1140 est,
1466 1097 1563 1142 quod
1593 1097 1772 1132 interdum
1806 1101 1841 1133 et
1864 1097 1966 1132 heres
1991 1107 2056 1133 suo
2082 1097 2224 1132 nomine
2250 1097 2348 1131 dam-

1252 1146 1359 1177 natur
1383 1146 1419 1177 et
1442 1142 1520 1178 ideo
1546 1141 1688 1177 infamis
1712 1142 1773 1185 fit,
1805 1143 1836 1178 si
1859 1142 1896 1177 in
1921 1142 2082 1188 deposito
2106 1142 2162 1177 vel
2186 1143 2223 1177 in
2249 1152 2348 1176 man-

1252 1187 1336 1223 dato
1362 1188 1454 1223 male
1477 1191 1639 1223 versatus
1665 1188 1729 1223 sit:
1764 1198 1837 1223 non
1861 1191 1981 1223 tamen
2004 1188 2041 1222 in
2065 1187 2179 1222 tutela
2202 1188 2257 1222 vel
2282 1198 2348 1232 pro

1252 1232 1350 1268 socio
1375 1233 1479 1268 heres
1504 1243 1568 1268 suo
1594 1233 1737 1269 nomine
1761 1233 1923 1268 damnari
1954 1236 2093 1278 potest,
2127 1233 2210 1278 quia
2243 1233 2347 1268 heres

1252 1288 1367 1323 neque
1391 1278 1428 1313 in
1452 1278 1602 1313 tutelam
1625 1288 1739 1324 neque
1763 1278 1802 1313 in
1826 1278 2034 1314 societatem
2066 1278 2247 1321 succedit,
2283 1278 2346 1313 sed

1252 1327 1270 1358 7
1319 1327 1459 1358 tantum
1483 1324 1520 1358 in
1544 1334 1604 1359 aes
1629 1323 1784 1358 alienum
1809 1323 1983 1359 defuncti.
2034 1322 2222 1358 Contrario
2255 1323 2347 1358 iudi-

1253 1369 1307 1404 cio
1332 1369 1522 1404 damnatus
1548 1380 1620 1404 non
1645 1369 1712 1404 erit
1743 1368 1904 1403 infamis:
1938 1379 2004 1404 nec
2039 1368 2226 1404 immerito.
2264 1379 2346 1403 nam

1251 1414 1288 1449 in
1313 1414 1501 1450 contrariis
1527 1425 1600 1449 non
1625 1414 1668 1449 de
1692 1413 1843 1459 perfidia
1867 1414 2001 1459 agitur,
2034 1414 2098 1449 sed
2124 1413 2168 1449 de
2193 1413 2345 1454 calculo,

1252 1459 1312 1504 qui
1322 1460 1353 1480 ²²
1376 1459 1452 1495 fere
1475 1459 1607 1495 iudicio
1632 1459 1723 1495 solet
1747 1459 1872 1494 dirimi.

1298 1502 1322 1540 7
1348 1504 1508 1540 PAows
1529 1505 1619 1540 libro
1644 1505 1769 1550 quinto
1794 1505 1843 1540 ad
1866 1505 2020 1540 edictum
2067 1504 2109 1538 In
2130 1503 2345 1545 actionibus,

1251 1560 1343 1595 quae
1366 1560 1411 1585 ex
1436 1553 1625 1586 contractu
1650 1550 1980 1595 proficiscuntur2³‚
2006 1549 2090 1585 licet
2101 1549 2262 1585 famosae
2275 1548 2347 1584 sint

1252 1599 1287 1630 et
1311 1595 1470 1630 damnati
1502 1598 1693 1638 notantur,
1727 1599 1886 1630 attamen
1917 1598 2047 1640 pactus
2080 1606 2153 1630 non
2186 1599 2344 1637 notatur,

1252 1641 1396 1676 merito:
1431 1641 1600 1686 quoniam
1633 1651 1676 1676 ex
1707 1641 1762 1676 his
1795 1640 1914 1676 causis
1947 1651 2020 1676 non
2052 1643 2125 1675 tam
2151 1641 2265 1685 turpis
2291 1644 2344 1676 est

1250 1686 1369 1730 pactio
1396 1697 1503 1731 quam
1527 1697 1571 1721 ex
1581 1686 1612 1706 2⁴
1636 1686 1891 1731 superioribus.

1298 1728 1322 1768 8
1355 1730 1551 1766 ULPJANUS
1571 1731 1663 1767 libro
1687 1735 1792 1766 sexto
1818 1731 1867 1766 ad
1889 1730 2043 1767 edictum
2091 1730 2257 1766 ‘Genero'
2291 1731 2342 1765 in-

1251 1776 1327 1821 quit
1349 1777 1531 1811 ‘mortu0':
1557 1777 1682 1811 merito
1708 1776 1838 1811 adiecit
1861 1779 2023 1821 praetor:
2051 1778 2145 1811 ‘cum
2158 1786 2238 1811 eum
2251 1787 2344 1811 mor-

1251 1825 1363 1856 ‘tuum
1388 1832 1464 1857 esse
1488 1822 1618 1864 sciret',
1643 1832 1687 1857 ne
1710 1821 1911 1866 ignorantia
1935 1821 2105 1866 puniatur
2116 1822 2157 1855 ²⁵.
2184 1821 2248 1856 sed
2265 1832 2346 1856 cum

1250 1871 1390 1912 tempus
1415 1867 1533 1902 luctus
1559 1867 1768 1902 continuum
1793 1870 1856 1909 est,
1882 1867 2007 1902 merito
2033 1870 2069 1902 et
2086 1866 2266 1911 ignoranti
2286 1877 2343 1902 ce-

1250 1912 1303 1947 dit
1327 1923 1370 1947 ex
1395 1912 1451 1947 die
1476 1912 1599 1947 mortis
1624 1912 1760 1947 mariti:
1797 1915 1832 1946 et
1862 1911 1941 1947 ideo
1975 1912 2006 1947 si
2037 1916 2119 1956 post
2150 1911 2344 1956 legitimum

1249 1961 1388 2002 tempus
1423 1958 1605 2002 cognovit,
1637 1958 1758 1993 Labeo
1784 1957 1835 1992 ait
1858 1957 1936 2002 ipsa
1961 1957 2016 1992 die
2041 1960 2076 1992 et
2100 1967 2239 1993 sumere
2264 1967 2340 1992 eam

1249 2003 1414 2047 lugubria
1438 2006 1473 2037 et
1497 2002 1540 2037 de
1568 2013 1686 2038 onere.

1297 2046 1322 2086 9
1348 2047 1508 2083 Pavws
1553 2048 1630 2083 z'bro
1663 2048 1788 2093 quinto
1821 2047 1871 2082 ad
1900 2047 2054 2083 edictum
2102 2046 2240 2082 Uxores
2278 2047 2340 2081 viri

1255 2097 1267 2128 l
1318 2093 1438 2137 lugere
1473 2103 1545 2128 non
1582 2093 1893 2138 compellunturw.
1942 2092 2074 2137 Sponsi
2109 2092 2229 2127 nullus
2266 2091 2341 2126 luc-

1252 2142 1309 2173 tus
1335 2142 1399 2173 est.

1300 2182 1349 2221 10
1375 2183 1482 2218 IDEM
1510 2183 1601 2218 libro
1633 2185 1758 2217 octavo
1783 2182 1832 2217 acl
1854 2182 2009 2218 edictum
2056 2182 2154 2217 Solet
2189 2192 2211 2216 a
2246 2182 2342 2226 prin-

1251 2228 1329 2274 cipe
1359 2228 1559 2273 impetrari,
1594 2231 1634 2262 ut
1665 2227 1759 2262 intra
1782 2227 1975 2272 legitimum
1999 2231 2140 2272 tempus
2151 2227 2182 2248 ²⁷
2206 2227 2345 2262 mulieri

1254 2277 1268 2308 l
1319 2274 1453 2308 nubere
1475 2273 1593 2308 liceat.
1642 2272 1741 2317 Quae
1765 2273 1879 2307 virum
1905 2273 2040 2317 eluget‚
2073 2273 2169 2307 intra.
2192 2272 2229 2307 id
2253 2275 2342 2306 tem-

1251 2330 1318 2364 pus
1344 2329 1513 2363 sponsam
1536 2317 1648 2353 fuisse
1671 2329 1743 2353 non
1768 2321 1883 2353 nocet.

1301 2362 1346 2400 11
1383 2363 1579 2400 Uzmzvos
1607 2363 1697 2399 libro
1729 2366 1834 2399 sexto
1859 2362 1909 2398 ad
1931 2362 2085 2398 edictum
2132 2362 2344 2397 Liberorum

1252 2413 1371 2444 autem
1395 2412 1430 2443 et
1453 2408 1655 2465 parentium
1679 2408 1797 2443 luctus
1807 2409 1839 2429 2⁸
1862 2407 2111 2453 impedimento
2126 2407 2259 2452 nuptiis
2272 2417 2345 2441 non

1256 2457 1269 2488 1
1321 2458 1384 2489 est.
1434 2454 1514 2489 Etsi
1537 2453 1618 2488 talis
1644 2453 1690 2488 sit
1713 2453 1880 2496 maritus,
1914 2463 2017 2497 quem
2050 2463 2148 2487 more
2172 2452 2345 2487 maiorum

1251 2499 1447 2543 lugerinon
1460 2502 1614 2544 oportet,
1640 2509 1711 2534 non
1735 2509 1842 2543 posse
1867 2508 1943 2532 eam
1968 2501 2119 2542 nuptum
2143 2497 2239 2531 intra
2259 2497 2344 2541 legi-

1252 2545 1376 2578 timum
1401 2548 1541 2588 tempus
1567 2543 1754 2579 collocari:
1788 2546 1934 2588 praetor
1958 2542 2051 2578 enim
2075 2541 2121 2576 ad
2144 2542 2181 2577 id
2204 2545 2345 2587 tempus

1252 2600 1290 2624 se
1303 2589 1449 2630 rettulit,
1476 2599 1544 2633 quo
1570 2589 1623 2622 vir
1647 2589 1865 2632 elugeretur:
1892 2587 1954 2632 qui
1972 2587 2064 2622 solet
2085 2587 2217 2632 elugeri
2236 2598 2344 2632 prop-

1253 2637 1271 2668 2
1320 2638 1375 2669 ter
1398 2634 1638 2668 turbationem
1662 2633 1854 2677 sanguinis.
1892 2633 1980 2667 Pom
2008 2631 2112 2667 onius
2138 2642 2227 2674 eam,
2254 2642 2346 2676 quae

1251 2679 1346 2714 intra
1370 2679 1562 2723 legitimum
1586 2681 1725 2722 tempus
1750 2682 1892 2722 partum
1918 2677 1972 2712 edi
1999 2677 2065 2712 erit
2075 2677 2117 2719 ²⁹,
2142 2680 2248 2722 putat
2272 2681 2345 2712 sta-

1252 2725 1315 2759 tim
1365 2734 1446 2759 osse
1470 2723 1602 2768 nuptiis
1615 2723 1644 2743 ³⁰
1669 2733 1707 2758 se
1732 2723 1927 2757 collocare:
1963 2722 2057 2767 quod
2089 2732 2210 2757 verum
2243 2726 2343 2767 puto.

1253 2772 1272 2804 3
1355 2780 1402 2804 on
1415 2769 1531 2804 solent
1542 2772 1660 2802 autem
1673 2768 1796 2812 lugeri,
1821 2771 1862 2802 ut
1874 2767 2042 2803 Neratius
2056 2767 2117 2810 ait,
2141 2767 2265 2802 hostes
2290 2767 2346 2802 vel

1252 2813 1503 2858 perduellionis
1528 2813 1686 2847 damnati
1711 2823 1775 2847 nec
1800 2812 2027 2858 suspendiosi
2050 2823 2116 2848 nec
2138 2813 2199 2857 qui
2218 2822 2345 2847 manus

1252 2859 1319 2894 sibi
1341 2858 1539 2893 intulerunt
1560 2868 1633 2892 non
1657 2857 1775 2892 taedio
1800 2857 1911 2900 vitae,
1947 2857 2009 2893 sed
2041 2857 2135 2892 mala
2160 2857 2344 2893 conscien-

1252 2904 1319 2938 tia:
1352 2903 1383 2938 si
1414 2903 1492 2948 quis
1518 2913 1598 2947 ergo
1623 2906 1706 2947 post
1728 2902 1929 2938 huiusmodi
1954 2902 2087 2937 exitum
2111 2903 2229 2937 mariti
2253 2913 2344 2947 nup-

1252 2952 1273 2983 4
1319 2951 1395 2982 tum
1419 2958 1458 2983 se
1482 2947 1717 2990 collocaverit,
1741 2947 1889 2983 infamia
1912 2948 2148 2983 notabitur³¹.
2186 2947 2346 2983 Notatur

1253 2993 1357 3028 etiam
1384 2993 1456 3037 ‘qui
1480 3003 1558 3027 eam
1583 2992 1706 3035 duxit’,
1732 2993 1796 3028 sed
1819 2993 1850 3028 si
1874 2994 2009 3028 sciens:
2034 2993 2239 3038 ignorantia
2252 2992 2346 3027 enim

1253 3041 1445 3073 excusatur
1469 3048 1541 3072 non
1564 3037 1668 3080 iuris,
1701 3038 1764 3073 sed
1787 3037 1886 3074 facti.
1924 3041 2121 3073 excusatur
2155 3038 2215 3083 qui
2245 3038 2345 3072 iussu

1253 3083 1348 3125 eius,
1380 3083 1417 3117 in
1443 3082 1544 3117 cuius
1568 3086 1747 3127 potestate
1772 3087 1869 3126 erat,
1902 3083 2063 3126 duxerit,
2098 3086 2134 3118 et
2156 3084 2251 3128 ipse,
2284 3082 2346 3127 qui

1251 3138 1379 3173 passus
1405 3130 1460 3162 est
1483 3127 1624 3170 ducere,
1649 3131 1806 3171 notatur,
1832 3132 2025 3173 utrumque
2050 3131 2167 3163 recte:
2202 3138 2285 3162 nam
2310 3132 2345 3162 et

1251 3173 1312 3218 qui
1336 3172 1593 3217 obtemperavit
1602 3172 1643 3215 ³²,
1676 3173 1778 3208 venia
1811 3173 1937 3219 dignus
1976 3177 2031 3208 est
2064 3177 2098 3208 et
2131 3173 2191 3218 qui
2215 3182 2344 3218 passus

1251 3221 1306 3253 est
1329 3217 1471 3259 ducere,
1496 3218 1615 3253 notari
1624 3218 1654 3239 ³³
1677 3218 1877 3263 ignominia.

1300 3261 1350 3299 12
1376 3262 1535 3297 PAzsws
1562 3262 1652 3299 libro
1688 3264 1814 3309 quinto
1849 3263 1899 3298 ad
1931 3262 2085 3298 edictum
2133 3262 2201 3306 Qui
2237 3261 2337 3296 iussu

1253 3374 1423 3407 manifesti
1438 3373 1489 3407 F2
1589 3377 1646 3418 (14)
1670 3376 1868 3419 provocadit
1880 3377 1915 3409 F
2008 3377 2066 3418 (15)
2092 3378 2251 3418 pactusve
2264 3372 2340 3411 SR,

1254 3422 1438 3462 pactusque
1451 3419 1512 3460 F¹,
1526 3422 1687 3462 actusque
1699 3422 1733 3454 F
1738 3420 1752 3442 ³
1822 3423 1880 3463 (16)
1906 3423 2026 3464 pactus
2039 3421 2084 3453 sit
2096 3419 2129 3452 F
2203 3420 2259 3456 (Π)
2285 3417 2342 3449 5¹¹0

1254 3465 1286 3497 F'
1395 3465 1454 3506 (18)
1480 3465 1643 3506 quissuF
1751 3467 1810 3508 (19)
1836 3477 1870 3498 se
1884 3478 1942 3499 om.
1957 3466 1991 3499 F
2100 3465 2161 3504 (2ο)
2188 3462 2298 3494 edicto
2313 3460 2345 3492 F'

1255 3509 1311 3549 (21)
1337 3509 1386 3542 sie
1397 3508 1459 3549 1⁷³,
1475 3513 1524 3542 tes
1538 3510 1601 3550 F¹‚
1615 3511 1696 3543 item
1709 3511 1738 3543 si
1752 3511 1800 3543 Pa
1879 3511 1941 3552 (22)
1968 3511 2026 3552 qui
2041 3510 2101 3542 del.
2174 3508 2235 3547 (23)
2262 3516 2340 3548 pro-

1252 3553 1476 3586 fiscincuntur
1489 3554 1523 3586 F
1570 3556 1631 3597 (24)
1646 3566 1685 3587 ex
1699 3568 1758 3589 om.
1773 3555 1807 3588 F
1855 3556 1916 3597 (25)
1931 3555 2074 3598 punitur
2087 3554 2121 3585 F
2173 3553 2235 3592 (26)
2251 3561 2339 3582 com—

1252 3597 1422 3641 pellentur
1434 3599 1469 3631 F
1573 3601 1634 3642 (27)
1658 3599 1849 3642 legitimum
1863 3610 1948 3643 qpus
1963 3600 1996 3631 F
2102 3597 2165 3637 (28)
2190 3595 2299 3627 lactus
2312 3592 2341 3628 P

1253 3644 1316 3683 (29)
1341 3645 1377 3674 at
1394 3644 1453 3676 ins.
1468 3643 1502 3675 F
1633 3647 1697 3686 (3ο)
1722 3647 1865 3688 nuptum
1878 3657 1940 3677 scr.
2080 3644 2137 3682 (31)
2162 3639 2300 3672 nobitur
2312 3638 2344 3672 F

1253 3688 1313 3728 (32)
1338 3686 1543 3731 obtempevit
1555 3690 1589 3722 F
1675 3690 1735 3731 (33)
1762 3689 1873 3721 notari
1887 3689 1917 3720 F
1925 3687 1948 3729 ³,
1963 3686 2110 3718 nutariri
2124 3684 2185 3727 Εἰ,
2201 3687 2340 3716 notatur

1253 3732 1282 3764 S
1290 3742 1297 3770 3
1311 3733 1423 3764 notari
1436 3734 1492 3766 del
