2528 3918
148 88 314 132 XXXV
343 89 370 130 2

149 209 277 246 cuniae
312 209 473 254 stipulati
507 214 628 245 essent
660 209 716 247 vel
760 210 1031 257 promisissent:
1079 209 1175 255 quod
1205 209 1237 245 si

149 255 302 291 societas
324 255 418 290 inter
440 264 501 290 eos
525 254 623 291 nulla
645 254 791 299 fuisset,
823 256 861 291 in
884 255 1055 301 pendenti
1077 264 1176 297 esse,
1198 254 1236 290 in

149 300 264 336 utrius
288 300 392 335 bonis
416 300 806 381 cmpumtifssffm‘
828 300 863 337 id
888 299 985 346 quod
1008 299 1159 336 debetur
1181 299 1237 335 vel

152 349 165 380 ι
217 354 262 380 ex
285 344 388 380 cuius
418 344 521 380 bonis
553 344 598 381 de
682 346 703 381 ’.
752 346 912 392 corpora
943 345 975 380 si
998 355 1069 390 qua
1092 347 1178 381 sunt
1198 344 1237 380 in

148 390 250 426 bonis
275 389 454 433 defuncti,
489 390 686 426 secundum
715 390 769 427 rei
799 391 983 427 veritatem
1015 389 1237 426 aestimanda

147 438 263 477 erunt,
288 435 358 470 hoc
370 438 426 471 est
437 434 633 471 secundum
654 446 825 481 praesens
849 436 1019 482 pretium:
1044 445 1112 471 nec
1135 434 1234 480 quic-

171 490 255 515 uam
278 490 402 515 eorum
424 479 566 516 formali
594 480 710 526 pretio
734 480 995 517 aestimandum
1018 490 1098 516 esse
1121 480 1235 516 scien-

171 535 231 560 um
255 528 321 560 est.

193 567 272 607 63¹
307 569 468 606 Pinus
494 570 586 607 libro
616 570 773 607 secundo
806 570 856 606 ad
886 571 999 617 quem
1034 568 1168 606 Iuliam
1202 573 1237 605 et

148 615 302 662 Papiam
349 614 472 651 Pretia
501 626 619 652 rerum
651 627 725 652 non
758 625 801 651 ex
825 615 958 651 affectu
990 625 1057 651 nec
1080 614 1236 650 utilitate

148 660 386 705 singulorum,
416 660 481 697 sed
512 662 745 697 communiter
775 660 985 706 funguntur.
1040 670 1108 696 nec
1141 660 1235 696 enim

147 705 348 786 qfflffl
375 706 764 797 ἘἛῗέἓῖοξὲῑῗῗέῗὲἔ
793 705 1235 796 Ὕηωωῃᾞοὲἒὲἰῖῗωίῗέ

162 795 285 831 uisset.
309 776 373 832 sed
386 805 452 832 nec
475 796 545 839 ille,
570 797 631 842 qui
654 762 935 831 filium’affenum
957 795 1129 841 possidet,
1155 799 1234 831 tan-

146 844 222 875 tum
244 841 365 884 habet,
390 842 514 887 quanti
537 851 617 877 eum
641 841 734 887 patri
757 841 910 878 vendere
931 844 1060 886 potest,
1083 851 1151 877 nec
1175 851 1234 876 ex-

147 886 382 930 spectandum
404 891 470 929 est,
496 886 580 922 dum
603 886 751 930 vendat,
776 886 840 923 sed
861 887 900 922 in
923 886 1138 932 praesentia,
1163 897 1235 921 non

146 940 218 975 qua
240 930 334 967 filius
358 931 521 974 alicuius,
546 931 609 967 sed
632 942 704 977 qua
726 932 833 968 homo
858 932 1077 967 aestimatur.
1112 931 1235 967 eadem

147 985 259 1011 causa
282 980 337 1012 est
359 977 436 1012 eius
467 977 578 1020 servi,
614 977 675 1022 qui
706 987 837 1012 noxam
870 977 1013 1013 nocuit:
1045 986 1112 1012 nec
1143 977 1235 1012 enim

147 1020 382 1067 delinquendo
407 1023 556 1067 quisque
579 1022 770 1068 pretiosior
791 1022 844 1057 fit.
892 1022 956 1058 sed
979 1032 1045 1058 nec
1068 1021 1235 1058 heredem

145 1070 230 1112 post
251 1072 401 1103 mortem
425 1068 635 1103 testatoris²
657 1067 860 1103 institutum
873 1078 1013 1103 servum
1029 1070 1130 1103 tanto
1154 1067 1235 1112 plu-

145 1111 195 1147 ris
218 1122 308 1156 esse,
332 1123 404 1158 quo
426 1112 540 1158 pluris
563 1112 683 1149 venire
704 1116 834 1158 potest,
858 1112 989 1148 Pedius
1014 1112 1156 1147 scribit:
1182 1115 1238 1147 est

146 1156 240 1192 enim
269 1158 464 1193 absurdum
495 1157 613 1203 ipsum
642 1168 699 1193 me
739 1157 906 1194 heredem
938 1157 1140 1192 institutum
1163 1167 1236 1193 non

146 1211 224 1238 esse
246 1201 525 1248 locupletiorem,
551 1206 742 1248 antequam
753 1203 891 1245 adeam,
916 1202 946 1238 si
970 1206 1090 1238 autem
1113 1213 1236 1238 servus

145 1247 249 1283 heres
273 1248 456 1283 institutus
488 1248 552 1290 sit,
585 1248 707 1283 statim
737 1258 794 1284 me
824 1248 1097 1293 locupletiorem
1130 1247 1235 1283 effec-

145 1297 240 1335 tum,
277 1303 360 1328 cum
393 1293 514 1328 multis
546 1293 665 1328 causis
696 1293 860 1329 accidere
889 1293 1022 1339 possit,
1059 1303 1104 1328 ne
1135 1293 1236 1328 iussu

146 1341 268 1373 nostro
292 1337 417 1374 adeat:
443 1338 599 1383 adquirit
621 1338 725 1374 nobis
750 1341 846 1374 certe
870 1349 952 1374 cum
972 1337 1108 1383 adierit,
1134 1339 1235 1374 esse³

146 1388 264 1418 autem
287 1388 558 1429 praeposterum
581 1387 665 1419 ante
687 1394 753 1420 nos
777 1383 975 1429 locupletes
999 1383 1069 1419 dici
1082 1410 1092 1426 ,
1129 1393 1236 1429 quam

153 1432 163 1463 l
213 1428 496 1473 adquisierimus.
545 1427 655 1465 Cuius
687 1428 826 1465 debitor
859 1428 1028 1465 solvendo
1063 1439 1136 1465 non
1168 1432 1234 1472 est,

144 1476 284 1508 tantum
318 1473 428 1509 habet
460 1473 499 1509 in
533 1473 656 1517 bonis,
705 1477 879 1520 quantum
918 1475 1058 1520 exigere
1101 1477 1233 1520 potest.

145 1521 165 1554 2
211 1517 431 1554 Nonnullam
461 1522 582 1555 tamen
613 1519 729 1564 pretio
751 1519 960 1555 varietatem
993 1519 1075 1555 loca
1097 1523 1234 1565 tempo-

143 1563 728 1654 ffliffitdffizffiffi
751 1564 1235 1646 ssssffissffinffissmsffififissaff

143 1653 212 1690 bus
244 1654 434 1699 tantidem,
470 1654 595 1701 quanti
625 1654 792 1692 secundis
822 1654 1021 1698 fructibus,
1057 1654 1142 1691 dum
1175 1655 1235 1691 hic

143 1709 285 1745 quoque
308 1710 382 1736 non
403 1710 449 1736 ex
471 1700 659 1736 momentis
689 1704 890 1747 temporum
914 1711 981 1736 nec
1004 1710 1050 1736 ex
1074 1710 1118 1736 ea
1140 1709 1233 1746 quae

145 1754 227 1780 raro
253 1744 393 1781 accidat
416 1746 567 1781 caritate
589 1745 707 1791 pretia
730 1745 1007 1782 constituantur.

189 1788 244 1828 64
275 1790 471 1827 Πιηᾼπυε
491 1790 583 1827 libro
608 1792 714 1827 tertio
737 1791 875 1828 decimo
899 1791 950 1827 ad
972 1791 1086 1838 leqem
1098 1789 1234 1826 Iuliam

144 1840 178 1870 et
201 1834 358 1883 Papiam
397 1835 437 1872 Si
458 1836 497 1871 in
519 1839 733 1872 testamento
756 1837 809 1872 ita
832 1836 1005 1882 scriptum
1029 1836 1093 1872 sit:
1119 1835 1234 1872 ‘heres

145 1883 255 1916 ‘meus
278 1880 393 1917 Lucio
406 1881 501 1917 Titio
525 1881 650 1917 decem
673 1881 760 1918 dare
777 1882 926 1918 damnas
949 1885 1028 1918 esto
1041 1884 1078 1917 et
1100 1885 1234 1927 quanto

143 1925 296 1971 ‘quidem
319 1926 435 1962 minus
458 1937 524 1973 per
554 1927 669 1972 legem
699 1927 897 1963 Falcidiam
931 1937 1060 1973 capere
1086 1927 1234 1979 poterit,

143 1973 255 2007 ‘tanto
279 1972 431 2017 amplius
457 1972 489 2007 ei
512 1971 599 2008 dare
622 1972 773 2008 damnas
798 1973 908 2016 esto',
941 1975 1139 2009 sententiae
1163 1975 1234 2007 tes-

143 2016 271 2053 tatoris
294 2017 462 2052 standum
484 2020 551 2053 est.

186 2060 241 2100 65
267 2061 426 2098 Panos
455 2062 546 2099 libro
576 2066 682 2099 seaeto
714 2063 765 2099 ad
796 2063 911 2109 leqem
941 2061 1076 2099 Iuliam
1106 2065 1142 2098 et
1163 2061 1235 2098 Ρα-

169 2108 240 2143 iam
265 2106 304 2143 Si
326 2107 459 2143 fundus
483 2107 621 2153 legatus
653 2108 702 2144 sit
732 2109 818 2153 quin
843 2108 991 2154 uaginta
1014 2107 1143 2152 dignus
1167 2107 1234 2143 sub

140 2118 212 2188 fiac
237 2151 459 2196 condicione,
484 2153 515 2188 si
539 2153 797 2199 quinquaginta
820 2119 943 2189 {eredi
967 2152 1134 2197 dedisset,
1158 2152 1234 2198 ple-

141 2197 243 2243 rique
297 2201 403 2233 utant
440 2198 527 2234 utile
558 2208 637 2234 esse
676 2199 854 2244 legatum,
890 2198 976 2244 quia
1015 2198 1235 2234 condicionis

141 2242 273 2288 implen
299 2253 342 2279 ae
365 2253 476 2280 causa
499 2243 625 2279 daturz
652 2254 735 2279 nam
756 2247 900 2280 constat
919 2244 1027 2279 etiam
1038 2242 1235 2279 Falcidiam

142 2298 223 2323 eum
259 2288 336 2334 pati
366 2299 490 2341 posse.
539 2288 603 2325 sed
640 2289 671 2324 si
706 2290 791 2334 quin
816 2289 966 2335 uaginta
997 2288 1099 2324 aurei
1128 2288 1235 2334 legati

141 2333 228 2376 sint,
261 2333 292 2369 si
315 2334 582 2387 quinquaginta·
595 2333 769 2378 dedisset,
793 2300 985 2370 dicendum
1007 2334 1133 2370 inutile
1156 2343 1235 2369 esse

142 2378 296 2423 legatum
319 2383 356 2415 et
378 2389 491 2425 magis
515 2379 707 2415 ridlculum
730 2389 818 2416 esse.

187 2421 242 2462 66
273 2423 468 2461 Unum
488 2425 579 2461 libro
604 2429 730 2461 octavo
747 2425 883 2461 decimo
900 2424 952 2460 ad
973 2425 1087 2472 leyem
1100 2423 1232 2460 Iuliam

141 2474 176 2504 et
200 2469 356 2516 Papiam
380 2469 485 2506 Circa
515 2470 628 2516 legem
657 2469 858 2506 Falcidiam
879 2470 917 2505 in
939 2480 1003 2513 eo,
1039 2469 1136 2515 quod
1167 2469 1234 2505 sub

143 2515 351 2551 condicione
374 2515 431 2550 vel
453 2516 491 2551 in
514 2515 607 2551 diem
631 2515 740 2551 alicui
769 2516 935 2552 relictum
965 2518 1037 2559 est,
1069 2515 1139 2550 hoc
1170 2514 1234 2550 ob·

141 2559 354 2596 servandum
379 2563 455 2597 estz
488 2561 519 2596 si
551 2560 674 2596 decem
697 2560 766 2596 sub
790 2560 1000 2597 condicione
1023 2559 1133 2596 alicui
1157 2558 1234 2596 fue·

141 2606 213 2640 rint
236 2605 361 2641 relicta
385 2616 498 2658 eaque
521 2605 685 2642 condicio
709 2610 794 2652 post
817 2605 1029 2642 decennium
1052 2605 1147 2641 forte
1172 2615 1233 2640 ex-

140 2650 287 2694 stiterit,
322 2661 395 2686 non
418 2650 583 2687 videntur
606 2651 730 2687 decem
752 2651 837 2687 huic
859 2651 979 2697 legata
982 2678 996 2704 3
1030 2650 1094 2686 sed
1117 2650 1234 2686 minus

143 2695 282 2739 decem,
330 2696 414 2741 quia
447 2696 673 2732 intervallum
707 2696 880 2742 temporis
913 2699 950 2732 et
980 2696 1234 2732 mterusurium

146 2744 159 2776 1
194 2741 300 2776 huius
312 2741 419 2786 spatii
431 2741 603 2777 minorem
613 2741 703 2777 facit
738 2742 951 2778 uantitatem
962 2741 1095 2777 decem.
1121 2740 1235 2777 Sicuti

140 2785 258 2831 legata
279 2796 352 2821 non
375 2785 560 2829 debentur,
585 2787 656 2823 nisi
679 2787 723 2823 de
748 2790 833 2823 ucto
857 2796 941 2823 aere
957 2787 1074 2822 alieno
1099 2786 1233 2832 aliquid

140 2841 183 2867 su
211 2831 316 2873 ersit,
352 2832 442 2867 ⁴nec
464 2832 590 2868 mortis
623 2842 736 2868 causa
759 2832 972 2869 donationes
996 2831 1232 2874 debebantur,

141 2886 158 2912 s
226 2875 454 2912 infirmantur
475 2886 612 2922 peraes
625 2877 792 2914 alienum.
817 2887 929 2923 quare
953 2877 984 2913 si
1006 2877 1233 2913 immodicum

140 2931 202 2957 aes
226 2920 382 2957 alienum
405 2922 637 2966 interveniat,
662 2932 707 2958 ex
729 2933 770 2959 re
791 2923 916 2959 mortis
941 2932 1053 2958 causa
1076 2922 1144 2959 sibi
1168 2922 1232 2958 dn·

142 2970 230 3002 nata
252 2966 341 3002 nihil
364 2966 490 3013 aliquis
515 2968 755 3014 consequitur.

188 3009 241 3050 67
270 3011 496 3048 Tssaaemms
527 3012 708 3049 omnus
745 3014 837 3050 libro
870 3017 1002 3060 quarto
1039 3013 1089 3049 ad
1119 3013 1233 3060 leqem

140 3056 274 3093 Iuliam
297 3060 333 3093 et
354 3056 510 3105 Papiam
574 3058 713 3094 uotiens
739 3058 882 3095 cuidam
903 3069 961 3094 am
986 3058 1056 3094 lius
1078 3059 1233 3104 legatum

139 3102 198 3145 sit,
222 3112 330 3147 quam
354 3102 387 3138 ei
401 3112 446 3138 ca
570 3103 688 3146 ‘ceret‚
713 3107 750 3140 et
772 3104 830 3139 lex
848 3103 949 3140 Falci
977 3105 1010 3139 ’a
1025 3104 1145 3140 locum
1167 3104 1232 3139 ha-

139 3147 262 3190 beret,
301 3148 401 3194 prius
468 3147 619 3184 alcidiae
653 3149 746 3185 ratio
782 3149 949 3185 habenda
983 3153 1059 3192 est,
1095 3149 1234 3186 scilicet

139 3197 180 3228 ut
202 3193 382 3229 subducto
406 3202 467 3236 eo,
500 3193 597 3239 quod
627 3193 686 3228 lex
716 3194 881 3230 Falcidia
919 3194 1117 3240 exceperit,
1149 3194 1232 3231 reli-

139 3249 260 3319 guussn,
284 3238 315 3274 si
338 3248 412 3275 non
435 3238 586 3275 excedat
609 3241 782 3275 statutam
805 3240 906 3285 lege‘
935 3239 1146 3286 portionem,
1171 3239 1232 3275 de·

166 3293 209 3319 ea
225 3294 281 3319 ur.

184 3324 239 3367 68
262 3329 462 3365 ,amum
480 3327 623 3365 Maesa
652 3328 743 3365 libro
775 3329 932 3366 secundo
964 3329 1015 3365 ad
1044 3329 1158 3376 leqem
1181 3330 1232 3365 m·-

138 3373 306 3409 cesimum
328 3372 581 3410 hereditatium
628 3372 893 3420 Computationi
915 3375 954 3410 in
977 3374 1152 3411 alimentis
1175 3373 1231 3410 fa·

138 3418 287 3455 ciendae
315 3418 412 3455 hanc
441 3418 596 3456 formam
630 3428 709 3455 esse
747 3419 923 3465 Ulpianus
957 3419 1101 3464 scribit,
1135 3422 1178 3455 ut
1207 3429 1231 3455 a

138 3463 254 3510 prima
275 3466 395 3501 aetate
424 3474 540 3511 usque
570 3463 620 3501 ad
649 3473 783 3501 annum
814 3465 1019 3501 vicesimum
1049 3464 1231 3511 quantitas

139 3582 179 3617 (l)
200 3591 254 3621 pr.
271 3595 308 3606 ε
324 3578 370 3611 D.
383 3579 416 3620 9,
429 3584 458 3619 2,
470 3585 506 3612 88
617 3579 664 3620 (2)
685 3577 744 3611 flod
754 3587 816 3611 noo
826 3581 902 3621 poflt
913 3581 1050 3612 mortem
1065 3579 1232 3612 testatori!

139 3622 292 3655 heredem
303 3634 364 3656 ner.
477 3626 520 3664 (a)
546 3625 630 3657 anet
639 3635 703 3657 ner.
820 3625 864 3665 (4)
887 3623 937 3655 ita
947 3624 976 3656 si
989 3623 1075 3656 nihil
1087 3623 1232 3667 supersit

140 3668 196 3700 im.
362 3669 405 3707 (ὁ)
429 3666 498 3710 legi
511 3668 546 3701 F
698 3669 746 3710 (ο)
769 3669 821 3701 tot
831 3669 898 3702 οἶά.
911 3669 1018 3702 delere
1029 3670 1168 3702 voluisse
1183 3669 1231 3702 Γ,

138 3715 182 3751 (7)
207 3712 347 3746 deerunt
359 3713 607 3747 Braencmamuu
701 3715 748 3755 (8)
772 3712 815 3747 ab
826 3712 924 3746 annis
934 3716 1044 3746 autem
1059 3713 1231 3755 sexaginta

1228 82 1314 132 514

2144 97 2387 131 mmm

1304 209 1553 245 alimentorum
1581 209 1728 262 triginta
1766 219 1941 245 annorum
1978 211 2206 254 computetur
2240 208 2389 262 eiusque

1305 254 1516 300 quantitatis
1539 253 1702 290 Falcidia
1723 258 1936 300 praestetur,
1963 254 2008 289 ab
2033 253 2137 289 annis
2160 263 2244 290 vero
2267 254 2387 299 viginti

1304 309 1419 345 usque
1441 298 1490 334 ad
1512 308 1644 334 annum
1655 299 1857 335 vicesimum
1881 300 2045 345 quintum
2068 308 2243 334 annorum
2265 297 2388 344 viginti

1305 347 1407 388 octo,
1443 344 1490 379 ab
1513 344 1616 380 annis
1644 344 1768 390 viginti
1798 345 1952 391 quinque
1982 353 2025 379 us
2051 353 2096 379 ue
2119 343 2166 379 ad
2188 353 2302 379 annos
2325 343 2388 378 tri-

1303 390 1403 435 ginta
1436 399 1612 425 annornm
1645 389 1767 442 viginti
1803 390 1975 435 quinque,
2013 399 2035 424 a
2094 388 2198 425 annis
2244 388 2389 434 triginta

1304 443 1419 480 usque
1441 434 1490 469 ad
1512 444 1626 470 annos
1649 434 1795 480 triginta
1807 435 1962 480 quinque
1984 443 2160 470 annorum
2170 434 2292 479 viginti
2303 433 2387 476 duo,

1304 479 1352 515 ab
1376 480 1480 515 annis
1510 479 1656 524 triginta
1689 479 1845 525 quinque
1878 490 1990 525 usque
2022 479 2068 514 ad
2099 489 2212 515 annos
2237 477 2388 525 quadra·

1303 524 1404 569 ginta
1427 534 1601 560 annorum
1623 523 1756 569 viginti.
1803 525 1850 560 ab
1882 525 1985 560 annis
2017 524 2253 570 quadraginta
2275 534 2388 569 usque

1305 569 1352 604 ad
1375 579 1489 605 annos
1513 569 1648 622 quinqu
1695 569 1703 577 ‘
1730 573 1770 605 ta
1791 571 1870 605 tot⁶
1893 580 2068 606 annorum
2092 579 2171 605 com
2197 570 2311 604 utatio
2334 567 2387 611 fit,

1306 618 1394 660 quot
1416 618 1528 650 aetati
1550 614 1627 650 eius
1728 624 1861 650 annum
1891 615 2149 660 sexagesimum
2198 614 2308 650 eerit⁷
2331 623 2387 649 re-

1304 660 1413 695 misso
1436 669 1510 695 uno
1535 669 1652 695 anno:
1677 660 1724 696 ab
1747 669 1842 696 anno
1854 670 1937 696 vero
1961 660 2251 706 quinquagesimo
2276 669 2389 704 usque

1305 704 1353 740 ad
1375 715 1509 740 annum
1532 704 1859 750 quinquagesimum
1882 706 2043 751 quintum
2055 716 2229 741 annorum
2252 714 2388 746 novem,

1304 750 1351 785 ab
1386 750 1490 785 annis
1525 750 1782 795 quinquaginta
1815 750 1972 796 quinque
2009 760 2123 797 usque
2166 750 2214 786 ad
2255 759 2387 785 annum

1305 795 1563 840 sexagesimum
1585 805 1761 831 annorum
1794 799 1949 840 septem,
1981 796 2026 831 ab
2059 796 2162 831 annis
2193 794 2388 840 sexaginta,

1305 841 1561 922 cuiuscumffiue
1584 840 1712 876 aetatis
1728 841 1786 883 sit,
1811 850 1985 876 annorum
2003 842 2167 887 quinque.
2194 850 2307 886 eoque
2322 849 2387 875 nos

1303 885 1666 966 ἒξὲιὲἓεωξὲἒὲἓὲ
1686 885 1937 966 ’ἐὲιῑὲἇωοίὲἓῗ
1947 887 2389 977 ἐζῗέῗᾞὲἲξῗωῖἳὲὲ

1304 986 1418 1021 usque
1440 975 1487 1011 ad
1510 985 1643 1011 annum
1664 975 1882 1021 trigesimum
1895 977 2195 1029 computationem
2215 986 2388 1012 annorum

1304 1021 1452 1066 triginta
1485 1020 1563 1056 fieri
1576 1047 1586 1064 ,
1621 1021 1667 1056 ab
1698 1021 1801 1057 annis
1824 1030 1908 1056 vero
1943 1022 2088 1067 triginta
2119 1026 2176 1057 tot
2215 1031 2389 1057 annorum

1305 1066 1606 1112 computationem
1639 1066 1747 1109 inire,
1782 1069 1871 1111 quot
1901 1066 1949 1102 ad
1979 1077 2111 1103 annum
2134 1067 2390 1112 sexagesimum

1305 1112 1428 1147 deesse
1451 1111 1615 1147 videntur
1623 1112 1648 1146 ⁸.
1681 1121 1873 1157 numquam
1897 1121 1981 1157 ergo
2013 1112 2165 1158 amplius
2189 1122 2295 1157 quam
2326 1112 2388 1146 tri-

1304 1157 1403 1202 ginta
1426 1167 1601 1192 annorum
1626 1157 1843 1202 computatio
1868 1156 1990 1193 initur.
2038 1158 2090 1194 sic
2126 1157 2278 1203 denique
2301 1161 2338 1194 et
2360 1157 2389 1193 si

1304 1202 1357 1238 rei
1372 1202 1546 1283 ffblfifflae
1558 1201 1797 1254 usus-fructus
1821 1202 1969 1247 legetur,
1993 1202 2066 1239 sive
2089 1202 2295 1283 simplicitfaeier
2317 1203 2390 1284 sivse

1305 1251 1386 1373 {uss
1427 1258 1487 1329 01¹¹
1505 1251 2389 1345 §Zfiedissffimmssmssfflfffissml‘sfflnss'ontsssat}

1331 1338 1434 1374 einde
1456 1338 1707 1373 hereditariam
1731 1347 1810 1373 esse
1823 1339 2066 1382 convincatur,
2093 1338 2238 1384 quidam
2261 1343 2391 1384 putant

1304 1383 2171 1466 ffliffqsssbffssffiffinflaffiffimss
2190 1384 2391 1474 3332&

1305 1473 1401 1519 quod
1423 1455 1599 1520 Ulpianus
1623 1477 1722 1510 recte
1743 1474 1923 1519 improbat
1932 1474 1957 1509 ⁹.

1350 1516 1405 1557 69
1429 1519 1659 1555 Poueomvs
1694 1519 1786 1555 libro
1828 1520 1953 1565 quinto
1991 1519 2041 1554 ad
2079 1518 2253 1556 Sabinum
2313 1520 2389 1557 Usu

1303 1563 1427 1600 fructu
1449 1565 1625 1600 bonorum
1655 1564 1772 1610 legato
1801 1574 1862 1600 aes
1894 1564 2045 1599 alienum
2079 1574 2124 1600 ex
2146 1566 2310 1602 omnibus
2332 1577 2389 1602 re-

1302 1610 1371 1645 bus
1395 1609 1643 1645 deducendum
1665 1613 1740 1652 est,
1773 1609 1941 1655 quoniam
1964 1614 2048 1655 post
2077 1614 2223 1647 senatus
2248 1611 2389 1647 consul-

1302 1658 1379 1735 {um
1402 1655 1501 1690 nulla
1523 1665 1581 1691 res
1605 1658 1680 1699 est,
1715 1664 1807 1700 quae
1838 1665 1910 1690 non
1935 1655 2033 1690 cadit
2062 1655 2100 1691 in
2131 1666 2218 1692 usus
2249 1657 2390 1692 fructus

1316 1710 1335 1736 e
1381 1704 1469 1735 tum.

1378 1745 1402 1783 Ο
1435 1745 1630 1781 ULPIANUS
1649 1745 1740 1781 libro
1763 1749 1869 1781 sexto
1887 1745 2086 1781 decimoad
2107 1745 2281 1782 Sabinum
2305 1746 2390 1782 Fal-

1303 1791 1417 1826 cidiae
1440 1792 1487 1826 sti
1512 1790 1623 1826 ulatio
1647 1791 1768 1826 statim
1792 1791 2042 1833 committitur,
2066 1791 2129 1827 ubi
2152 1791 2315 1828 condicio
2338 1792 2389 1828 le-

1303 1837 1378 1882 gati
1399 1836 1456 1872 vel
1504 1836 1590 1872 ebiti
1614 1836 1760 1872 exstitit.

1351 1879 1401 1919 71
1428 1880 1589 1918 Pszvs
1615 1881 1707 1918 libro
1747 1881 1930 1928 triqesimo
1962 1881 2119 1917 secundo
2150 1881 2201 1917 ad
2237 1881 2387 1918 edictum

1304 1927 1431 1963 Potest
1462 1927 1567 1963 heres
1589 1926 1628 1962 in
1658 1926 1844 1962 vendenda
1872 1926 2070 1963 hereditate
2104 1936 2249 1971 cavere,
2281 1930 2324 1963 ut
2355 1930 2390 1963 et

1305 1973 1382 2018 lege
1404 1971 1569 2008 Falcidia
1591 1972 1848 2008 interveniente
1870 1971 1984 2007 solida
2007 1972 2126 2017 legata
2146 1976 2388 2018 praestentur,

1305 2018 1390 2063 quia
1413 2028 1456 2053 ea
1482 2017 1542 2053 lex
1574 2017 1714 2053 heredis
1738 2027 1849 2053 causa
1878 2017 1955 2053 lata
1984 2021 2040 2053 est
2062 2027 2129 2053 nec
2157 2016 2258 2054 fraus
2282 2018 2315 2054 ei
2336 2017 2389 2062 fit,

1304 2063 1335 2098 si
1357 2064 1413 2098 ius
1437 2073 1542 2098 suum
1565 2062 1747 2098 deminuat
1769 2063 1884 2098 heres.

1351 2106 1404 2145 72
1431 2108 1556 2144 Grues
1575 2108 1667 2144 libro
1691 2109 1796 2143 tertio
1819 2108 1865 2143 de
1888 2107 2018 2154 leqatis
2034 2107 2085 2143 ad
2106 2107 2259 2144 edictum
2276 2119 2388 2156 prae-

1305 2155 1394 2190 toris
1407 2155 1434 2175 ¹⁰
1458 2152 1647 2197 Quantitas
1670 2153 1874 2199 patrimonii
1898 2152 2051 2188 deducto
2076 2153 2184 2189 etiam
2206 2163 2261 2197 eo,
2309 2153 2387 2189 uid-

1305 2199 1390 2244 quid
1422 2198 1715 2244 explicandarum
1751 2198 1993 2234 venditionum
2025 2208 2135 2234 causa
2162 2199 2280 2244 impen
2308 2199 2387 2242 'tur,

1306 2254 1328 2279 a
1351 2244 1527 2279 stimatur.

1330 2254 1403 2327 e73
1418 2291 1444 2310 ¹¹
1468 2289 1575 2324 IDEM
1610 2289 1701 2324 libro
1733 2292 1859 2325 octavo
1887 2289 2025 2325 decimo
2056 2289 2107 2325 ad
2127 2288 2280 2325 edet-tum
2295 2299 2388 2343 pro-

1306 2334 1458 2371 vinciale
1502 2333 1545 2369 In
1569 2333 1770 2379 quantitate
1800 2334 2005 2379 patrimonii
2033 2333 2252 2380 exquirenda
2273 2345 2388 2371 visum

1305 2383 1361 2416 est
1382 2378 1507 2415 mortis
1537 2383 1678 2432 tempus
1712 2379 1876 2424 spectari.
1924 2389 1996 2424 qua
2026 2379 2071 2415 de
2102 2389 2213 2415 causa
2247 2379 2278 2415 si
2309 2380 2387 2433 quis

1306 2428 1447 2461 centum
1469 2424 1508 2460 in
1531 2424 1634 2459 boms
1657 2424 1825 2459 habuerit
1847 2428 1884 2459 et
1911 2427 1989 2460 tota
2019 2434 2063 2460 ea
2090 2424 2276 2470 legaverit,
2299 2425 2388 2460 mhil

1304 2470 1487 2516 legatariis
1521 2469 1687 2515 prodest,
1719 2469 1750 2504 si
1781 2473 1865 2505 ante
1896 2469 2029 2505 aditam
2059 2469 2293 2506 hereditatem
2323 2480 2388 2516 per

1305 2526 1425 2551 servos
1448 2515 1682 2551 hereditarios
1706 2517 1771 2550 aut
1793 2524 1837 2550 ex
1864 2518 1972 2560 partu
2003 2515 2216 2551 ancillarum
2248 2514 2386 2551 heredi-

1304 2561 1477 2596 tariarum
1501 2564 1565 2595 aut
1581 2570 1626 2595 ex
1649 2559 1726 2596 fetu
1737 2569 1908 2605 pecorum
1925 2564 2065 2596 tantum
2079 2559 2272 2596 accesserit
2284 2560 2386 2596 here-

1305 2606 1420 2650 ditati,
1437 2610 1478 2642 ut
1494 2609 1637 2641 centum
1656 2605 1854 2651 legatorum
1868 2606 2010 2641 nomine
2026 2606 2179 2651 erogatis
2198 2605 2387 2642 habiturus

1303 2653 1351 2687 sit
1365 2651 1469 2687 heres
1487 2655 1650 2696 quartam
1666 2653 1815 2696 partem,
1833 2651 1896 2686 sed
1904 2660 2051 2687 necesse
2062 2655 2127 2694 est,
2144 2654 2186 2686 ut
2199 2650 2309 2687 nihilo
2320 2650 2386 2686 mi-

1303 2708 1371 2733 nus
1396 2700 1525 2742 quarta
1548 2706 1633 2742 pars
1656 2695 1782 2741 legatis
1802 2696 2021 2732 detrahatur.
2055 2699 2092 2732 et
2115 2706 2159 2732 ex
2183 2695 2333 2739 diverso,
2355 2696 2387 2732 si

1304 2753 1349 2778 ex
1371 2746 1512 2778 centum
1530 2742 1757 2787 septuaginta
1782 2741 1937 2787 quinque
1956 2741 2126 2787 legaverit
2150 2744 2187 2776 et
2207 2744 2291 2777 ante
2310 2741 2386 2776 adi-

1302 2792 1377 2823 tam
1390 2787 1626 2823 hereditatem
1641 2786 1679 2821 in
1696 2789 1836 2821 tantum
1850 2786 2069 2822 decreverint
2084 2787 2189 2829 bona,
2213 2786 2387 2822 incendiis

1302 2833 1395 2869 forte
1423 2836 1487 2868 aut
1508 2831 1703 2878 naufragiis
1718 2835 1782 2867 aut
1804 2835 1917 2867 morte
1940 2841 2133 2874 servorum,
2156 2835 2199 2867 ut
2208 2841 2283 2867 non
2305 2831 2386 2877 plus

1303 2888 1409 2924 quam
1433 2888 1472 2914 se
1496 2877 1660 2922 tuaginta
1677 2877 1838 2957 (quinque
1859 2876 1914 2912 vel
1938 2876 2045 2913 etiam
2067 2876 2184 2913 minus
2206 2876 2384 2922 relinqua-

1302 2928 1372 2964 tur,
1396 2923 1464 2959 soli
1534 2923 1654 2968 legata
1702 2922 1863 2957 ebentur.
1899 2932 1966 2958 nec
1989 2932 2033 2958 ea
2054 2931 2112 2958 res
2136 2921 2309 2958 damnosa
2331 2925 2387 2957 est

1301 2968 1435 3011 heredi,
1459 2968 1518 3004 cui
1539 2968 1692 3003 liberum
1715 2970 1771 3003 est
1793 2977 1865 3003 non
1887 2966 1987 3003 adire
2009 2966 2260 3003 hereditatem:
2293 2976 2385 3012 quae

1301 3024 1360 3050 res
1384 3013 1505 3056 efficit,
1530 3016 1573 3048 ut
1594 3022 1741 3049 necesse
1765 3012 1812 3048 sit
1833 3012 2025 3058 legatariis,
2049 3021 2096 3048 ne
2119 3011 2289 3048 destituto
2312 3015 2384 3048 tes·

1301 3063 1459 3095 tamento
1483 3058 1572 3094 nihil
1595 3061 1879 3104 consequantur,
1915 3068 1996 3093 cum
2025 3056 2155 3093 herede
2189 3057 2226 3092 in
2296 3057 2384 3093 rtio-

1305 3107 1320 3140 1
1370 3114 1452 3140 nem
1474 3103 1671 3149 legatorum
1694 3103 1838 3155 pacisci.
1885 3103 2019 3148 Magna
2041 3102 2218 3138 dubitatio
2292 3102 2319 3138 ‘t
2340 3101 2385 3138 de

1301 3149 1368 3193 his,
1393 3159 1545 3195 quorum
1568 3148 1730 3185 condicio
1754 3148 1879 3184 mortis
1901 3151 2060 3200 tempore
2083 3146 2233 3193 pendet,
2263 3146 2301 3182 id
2329 3150 2386 3183 est

1301 3194 1470 3275 ffinqwd
1492 3194 1560 3274 ἒξ.)
1586 3193 1796 3273 cttmdicione
1810 3192 2020 3274 debetgromusi
2035 3192 2263 3273 εὲτὶὲὼιοτὲξ
2279 3192 2384 3274 henneis(i

1373 3248 1496 3275 umere
1590 3249 1610 3275 e
1683 3248 1886 3275 remissoris
2096 3238 2218 3273 trahat
2265 3264 2273 3273 .

1300 3284 1371 3320 hoc
1393 3284 1471 3319 iure
1492 3283 1643 3328 utimur,
1656 3249 1726 3327 1iit,
1751 3283 1876 3329 quanti
1903 3292 1947 3318 ea
1969 3292 2052 3328 spes
2075 3283 2146 3319 ob'
2193 3282 2301 3319 tionis
2322 3291 2384 3319 ve-

1300 3329 1377 3365 nire
1398 3329 1524 3375 possit,
1554 3330 1730 3364 ¹²tantum
1753 3328 1973 3381 stipulator-is
1987 3327 2129 3373 quidem
2200 3327 2256 3364 nis
2278 3336 2383 3364 acce-

1300 3374 1385 3411 dere
1407 3373 1582 3418 videatur,
1604 3374 1831 3420 promissoris
1853 3383 1936 3409 vero
1961 3372 2145 3409 decedere.
2169 3373 2274 3409 ant¹⁸
2297 3382 2382 3408 cau-

1298 3419 1456 3456 tionibus
1487 3429 1546 3455 res
1577 3419 1750 3472 explicari
1778 3421 1916 3464 potest,
1957 3422 2000 3453 ut
2037 3418 2191 3454 duorum
2231 3417 2382 3454 alterum

1297 3463 1375 3508 flat,
1398 3467 1464 3500 aut
1485 3464 1538 3500 ita
1558 3468 1651 3500 ratio
1674 3463 1861 3506 habeatur,
1885 3467 2066 3509 tamquam
2089 3472 2180 3509 pure
2198 3462 2381 3505 debeatur,

1297 3586 1463 3630 annorum
1475 3577 1625 3620 quinque
1636 3590 1696 3611 noc.
1710 3577 1756 3611 B.
1770 3578 1832 3611 im.
1911 3579 1956 3619 (9)
1979 3576 2100 3621 probat
2110 3576 2163 3610 Ρ*
2238 3577 2300 3619 (io)
2323 3586 2381 3629 ur·

1297 3621 1467 3702 amada.
1484 3622 1575 3710 1:²¹⁸)
1598 3622 1732 3701 5²12qu
1735 3634 1790 3666 pr.
1806 3626 1823 3662 ς
1838 3630 1855 3656 s
1868 3624 1910 3665 σῃ
1924 3623 2005 3656 Im.
2019 3624 2051 3664 2,
2064 3629 2112 3663 22,
2125 3629 2154 3656 2.
2166 3629 2184 3656 s
2261 3623 2321 3663 (ιι)
2342 3629 2380 3655 m
